  <div class='ocr_page' id='page_1' title='image "/cluster/home/n/w/nwhite01/storage/ocr_20150623/155/hvd.32044015473838/355.png"; bbox 0 0 3846 6306; ppageno 0'>
   <div class='ocr_carea' id='block_1_1' title="bbox 510 461 2172 536">
    <p class='ocr_par' dir='ltr' id='par_1_1' title="bbox 510 461 2172 536">
     <span class='ocr_line' id='line_1_1' title="bbox 510 461 2172 536; baseline -0.007 -9"><span class='ocrx_word' id='word_1_1' title='bbox 510 470 884 528; x_wconf 87' lang='lat' dir='ltr'><strong>versariorum</strong></span> <span class='ocrx_word' id='word_1_2' title='bbox 914 467 1191 524; x_wconf 75' lang='lat' dir='ltr'><strong>violentia.</strong></span> <span class='ocrx_word' id='word_1_3' title='bbox 1226 468 1291 522; x_wconf 87' lang='lat' dir='ltr'><strong>Et</strong></span> <span class='ocrx_word' id='word_1_4' title='bbox 1330 467 1472 523; x_wconf 86' lang='lat' dir='ltr'><strong>sicut</strong></span> <span class='ocrx_word' id='word_1_5' title='bbox 1513 466 1651 522; x_wconf 88' lang='lat' dir='ltr'><strong>solet</strong></span> <span class='ocrx_word' id='word_1_6' title='bbox 1687 463 2004 536; x_wconf 89' lang='lat' dir='ltr'><strong>contingere</strong></span> <span class='ocrx_word' id='word_1_7' title='bbox 2037 461 2098 532; x_wconf 81' lang='lat' dir='ltr'><strong>in</strong></span> <span class='ocrx_word' id='word_1_8' title='bbox 2129 467 2172 523; x_wconf 75' lang='grc' dir='ltr'><strong>Α</strong></span> 
     </span>
    </p>
   </div>
   <div class='ocr_carea' id='block_1_2' title="bbox 512 557 2102 632">
    <p class='ocr_par' dir='ltr' id='par_1_2' title="bbox 512 557 2102 632">
     <span class='ocr_line' id='line_1_2' title="bbox 512 557 2102 632; baseline -0.007 -11"><span class='ocrx_word' id='word_1_9' title='bbox 512 564 864 621; x_wconf 91' lang='lat' dir='ltr'><strong>multitudine</strong></span> <span class='ocrx_word' id='word_1_10' title='bbox 885 569 1488 632; x_wconf 52' lang='lat' dir='ltr'><strong>congregatorum,=non</strong></span> <span class='ocrx_word' id='word_1_11' title='bbox 1513 557 1798 613; x_wconf 83' lang='lat' dir='ltr'><strong>deficiebat</strong></span> <span class='ocrx_word' id='word_1_12' title='bbox 1822 572 1925 612; x_wconf 85' lang='lat' dir='ltr'><strong>vox</strong></span> <span class='ocrx_word' id='word_1_13' title='bbox 1951 571 2102 611; x_wconf 91' lang='lat' dir='ltr'><strong>mur-</strong></span> 
     </span>
    </p>
   </div>
   <div class='ocr_carea' id='block_1_3' title="bbox 513 647 2102 720">
    <p class='ocr_par' dir='ltr' id='par_1_3' title="bbox 513 647 2102 720">
     <span class='ocr_line' id='line_1_3' title="bbox 513 647 2102 720; baseline -0.006 -8"><span class='ocrx_word' id='word_1_14' title='bbox 513 655 874 712; x_wconf 87' lang='lat' dir='ltr'><strong>murantium.</strong></span> <span class='ocrx_word' id='word_1_15' title='bbox 905 652 1016 710; x_wconf 89' lang='lat' dir='ltr'><strong>Nec</strong></span> <span class='ocrx_word' id='word_1_16' title='bbox 1061 653 1260 707; x_wconf 83' lang='lat' dir='ltr'><strong>mirum</strong></span> <span class='ocrx_word' id='word_1_17' title='bbox 1305 664 1441 718; x_wconf 87' lang='lat' dir='ltr'><strong>erat,</strong></span> <span class='ocrx_word' id='word_1_18' title='bbox 1468 649 1513 705; x_wconf 89' lang='lat' dir='ltr'><strong>si</strong></span> <span class='ocrx_word' id='word_1_19' title='bbox 1552 649 1793 705; x_wconf 87' lang='lat' dir='ltr'><strong>humana</strong></span> <span class='ocrx_word' id='word_1_20' title='bbox 1835 647 2102 720; x_wconf 77' lang='lat' dir='ltr'><strong>fragilitas</strong></span> 
     </span>
    </p>
   </div>
   <div class='ocr_carea' id='block_1_4' title="bbox 514 742 2099 817">
    <p class='ocr_par' dir='ltr' id='par_1_4' title="bbox 514 742 2099 817">
     <span class='ocr_line' id='line_1_4' title="bbox 514 742 2099 817; baseline -0.006 -11"><span class='ocrx_word' id='word_1_21' title='bbox 514 750 621 806; x_wconf 86' lang='lat' dir='ltr'><strong>sub</strong></span> <span class='ocrx_word' id='word_1_22' title='bbox 674 759 754 806; x_wconf 91' lang='lat' dir='ltr'><strong>tot</strong></span> <span class='ocrx_word' id='word_1_23' title='bbox 783 748 1083 804; x_wconf 81' lang='lat' dir='ltr'><strong>tormentis</strong></span> <span class='ocrx_word' id='word_1_24' title='bbox 1115 761 1302 817; x_wconf 87' lang='lat' dir='ltr'><strong>pressa</strong></span> <span class='ocrx_word' id='word_1_25' title='bbox 1342 743 1644 799; x_wconf 83' lang='lat' dir='ltr'><strong>deficiebat.</strong></span> <span class='ocrx_word' id='word_1_26' title='bbox 1690 742 1930 810; x_wconf 88' lang='lat' dir='ltr'><strong>Grando,</strong></span> <span class='ocrx_word' id='word_1_27' title='bbox 1985 742 2099 809; x_wconf 90' lang='lat' dir='ltr'><strong>uix,</strong></span> 
     </span>
    </p>
   </div>
   <div class='ocr_carea' id='block_1_5' title="bbox 515 835 2103 918">
    <p class='ocr_par' dir='ltr' id='par_1_5' title="bbox 515 835 2103 918">
     <span class='ocr_line' id='line_1_5' title="bbox 515 835 2103 918; baseline -0.005 -20"><span class='ocrx_word' id='word_1_28' title='bbox 515 845 738 918; x_wconf 89' lang='lat' dir='ltr'><strong>glacies,</strong></span> <span class='ocrx_word' id='word_1_29' title='bbox 766 844 992 914; x_wconf 85' lang='lat' dir='ltr'><strong>spiritus</strong></span> <span class='ocrx_word' id='word_1_30' title='bbox 1016 839 1397 910; x_wconf 84' lang='lat' dir='ltr'><strong>procellarum,</strong></span> <span class='ocrx_word' id='word_1_31' title='bbox 1429 837 1552 892; x_wconf 92' lang='lat' dir='ltr'><strong>illos</strong></span> <span class='ocrx_word' id='word_1_32' title='bbox 1582 835 1976 892; x_wconf 80' lang='lat' dir='ltr'><strong>violentissime</strong></span> <span class='ocrx_word' id='word_1_33' title='bbox 2005 852 2103 904; x_wconf 86' lang='lat' dir='ltr'><strong>0p-</strong></span> 
     </span>
    </p>
   </div>
   <div class='ocr_carea' id='block_1_6' title="bbox 509 927 2099 1007">
    <p class='ocr_par' dir='ltr' id='par_1_6' title="bbox 509 927 2099 1007">
     <span class='ocr_line' id='line_1_6' title="bbox 509 927 2099 1007; baseline -0.006 -17"><span class='ocrx_word' id='word_1_34' title='bbox 509 937 862 1007; x_wconf 75' lang='lat' dir='ltr'><strong>primebant,</strong></span> <span class='ocrx_word' id='word_1_35' title='bbox 914 949 1054 1004; x_wconf 90' lang='lat' dir='ltr'><strong>quos</strong></span> <span class='ocrx_word' id='word_1_36' title='bbox 1099 930 1245 986; x_wconf 90' lang='lat' dir='ltr'><strong>nulla</strong></span> <span class='ocrx_word' id='word_1_37' title='bbox 1297 937 1505 984; x_wconf 86' lang='lat' dir='ltr'><strong>tectura</strong></span> <span class='ocrx_word' id='word_1_38' title='bbox 1547 928 1913 1000; x_wconf 88' lang='lat' dir='ltr'><strong>cooperiehat.</strong></span> <span class='ocrx_word' id='word_1_39' title='bbox 1960 927 2099 994; x_wconf 86' lang='lat' dir='ltr'><strong>Quid</strong></span> 
     </span>
    </p>
   </div>
   <div class='ocr_carea' id='block_1_7' title="bbox 516 1019 2100 1091">
    <p class='ocr_par' dir='ltr' id='par_1_7' title="bbox 516 1019 2100 1091">
     <span class='ocr_line' id='line_1_7' title="bbox 516 1019 2100 1091; baseline -0.007 -7"><span class='ocrx_word' id='word_1_40' title='bbox 516 1030 715 1085; x_wconf 89' lang='lat' dir='ltr'><strong>mirum</strong></span> <span class='ocrx_word' id='word_1_41' title='bbox 745 1028 790 1083; x_wconf 91' lang='lat' dir='ltr'><strong>si</strong></span> <span class='ocrx_word' id='word_1_42' title='bbox 819 1042 877 1081; x_wconf 89' lang='lat' dir='ltr'><strong>se</strong></span> <span class='ocrx_word' id='word_1_43' title='bbox 921 1025 1060 1079; x_wconf 89' lang='lat' dir='ltr'><strong>male</strong></span> <span class='ocrx_word' id='word_1_44' title='bbox 1101 1021 1488 1077; x_wconf 88' lang='lat' dir='ltr'><strong>dementabant</strong></span> <span class='ocrx_word' id='word_1_45' title='bbox 1510 1063 1525 1089; x_wconf 94' lang='lat'><strong>,</strong></span> <span class='ocrx_word' id='word_1_46' title='bbox 1565 1021 1657 1091; x_wconf 88' lang='lat' dir='ltr'><strong>qui</strong></span> <span class='ocrx_word' id='word_1_47' title='bbox 1690 1030 1842 1076; x_wconf 81' lang='lat' dir='ltr'><strong>extra</strong></span> <span class='ocrx_word' id='word_1_48' title='bbox 1872 1019 2100 1074; x_wconf 83' lang='lat' dir='ltr'><strong>tentoria</strong></span> 
     </span>
    </p>
   </div>
   <div class='ocr_carea' id='block_1_8' title="bbox 513 1111 2103 1186">
    <p class='ocr_par' dir='ltr' id='par_1_8' title="bbox 513 1111 2103 1186">
     <span class='ocr_line' id='line_1_8' title="bbox 513 1111 2103 1186; baseline -0.004 -12"><span class='ocrx_word' id='word_1_49' title='bbox 513 1128 698 1184; x_wconf 89' lang='lat' dir='ltr'><strong>erant,</strong></span> <span class='ocrx_word' id='word_1_50' title='bbox 723 1133 847 1173; x_wconf 90' lang='lat' dir='ltr'><strong>cum</strong></span> <span class='ocrx_word' id='word_1_51' title='bbox 879 1117 995 1186; x_wconf 88' lang='lat' dir='ltr'><strong>ipsa</strong></span> <span class='ocrx_word' id='word_1_52' title='bbox 1037 1113 1273 1169; x_wconf 89' lang='lat' dir='ltr'><strong>tentoria</strong></span> <span class='ocrx_word' id='word_1_53' title='bbox 1311 1113 1667 1168; x_wconf 85' lang='lat' dir='ltr'><strong>innatabant?</strong></span> <span class='ocrx_word' id='word_1_54' title='bbox 1691 1111 2012 1182; x_wconf 85' lang='lat' dir='ltr'><strong>Propterea,</strong></span> <span class='ocrx_word' id='word_1_55' title='bbox 2045 1120 2103 1167; x_wconf 91' lang='lat' dir='ltr'><strong>ut</strong></span> 
     </span>
    </p>
   </div>
   <div class='ocr_carea' id='block_1_9' title="bbox 507 1207 2104 1279">
    <p class='ocr_par' dir='ltr' id='par_1_9' title="bbox 507 1207 2104 1279">
     <span class='ocr_line' id='line_1_9' title="bbox 507 1207 2104 1279; baseline -0.003 -15"><span class='ocrx_word' id='word_1_56' title='bbox 507 1225 677 1279; x_wconf 81' lang='lat' dir='ltr'><strong>supra</strong></span> <span class='ocrx_word' id='word_1_57' title='bbox 717 1209 956 1264; x_wconf 80' lang='lat' dir='ltr'><strong>diximus</strong></span> <span class='ocrx_word' id='word_1_58' title='bbox 979 1251 993 1275; x_wconf 90' lang='lat'><strong>,</strong></span> <span class='ocrx_word' id='word_1_59' title='bbox 1017 1209 1312 1265; x_wconf 87' lang='lat' dir='ltr'><strong>consilium</strong></span> <span class='ocrx_word' id='word_1_60' title='bbox 1343 1209 1584 1264; x_wconf 90' lang='lat' dir='ltr'><strong>inierunt</strong></span> <span class='ocrx_word' id='word_1_61' title='bbox 1613 1207 1744 1278; x_wconf 89' lang='lat' dir='ltr'><strong>quid</strong></span> <span class='ocrx_word' id='word_1_62' title='bbox 1769 1213 2021 1277; x_wconf 88' lang='lat' dir='ltr'><strong>agerent,</strong></span> <span class='ocrx_word' id='word_1_63' title='bbox 2050 1213 2104 1261; x_wconf 90' lang='lat' dir='ltr'><strong>et</strong></span> 
     </span>
    </p>
   </div>
   <div class='ocr_carea' id='block_1_10' title="bbox 510 1297 2104 1372">
    <p class='ocr_par' dir='ltr' id='par_1_10' title="bbox 510 1297 2104 1372">
     <span class='ocr_line' id='line_1_10' title="bbox 510 1297 2104 1372; baseline -0.001 -18"><span class='ocrx_word' id='word_1_64' title='bbox 510 1301 618 1354; x_wconf 86' lang='lat' dir='ltr'><strong>tale</strong></span> <span class='ocrx_word' id='word_1_65' title='bbox 645 1301 874 1356; x_wconf 83' lang='lat' dir='ltr'><strong>invicem</strong></span> <span class='ocrx_word' id='word_1_66' title='bbox 900 1311 1250 1372; x_wconf 90' lang='lat' dir='ltr'><strong>acceperunt.</strong></span> <span class='ocrx_word' id='word_1_67' title='bbox 1281 1300 1633 1355; x_wconf 86' lang='lat' dir='ltr'><strong>Boamundus</strong></span> <span class='ocrx_word' id='word_1_68' title='bbox 1658 1309 1711 1355; x_wconf 91' lang='lat' dir='ltr'><strong>et</strong></span> <span class='ocrx_word' id='word_1_69' title='bbox 1735 1314 1920 1355; x_wconf 90' lang='lat' dir='ltr'><strong>comes</strong></span> <span class='ocrx_word' id='word_1_70' title='bbox 1944 1297 2104 1352; x_wconf 82' lang='lat' dir='ltr'><strong>Fian-</strong></span> 
     </span>
    </p>
   </div>
   <div class='ocr_carea' id='block_1_11' title="bbox 508 1392 2101 1464">
    <p class='ocr_par' dir='ltr' id='par_1_11' title="bbox 508 1392 2101 1464">
     <span class='ocr_line' id='line_1_11' title="bbox 508 1392 2101 1464; baseline -0.002 -17"><span class='ocrx_word' id='word_1_71' title='bbox 508 1392 730 1449; x_wconf 88' lang='lat' dir='ltr'><strong>drensis</strong></span> <span class='ocrx_word' id='word_1_72' title='bbox 760 1395 827 1448; x_wconf 90' lang='lat' dir='ltr'><strong>ad</strong></span> <span class='ocrx_word' id='word_1_73' title='bbox 871 1395 955 1450; x_wconf 88' lang='lat' dir='ltr'><strong>his</strong></span> <span class='ocrx_word' id='word_1_74' title='bbox 998 1395 1430 1450; x_wconf 83' lang='lat' dir='ltr'><strong>subveniendum</strong></span> <span class='ocrx_word' id='word_1_75' title='bbox 1473 1409 1532 1448; x_wconf 92' lang='lat' dir='ltr'><strong>se</strong></span> <span class='ocrx_word' id='word_1_76' title='bbox 1569 1392 1718 1464; x_wconf 91' lang='lat' dir='ltr'><strong>ipsos</strong></span> <span class='ocrx_word' id='word_1_77' title='bbox 1765 1392 2101 1456; x_wconf 88' lang='lat' dir='ltr'><strong>obtulerunt,</strong></span> 
     </span>
    </p>
   </div>
   <div class='ocr_carea' id='block_1_12' title="bbox 509 1484 2099 1556">
    <p class='ocr_par' dir='ltr' id='par_1_12' title="bbox 509 1484 2099 1556">
     <span class='ocr_line' id='line_1_12' title="bbox 509 1484 2099 1556; baseline -0.001 -19"><span class='ocrx_word' id='word_1_78' title='bbox 509 1491 564 1537; x_wconf 88' lang='lat' dir='ltr'><strong>et</strong></span> <span class='ocrx_word' id='word_1_79' title='bbox 609 1484 870 1540; x_wconf 90' lang='lat' dir='ltr'><strong>omnibus</strong></span> <span class='ocrx_word' id='word_1_80' title='bbox 912 1485 1136 1556; x_wconf 89' lang='lat' dir='ltr'><strong>placuit,</strong></span> <span class='ocrx_word' id='word_1_81' title='bbox 1181 1493 1235 1539; x_wconf 90' lang='lat' dir='ltr'><strong>et</strong></span> <span class='ocrx_word' id='word_1_82' title='bbox 1281 1485 1642 1540; x_wconf 88' lang='lat' dir='ltr'><strong>libentissime</strong></span> <span class='ocrx_word' id='word_1_83' title='bbox 1691 1488 2099 1540; x_wconf 90' lang='lat' dir='ltr'><strong>concesserunt.</strong></span> 
     </span>
    </p>
   </div>
   <div class='ocr_carea' id='block_1_13' title="bbox 509 1573 2103 1656">
    <p class='ocr_par' dir='ltr' id='par_1_13' title="bbox 509 1573 2103 1656">
     <span class='ocr_line' id='line_1_13' title="bbox 509 1573 2103 1656; baseline 0.001 -26"><span class='ocrx_word' id='word_1_84' title='bbox 509 1573 580 1630; x_wconf 74' lang='lat' dir='ltr'><strong>Hi</strong></span> <span class='ocrx_word' id='word_1_85' title='bbox 618 1576 804 1648; x_wconf 79' lang='lat' dir='ltr'><strong>itaque</strong></span> <span class='ocrx_word' id='word_1_86' title='bbox 838 1577 1062 1656; x_wconf 77' lang='lat' dir='ltr'><strong>triginta</strong></span> <span class='ocrx_word' id='word_1_87' title='bbox 1098 1576 1267 1631; x_wconf 82' lang='lat' dir='ltr'><strong>millia</strong></span> <span class='ocrx_word' id='word_1_88' title='bbox 1309 1576 1555 1647; x_wconf 91' lang='lat' dir='ltr'><strong>equitum</strong></span> <span class='ocrx_word' id='word_1_89' title='bbox 1593 1575 1946 1646; x_wconf 85' lang='lat' dir='ltr'><strong>peditumque</strong></span> <span class='ocrx_word' id='word_1_90' title='bbox 1989 1576 2103 1632; x_wconf 81' lang='lat' dir='ltr'><strong>elc-</strong></span> 
     </span>
    </p>
   </div>
   <div class='ocr_carea' id='block_1_14' title="bbox 509 1666 2105 1741">
    <p class='ocr_par' dir='ltr' id='par_1_14' title="bbox 509 1666 2105 1741">
     <span class='ocr_line' id='line_1_14' title="bbox 509 1666 2105 1741; baseline 0.001 -16"><span class='ocrx_word' id='word_1_91' title='bbox 509 1679 733 1741; x_wconf 89' lang='lat' dir='ltr'><strong>gerunt,</strong></span> <span class='ocrx_word' id='word_1_92' title='bbox 768 1679 822 1726; x_wconf 92' lang='lat' dir='ltr'><strong>et</strong></span> <span class='ocrx_word' id='word_1_93' title='bbox 864 1672 920 1725; x_wconf 88' lang='lat' dir='ltr'><strong>in</strong></span> <span class='ocrx_word' id='word_1_94' title='bbox 964 1679 1167 1728; x_wconf 87' lang='lat' dir='ltr'><strong>terram</strong></span> <span class='ocrx_word' id='word_1_95' title='bbox 1201 1669 1631 1726; x_wconf 88' lang='lat' dir='ltr'><strong>Sarracenorum</strong></span> <span class='ocrx_word' id='word_1_96' title='bbox 1669 1671 2032 1727; x_wconf 88' lang='lat' dir='ltr'><strong>intraverunt.</strong></span> <span class='ocrx_word' id='word_1_97' title='bbox 2058 1666 2105 1726; x_wconf 84' lang='grc'>0</span> 
     </span>
    </p>
   </div>
   <div class='ocr_carea' id='block_1_15' title="bbox 513 1759 2105 1831">
    <p class='ocr_par' dir='ltr' id='par_1_15' title="bbox 513 1759 2105 1831">
     <span class='ocr_line' id='line_1_15' title="bbox 513 1759 2105 1831; baseline 0.001 -19"><span class='ocrx_word' id='word_1_98' title='bbox 513 1773 700 1813; x_wconf 87' lang='lat' dir='ltr'><strong>rerum</strong></span> <span class='ocrx_word' id='word_1_99' title='bbox 747 1759 996 1815; x_wconf 89' lang='lat' dir='ltr'><strong>omnium</strong></span> <span class='ocrx_word' id='word_1_100' title='bbox 1044 1759 1311 1814; x_wconf 87' lang='lat' dir='ltr'><strong>mediator</strong></span> <span class='ocrx_word' id='word_1_101' title='bbox 1355 1759 1525 1828; x_wconf 88' lang='lat' dir='ltr'><strong>Deus,</strong></span> <span class='ocrx_word' id='word_1_102' title='bbox 1579 1775 1746 1831; x_wconf 90' lang='lat' dir='ltr'><strong>quam</strong></span> <span class='ocrx_word' id='word_1_103' title='bbox 1788 1760 2105 1831; x_wconf 75' lang='lat' dir='ltr'><strong>tempestive</strong></span> 
     </span>
    </p>
   </div>
   <div class='ocr_carea' id='block_1_16' title="bbox 1085 305 3186 409">
    <p class='ocr_par' dir='ltr' id='par_1_16' title="bbox 1085 305 3186 409">
     <span class='ocr_line' id='line_1_16' title="bbox 1085 305 3186 409; baseline -0.005 0"><span class='ocrx_word' id='word_1_104' title='bbox 1085 351 1178 408; x_wconf 71' lang='lat' dir='ltr'><strong>an</strong></span> <span class='ocrx_word' id='word_1_105' title='bbox 1203 305 1662 409; x_wconf 61' lang='lat' dir='ltr'><strong>consumunt</strong></span> <span class='ocrx_word' id='word_1_106' title='bbox 1702 346 1994 405; x_wconf 83' lang='lat' dir='ltr'><strong>APPEND.</strong></span> <span class='ocrx_word' id='word_1_107' title='bbox 2036 315 2210 403; x_wconf 52' lang='lat' dir='ltr'><strong>n.2—</strong></span> <span class='ocrx_word' id='word_1_108' title='bbox 2247 343 2517 404; x_wconf 71' lang='lat' dir='ltr'><strong>Mouuu.</strong></span> <span class='ocrx_word' id='word_1_109' title='bbox 2563 343 2651 400; x_wconf 87' lang='lat' dir='ltr'><strong>DE</strong></span> <span class='ocrx_word' id='word_1_110' title='bbox 2683 343 2905 401; x_wconf 87' lang='lat' dir='ltr'><strong>BELLO</strong></span> <span class='ocrx_word' id='word_1_111' title='bbox 2941 319 3186 401; x_wconf 75' lang='lat' dir='ltr'><strong>SACRO.</strong></span> 
     </span>
    </p>
   </div>
   <div class='ocr_carea' id='block_1_17' title="bbox 2203 451 3723 524">
    <p class='ocr_par' dir='ltr' id='par_1_17' title="bbox 2203 451 3723 524">
     <span class='ocr_line' id='line_1_17' title="bbox 2203 451 3723 524; baseline -0.003 -7"><span class='ocrx_word' id='word_1_112' title='bbox 2203 462 2337 516; x_wconf 89' lang='lat' dir='ltr'><strong>tatio</strong></span> <span class='ocrx_word' id='word_1_113' title='bbox 2371 459 2474 515; x_wconf 85' lang='lat' dir='ltr'><strong>fuit</strong></span> <span class='ocrx_word' id='word_1_114' title='bbox 2497 459 2553 514; x_wconf 94' lang='lat' dir='ltr'><strong>in</strong></span> <span class='ocrx_word' id='word_1_115' title='bbox 2577 459 2667 514; x_wconf 89' lang='lat' dir='ltr'><strong>illa</strong></span> <span class='ocrx_word' id='word_1_116' title='bbox 2689 458 2776 514; x_wconf 92' lang='lat' dir='ltr'><strong>die</strong></span> <span class='ocrx_word' id='word_1_117' title='bbox 2805 458 2862 513; x_wconf 90' lang='lat' dir='ltr'><strong>in</strong></span> <span class='ocrx_word' id='word_1_118' title='bbox 2885 457 3101 524; x_wconf 85' lang='lat' dir='ltr'><strong>castris,</strong></span> <span class='ocrx_word' id='word_1_119' title='bbox 3122 469 3250 512; x_wconf 87' lang='lat' dir='ltr'><strong>cum</strong></span> <span class='ocrx_word' id='word_1_120' title='bbox 3291 451 3416 508; x_wconf 83' lang='lat' dir='ltr'><strong>talia</strong></span> <span class='ocrx_word' id='word_1_121' title='bbox 3454 451 3584 509; x_wconf 88' lang='lat' dir='ltr'><strong>dona</strong></span> <span class='ocrx_word' id='word_1_122' title='bbox 3609 457 3723 514; x_wconf 66' lang='lat' dir='ltr'><strong>vitle-</strong></span> 
     </span>
    </p>
   </div>
   <div class='ocr_carea' id='block_1_18' title="bbox 2203 547 3725 624">
    <p class='ocr_par' dir='ltr' id='par_1_18' title="bbox 2203 547 3725 624">
     <span class='ocr_line' id='line_1_18' title="bbox 2203 547 3725 624; baseline -0.003 -14"><span class='ocrx_word' id='word_1_123' title='bbox 2203 564 2335 611; x_wconf 90' lang='lat' dir='ltr'><strong>runt</strong></span> <span class='ocrx_word' id='word_1_124' title='bbox 2356 553 2561 610; x_wconf 84' lang='lat' dir='ltr'><strong>summi</strong></span> <span class='ocrx_word' id='word_1_125' title='bbox 2594 551 3005 624; x_wconf 85' lang='lat' dir='ltr'><strong>procuratoris?</strong></span> <span class='ocrx_word' id='word_1_126' title='bbox 3025 549 3329 604; x_wconf 83' lang='lat' dir='ltr'><strong>Mirandum</strong></span> <span class='ocrx_word' id='word_1_127' title='bbox 3357 559 3411 603; x_wconf 90' lang='lat' dir='ltr'><strong>et</strong></span> <span class='ocrx_word' id='word_1_128' title='bbox 3437 547 3725 620; x_wconf 84' lang='lat' dir='ltr'><strong>gaudendum</strong></span> 
     </span>
    </p>
   </div>
   <div class='ocr_carea' id='block_1_19' title="bbox 2202 641 3729 718">
    <p class='ocr_par' dir='ltr' id='par_1_19' title="bbox 2202 641 3729 718">
     <span class='ocr_line' id='line_1_19' title="bbox 2202 641 3729 718; baseline -0.005 -13"><span class='ocrx_word' id='word_1_129' title='bbox 2202 657 2341 715; x_wconf 89' lang='lat' dir='ltr'><strong>erat,</strong></span> <span class='ocrx_word' id='word_1_130' title='bbox 2367 647 2517 718; x_wconf 92' lang='lat' dir='ltr'><strong>quod</strong></span> <span class='ocrx_word' id='word_1_131' title='bbox 2545 646 2814 702; x_wconf 89' lang='lat' dir='ltr'><strong>Dominus</strong></span> <span class='ocrx_word' id='word_1_132' title='bbox 2843 646 2910 701; x_wconf 90' lang='lat' dir='ltr'><strong>de</strong></span> <span class='ocrx_word' id='word_1_133' title='bbox 2937 644 3212 699; x_wconf 86' lang='lat' dir='ltr'><strong>mercibus</strong></span> <span class='ocrx_word' id='word_1_134' title='bbox 3262 641 3593 696; x_wconf 89' lang='lat' dir='ltr'><strong>inimicorum</strong></span> <span class='ocrx_word' id='word_1_135' title='bbox 3633 658 3729 698; x_wconf 84' lang='lat' dir='ltr'><strong>suo-</strong></span> 
     </span>
    </p>
   </div>
   <div class='ocr_carea' id='block_1_20' title="bbox 2202 733 3725 811">
    <p class='ocr_par' dir='ltr' id='par_1_20' title="bbox 2202 733 3725 811">
     <span class='ocr_line' id='line_1_20' title="bbox 2202 733 3725 811; baseline -0.004 -14"><span class='ocrx_word' id='word_1_136' title='bbox 2202 759 2324 797; x_wconf 89' lang='lat' dir='ltr'><strong>rum</strong></span> <span class='ocrx_word' id='word_1_137' title='bbox 2353 741 2420 796; x_wconf 93' lang='lat' dir='ltr'><strong>de</strong></span> <span class='ocrx_word' id='word_1_138' title='bbox 2459 741 2760 811; x_wconf 83' lang='lat' dir='ltr'><strong>longinquo</strong></span> <span class='ocrx_word' id='word_1_139' title='bbox 2795 737 3066 803; x_wconf 85' lang='lat' dir='ltr'><strong>adductis,</strong></span> <span class='ocrx_word' id='word_1_140' title='bbox 3106 735 3290 790; x_wconf 76' lang='lat' dir='ltr'><strong>fideles</strong></span> <span class='ocrx_word' id='word_1_141' title='bbox 3319 749 3449 789; x_wconf 91' lang='lat' dir='ltr'><strong>suos</strong></span> <span class='ocrx_word' id='word_1_142' title='bbox 3483 733 3725 791; x_wconf 84' lang='lat' dir='ltr'><strong>reﬁciebat.</strong></span> 
     </span>
    </p>
   </div>
   <div class='ocr_carea' id='block_1_21' title="bbox 2203 824 3728 901">
    <p class='ocr_par' dir='ltr' id='par_1_21' title="bbox 2203 824 3728 901">
     <span class='ocr_line' id='line_1_21' title="bbox 2203 824 3728 901; baseline -0.005 -13"><span class='ocrx_word' id='word_1_143' title='bbox 2203 834 2512 888; x_wconf 76' lang='lat' dir='ltr'><strong>Esurientes</strong></span> <span class='ocrx_word' id='word_1_144' title='bbox 2556 832 2704 886; x_wconf 79' lang='lat' dir='ltr'><strong>bonis</strong></span> <span class='ocrx_word' id='word_1_145' title='bbox 2736 830 2997 901; x_wconf 89' lang='lat' dir='ltr'><strong>implebat</strong></span> <span class='ocrx_word' id='word_1_146' title='bbox 3026 826 3178 897; x_wconf 88' lang='lat' dir='ltr'><strong>(Luc.</strong></span> <span class='ocrx_word' id='word_1_147' title='bbox 3227 842 3265 892; x_wconf 78' lang='lat' dir='ltr'><strong>r,</strong></span> <span class='ocrx_word' id='word_1_148' title='bbox 3306 825 3419 894; x_wconf 81' lang='grc'><strong>55),</strong></span> <span class='ocrx_word' id='word_1_149' title='bbox 3443 824 3625 895; x_wconf 87' lang='lat' dir='ltr'><strong>quibus</strong></span> <span class='ocrx_word' id='word_1_150' title='bbox 3654 827 3728 881; x_wconf 87' lang='lat' dir='ltr'><strong>ad-</strong></span> 
     </span>
    </p>
   </div>
   <div class='ocr_carea' id='block_1_22' title="bbox 2203 914 3732 993">
    <p class='ocr_par' dir='ltr' id='par_1_22' title="bbox 2203 914 3732 993">
     <span class='ocr_line' id='line_1_22' title="bbox 2203 914 3732 993; baseline -0.006 -12"><span class='ocrx_word' id='word_1_151' title='bbox 2203 927 2478 981; x_wconf 88' lang='lat' dir='ltr'><strong>versarios</strong></span> <span class='ocrx_word' id='word_1_152' title='bbox 2527 939 2659 980; x_wconf 86' lang='lat' dir='ltr'><strong>suos</strong></span> <span class='ocrx_word' id='word_1_153' title='bbox 2718 922 3008 993; x_wconf 89' lang='lat' dir='ltr'><strong>spoliabat.</strong></span> <span class='ocrx_word' id='word_1_154' title='bbox 3055 919 3147 974; x_wconf 91' lang='lat' dir='ltr'><strong>Sic</strong></span> <span class='ocrx_word' id='word_1_155' title='bbox 3193 933 3413 989; x_wconf 88' lang='lat' dir='ltr'><strong>quoque</strong></span> <span class='ocrx_word' id='word_1_156' title='bbox 3453 915 3569 970; x_wconf 82' lang='lat' dir='ltr'><strong>filiis</strong></span> <span class='ocrx_word' id='word_1_157' title='bbox 3604 914 3732 972; x_wconf 79' lang='lat' dir='ltr'><strong>Israel</strong></span> 
     </span>
    </p>
   </div>
   <div class='ocr_carea' id='block_1_23' title="bbox 2204 1008 3731 1085">
    <p class='ocr_par' dir='ltr' id='par_1_23' title="bbox 2204 1008 3731 1085">
     <span class='ocr_line' id='line_1_23' title="bbox 2204 1008 3731 1085; baseline -0.006 -12"><span class='ocrx_word' id='word_1_158' title='bbox 2204 1018 2336 1073; x_wconf 85' lang='lat' dir='ltr'><strong>olim</strong></span> <span class='ocrx_word' id='word_1_159' title='bbox 2389 1016 2640 1085; x_wconf 82' lang='lat' dir='ltr'><strong>faciebat,</strong></span> <span class='ocrx_word' id='word_1_160' title='bbox 2693 1031 2818 1071; x_wconf 90' lang='lat' dir='ltr'><strong>cum</strong></span> <span class='ocrx_word' id='word_1_161' title='bbox 2871 1029 2968 1084; x_wconf 90' lang='lat' dir='ltr'><strong>per</strong></span> <span class='ocrx_word' id='word_1_162' title='bbox 3024 1020 3225 1067; x_wconf 89' lang='lat' dir='ltr'><strong>terram</strong></span> <span class='ocrx_word' id='word_1_163' title='bbox 3275 1008 3548 1081; x_wconf 81' lang='lat' dir='ltr'><strong>gentilium</strong></span> <span class='ocrx_word' id='word_1_164' title='bbox 3583 1024 3731 1078; x_wconf 77' lang='lat' dir='ltr'><strong>regum</strong></span> 
     </span>
    </p>
   </div>
   <div class='ocr_carea' id='block_1_24' title="bbox 2204 1100 3734 1180">
    <p class='ocr_par' dir='ltr' id='par_1_24' title="bbox 2204 1100 3734 1180">
     <span class='ocr_line' id='line_1_24' title="bbox 2204 1100 3734 1180; baseline -0.008 -15"><span class='ocrx_word' id='word_1_165' title='bbox 2204 1110 2441 1165; x_wconf 87' lang='lat' dir='ltr'><strong>transire</strong></span> <span class='ocrx_word' id='word_1_166' title='bbox 2463 1109 2777 1180; x_wconf 88' lang='lat' dir='ltr'><strong>cupiebant,</strong></span> <span class='ocrx_word' id='word_1_167' title='bbox 2805 1115 2859 1161; x_wconf 92' lang='lat' dir='ltr'><strong>et</strong></span> <span class='ocrx_word' id='word_1_168' title='bbox 2913 1106 2991 1160; x_wconf 94' lang='lat' dir='ltr'><strong>illi</strong></span> <span class='ocrx_word' id='word_1_169' title='bbox 3041 1104 3322 1175; x_wconf 89' lang='lat' dir='ltr'><strong>publicum</strong></span> <span class='ocrx_word' id='word_1_170' title='bbox 3369 1101 3469 1156; x_wconf 76' lang='lat' dir='ltr'><strong>via:</strong></span> <span class='ocrx_word' id='word_1_171' title='bbox 3505 1100 3645 1171; x_wconf 76' lang='lat' dir='ltr'><strong>regia:</strong></span> <span class='ocrx_word' id='word_1_172' title='bbox 3669 1101 3734 1154; x_wconf 88' lang='lat' dir='ltr'><strong>in-</strong></span> 
     </span>
    </p>
   </div>
   <div class='ocr_carea' id='block_1_25' title="bbox 2203 1193 3737 1271">
    <p class='ocr_par' dir='ltr' id='par_1_25' title="bbox 2203 1193 3737 1271">
     <span class='ocr_line' id='line_1_25' title="bbox 2203 1193 3737 1271; baseline -0.008 -11"><span class='ocrx_word' id='word_1_173' title='bbox 2203 1217 2422 1261; x_wconf 88' lang='lat' dir='ltr'><strong>cessum</strong></span> <span class='ocrx_word' id='word_1_174' title='bbox 2449 1201 2532 1256; x_wconf 91' lang='lat' dir='ltr'><strong>eis</strong></span> <span class='ocrx_word' id='word_1_175' title='bbox 2557 1198 2920 1271; x_wconf 78' lang='lat' dir='ltr'><strong>denegabant.</strong></span> <span class='ocrx_word' id='word_1_176' title='bbox 2947 1195 3150 1252; x_wconf 89' lang='lat' dir='ltr'><strong>Omnes</strong></span> <span class='ocrx_word' id='word_1_177' title='bbox 3175 1196 3294 1266; x_wconf 91' lang='lat' dir='ltr'><strong>pari</strong></span> <span class='ocrx_word' id='word_1_178' title='bbox 3324 1194 3504 1259; x_wconf 91' lang='lat' dir='ltr'><strong>modo,</strong></span> <span class='ocrx_word' id='word_1_179' title='bbox 3529 1193 3612 1262; x_wconf 87' lang='lat' dir='ltr'><strong>qui</strong></span> <span class='ocrx_word' id='word_1_180' title='bbox 3635 1208 3737 1247; x_wconf 86' lang='lat' dir='ltr'><strong>con-</strong></span> 
     </span>
    </p>
   </div>
   <div class='ocr_carea' id='block_1_26' title="bbox 2201 1285 3739 1365">
    <p class='ocr_par' dir='ltr' id='par_1_26' title="bbox 2201 1285 3739 1365">
     <span class='ocr_line' id='line_1_26' title="bbox 2201 1285 3739 1365; baseline -0.009 -11"><span class='ocrx_word' id='word_1_181' title='bbox 2201 1305 2287 1354; x_wconf 87' lang='lat' dir='ltr'><strong>tra</strong></span> <span class='ocrx_word' id='word_1_182' title='bbox 2321 1297 2441 1352; x_wconf 85' lang='lat' dir='ltr'><strong>illos</strong></span> <span class='ocrx_word' id='word_1_183' title='bbox 2497 1293 2839 1365; x_wconf 86' lang='lat' dir='ltr'><strong>accipiebant</strong></span> <span class='ocrx_word' id='word_1_184' title='bbox 2887 1289 3150 1362; x_wconf 79' lang='lat' dir='ltr'><strong>gladium,</strong></span> <span class='ocrx_word' id='word_1_185' title='bbox 3196 1287 3376 1361; x_wconf 88' lang='lat' dir='ltr'><strong>gladio</strong></span> <span class='ocrx_word' id='word_1_186' title='bbox 3423 1285 3662 1357; x_wconf 84' lang='lat' dir='ltr'><strong>peribant,</strong></span> <span class='ocrx_word' id='word_1_187' title='bbox 3695 1295 3739 1340; x_wconf 89' lang='lat' dir='ltr'><strong>et</strong></span> 
     </span>
    </p>
   </div>
   <div class='ocr_carea' id='block_1_27' title="bbox 2201 1379 3741 1448">
    <p class='ocr_par' dir='ltr' id='par_1_27' title="bbox 2201 1379 3741 1448">
     <span class='ocr_line' id='line_1_27' title="bbox 2201 1379 3741 1448; baseline -0.011 0"><span class='ocrx_word' id='word_1_188' title='bbox 2201 1405 2395 1448; x_wconf 83' lang='lat' dir='ltr'><strong>eorum</strong></span> <span class='ocrx_word' id='word_1_189' title='bbox 2425 1398 2568 1445; x_wconf 90' lang='lat' dir='ltr'><strong>terra</strong></span> <span class='ocrx_word' id='word_1_190' title='bbox 2599 1399 2652 1444; x_wconf 90' lang='lat' dir='ltr'><strong>et</strong></span> <span class='ocrx_word' id='word_1_191' title='bbox 2675 1387 2957 1443; x_wconf 87' lang='lat' dir='ltr'><strong>facultates</strong></span> <span class='ocrx_word' id='word_1_192' title='bbox 2982 1385 3254 1441; x_wconf 90' lang='lat' dir='ltr'><strong>dabantur</strong></span> <span class='ocrx_word' id='word_1_193' title='bbox 3283 1382 3364 1437; x_wconf 89' lang='lat' dir='ltr'><strong>eis</strong></span> <span class='ocrx_word' id='word_1_194' title='bbox 3393 1379 3448 1434; x_wconf 89' lang='lat' dir='ltr'><strong>in</strong></span> <span class='ocrx_word' id='word_1_195' title='bbox 3487 1379 3741 1448; x_wconf 84' lang='lat' dir='ltr'><strong>possessio-</strong></span> 
     </span>
    </p>
   </div>
   <div class='ocr_carea' id='block_1_28' title="bbox 2203 1477 3739 1544">
    <p class='ocr_par' dir='ltr' id='par_1_28' title="bbox 2203 1477 3739 1544">
     <span class='ocr_line' id='line_1_28' title="bbox 2203 1477 3739 1544; baseline -0.012 -1"><span class='ocrx_word' id='word_1_196' title='bbox 2203 1499 2350 1544; x_wconf 88' lang='lat' dir='ltr'><strong>nem.</strong></span> <span class='ocrx_word' id='word_1_197' title='bbox 2379 1485 2540 1541; x_wconf 86' lang='lat' dir='ltr'><strong>Nunc</strong></span> <span class='ocrx_word' id='word_1_198' title='bbox 2566 1499 2697 1540; x_wconf 87' lang='lat' dir='ltr'><strong>vero</strong></span> <span class='ocrx_word' id='word_1_199' title='bbox 2732 1482 2871 1537; x_wconf 90' lang='lat' dir='ltr'><strong>idem</strong></span> <span class='ocrx_word' id='word_1_200' title='bbox 2896 1481 3160 1536; x_wconf 90' lang='lat' dir='ltr'><strong>Dominus</strong></span> <span class='ocrx_word' id='word_1_201' title='bbox 3185 1477 3376 1532; x_wconf 89' lang='lat' dir='ltr'><strong>eadem</strong></span> <span class='ocrx_word' id='word_1_202' title='bbox 3406 1488 3739 1542; x_wconf 87' lang='lat' dir='ltr'><strong>recompensa-</strong></span> 
     </span>
    </p>
   </div>
   <div class='ocr_carea' id='block_1_29' title="bbox 2203 1564 3743 1635">
    <p class='ocr_par' dir='ltr' id='par_1_29' title="bbox 2203 1564 3743 1635">
     <span class='ocr_line' id='line_1_29' title="bbox 2203 1564 3743 1635; baseline -0.012 -1"><span class='ocrx_word' id='word_1_203' title='bbox 2203 1577 2356 1634; x_wconf 88' lang='lat' dir='ltr'><strong>tione</strong></span> <span class='ocrx_word' id='word_1_204' title='bbox 2400 1576 2579 1632; x_wconf 89' lang='lat' dir='ltr'><strong>aufert</strong></span> <span class='ocrx_word' id='word_1_205' title='bbox 2629 1589 2858 1631; x_wconf 90' lang='lat' dir='ltr'><strong>suorum</strong></span> <span class='ocrx_word' id='word_1_206' title='bbox 2908 1569 3260 1635; x_wconf 89' lang='lat' dir='ltr'><strong>adversariis,</strong></span> <span class='ocrx_word' id='word_1_207' title='bbox 3317 1574 3380 1622; x_wconf 92' lang='lat' dir='ltr'><strong>ut</strong></span> <span class='ocrx_word' id='word_1_208' title='bbox 3432 1565 3520 1620; x_wconf 88' lang='lat' dir='ltr'><strong>isti</strong></span> <span class='ocrx_word' id='word_1_209' title='bbox 3560 1564 3743 1619; x_wconf 84' lang='lat' dir='ltr'><strong>credant</strong></span> 
     </span>
    </p>
   </div>
   <div class='ocr_carea' id='block_1_30' title="bbox 2205 1655 3740 1736">
    <p class='ocr_par' dir='ltr' id='par_1_30' title="bbox 2205 1655 3740 1736">
     <span class='ocr_line' id='line_1_30' title="bbox 2205 1655 3740 1736; baseline -0.01 -13"><span class='ocrx_word' id='word_1_210' title='bbox 2205 1669 2472 1725; x_wconf 89' lang='lat' dir='ltr'><strong>veraciter</strong></span> <span class='ocrx_word' id='word_1_211' title='bbox 2508 1675 2689 1723; x_wconf 89' lang='lat' dir='ltr'><strong>actum</strong></span> <span class='ocrx_word' id='word_1_212' title='bbox 2732 1665 2903 1721; x_wconf 91' lang='lat' dir='ltr'><strong>fuisse</strong></span> <span class='ocrx_word' id='word_1_213' title='bbox 2946 1663 3095 1736; x_wconf 92' lang='lat' dir='ltr'><strong>quod</strong></span> <span class='ocrx_word' id='word_1_214' title='bbox 3120 1661 3386 1731; x_wconf 91' lang='lat' dir='ltr'><strong>scriptum</strong></span> <span class='ocrx_word' id='word_1_215' title='bbox 3415 1666 3498 1712; x_wconf 90' lang='lat' dir='ltr'><strong>est</strong></span> <span class='ocrx_word' id='word_1_216' title='bbox 3520 1655 3580 1711; x_wconf 90' lang='lat' dir='ltr'><strong>de</strong></span> <span class='ocrx_word' id='word_1_217' title='bbox 3622 1655 3740 1710; x_wconf 88' lang='lat' dir='ltr'><strong>illis:</strong></span> 
     </span>
    </p>
   </div>
   <div class='ocr_carea' id='block_1_31' title="bbox 2205 1747 3746 1828">
    <p class='ocr_par' dir='ltr' id='par_1_31' title="bbox 2205 1747 3746 1828">
     <span class='ocr_line' id='line_1_31' title="bbox 2205 1747 3746 1828; baseline -0.008 -13"><span class='ocrx_word' id='word_1_218' title='bbox 2205 1757 2309 1815; x_wconf 90' lang='lat' dir='ltr'><strong>Per</strong></span> <span class='ocrx_word' id='word_1_219' title='bbox 2333 1759 2518 1814; x_wconf 88' lang='lat' dir='ltr'><strong>omnia</strong></span> <span class='ocrx_word' id='word_1_220' title='bbox 2567 1758 2640 1815; x_wconf 90' lang='lat' dir='ltr'><strong>sit</strong></span> <span class='ocrx_word' id='word_1_221' title='bbox 2684 1757 2850 1825; x_wconf 89' lang='lat' dir='ltr'><strong>Deus,</strong></span> <span class='ocrx_word' id='word_1_222' title='bbox 2877 1757 2973 1828; x_wconf 89' lang='lat' dir='ltr'><strong>qui</strong></span> <span class='ocrx_word' id='word_1_223' title='bbox 3013 1751 3418 1811; x_wconf 90' lang='lat' dir='ltr'><strong>benedicendus</strong></span> <span class='ocrx_word' id='word_1_224' title='bbox 3439 1759 3538 1817; x_wconf 89' lang='lat' dir='ltr'><strong>est,</strong></span> <span class='ocrx_word' id='word_1_225' title='bbox 3570 1747 3746 1804; x_wconf 82' lang='lat' dir='ltr'><strong>benedi-</strong></span> 
     </span>
    </p>
   </div>
   <div class='ocr_carea' id='block_1_32' title="bbox 512 1849 3149 1922">
    <p class='ocr_par' dir='ltr' id='par_1_32' title="bbox 512 1849 3149 1922">
     <span class='ocr_line' id='line_1_32' title="bbox 512 1849 3149 1922; baseline -0.002 -16"><span class='ocrx_word' id='word_1_226' title='bbox 512 1849 771 1906; x_wconf 86' lang='lat' dir='ltr'><strong>subvenis</strong></span> <span class='ocrx_word' id='word_1_227' title='bbox 802 1851 855 1905; x_wconf 90' lang='lat' dir='ltr'><strong>in</strong></span> <span class='ocrx_word' id='word_1_228' title='bbox 879 1851 1158 1922; x_wconf 88' lang='lat' dir='ltr'><strong>periculis,</strong></span> <span class='ocrx_word' id='word_1_229' title='bbox 1185 1860 1240 1906; x_wconf 92' lang='lat' dir='ltr'><strong>et</strong></span> <span class='ocrx_word' id='word_1_230' title='bbox 1266 1851 1321 1905; x_wconf 92' lang='lat' dir='ltr'><strong>in</strong></span> <span class='ocrx_word' id='word_1_231' title='bbox 1359 1853 1683 1909; x_wconf 77' lang='lat' dir='ltr'><strong>necessitate</strong></span> <span class='ocrx_word' id='word_1_232' title='bbox 1707 1851 2102 1920; x_wconf 62' lang='lat' dir='ltr'><strong>mborantibns,</strong></span> <span class='ocrx_word' id='word_1_233' title='bbox 2139 1849 2180 1904; x_wconf 89' lang='grc' dir='ltr'><strong>Β</strong></span> <span class='ocrx_word' id='word_1_234' title='bbox 2205 1859 2362 1919; x_wconf 90' lang='lat' dir='ltr'><strong>ctus;</strong></span> <span class='ocrx_word' id='word_1_235' title='bbox 2389 1851 2506 1907; x_wconf 86' lang='lat' dir='ltr'><strong>sine</strong></span> <span class='ocrx_word' id='word_1_236' title='bbox 2527 1849 2648 1922; x_wconf 89' lang='lat' dir='ltr'><strong>ipso</strong></span> <span class='ocrx_word' id='word_1_237' title='bbox 2672 1850 2810 1904; x_wconf 89' lang='lat' dir='ltr'><strong>nihil</strong></span> <span class='ocrx_word' id='word_1_238' title='bbox 2833 1863 3149 1920; x_wconf 83' lang='lat' dir='ltr'><strong>possumus.</strong></span> 
     </span>
    </p>
   </div>
   <div class='ocr_carea' id='block_1_33' title="bbox 511 1941 2104 2016">
    <p class='ocr_par' dir='ltr' id='par_1_33' title="bbox 511 1941 2104 2016">
     <span class='ocr_line' id='line_1_33' title="bbox 511 1941 2104 2016; baseline 0.001 -18"><span class='ocrx_word' id='word_1_239' title='bbox 511 1951 573 1998; x_wconf 86' lang='lat' dir='ltr'><strong>ut</strong></span> <span class='ocrx_word' id='word_1_240' title='bbox 619 1942 935 2013; x_wconf 69' lang='lat' dir='ltr'><strong>impleretur</strong></span> <span class='ocrx_word' id='word_1_241' title='bbox 972 1943 1105 1999; x_wconf 90' lang='lat' dir='ltr'><strong>illud</strong></span> <span class='ocrx_word' id='word_1_242' title='bbox 1143 1943 1290 2014; x_wconf 91' lang='lat' dir='ltr'><strong>quod</strong></span> <span class='ocrx_word' id='word_1_243' title='bbox 1321 1941 1582 2000; x_wconf 83' lang='lat' dir='ltr'><strong>Salomon</strong></span> <span class='ocrx_word' id='word_1_244' title='bbox 1619 1944 1840 2016; x_wconf 82' lang='lat' dir='ltr'><strong>scripsit</strong></span> <span class='ocrx_word' id='word_1_245' title='bbox 1883 1945 1937 1999; x_wconf 92' lang='lat' dir='ltr'><strong>in</strong></span> <span class='ocrx_word' id='word_1_246' title='bbox 1967 1943 2104 2000; x_wconf 87' lang='lat' dir='ltr'><strong>Pro-</strong></span> 
     </span>
    </p>
   </div>
   <div class='ocr_carea' id='block_1_34' title="bbox 510 2034 2097 2108">
    <p class='ocr_par' dir='ltr' id='par_1_34' title="bbox 510 2034 2097 2108">
     <span class='ocr_line' id='line_1_34' title="bbox 510 2034 2097 2108; baseline 0 -16"><span class='ocrx_word' id='word_1_247' title='bbox 510 2034 716 2092; x_wconf 83' lang='lat' dir='ltr'><strong>verbiis</strong></span> <span class='ocrx_word' id='word_1_248' title='bbox 732 2055 745 2090; x_wconf 89' lang='lat'>:</span> <span class='ocrx_word' id='word_1_249' title='bbox 763 2035 1114 2091; x_wconf 83' lang='lat' dir='ltr'><strong>Conscrvatur</strong></span> <span class='ocrx_word' id='word_1_250' title='bbox 1123 2036 1274 2106; x_wconf 78' lang='lat' dir='ltr'><strong>justo</strong></span> <span class='ocrx_word' id='word_1_251' title='bbox 1291 2037 1593 2092; x_wconf 74' lang='lat' dir='ltr'><strong>substantia</strong></span> <span class='ocrx_word' id='word_1_252' title='bbox 1615 2038 1903 2108; x_wconf 77' lang='lat' dir='ltr'><strong>peccatoris</strong></span> <span class='ocrx_word' id='word_1_253' title='bbox 1919 2037 2097 2106; x_wconf 85' lang='lat' dir='ltr'><strong>(Prov.</strong></span> 
     </span>
    </p>
   </div>
   <div class='ocr_carea' id='block_1_35' title="bbox 513 2128 2106 2202">
    <p class='ocr_par' dir='ltr' id='par_1_35' title="bbox 513 2128 2106 2202">
     <span class='ocr_line' id='line_1_35' title="bbox 513 2128 2106 2202; baseline 0.004 -20"><span class='ocrx_word' id='word_1_254' title='bbox 513 2143 634 2195; x_wconf 81' lang='lat' dir='ltr'><strong>xm,</strong></span> <span class='ocrx_word' id='word_1_255' title='bbox 662 2129 775 2198; x_wconf 72' lang='grc'><strong>22).</strong></span> <span class='ocrx_word' id='word_1_256' title='bbox 799 2129 844 2182; x_wconf 84' lang='grc' dir='ltr'><strong>Α</strong></span> <span class='ocrx_word' id='word_1_257' title='bbox 864 2128 1165 2186; x_wconf 82' lang='lat' dir='ltr'><strong>Jerusalem</strong></span> <span class='ocrx_word' id='word_1_258' title='bbox 1187 2139 1240 2185; x_wconf 90' lang='lat' dir='ltr'><strong>et</strong></span> <span class='ocrx_word' id='word_1_259' title='bbox 1262 2129 1548 2198; x_wconf 89' lang='lat' dir='ltr'><strong>Damasco,</strong></span> <span class='ocrx_word' id='word_1_260' title='bbox 1575 2140 1628 2187; x_wconf 90' lang='lat' dir='ltr'><strong>et</strong></span> <span class='ocrx_word' id='word_1_261' title='bbox 1649 2132 1841 2202; x_wconf 84' lang='lat' dir='ltr'><strong>Aleph,</strong></span> <span class='ocrx_word' id='word_1_262' title='bbox 1871 2132 2106 2188; x_wconf 61' lang='lat' dir='ltr'><strong>caeteris-</strong></span> 
     </span>
    </p>
   </div>
   <div class='ocr_carea' id='block_1_36' title="bbox 509 2223 2104 2295">
    <p class='ocr_par' dir='ltr' id='par_1_36' title="bbox 509 2223 2104 2295">
     <span class='ocr_line' id='line_1_36' title="bbox 509 2223 2104 2295; baseline 0.005 -21"><span class='ocrx_word' id='word_1_263' title='bbox 509 2236 619 2292; x_wconf 91' lang='lat' dir='ltr'><strong>que</strong></span> <span class='ocrx_word' id='word_1_264' title='bbox 655 2223 969 2294; x_wconf 80' lang='lat' dir='ltr'><strong>regionibus</strong></span> <span class='ocrx_word' id='word_1_265' title='bbox 1003 2225 1316 2295; x_wconf 84' lang='lat' dir='ltr'><strong>congregati</strong></span> <span class='ocrx_word' id='word_1_266' title='bbox 1349 2234 1534 2291; x_wconf 91' lang='lat' dir='ltr'><strong>erant,</strong></span> <span class='ocrx_word' id='word_1_267' title='bbox 1566 2224 1769 2292; x_wconf 62' lang='lat' dir='ltr'><strong>Persae,</strong></span> <span class='ocrx_word' id='word_1_268' title='bbox 1804 2225 2012 2281; x_wconf 84' lang='lat' dir='ltr'><strong>Arabes</strong></span> <span class='ocrx_word' id='word_1_269' title='bbox 2049 2233 2104 2282; x_wconf 90' lang='lat' dir='ltr'><strong>et</strong></span> 
     </span>
    </p>
   </div>
   <div class='ocr_carea' id='block_1_37' title="bbox 511 2311 2101 2388">
    <p class='ocr_par' dir='ltr' id='par_1_37' title="bbox 511 2311 2101 2388">
     <span class='ocr_line' id='line_1_37' title="bbox 511 2311 2101 2388; baseline 0.005 -22"><span class='ocrx_word' id='word_1_270' title='bbox 511 2311 681 2380; x_wconf 82' lang='lat' dir='ltr'><strong>Medi,</strong></span> <span class='ocrx_word' id='word_1_271' title='bbox 711 2330 843 2383; x_wconf 82' lang='lat' dir='ltr'><strong>gens</strong></span> <span class='ocrx_word' id='word_1_272' title='bbox 889 2314 1142 2372; x_wconf 84' lang='lat' dir='ltr'><strong>videlicet</strong></span> <span class='ocrx_word' id='word_1_273' title='bbox 1187 2317 1358 2372; x_wconf 91' lang='lat' dir='ltr'><strong>multa</strong></span> <span class='ocrx_word' id='word_1_274' title='bbox 1407 2317 1606 2384; x_wconf 85' lang='lat' dir='ltr'><strong>nimis,</strong></span> <span class='ocrx_word' id='word_1_275' title='bbox 1636 2334 1758 2388; x_wconf 65' lang='lat' dir='ltr'><strong>qua:</strong></span> <span class='ocrx_word' id='word_1_276' title='bbox 1796 2317 1863 2372; x_wconf 91' lang='lat' dir='ltr'><strong>ad</strong></span> <span class='ocrx_word' id='word_1_277' title='bbox 1906 2317 2101 2374; x_wconf 79' lang='lat' dir='ltr'><strong>Antio-</strong></span> 
     </span>
    </p>
   </div>
   <div class='ocr_carea' id='block_1_38' title="bbox 508 2403 2101 2480">
    <p class='ocr_par' dir='ltr' id='par_1_38' title="bbox 508 2403 2101 2480">
     <span class='ocr_line' id='line_1_38' title="bbox 508 2403 2101 2480; baseline 0.003 -20"><span class='ocrx_word' id='word_1_278' title='bbox 508 2403 690 2460; x_wconf 90' lang='lat' dir='ltr'><strong>chiam</strong></span> <span class='ocrx_word' id='word_1_279' title='bbox 717 2405 1064 2475; x_wconf 88' lang='lat' dir='ltr'><strong>disposuerat</strong></span> <span class='ocrx_word' id='word_1_280' title='bbox 1091 2408 1296 2475; x_wconf 91' lang='lat' dir='ltr'><strong>venire,</strong></span> <span class='ocrx_word' id='word_1_281' title='bbox 1322 2424 1554 2480; x_wconf 89' lang='lat' dir='ltr'><strong>eamque</strong></span> <span class='ocrx_word' id='word_1_282' title='bbox 1582 2425 1611 2464; x_wconf 93' lang='lat' dir='ltr'><strong>a</strong></span> <span class='ocrx_word' id='word_1_283' title='bbox 1643 2409 1975 2465; x_wconf 87' lang='lat' dir='ltr'><strong>Christianis</strong></span> <span class='ocrx_word' id='word_1_284' title='bbox 2003 2409 2101 2465; x_wconf 88' lang='lat' dir='ltr'><strong>de-</strong></span> 
     </span>
    </p>
   </div>
   <div class='ocr_carea' id='block_1_39' title="bbox 506 2492 2100 2571">
    <p class='ocr_par' dir='ltr' id='par_1_39' title="bbox 506 2492 2100 2571">
     <span class='ocr_line' id='line_1_39' title="bbox 506 2492 2100 2571; baseline 0.006 -24"><span class='ocrx_word' id='word_1_285' title='bbox 506 2492 746 2549; x_wconf 90' lang='lat' dir='ltr'><strong>fendere.</strong></span> <span class='ocrx_word' id='word_1_286' title='bbox 779 2493 890 2550; x_wconf 86' lang='lat' dir='ltr'><strong>Sed</strong></span> <span class='ocrx_word' id='word_1_287' title='bbox 911 2497 1070 2553; x_wconf 86' lang='lat' dir='ltr'><strong>aliter</strong></span> <span class='ocrx_word' id='word_1_288' title='bbox 1094 2497 1149 2552; x_wconf 91' lang='lat' dir='ltr'><strong>in</strong></span> <span class='ocrx_word' id='word_1_289' title='bbox 1180 2499 1320 2554; x_wconf 64' lang='lat' dir='ltr'><strong>coelo</strong></span> <span class='ocrx_word' id='word_1_290' title='bbox 1347 2498 1450 2554; x_wconf 91' lang='lat' dir='ltr'><strong>fuit</strong></span> <span class='ocrx_word' id='word_1_291' title='bbox 1476 2499 1825 2571; x_wconf 89' lang='lat' dir='ltr'><strong>dispositum,</strong></span> <span class='ocrx_word' id='word_1_292' title='bbox 1850 2500 2100 2570; x_wconf 84' lang='lat' dir='ltr'><strong>quaedis-</strong></span> 
     </span>
    </p>
   </div>
   <div class='ocr_carea' id='block_1_40' title="bbox 512 2585 2098 2657">
    <p class='ocr_par' dir='ltr' id='par_1_40' title="bbox 512 2585 2098 2657">
     <span class='ocr_line' id='line_1_40' title="bbox 512 2585 2098 2657; baseline 0.004 -15"><span class='ocrx_word' id='word_1_293' title='bbox 512 2585 715 2657; x_wconf 86' lang='lat' dir='ltr'><strong>positio</strong></span> <span class='ocrx_word' id='word_1_294' title='bbox 764 2587 982 2644; x_wconf 85' lang='lat' dir='ltr'><strong>illorum</strong></span> <span class='ocrx_word' id='word_1_295' title='bbox 1025 2589 1427 2647; x_wconf 90' lang='lat' dir='ltr'><strong>ordinationem</strong></span> <span class='ocrx_word' id='word_1_296' title='bbox 1481 2592 1763 2647; x_wconf 87' lang='lat' dir='ltr'><strong>inclinavit</strong></span> <span class='ocrx_word' id='word_1_297' title='bbox 1819 2593 2098 2649; x_wconf 88' lang='lat' dir='ltr'><strong>deorsum.</strong></span> 
     </span>
    </p>
   </div>
   <div class='ocr_carea' id='block_1_41' title="bbox 508 2677 2108 2756">
    <p class='ocr_par' dir='ltr' id='par_1_41' title="bbox 508 2677 2108 2756">
     <span class='ocr_line' id='line_1_41' title="bbox 508 2677 2108 2756; baseline 0.004 -22"><span class='ocrx_word' id='word_1_298' title='bbox 508 2677 648 2735; x_wconf 88' lang='lat' dir='ltr'><strong>Cum</strong></span> <span class='ocrx_word' id='word_1_299' title='bbox 675 2681 821 2737; x_wconf 91' lang='lat' dir='ltr'><strong>enim</strong></span> <span class='ocrx_word' id='word_1_300' title='bbox 851 2681 1135 2739; x_wconf 90' lang='lat' dir='ltr'><strong>audissent</strong></span> <span class='ocrx_word' id='word_1_301' title='bbox 1170 2684 1299 2755; x_wconf 90' lang='lat' dir='ltr'><strong>quia</strong></span> <span class='ocrx_word' id='word_1_302' title='bbox 1330 2701 1457 2756; x_wconf 91' lang='lat' dir='ltr'><strong>pars</strong></span> <span class='ocrx_word' id='word_1_303' title='bbox 1481 2684 1915 2741; x_wconf 89' lang='lat' dir='ltr'><strong>Christianorum</strong></span> <span class='ocrx_word' id='word_1_304' title='bbox 1939 2685 2108 2741; x_wconf 89' lang='lat' dir='ltr'><strong>intra-</strong></span> 
     </span>
    </p>
   </div>
   <div class='ocr_carea' id='block_1_42' title="bbox 505 2767 2100 2848">
    <p class='ocr_par' dir='ltr' id='par_1_42' title="bbox 505 2767 2100 2848">
     <span class='ocr_line' id='line_1_42' title="bbox 505 2767 2100 2848; baseline 0.005 -24"><span class='ocrx_word' id='word_1_305' title='bbox 505 2779 701 2826; x_wconf 89' lang='lat' dir='ltr'><strong>verant</strong></span> <span class='ocrx_word' id='word_1_306' title='bbox 726 2773 780 2827; x_wconf 89' lang='lat' dir='ltr'><strong>in</strong></span> <span class='ocrx_word' id='word_1_307' title='bbox 810 2782 1012 2829; x_wconf 88' lang='lat' dir='ltr'><strong>terram</strong></span> <span class='ocrx_word' id='word_1_308' title='bbox 1052 2767 1232 2842; x_wconf 86' lang='lat' dir='ltr'><strong>suam,</strong></span> <span class='ocrx_word' id='word_1_309' title='bbox 1265 2776 1436 2848; x_wconf 82' lang='lat' dir='ltr'><strong>gavisi</strong></span> <span class='ocrx_word' id='word_1_310' title='bbox 1475 2786 1604 2833; x_wconf 91' lang='lat' dir='ltr'><strong>sunt</strong></span> <span class='ocrx_word' id='word_1_311' title='bbox 1636 2777 1812 2844; x_wconf 89' lang='lat' dir='ltr'><strong>valde,</strong></span> <span class='ocrx_word' id='word_1_312' title='bbox 1839 2777 2100 2848; x_wconf 92' lang='lat' dir='ltr'><strong>quoniam</strong></span> 
     </span>
    </p>
   </div>
   <div class='ocr_carea' id='block_1_43' title="bbox 508 2861 2104 2939">
    <p class='ocr_par' dir='ltr' id='par_1_43' title="bbox 508 2861 2104 2939">
     <span class='ocr_line' id='line_1_43' title="bbox 508 2861 2104 2939; baseline 0.006 -21"><span class='ocrx_word' id='word_1_313' title='bbox 508 2861 567 2918; x_wconf 89' lang='lat' dir='ltr'><strong>in</strong></span> <span class='ocrx_word' id='word_1_314' title='bbox 591 2864 829 2922; x_wconf 84' lang='lat' dir='ltr'><strong>vinculis</strong></span> <span class='ocrx_word' id='word_1_315' title='bbox 857 2866 972 2937; x_wconf 91' lang='lat' dir='ltr'><strong>jam</strong></span> <span class='ocrx_word' id='word_1_316' title='bbox 1004 2869 1161 2939; x_wconf 90' lang='lat' dir='ltr'><strong>quasi</strong></span> <span class='ocrx_word' id='word_1_317' title='bbox 1202 2869 1442 2926; x_wconf 91' lang='lat' dir='ltr'><strong>irretitos</strong></span> <span class='ocrx_word' id='word_1_318' title='bbox 1474 2871 1722 2926; x_wconf 85' lang='lat' dir='ltr'><strong>arbitrati</strong></span> <span class='ocrx_word' id='word_1_319' title='bbox 1754 2878 1902 2928; x_wconf 90' lang='lat' dir='ltr'><strong>sunt.</strong></span> <span class='ocrx_word' id='word_1_320' title='bbox 1949 2870 2104 2927; x_wconf 87' lang='lat' dir='ltr'><strong>Tunc</strong></span> 
     </span>
    </p>
   </div>
   <div class='ocr_carea' id='block_1_44' title="bbox 510 2954 2091 3030">
    <p class='ocr_par' dir='ltr' id='par_1_44' title="bbox 510 2954 2091 3030">
     <span class='ocr_line' id='line_1_44' title="bbox 510 2954 2091 3030; baseline 0.006 -21"><span class='ocrx_word' id='word_1_321' title='bbox 510 2954 816 3012; x_wconf 89' lang='lat' dir='ltr'><strong>diviserunt</strong></span> <span class='ocrx_word' id='word_1_322' title='bbox 841 2973 900 3014; x_wconf 90' lang='lat' dir='ltr'><strong>se</strong></span> <span class='ocrx_word' id='word_1_323' title='bbox 932 2959 988 3014; x_wconf 90' lang='lat' dir='ltr'><strong>in</strong></span> <span class='ocrx_word' id='word_1_324' title='bbox 1018 2960 1158 3016; x_wconf 86' lang='lat' dir='ltr'><strong>duas</strong></span> <span class='ocrx_word' id='word_1_325' title='bbox 1187 2961 1351 3030; x_wconf 89' lang='lat' dir='ltr'><strong>acies,</strong></span> <span class='ocrx_word' id='word_1_326' title='bbox 1382 2971 1441 3018; x_wconf 92' lang='lat' dir='ltr'><strong>ut</strong></span> <span class='ocrx_word' id='word_1_327' title='bbox 1469 2962 1548 3018; x_wconf 91' lang='lat' dir='ltr'><strong>sic</strong></span> <span class='ocrx_word' id='word_1_328' title='bbox 1576 2963 1761 3019; x_wconf 90' lang='lat' dir='ltr'><strong>vallati</strong></span> <span class='ocrx_word' id='word_1_329' title='bbox 1792 2964 1862 3019; x_wconf 92' lang='lat' dir='ltr'><strong>ab</strong></span> <span class='ocrx_word' id='word_1_330' title='bbox 1891 2963 1970 3020; x_wconf 92' lang='lat' dir='ltr'><strong>eis</strong></span> <span class='ocrx_word' id='word_1_331' title='bbox 1997 2980 2091 3019; x_wconf 84' lang='lat' dir='ltr'><strong>no-</strong></span> 
     </span>
    </p>
   </div>
   <div class='ocr_carea' id='block_1_45' title="bbox 510 3049 2105 3127">
    <p class='ocr_par' dir='ltr' id='par_1_45' title="bbox 510 3049 2105 3127">
     <span class='ocr_line' id='line_1_45' title="bbox 510 3049 2105 3127; baseline 0.005 -21"><span class='ocrx_word' id='word_1_332' title='bbox 510 3049 656 3118; x_wconf 79' lang='lat' dir='ltr'><strong>stri,</strong></span> <span class='ocrx_word' id='word_1_333' title='bbox 703 3049 846 3125; x_wconf 70' lang='lat' dir='ltr'><strong>fugae</strong></span> <span class='ocrx_word' id='word_1_334' title='bbox 897 3054 1213 3123; x_wconf 72' lang='lat' dir='ltr'><strong>prazsidium</strong></span> <span class='ocrx_word' id='word_1_335' title='bbox 1270 3071 1543 3127; x_wconf 90' lang='lat' dir='ltr'><strong>nusquam</strong></span> <span class='ocrx_word' id='word_1_336' title='bbox 1593 3056 1921 3113; x_wconf 91' lang='lat' dir='ltr'><strong>invenirent.</strong></span> <span class='ocrx_word' id='word_1_337' title='bbox 1971 3056 2105 3124; x_wconf 74' lang='lat' dir='ltr'><strong>Qua:</strong></span> 
     </span>
    </p>
   </div>
   <div class='ocr_carea' id='block_1_46' title="bbox 509 3139 2102 3217">
    <p class='ocr_par' dir='ltr' id='par_1_46' title="bbox 509 3139 2102 3217">
     <span class='ocr_line' id='line_1_46' title="bbox 509 3139 2102 3217; baseline 0.006 -21"><span class='ocrx_word' id='word_1_338' title='bbox 509 3139 707 3198; x_wconf 87' lang='lat' dir='ltr'><strong>divisio</strong></span> <span class='ocrx_word' id='word_1_339' title='bbox 735 3143 899 3199; x_wconf 88' lang='lat' dir='ltr'><strong>stulta</strong></span> <span class='ocrx_word' id='word_1_340' title='bbox 925 3143 1046 3212; x_wconf 90' lang='lat' dir='ltr'><strong>fuit,</strong></span> <span class='ocrx_word' id='word_1_341' title='bbox 1080 3147 1208 3217; x_wconf 88' lang='lat' dir='ltr'><strong>quia</strong></span> <span class='ocrx_word' id='word_1_342' title='bbox 1250 3166 1268 3200; x_wconf 80' lang='grc' dir='ltr'>ι</span> <span class='ocrx_word' id='word_1_343' title='bbox 1303 3147 1531 3204; x_wconf 90' lang='lat' dir='ltr'><strong>stultitia</strong></span> <span class='ocrx_word' id='word_1_344' title='bbox 1559 3147 1612 3203; x_wconf 94' lang='lat' dir='ltr'><strong>in</strong></span> <span class='ocrx_word' id='word_1_345' title='bbox 1640 3150 1898 3206; x_wconf 87' lang='lat' dir='ltr'><strong>cordibus</strong></span> <span class='ocrx_word' id='word_1_346' title='bbox 1921 3150 2102 3206; x_wconf 89' lang='lat' dir='ltr'><strong>incre-</strong></span> 
     </span>
    </p>
   </div>
   <div class='ocr_carea' id='block_1_47' title="bbox 509 3216 2170 3313">
    <p class='ocr_par' dir='ltr' id='par_1_47' title="bbox 509 3216 2170 3313">
     <span class='ocr_line' id='line_1_47' title="bbox 509 3216 2170 3313; baseline 0.007 -25"><span class='ocrx_word' id='word_1_347' title='bbox 509 3229 781 3290; x_wconf 67' lang='lat' dir='ltr'><strong>dtiiorum‘</strong></span> <span class='ocrx_word' id='word_1_348' title='bbox 799 3251 1013 3308; x_wconf 89' lang='lat' dir='ltr'><strong>semper</strong></span> <span class='ocrx_word' id='word_1_349' title='bbox 1042 3239 1358 3310; x_wconf 85' lang='lat' dir='ltr'><strong>requiescit.</strong></span> <span class='ocrx_word' id='word_1_350' title='bbox 1395 3259 1414 3292; x_wconf 85' lang='grc'><strong>›</strong></span> <span class='ocrx_word' id='word_1_351' title='bbox 1441 3239 1576 3312; x_wconf 86' lang='lat' dir='ltr'><strong>Nam</strong></span> <span class='ocrx_word' id='word_1_352' title='bbox 1601 3250 1847 3313; x_wconf 64' lang='lat' dir='ltr'><strong>utrmque</strong></span> <span class='ocrx_word' id='word_1_353' title='bbox 1868 3232 2015 3299; x_wconf 82' lang='lat' dir='ltr'><strong>acies</strong></span> <span class='ocrx_word' id='word_1_354' title='bbox 2041 3252 2102 3299; x_wconf 90' lang='lat' dir='ltr'><strong>ut</strong></span> <span class='ocrx_word' id='word_1_355' title='bbox 2129 3216 2170 3274; x_wconf 76' lang='lat' dir='ltr'>c</span> 
     </span>
    </p>
   </div>
   <div class='ocr_carea' id='block_1_48' title="bbox 510 3323 2101 3399">
    <p class='ocr_par' dir='ltr' id='par_1_48' title="bbox 510 3323 2101 3399">
     <span class='ocr_line' id='line_1_48' title="bbox 510 3323 2101 3399; baseline 0.005 -18"><span class='ocrx_word' id='word_1_356' title='bbox 510 3336 637 3381; x_wconf 67' lang='lat' dir='ltr'><strong>sese</strong></span> <span class='ocrx_word' id='word_1_357' title='bbox 663 3323 894 3382; x_wconf 90' lang='lat' dir='ltr'><strong>invicem</strong></span> <span class='ocrx_word' id='word_1_358' title='bbox 925 3338 1286 3399; x_wconf 84' lang='lat' dir='ltr'><strong>aspexcrunt,</strong></span> <span class='ocrx_word' id='word_1_359' title='bbox 1324 3329 1705 3387; x_wconf 89' lang='lat' dir='ltr'><strong>incunctanter</strong></span> <span class='ocrx_word' id='word_1_360' title='bbox 1733 3333 1901 3389; x_wconf 90' lang='lat' dir='ltr'><strong>altera</strong></span> <span class='ocrx_word' id='word_1_361' title='bbox 1930 3335 1985 3388; x_wconf 91' lang='lat' dir='ltr'><strong>in</strong></span> <span class='ocrx_word' id='word_1_362' title='bbox 2017 3334 2101 3388; x_wconf 88' lang='lat' dir='ltr'><strong>al-</strong></span> 
     </span>
    </p>
   </div>
   <div class='ocr_carea' id='block_1_49' title="bbox 518 3417 2101 3491">
    <p class='ocr_par' dir='ltr' id='par_1_49' title="bbox 518 3417 2101 3491">
     <span class='ocr_line' id='line_1_49' title="bbox 518 3417 2101 3491; baseline 0.008 -21"><span class='ocrx_word' id='word_1_363' title='bbox 518 3430 685 3471; x_wconf 54' lang='lat' dir='ltr'><strong>teram</strong></span> <span class='ocrx_word' id='word_1_364' title='bbox 726 3417 921 3486; x_wconf 89' lang='lat' dir='ltr'><strong>irruit,</strong></span> <span class='ocrx_word' id='word_1_365' title='bbox 949 3419 1078 3490; x_wconf 88' lang='lat' dir='ltr'><strong>quia</strong></span> <span class='ocrx_word' id='word_1_366' title='bbox 1117 3419 1206 3475; x_wconf 94' lang='lat' dir='ltr'><strong>illa</strong></span> <span class='ocrx_word' id='word_1_367' title='bbox 1245 3421 1300 3476; x_wconf 89' lang='lat' dir='ltr'><strong>in</strong></span> <span class='ocrx_word' id='word_1_368' title='bbox 1348 3437 1448 3478; x_wconf 91' lang='lat' dir='ltr'><strong>sua</strong></span> <span class='ocrx_word' id='word_1_369' title='bbox 1486 3423 1866 3491; x_wconf 90' lang='lat' dir='ltr'><strong>multitudine,</strong></span> <span class='ocrx_word' id='word_1_370' title='bbox 1897 3425 1998 3482; x_wconf 87' lang='lat' dir='ltr'><strong>ista</strong></span> <span class='ocrx_word' id='word_1_371' title='bbox 2045 3427 2101 3482; x_wconf 92' lang='lat' dir='ltr'><strong>in</strong></span> 
     </span>
    </p>
   </div>
   <div class='ocr_carea' id='block_1_50' title="bbox 513 3504 2100 3582">
    <p class='ocr_par' dir='ltr' id='par_1_50' title="bbox 513 3504 2100 3582">
     <span class='ocr_line' id='line_1_50' title="bbox 513 3504 2100 3582; baseline 0.008 -20"><span class='ocrx_word' id='word_1_372' title='bbox 513 3504 611 3563; x_wconf 86' lang='lat' dir='ltr'><strong>Dei</strong></span> <span class='ocrx_word' id='word_1_373' title='bbox 659 3509 1052 3582; x_wconf 89' lang='lat' dir='ltr'><strong>omnipotentia</strong></span> <span class='ocrx_word' id='word_1_374' title='bbox 1109 3513 1364 3582; x_wconf 86' lang='lat' dir='ltr'><strong>confidit,</strong></span> <span class='ocrx_word' id='word_1_375' title='bbox 1417 3523 1472 3570; x_wconf 91' lang='lat' dir='ltr'><strong>et</strong></span> <span class='ocrx_word' id='word_1_376' title='bbox 1522 3514 1646 3572; x_wconf 89' lang='lat' dir='ltr'><strong>ideo</strong></span> <span class='ocrx_word' id='word_1_377' title='bbox 1697 3527 1926 3574; x_wconf 90' lang='lat' dir='ltr'><strong>eventus</strong></span> <span class='ocrx_word' id='word_1_378' title='bbox 1973 3519 2100 3575; x_wconf 90' lang='lat' dir='ltr'><strong>belli</strong></span> 
     </span>
    </p>
   </div>
   <div class='ocr_carea' id='block_1_51' title="bbox 511 3600 2103 3680">
    <p class='ocr_par' dir='ltr' id='par_1_51' title="bbox 511 3600 2103 3680">
     <span class='ocr_line' id='line_1_51' title="bbox 511 3600 2103 3680; baseline 0.007 -23"><span class='ocrx_word' id='word_1_379' title='bbox 511 3600 800 3658; x_wconf 86' lang='lat' dir='ltr'><strong>dissimilis</strong></span> <span class='ocrx_word' id='word_1_380' title='bbox 858 3603 980 3660; x_wconf 90' lang='lat' dir='ltr'><strong>fuit.</strong></span> <span class='ocrx_word' id='word_1_381' title='bbox 1043 3604 1240 3662; x_wconf 83' lang='lat' dir='ltr'><strong>Milites</strong></span> <span class='ocrx_word' id='word_1_382' title='bbox 1299 3608 1497 3662; x_wconf 86' lang='lat' dir='ltr'><strong>armati</strong></span> <span class='ocrx_word' id='word_1_383' title='bbox 1555 3618 1826 3680; x_wconf 89' lang='lat' dir='ltr'><strong>quotquot</strong></span> <span class='ocrx_word' id='word_1_384' title='bbox 1890 3611 1946 3666; x_wconf 92' lang='lat' dir='ltr'><strong>in</strong></span> <span class='ocrx_word' id='word_1_385' title='bbox 2007 3627 2103 3669; x_wconf 93' lang='lat' dir='ltr'><strong>oc-</strong></span> 
     </span>
    </p>
   </div>
   <div class='ocr_carea' id='block_1_52' title="bbox 509 3696 2103 3773">
    <p class='ocr_par' dir='ltr' id='par_1_52' title="bbox 509 3696 2103 3773">
     <span class='ocr_line' id='line_1_52' title="bbox 509 3696 2103 3773; baseline 0.004 -22"><span class='ocrx_word' id='word_1_386' title='bbox 509 3709 739 3751; x_wconf 87' lang='lat' dir='ltr'><strong>cursum</strong></span> <span class='ocrx_word' id='word_1_387' title='bbox 768 3696 855 3752; x_wconf 87' lang='lat' dir='ltr'><strong>sui</strong></span> <span class='ocrx_word' id='word_1_388' title='bbox 884 3709 1172 3767; x_wconf 89' lang='lat' dir='ltr'><strong>venerunt,</strong></span> <span class='ocrx_word' id='word_1_389' title='bbox 1204 3707 1264 3755; x_wconf 88' lang='lat' dir='ltr'><strong>ut</strong></span> <span class='ocrx_word' id='word_1_390' title='bbox 1297 3697 1528 3756; x_wconf 88' lang='lat' dir='ltr'><strong>falcator</strong></span> <span class='ocrx_word' id='word_1_391' title='bbox 1556 3717 1817 3771; x_wconf 89' lang='lat' dir='ltr'><strong>messem,</strong></span> <span class='ocrx_word' id='word_1_392' title='bbox 1859 3712 2103 3773; x_wconf 84' lang='lat' dir='ltr'><strong>prostra-</strong></span> 
     </span>
    </p>
   </div>
   <div class='ocr_carea' id='block_1_53' title="bbox 511 3788 2098 3863">
    <p class='ocr_par' dir='ltr' id='par_1_53' title="bbox 511 3788 2098 3863">
     <span class='ocr_line' id='line_1_53' title="bbox 511 3788 2098 3863; baseline 0.008 -23"><span class='ocrx_word' id='word_1_393' title='bbox 511 3795 730 3842; x_wconf 89' lang='lat' dir='ltr'><strong>verunt.</strong></span> <span class='ocrx_word' id='word_1_394' title='bbox 767 3788 873 3844; x_wconf 84' lang='lat' dir='ltr'><strong>Sed</strong></span> <span class='ocrx_word' id='word_1_395' title='bbox 897 3805 1023 3846; x_wconf 89' lang='lat' dir='ltr'><strong>cum</strong></span> <span class='ocrx_word' id='word_1_396' title='bbox 1055 3790 1110 3846; x_wconf 92' lang='lat' dir='ltr'><strong>in</strong></span> <span class='ocrx_word' id='word_1_397' title='bbox 1138 3807 1332 3863; x_wconf 86' lang='lat' dir='ltr'><strong>gyrum</strong></span> <span class='ocrx_word' id='word_1_398' title='bbox 1357 3793 1556 3848; x_wconf 87' lang='lat' dir='ltr'><strong>reverti</strong></span> <span class='ocrx_word' id='word_1_399' title='bbox 1585 3792 1753 3852; x_wconf 86' lang='lat' dir='ltr'><strong>frenis</strong></span> <span class='ocrx_word' id='word_1_400' title='bbox 1787 3796 2098 3863; x_wconf 89' lang='lat' dir='ltr'><strong>voluerunt,</strong></span> 
     </span>
    </p>
   </div>
   <div class='ocr_carea' id='block_1_54' title="bbox 512 3880 2102 3958">
    <p class='ocr_par' dir='ltr' id='par_1_54' title="bbox 512 3880 2102 3958">
     <span class='ocr_line' id='line_1_54' title="bbox 512 3880 2102 3958; baseline 0.007 -25"><span class='ocrx_word' id='word_1_401' title='bbox 512 3893 654 3949; x_wconf 85' lang='lat' dir='ltr'><strong>quos</strong></span> <span class='ocrx_word' id='word_1_402' title='bbox 680 3880 879 3936; x_wconf 88' lang='lat' dir='ltr'><strong>iterum</strong></span> <span class='ocrx_word' id='word_1_403' title='bbox 917 3892 1264 3953; x_wconf 88' lang='lat' dir='ltr'><strong>percuterent</strong></span> <span class='ocrx_word' id='word_1_404' title='bbox 1288 3885 1395 3940; x_wconf 90' lang='lat' dir='ltr'><strong>nisi</strong></span> <span class='ocrx_word' id='word_1_405' title='bbox 1430 3885 1701 3958; x_wconf 83' lang='lat' dir='ltr'><strong>fugientes</strong></span> <span class='ocrx_word' id='word_1_406' title='bbox 1737 3904 1845 3943; x_wconf 91' lang='lat' dir='ltr'><strong>non</strong></span> <span class='ocrx_word' id='word_1_407' title='bbox 1880 3889 2102 3944; x_wconf 88' lang='lat' dir='ltr'><strong>invene-</strong></span> 
     </span>
    </p>
   </div>
   <div class='ocr_carea' id='block_1_55' title="bbox 463 3970 2102 4053">
    <p class='ocr_par' dir='ltr' id='par_1_55' title="bbox 463 3970 2102 4053">
     <span class='ocr_line' id='line_1_55' title="bbox 463 3970 2102 4053; baseline 0.008 -28"><span class='ocrx_word' id='word_1_408' title='bbox 463 3970 470 3977; x_wconf 88' lang='grc'><em>’</em></span> <span class='ocrx_word' id='word_1_409' title='bbox 512 3979 666 4028; x_wconf 86' lang='lat' dir='ltr'><strong>runt.</strong></span> <span class='ocrx_word' id='word_1_410' title='bbox 698 3972 803 4040; x_wconf 87' lang='lat' dir='ltr'><strong>Qui</strong></span> <span class='ocrx_word' id='word_1_411' title='bbox 825 3990 957 4032; x_wconf 89' lang='lat' dir='ltr'><strong>vero</strong></span> <span class='ocrx_word' id='word_1_412' title='bbox 998 3975 1053 4031; x_wconf 90' lang='lat' dir='ltr'><strong>in</strong></span> <span class='ocrx_word' id='word_1_413' title='bbox 1096 3977 1354 4034; x_wconf 90' lang='lat' dir='ltr'><strong>manibus</strong></span> <span class='ocrx_word' id='word_1_414' title='bbox 1384 3989 1698 4036; x_wconf 90' lang='lat' dir='ltr'><strong>nostrorum</strong></span> <span class='ocrx_word' id='word_1_415' title='bbox 1727 3982 1970 4053; x_wconf 88' lang='lat' dir='ltr'><strong>peditum</strong></span> <span class='ocrx_word' id='word_1_416' title='bbox 2006 3983 2102 4038; x_wconf 90' lang='lat' dir='ltr'><strong>de-</strong></span> 
     </span>
    </p>
   </div>
   <div class='ocr_carea' id='block_1_56' title="bbox 513 4069 2098 4145">
    <p class='ocr_par' dir='ltr' id='par_1_56' title="bbox 513 4069 2098 4145">
     <span class='ocr_line' id='line_1_56' title="bbox 513 4069 2098 4145; baseline 0.006 -25"><span class='ocrx_word' id='word_1_417' title='bbox 513 4076 806 4139; x_wconf 86' lang='lat' dir='ltr'><strong>venerunt,</strong></span> <span class='ocrx_word' id='word_1_418' title='bbox 889 4069 943 4125; x_wconf 92' lang='lat' dir='ltr'><strong>in</strong></span> <span class='ocrx_word' id='word_1_419' title='bbox 1010 4071 1249 4127; x_wconf 90' lang='lat' dir='ltr'><strong>immane</strong></span> <span class='ocrx_word' id='word_1_420' title='bbox 1319 4074 1678 4145; x_wconf 71' lang='lat' dir='ltr'><strong>praecipitium</strong></span> <span class='ocrx_word' id='word_1_421' title='bbox 1753 4084 2098 4130; x_wconf 89' lang='lat' dir='ltr'><strong>corruerunt.</strong></span> 
     </span>
    </p>
   </div>
   <div class='ocr_carea' id='block_1_57' title="bbox 519 4155 2098 4238">
    <p class='ocr_par' dir='ltr' id='par_1_57' title="bbox 519 4155 2098 4238">
     <span class='ocr_line' id='line_1_57' title="bbox 519 4155 2098 4238; baseline 0.006 -26"><span class='ocrx_word' id='word_1_422' title='bbox 519 4155 714 4213; x_wconf 86' lang='lat' dir='ltr'><strong>Sciunt</strong></span> <span class='ocrx_word' id='word_1_423' title='bbox 747 4158 892 4216; x_wconf 91' lang='lat' dir='ltr'><strong>enim</strong></span> <span class='ocrx_word' id='word_1_424' title='bbox 917 4161 1119 4232; x_wconf 90' lang='lat' dir='ltr'><strong>quibus</strong></span> <span class='ocrx_word' id='word_1_425' title='bbox 1142 4163 1282 4220; x_wconf 88' lang='lat' dir='ltr'><strong>bella</strong></span> <span class='ocrx_word' id='word_1_426' title='bbox 1306 4176 1434 4220; x_wconf 89' lang='lat' dir='ltr'><strong>nota</strong></span> <span class='ocrx_word' id='word_1_427' title='bbox 1464 4174 1612 4233; x_wconf 89' lang='lat' dir='ltr'><strong>sunt,</strong></span> <span class='ocrx_word' id='word_1_428' title='bbox 1643 4166 1772 4238; x_wconf 92' lang='lat' dir='ltr'><strong>quia</strong></span> <span class='ocrx_word' id='word_1_429' title='bbox 1808 4186 1828 4218; x_wconf 87' lang='grc'><em>‹</em></span> <span class='ocrx_word' id='word_1_430' title='bbox 1864 4167 2098 4237; x_wconf 88' lang='lat' dir='ltr'><strong>graviori</strong></span> 
     </span>
    </p>
   </div>
   <div class='ocr_carea' id='block_1_58' title="bbox 512 4248 2104 4328">
    <p class='ocr_par' dir='ltr' id='par_1_58' title="bbox 512 4248 2104 4328">
     <span class='ocr_line' id='line_1_58' title="bbox 512 4248 2104 4328; baseline 0.007 -24"><span class='ocrx_word' id='word_1_431' title='bbox 512 4248 792 4305; x_wconf 86' lang='lat' dir='ltr'><strong>attritione</strong></span> <span class='ocrx_word' id='word_1_432' title='bbox 828 4254 1036 4322; x_wconf 87' lang='lat' dir='ltr'><strong>pedites</strong></span> <span class='ocrx_word' id='word_1_433' title='bbox 1065 4271 1230 4325; x_wconf 89' lang='lat' dir='ltr'><strong>quam</strong></span> <span class='ocrx_word' id='word_1_434' title='bbox 1275 4258 1485 4328; x_wconf 90' lang='lat' dir='ltr'><strong>equites</strong></span> <span class='ocrx_word' id='word_1_435' title='bbox 1525 4257 1877 4313; x_wconf 83' lang='lat' dir='ltr'><strong>interficiunt.</strong></span> <span class='ocrx_word' id='word_1_436' title='bbox 1916 4279 1934 4310; x_wconf 72' lang='grc' dir='ltr'><strong><em>ι</em></strong></span> <span class='ocrx_word' id='word_1_437' title='bbox 1961 4258 2104 4315; x_wconf 82' lang='lat' dir='ltr'><strong>Alte-</strong></span> 
     </span>
    </p>
   </div>
   <div class='ocr_carea' id='block_1_59' title="bbox 512 4347 2104 4418">
    <p class='ocr_par' dir='ltr' id='par_1_59' title="bbox 512 4347 2104 4418">
     <span class='ocr_line' id='line_1_59' title="bbox 512 4347 2104 4418; baseline 0.007 -23"><span class='ocrx_word' id='word_1_438' title='bbox 512 4355 576 4396; x_wconf 89' lang='lat' dir='ltr'><strong>ra</strong></span> <span class='ocrx_word' id='word_1_439' title='bbox 597 4357 727 4398; x_wconf 90' lang='lat' dir='ltr'><strong>vero</strong></span> <span class='ocrx_word' id='word_1_440' title='bbox 761 4347 910 4400; x_wconf 83' lang='lat' dir='ltr'><strong>acies</strong></span> <span class='ocrx_word' id='word_1_441' title='bbox 944 4363 1067 4418; x_wconf 69' lang='lat' dir='ltr'><strong>quae</strong></span> <span class='ocrx_word' id='word_1_442' title='bbox 1101 4364 1159 4404; x_wconf 91' lang='lat' dir='ltr'><strong>se</strong></span> <span class='ocrx_word' id='word_1_443' title='bbox 1193 4348 1262 4404; x_wconf 88' lang='lat' dir='ltr'><strong>ab</strong></span> <span class='ocrx_word' id='word_1_444' title='bbox 1300 4349 1468 4404; x_wconf 85' lang='lat' dir='ltr'><strong>altera</strong></span> <span class='ocrx_word' id='word_1_445' title='bbox 1510 4357 1882 4418; x_wconf 89' lang='lat' dir='ltr'><strong>separaverat,</strong></span> <span class='ocrx_word' id='word_1_446' title='bbox 1915 4358 1975 4404; x_wconf 92' lang='lat' dir='ltr'><strong>ut</strong></span> <span class='ocrx_word' id='word_1_447' title='bbox 2003 4366 2104 4406; x_wconf 89' lang='lat' dir='ltr'><strong>no-</strong></span> 
     </span>
    </p>
   </div>
   <div class='ocr_carea' id='block_1_60' title="bbox 510 4435 2100 4512">
    <p class='ocr_par' dir='ltr' id='par_1_60' title="bbox 510 4435 2100 4512">
     <span class='ocr_line' id='line_1_60' title="bbox 510 4435 2100 4512; baseline 0.005 -23"><span class='ocrx_word' id='word_1_448' title='bbox 510 4441 660 4493; x_wconf 81' lang='lat' dir='ltr'><strong>stros</strong></span> <span class='ocrx_word' id='word_1_449' title='bbox 697 4435 1151 4507; x_wconf 79' lang='lat' dir='ltr'><strong>circumveniret,</strong></span> <span class='ocrx_word' id='word_1_450' title='bbox 1207 4446 1269 4495; x_wconf 89' lang='lat' dir='ltr'><strong>ut</strong></span> <span class='ocrx_word' id='word_1_451' title='bbox 1313 4441 1519 4496; x_wconf 89' lang='lat' dir='ltr'><strong>audivit</strong></span> <span class='ocrx_word' id='word_1_452' title='bbox 1558 4456 1719 4496; x_wconf 81' lang='lat' dir='ltr'><strong>voces</strong></span> <span class='ocrx_word' id='word_1_453' title='bbox 1761 4441 2100 4512; x_wconf 88' lang='lat' dir='ltr'><strong>bellantium,</strong></span> 
     </span>
    </p>
   </div>
   <div class='ocr_carea' id='block_1_61' title="bbox 510 4526 2179 4623">
    <p class='ocr_par' dir='ltr' id='par_1_61' title="bbox 510 4526 2179 4623">
     <span class='ocr_line' id='line_1_61' title="bbox 510 4526 2179 4623; baseline 0.005 -42"><span class='ocrx_word' id='word_1_454' title='bbox 510 4526 863 4600; x_wconf 84' lang='lat' dir='ltr'><strong>sonitumque</strong></span> <span class='ocrx_word' id='word_1_455' title='bbox 903 4529 1369 4603; x_wconf 90' lang='lat' dir='ltr'><strong>confringcntium</strong></span> <span class='ocrx_word' id='word_1_456' title='bbox 1410 4547 1712 4600; x_wconf 85' lang='lat' dir='ltr'><strong>armorum,</strong></span> <span class='ocrx_word' id='word_1_457' title='bbox 1757 4533 1955 4589; x_wconf 81' lang='lat' dir='ltr'><strong>laxatis</strong></span> <span class='ocrx_word' id='word_1_458' title='bbox 1999 4534 2099 4589; x_wconf 87' lang='lat' dir='ltr'><strong>ha-</strong></span> <span class='ocrx_word' id='word_1_459' title='bbox 2128 4564 2179 4623; x_wconf 74' lang='grc' dir='ltr'><strong>ο</strong></span> 
     </span>
    </p>
   </div>
   <div class='ocr_carea' id='block_1_62' title="bbox 510 4617 2099 4701">
    <p class='ocr_par' dir='ltr' id='par_1_62' title="bbox 510 4617 2099 4701">
     <span class='ocr_line' id='line_1_62' title="bbox 510 4617 2099 4701; baseline 0.006 -27"><span class='ocrx_word' id='word_1_460' title='bbox 510 4617 669 4677; x_wconf 90' lang='lat' dir='ltr'><strong>benis</strong></span> <span class='ocrx_word' id='word_1_461' title='bbox 696 4624 1020 4680; x_wconf 85' lang='lat' dir='ltr'><strong>accurrebat</strong></span> <span class='ocrx_word' id='word_1_462' title='bbox 1048 4624 1182 4701; x_wconf 87' lang='lat' dir='ltr'><strong>suis</strong></span> <span class='ocrx_word' id='word_1_463' title='bbox 1211 4625 1269 4700; x_wconf 13' lang='lat' dir='ltr'><strong>in.</strong></span> <span class='ocrx_word' id='word_1_464' title='bbox 1304 4623 1590 4680; x_wconf 82' lang='lat' dir='ltr'><strong>auxilium.</strong></span> <span class='ocrx_word' id='word_1_465' title='bbox 1631 4623 1737 4681; x_wconf 89' lang='lat' dir='ltr'><strong>Sed</strong></span> <span class='ocrx_word' id='word_1_466' title='bbox 1777 4634 1839 4680; x_wconf 93' lang='lat' dir='ltr'><strong>ut</strong></span> <span class='ocrx_word' id='word_1_467' title='bbox 1867 4627 2099 4683; x_wconf 89' lang='lat' dir='ltr'><strong>miseros</strong></span> 
     </span>
    </p>
   </div>
   <div class='ocr_carea' id='block_1_63' title="bbox 507 4703 2112 4791">
    <p class='ocr_par' dir='ltr' id='par_1_63' title="bbox 507 4703 2112 4791">
     <span class='ocr_line' id='line_1_63' title="bbox 507 4703 2112 4791; baseline 0.005 -24"><span class='ocrx_word' id='word_1_468' title='bbox 507 4708 728 4770; x_wconf 69' lang='lat' dir='ltr'><strong>illorum</strong></span> <span class='ocrx_word' id='word_1_469' title='bbox 771 4703 934 4772; x_wconf 87' lang='lat' dir='ltr'><strong>casus</strong></span> <span class='ocrx_word' id='word_1_470' title='bbox 983 4717 1223 4788; x_wconf 83' lang='lat' dir='ltr'><strong>agnovit,</strong></span> <span class='ocrx_word' id='word_1_471' title='bbox 1270 4715 1650 4788; x_wconf 84' lang='lat' dir='ltr'><strong>fugientesque</strong></span> <span class='ocrx_word' id='word_1_472' title='bbox 1689 4719 2112 4791; x_wconf 81' lang='lat' dir='ltr'><strong>circumspexit,</strong></span> 
     </span>
    </p>
   </div>
   <div class='ocr_carea' id='block_1_64' title="bbox 509 4804 2098 4884">
    <p class='ocr_par' dir='ltr' id='par_1_64' title="bbox 509 4804 2098 4884">
     <span class='ocr_line' id='line_1_64' title="bbox 509 4804 2098 4884; baseline 0.005 -24"><span class='ocrx_word' id='word_1_473' title='bbox 509 4804 674 4860; x_wconf 86' lang='lat' dir='ltr'><strong>timor</strong></span> <span class='ocrx_word' id='word_1_474' title='bbox 713 4806 769 4861; x_wconf 91' lang='lat' dir='ltr'><strong>in</strong></span> <span class='ocrx_word' id='word_1_475' title='bbox 805 4807 927 4864; x_wconf 91' lang='lat' dir='ltr'><strong>illos</strong></span> <span class='ocrx_word' id='word_1_476' title='bbox 967 4807 1484 4864; x_wconf 86' lang='lat' dir='ltr'><strong>vehementissimus</strong></span> <span class='ocrx_word' id='word_1_477' title='bbox 1527 4809 1705 4879; x_wconf 87' lang='lat' dir='ltr'><strong>irruit,</strong></span> <span class='ocrx_word' id='word_1_478' title='bbox 1746 4809 2098 4884; x_wconf 86' lang='lat' dir='ltr'><strong>fugiendique</strong></span> 
     </span>
    </p>
   </div>
   <div class='ocr_carea' id='block_1_65' title="bbox 509 4897 2094 4978">
    <p class='ocr_par' dir='ltr' id='par_1_65' title="bbox 509 4897 2094 4978">
     <span class='ocr_line' id='line_1_65' title="bbox 509 4897 2094 4978; baseline 0.006 -27"><span class='ocrx_word' id='word_1_479' title='bbox 509 4897 744 4953; x_wconf 88' lang='lat' dir='ltr'><strong>contulit</strong></span> <span class='ocrx_word' id='word_1_480' title='bbox 772 4900 1111 4978; x_wconf 89' lang='lat' dir='ltr'><strong>societatem.</strong></span> <span class='ocrx_word' id='word_1_481' title='bbox 1139 4898 1244 4955; x_wconf 89' lang='lat' dir='ltr'><strong>Sed</strong></span> <span class='ocrx_word' id='word_1_482' title='bbox 1281 4900 1412 4970; x_wconf 91' lang='lat' dir='ltr'><strong>quid</strong></span> <span class='ocrx_word' id='word_1_483' title='bbox 1443 4901 1589 4957; x_wconf 88' lang='lat' dir='ltr'><strong>aliud</strong></span> <span class='ocrx_word' id='word_1_484' title='bbox 1623 4904 1796 4959; x_wconf 89' lang='lat' dir='ltr'><strong>nostri</strong></span> <span class='ocrx_word' id='word_1_485' title='bbox 1831 4904 2094 4973; x_wconf 85' lang='lat' dir='ltr'><strong>facerent,</strong></span> 
     </span>
    </p>
   </div>
   <div class='ocr_carea' id='block_1_66' title="bbox 509 4989 2096 5067">
    <p class='ocr_par' dir='ltr' id='par_1_66' title="bbox 509 4989 2096 5067">
     <span class='ocr_line' id='line_1_66' title="bbox 509 4989 2096 5067; baseline 0.005 -24"><span class='ocrx_word' id='word_1_486' title='bbox 509 4989 620 5045; x_wconf 88' lang='lat' dir='ltr'><strong>nisi</strong></span> <span class='ocrx_word' id='word_1_487' title='bbox 648 4999 709 5046; x_wconf 91' lang='lat' dir='ltr'><strong>ut</strong></span> <span class='ocrx_word' id='word_1_488' title='bbox 732 4991 1232 5062; x_wconf 86' lang='lat' dir='ltr'><strong>persequerentur?</strong></span> <span class='ocrx_word' id='word_1_489' title='bbox 1258 4989 1417 5060; x_wconf 79' lang='lat' dir='ltr'><strong>Nam,</strong></span> <span class='ocrx_word' id='word_1_490' title='bbox 1456 4993 1600 5048; x_wconf 90' lang='lat' dir='ltr'><strong>sicut</strong></span> <span class='ocrx_word' id='word_1_491' title='bbox 1631 4995 1687 5049; x_wconf 92' lang='lat' dir='ltr'><strong>in</strong></span> <span class='ocrx_word' id='word_1_492' title='bbox 1724 4997 1934 5067; x_wconf 85' lang='lat' dir='ltr'><strong>vulgari</strong></span> <span class='ocrx_word' id='word_1_493' title='bbox 1967 5011 2096 5066; x_wconf 89' lang='lat' dir='ltr'><strong>pro-</strong></span> 
     </span>
    </p>
   </div>
   <div class='ocr_carea' id='block_1_67' title="bbox 509 5082 2099 5161">
    <p class='ocr_par' dir='ltr' id='par_1_67' title="bbox 509 5082 2099 5161">
     <span class='ocr_line' id='line_1_67' title="bbox 509 5082 2099 5161; baseline 0.004 -24"><span class='ocrx_word' id='word_1_494' title='bbox 509 5083 700 5138; x_wconf 85' lang='lat' dir='ltr'><strong>verbio</strong></span> <span class='ocrx_word' id='word_1_495' title='bbox 726 5084 927 5139; x_wconf 89' lang='lat' dir='ltr'><strong>dicitur</strong></span> <span class='ocrx_word' id='word_1_496' title='bbox 956 5099 969 5136; x_wconf 91' lang='lat'><strong>:</strong></span> <span class='ocrx_word' id='word_1_497' title='bbox 1002 5103 1022 5135; x_wconf 76' lang='lat' dir='ltr'><strong>t</strong></span> <span class='ocrx_word' id='word_1_498' title='bbox 1062 5082 1120 5138; x_wconf 92' lang='lat' dir='ltr'><strong>Si</strong></span> <span class='ocrx_word' id='word_1_499' title='bbox 1148 5091 1233 5140; x_wconf 90' lang='lat' dir='ltr'><strong>est</strong></span> <span class='ocrx_word' id='word_1_500' title='bbox 1267 5084 1372 5161; x_wconf 21' lang='lat' dir='ltr'><strong>[qui</strong></span> <span class='ocrx_word' id='word_1_501' title='bbox 1428 5083 1619 5156; x_wconf 84' lang='lat' dir='ltr'><strong>fugiat,</strong></span> <span class='ocrx_word' id='word_1_502' title='bbox 1649 5102 1759 5142; x_wconf 90' lang='lat' dir='ltr'><strong>non</strong></span> <span class='ocrx_word' id='word_1_503' title='bbox 1807 5089 1978 5144; x_wconf 89' lang='lat' dir='ltr'><strong>deerit</strong></span> <span class='ocrx_word' id='word_1_504' title='bbox 2003 5091 2099 5160; x_wconf 91' lang='lat' dir='ltr'><strong>qui</strong></span> 
     </span>
    </p>
   </div>
   <div class='ocr_carea' id='block_1_68' title="bbox 507 5167 2098 5251">
    <p class='ocr_par' dir='ltr' id='par_1_68' title="bbox 507 5167 2098 5251">
     <span class='ocr_line' id='line_1_68' title="bbox 507 5167 2098 5251; baseline 0.005 -25"><span class='ocrx_word' id='word_1_505' title='bbox 507 5181 900 5243; x_wconf 85' lang='lat' dir='ltr'><strong>persequatur;</strong></span> <span class='ocrx_word' id='word_1_506' title='bbox 934 5192 953 5224; x_wconf 78' lang='grc' dir='ltr'><strong><em>ι</em></strong></span> <span class='ocrx_word' id='word_1_507' title='bbox 977 5173 1093 5242; x_wconf 85' lang='lat' dir='ltr'><strong>jam</strong></span> <span class='ocrx_word' id='word_1_508' title='bbox 1129 5189 1322 5230; x_wconf 91' lang='lat' dir='ltr'><strong>omnes</strong></span> <span class='ocrx_word' id='word_1_509' title='bbox 1349 5167 1523 5231; x_wconf 89' lang='lat' dir='ltr'><strong>nostri</strong></span> <span class='ocrx_word' id='word_1_510' title='bbox 1565 5192 1660 5251; x_wconf 87' lang='lat' dir='ltr'><strong>eos</strong></span> <span class='ocrx_word' id='word_1_511' title='bbox 1690 5179 2098 5248; x_wconf 85' lang='lat' dir='ltr'><strong>persequeban-</strong></span> 
     </span>
    </p>
   </div>
   <div class='ocr_carea' id='block_1_69' title="bbox 511 5263 2102 5341">
    <p class='ocr_par' dir='ltr' id='par_1_69' title="bbox 511 5263 2102 5341">
     <span class='ocr_line' id='line_1_69' title="bbox 511 5263 2102 5341; baseline 0.003 -20"><span class='ocrx_word' id='word_1_512' title='bbox 511 5273 607 5321; x_wconf 87' lang='lat' dir='ltr'><strong>tur</strong></span> <span class='ocrx_word' id='word_1_513' title='bbox 629 5265 892 5335; x_wconf 90' lang='lat' dir='ltr'><strong>quoniam</strong></span> <span class='ocrx_word' id='word_1_514' title='bbox 919 5265 1013 5336; x_wconf 89' lang='lat' dir='ltr'><strong>qui</strong></span> <span class='ocrx_word' id='word_1_515' title='bbox 1042 5266 1249 5336; x_wconf 85' lang='lat' dir='ltr'><strong>pedites</strong></span> <span class='ocrx_word' id='word_1_516' title='bbox 1271 5263 1551 5335; x_wconf 84' lang='lat' dir='ltr'><strong>venerant,</strong></span> <span class='ocrx_word' id='word_1_517' title='bbox 1578 5284 1898 5326; x_wconf 88' lang='lat' dir='ltr'><strong>ascensores</strong></span> <span class='ocrx_word' id='word_1_518' title='bbox 1929 5287 2102 5341; x_wconf 89' lang='lat' dir='ltr'><strong>equo-</strong></span> 
     </span>
    </p>
   </div>
   <div class='ocr_carea' id='block_1_70' title="bbox 513 5355 2098 5434">
    <p class='ocr_par' dir='ltr' id='par_1_70' title="bbox 513 5355 2098 5434">
     <span class='ocr_line' id='line_1_70' title="bbox 513 5355 2098 5434; baseline 0.005 -23"><span class='ocrx_word' id='word_1_519' title='bbox 513 5370 646 5411; x_wconf 74' lang='lat' dir='ltr'><strong>rum</strong></span> <span class='ocrx_word' id='word_1_520' title='bbox 673 5355 1066 5413; x_wconf 76' lang='lat' dir='ltr'><strong>efficiebantur.</strong></span> <span class='ocrx_word' id='word_1_521' title='bbox 1109 5356 1248 5425; x_wconf 86' lang='lat' dir='ltr'><strong>Quid</strong></span> <span class='ocrx_word' id='word_1_522' title='bbox 1283 5359 1479 5430; x_wconf 90' lang='lat' dir='ltr'><strong>plura?</strong></span> <span class='ocrx_word' id='word_1_523' title='bbox 1513 5359 1614 5428; x_wconf 78' lang='lat' dir='ltr'><strong>Qui</strong></span> <span class='ocrx_word' id='word_1_524' title='bbox 1644 5361 1873 5418; x_wconf 86' lang='lat' dir='ltr'><strong>evadere</strong></span> <span class='ocrx_word' id='word_1_525' title='bbox 1899 5363 2098 5434; x_wconf 87' lang='lat' dir='ltr'><strong>potuit,</strong></span> 
     </span>
    </p>
   </div>
   <div class='ocr_carea' id='block_1_71' title="bbox 511 5445 2100 5524">
    <p class='ocr_par' dir='ltr' id='par_1_71' title="bbox 511 5445 2100 5524">
     <span class='ocr_line' id='line_1_71' title="bbox 511 5445 2100 5524; baseline 0.004 -21"><span class='ocrx_word' id='word_1_526' title='bbox 511 5445 675 5503; x_wconf 65' lang='lat' dir='ltr'><strong>laetus</strong></span> <span class='ocrx_word' id='word_1_527' title='bbox 709 5455 764 5502; x_wconf 91' lang='lat' dir='ltr'><strong>et</strong></span> <span class='ocrx_word' id='word_1_528' title='bbox 807 5445 1001 5505; x_wconf 80' lang='lat' dir='ltr'><strong>hilaris</strong></span> <span class='ocrx_word' id='word_1_529' title='bbox 1039 5449 1173 5520; x_wconf 89' lang='lat' dir='ltr'><strong>fuit;</strong></span> <span class='ocrx_word' id='word_1_530' title='bbox 1216 5452 1311 5523; x_wconf 91' lang='lat' dir='ltr'><strong>qui</strong></span> <span class='ocrx_word' id='word_1_531' title='bbox 1339 5467 1470 5508; x_wconf 87' lang='lat' dir='ltr'><strong>vero</strong></span> <span class='ocrx_word' id='word_1_532' title='bbox 1507 5454 1860 5524; x_wconf 87' lang='lat' dir='ltr'><strong>interceptus,</strong></span> <span class='ocrx_word' id='word_1_533' title='bbox 1909 5455 2100 5511; x_wconf 89' lang='lat' dir='ltr'><strong>miser-</strong></span> 
     </span>
    </p>
   </div>
   <div class='ocr_carea' id='block_1_72' title="bbox 512 5538 2098 5618">
    <p class='ocr_par' dir='ltr' id='par_1_72' title="bbox 512 5538 2098 5618">
     <span class='ocr_line' id='line_1_72' title="bbox 512 5538 2098 5618; baseline 0.006 -23"><span class='ocrx_word' id='word_1_534' title='bbox 512 5538 657 5595; x_wconf 78' lang='lat' dir='ltr'><strong>rima</strong></span> <span class='ocrx_word' id='word_1_535' title='bbox 695 5553 828 5594; x_wconf 89' lang='lat' dir='ltr'><strong>nece</strong></span> <span class='ocrx_word' id='word_1_536' title='bbox 861 5540 1135 5598; x_wconf 86' lang='lat' dir='ltr'><strong>occubuit.</strong></span> <span class='ocrx_word' id='word_1_537' title='bbox 1173 5542 1319 5610; x_wconf 91' lang='lat' dir='ltr'><strong>Quot</strong></span> <span class='ocrx_word' id='word_1_538' title='bbox 1351 5544 1494 5600; x_wconf 90' lang='lat' dir='ltr'><strong>asini</strong></span> <span class='ocrx_word' id='word_1_539' title='bbox 1529 5554 1584 5600; x_wconf 93' lang='lat' dir='ltr'><strong>et</strong></span> <span class='ocrx_word' id='word_1_540' title='bbox 1613 5547 1829 5612; x_wconf 90' lang='lat' dir='ltr'><strong>cameli,</strong></span> <span class='ocrx_word' id='word_1_541' title='bbox 1852 5557 2098 5618; x_wconf 87' lang='lat' dir='ltr'><strong>quotque</strong></span> 
     </span>
    </p>
   </div>
   <div class='ocr_carea' id='block_1_73' title="bbox 511 5627 2100 5706">
    <p class='ocr_par' dir='ltr' id='par_1_73' title="bbox 511 5627 2100 5706">
     <span class='ocr_line' id='line_1_73' title="bbox 511 5627 2100 5706; baseline 0.006 -23"><span class='ocrx_word' id='word_1_542' title='bbox 511 5629 765 5704; x_wconf 79' lang='lat' dir='ltr'><strong>jumenta</strong></span> <span class='ocrx_word' id='word_1_543' title='bbox 801 5627 1096 5700; x_wconf 89' lang='lat' dir='ltr'><strong>frumento,</strong></span> <span class='ocrx_word' id='word_1_544' title='bbox 1139 5634 1292 5704; x_wconf 89' lang='lat' dir='ltr'><strong>vino,</strong></span> <span class='ocrx_word' id='word_1_545' title='bbox 1336 5636 1658 5706; x_wconf 85' lang='lat' dir='ltr'><strong>caeterisque</strong></span> <span class='ocrx_word' id='word_1_546' title='bbox 1698 5635 1920 5692; x_wconf 89' lang='lat' dir='ltr'><strong>cibariis</strong></span> <span class='ocrx_word' id='word_1_547' title='bbox 1959 5653 2100 5693; x_wconf 81' lang='lat' dir='ltr'><strong>onu-</strong></span> 
     </span>
    </p>
   </div>
   <div class='ocr_carea' id='block_1_74' title="bbox 517 5720 2097 5798">
    <p class='ocr_par' dir='ltr' id='par_1_74' title="bbox 517 5720 2097 5798">
     <span class='ocr_line' id='line_1_74' title="bbox 517 5720 2097 5798; baseline 0.006 -22"><span class='ocrx_word' id='word_1_548' title='bbox 517 5726 626 5787; x_wconf 78' lang='lat' dir='ltr'><strong>sta,</strong></span> <span class='ocrx_word' id='word_1_549' title='bbox 676 5720 749 5777; x_wconf 92' lang='lat' dir='ltr'><strong>ibi</strong></span> <span class='ocrx_word' id='word_1_550' title='bbox 789 5731 950 5792; x_wconf 87' lang='lat' dir='ltr'><strong>capta</strong></span> <span class='ocrx_word' id='word_1_551' title='bbox 996 5733 1163 5792; x_wconf 90' lang='lat' dir='ltr'><strong>sunt,</strong></span> <span class='ocrx_word' id='word_1_552' title='bbox 1211 5741 1338 5798; x_wconf 68' lang='lat' dir='ltr'><strong>quae</strong></span> <span class='ocrx_word' id='word_1_553' title='bbox 1362 5765 1364 5768; x_wconf 53' lang='grc' dir='ltr'>μ</span> <span class='ocrx_word' id='word_1_554' title='bbox 1385 5727 1648 5784; x_wconf 90' lang='lat' dir='ltr'><strong>esurienti</strong></span> <span class='ocrx_word' id='word_1_555' title='bbox 1691 5728 1958 5784; x_wconf 79' lang='lat' dir='ltr'><strong>exercitui</strong></span> <span class='ocrx_word' id='word_1_556' title='bbox 2001 5727 2097 5786; x_wconf 90' lang='lat' dir='ltr'><strong>Dei</strong></span> 
     </span>
    </p>
   </div>
   <div class='ocr_carea' id='block_1_75' title="bbox 519 5805 2099 5892">
    <p class='ocr_par' dir='ltr' id='par_1_75' title="bbox 519 5805 2099 5892">
     <span class='ocr_line' id='line_1_75' title="bbox 519 5805 2099 5892; baseline 0.006 -25"><span class='ocrx_word' id='word_1_557' title='bbox 519 5819 676 5885; x_wconf 75' lang='lat' dir='ltr'><strong>grata</strong></span> <span class='ocrx_word' id='word_1_558' title='bbox 720 5815 916 5871; x_wconf 81' lang='lat' dir='ltr'><strong>erant?</strong></span> <span class='ocrx_word' id='word_1_559' title='bbox 941 5813 1216 5884; x_wconf 90' lang='lat' dir='ltr'><strong>Quantum</strong></span> <span class='ocrx_word' id='word_1_560' title='bbox 1247 5818 1528 5889; x_wconf 82' lang='lat' dir='ltr'><strong>gaudium,</strong></span> <span class='ocrx_word' id='word_1_561' title='bbox 1566 5828 1621 5876; x_wconf 89' lang='lat' dir='ltr'><strong>et</strong></span> <span class='ocrx_word' id='word_1_562' title='bbox 1666 5805 1890 5892; x_wconf 80' lang='lat' dir='ltr'><strong>tripudii</strong></span> <span class='ocrx_word' id='word_1_563' title='bbox 1917 5821 2099 5878; x_wconf 86' lang='lat' dir='ltr'><strong>exsul-</strong></span> 
     </span>
    </p>
   </div>
   <div class='ocr_carea' id='block_1_76' title="bbox 2819 1938 3171 1996">
    <p class='ocr_par' dir='ltr' id='par_1_76' title="bbox 2819 1938 3171 1996">
     <span class='ocr_line' id='line_1_76' title="bbox 2819 1938 3171 1996; baseline -0.011 0"><span class='ocrx_word' id='word_1_564' title='bbox 2819 1939 3048 1996; x_wconf 82' lang='lat' dir='ltr'><strong>CAPUT</strong></span> <span class='ocrx_word' id='word_1_565' title='bbox 3083 1938 3171 1993; x_wconf 86' lang='grc'><strong>111.</strong></span> 
     </span>
    </p>
   </div>
   <div class='ocr_carea' id='block_1_77' title="bbox 2273 2027 3749 2105">
    <p class='ocr_par' dir='ltr' id='par_1_77' title="bbox 2273 2027 3749 2105">
     <span class='ocr_line' id='line_1_77' title="bbox 2273 2027 3749 2105; baseline -0.005 -18"><span class='ocrx_word' id='word_1_566' title='bbox 2273 2031 2496 2089; x_wconf 87' lang='lat' dir='ltr'><strong>interim</strong></span> <span class='ocrx_word' id='word_1_567' title='bbox 2527 2033 2658 2089; x_wconf 91' lang='lat' dir='ltr'><strong>dum</strong></span> <span class='ocrx_word' id='word_1_568' title='bbox 2683 2033 2773 2089; x_wconf 92' lang='lat' dir='ltr'><strong>isti</strong></span> <span class='ocrx_word' id='word_1_569' title='bbox 2804 2032 3026 2105; x_wconf 88' lang='lat' dir='ltr'><strong>gloriosi</strong></span> <span class='ocrx_word' id='word_1_570' title='bbox 3053 2028 3331 2103; x_wconf 89' lang='lat' dir='ltr'><strong>principes</strong></span> <span class='ocrx_word' id='word_1_571' title='bbox 3353 2027 3645 2094; x_wconf 85' lang='lat' dir='ltr'><strong>abfuerunt,</strong></span> <span class='ocrx_word' id='word_1_572' title='bbox 3672 2027 3749 2098; x_wconf 87' lang='lat' dir='ltr'><strong>qui</strong></span> 
     </span>
    </p>
   </div>
   <div class='ocr_carea' id='block_1_78' title="bbox 2202 2124 3751 2197">
    <p class='ocr_par' dir='ltr' id='par_1_78' title="bbox 2202 2124 3751 2197">
     <span class='ocr_line' id='line_1_78' title="bbox 2202 2124 3751 2197; baseline -0.005 -16"><span class='ocrx_word' id='word_1_573' title='bbox 2202 2126 2258 2181; x_wconf 60' lang='grc' dir='ltr'><strong>ἂι</strong></span> <span class='ocrx_word' id='word_1_574' title='bbox 2286 2126 2506 2182; x_wconf 83' lang='lat' dir='ltr'><strong>civitate</strong></span> <span class='ocrx_word' id='word_1_575' title='bbox 2526 2136 2703 2194; x_wconf 90' lang='lat' dir='ltr'><strong>erant,</strong></span> <span class='ocrx_word' id='word_1_576' title='bbox 2727 2134 2950 2197; x_wconf 90' lang='lat' dir='ltr'><strong>repente</strong></span> <span class='ocrx_word' id='word_1_577' title='bbox 2977 2125 3044 2180; x_wconf 92' lang='lat' dir='ltr'><strong>de</strong></span> <span class='ocrx_word' id='word_1_578' title='bbox 3070 2141 3134 2180; x_wconf 90' lang='lat' dir='ltr'><strong>ea</strong></span> <span class='ocrx_word' id='word_1_579' title='bbox 3163 2124 3435 2190; x_wconf 83' lang='lat' dir='ltr'><strong>exierunt,</strong></span> <span class='ocrx_word' id='word_1_580' title='bbox 3466 2130 3751 2191; x_wconf 85' lang='lat' dir='ltr'><strong>nostrosque</strong></span> 
     </span>
    </p>
   </div>
   <div class='ocr_carea' id='block_1_79' title="bbox 2202 2213 3753 2288">
    <p class='ocr_par' dir='ltr' id='par_1_79' title="bbox 2202 2213 3753 2288">
     <span class='ocr_line' id='line_1_79' title="bbox 2202 2213 3753 2288; baseline -0.005 -15"><span class='ocrx_word' id='word_1_581' title='bbox 2202 2219 2346 2275; x_wconf 90' lang='lat' dir='ltr'><strong>inter</strong></span> <span class='ocrx_word' id='word_1_582' title='bbox 2376 2228 2557 2276; x_wconf 88' lang='lat' dir='ltr'><strong>castra</strong></span> <span class='ocrx_word' id='word_1_583' title='bbox 2595 2219 2936 2285; x_wconf 87' lang='lat' dir='ltr'><strong>invaserunt,</strong></span> <span class='ocrx_word' id='word_1_584' title='bbox 2976 2225 3031 2272; x_wconf 89' lang='lat' dir='ltr'><strong>ct</strong></span> <span class='ocrx_word' id='word_1_585' title='bbox 3065 2217 3337 2288; x_wconf 89' lang='lat' dir='ltr'><strong>plurimos</strong></span> <span class='ocrx_word' id='word_1_586' title='bbox 3365 2229 3431 2268; x_wconf 85' lang='lat' dir='ltr'><strong>ex</strong></span> <span class='ocrx_word' id='word_1_587' title='bbox 3463 2214 3540 2268; x_wconf 87' lang='lat' dir='ltr'><strong>eis</strong></span> <span class='ocrx_word' id='word_1_588' title='bbox 3571 2213 3753 2267; x_wconf 84' lang='lat' dir='ltr'><strong>occide-</strong></span> 
     </span>
    </p>
   </div>
   <div class='ocr_carea' id='block_1_80' title="bbox 2203 2303 3756 2381">
    <p class='ocr_par' dir='ltr' id='par_1_80' title="bbox 2203 2303 3756 2381">
     <span class='ocr_line' id='line_1_80' title="bbox 2203 2303 3756 2381; baseline -0.005 -15"><span class='ocrx_word' id='word_1_589' title='bbox 2203 2319 2353 2366; x_wconf 89' lang='lat' dir='ltr'><strong>runt.</strong></span> <span class='ocrx_word' id='word_1_590' title='bbox 2383 2308 2507 2381; x_wconf 84' lang='lat' dir='ltr'><strong>ipso</strong></span> <span class='ocrx_word' id='word_1_591' title='bbox 2543 2309 2632 2366; x_wconf 92' lang='lat' dir='ltr'><strong>die</strong></span> <span class='ocrx_word' id='word_1_592' title='bbox 2676 2309 2964 2365; x_wconf 89' lang='lat' dir='ltr'><strong>Podiensis</strong></span> <span class='ocrx_word' id='word_1_593' title='bbox 2992 2309 3288 2379; x_wconf 86' lang='lat' dir='ltr'><strong>episc0pus</strong></span> <span class='ocrx_word' id='word_1_594' title='bbox 3331 2305 3557 2376; x_wconf 88' lang='lat' dir='ltr'><strong>perdidit</strong></span> <span class='ocrx_word' id='word_1_595' title='bbox 3585 2303 3756 2373; x_wconf 85' lang='lat' dir='ltr'><strong>dapife-</strong></span> 
     </span>
    </p>
   </div>
   <div class='ocr_carea' id='block_1_81' title="bbox 2204 2395 3752 2471">
    <p class='ocr_par' dir='ltr' id='par_1_81' title="bbox 2204 2395 3752 2471">
     <span class='ocr_line' id='line_1_81' title="bbox 2204 2395 3752 2471; baseline -0.006 -15"><span class='ocrx_word' id='word_1_596' title='bbox 2204 2416 2327 2456; x_wconf 88' lang='lat' dir='ltr'><strong>rum</strong></span> <span class='ocrx_word' id='word_1_597' title='bbox 2355 2415 2539 2467; x_wconf 93' lang='lat' dir='ltr'><strong>suum,</strong></span> <span class='ocrx_word' id='word_1_598' title='bbox 2573 2400 2668 2471; x_wconf 92' lang='lat' dir='ltr'><strong>qui</strong></span> <span class='ocrx_word' id='word_1_599' title='bbox 2695 2415 2809 2455; x_wconf 73' lang='lat' dir='ltr'><strong>sua:</strong></span> <span class='ocrx_word' id='word_1_600' title='bbox 2855 2399 2991 2455; x_wconf 91' lang='lat' dir='ltr'><strong>aciei</strong></span> <span class='ocrx_word' id='word_1_601' title='bbox 3020 2397 3232 2455; x_wconf 87' lang='lat' dir='ltr'><strong>deferre</strong></span> <span class='ocrx_word' id='word_1_602' title='bbox 3265 2397 3476 2453; x_wconf 87' lang='lat' dir='ltr'><strong>solebat</strong></span> <span class='ocrx_word' id='word_1_603' title='bbox 3508 2395 3752 2449; x_wconf 78' lang='lat' dir='ltr'><strong>vexillum.</strong></span> 
     </span>
    </p>
   </div>
   <div class='ocr_carea' id='block_1_82' title="bbox 2205 2487 3753 2552">
    <p class='ocr_par' dir='ltr' id='par_1_82' title="bbox 2205 2487 3753 2552">
     <span class='ocr_line' id='line_1_82' title="bbox 2205 2487 3753 2552; baseline -0.003 -7"><span class='ocrx_word' id='word_1_604' title='bbox 2205 2490 2272 2546; x_wconf 87' lang='lat' dir='ltr'><strong>Et</strong></span> <span class='ocrx_word' id='word_1_605' title='bbox 2314 2491 2422 2547; x_wconf 87' lang='lat' dir='ltr'><strong>nisi</strong></span> <span class='ocrx_word' id='word_1_606' title='bbox 2469 2491 2675 2547; x_wconf 87' lang='lat' dir='ltr'><strong>flumen</strong></span> <span class='ocrx_word' id='word_1_607' title='bbox 2720 2493 2862 2547; x_wconf 89' lang='lat' dir='ltr'><strong>inter</strong></span> <span class='ocrx_word' id='word_1_608' title='bbox 2909 2499 3152 2546; x_wconf 88' lang='lat' dir='ltr'><strong>castrum</strong></span> <span class='ocrx_word' id='word_1_609' title='bbox 3193 2498 3249 2544; x_wconf 87' lang='lat' dir='ltr'><strong>et</strong></span> <span class='ocrx_word' id='word_1_610' title='bbox 3290 2490 3481 2544; x_wconf 90' lang='lat' dir='ltr'><strong>urbem</strong></span> <span class='ocrx_word' id='word_1_611' title='bbox 3521 2487 3753 2552; x_wconf 84' lang='lat' dir='ltr'><strong>ﬂuxisset,</strong></span> 
     </span>
    </p>
   </div>
   <div class='ocr_carea' id='block_1_83' title="bbox 2203 2581 3752 2654">
    <p class='ocr_par' dir='ltr' id='par_1_83' title="bbox 2203 2581 3752 2654">
     <span class='ocr_line' id='line_1_83' title="bbox 2203 2581 3752 2654; baseline -0.002 -18"><span class='ocrx_word' id='word_1_612' title='bbox 2203 2582 2508 2653; x_wconf 86' lang='lat' dir='ltr'><strong>majoribus</strong></span> <span class='ocrx_word' id='word_1_613' title='bbox 2546 2583 2767 2654; x_wconf 88' lang='lat' dir='ltr'><strong>injuriis</strong></span> <span class='ocrx_word' id='word_1_614' title='bbox 2809 2593 2863 2638; x_wconf 87' lang='lat' dir='ltr'><strong>et</strong></span> <span class='ocrx_word' id='word_1_615' title='bbox 2911 2581 3376 2654; x_wconf 90' lang='lat' dir='ltr'><strong>frcquentioribus</strong></span> <span class='ocrx_word' id='word_1_616' title='bbox 3423 2581 3752 2636; x_wconf 84' lang='lat' dir='ltr'><strong>lacessissent.</strong></span> 
     </span>
    </p>
   </div>
   <div class='ocr_carea' id='block_1_84' title="bbox 2206 2672 3755 2743">
    <p class='ocr_par' dir='ltr' id='par_1_84' title="bbox 2206 2672 3755 2743">
     <span class='ocr_line' id='line_1_84' title="bbox 2206 2672 3755 2743; baseline -0.002 -15"><span class='ocrx_word' id='word_1_617' title='bbox 2206 2673 2418 2741; x_wconf 87' lang='lat' dir='ltr'><strong>Quibus</strong></span> <span class='ocrx_word' id='word_1_618' title='bbox 2444 2675 2712 2731; x_wconf 90' lang='lat' dir='ltr'><strong>bellorum</strong></span> <span class='ocrx_word' id='word_1_619' title='bbox 2734 2675 3044 2743; x_wconf 87' lang='lat' dir='ltr'><strong>eventibus,</strong></span> <span class='ocrx_word' id='word_1_620' title='bbox 3071 2684 3126 2729; x_wconf 88' lang='lat' dir='ltr'><strong>et</strong></span> <span class='ocrx_word' id='word_1_621' title='bbox 3151 2673 3390 2730; x_wconf 87' lang='lat' dir='ltr'><strong>maxime</strong></span> <span class='ocrx_word' id='word_1_622' title='bbox 3411 2672 3755 2742; x_wconf 79' lang='lat' dir='ltr'><strong>famisinOpia,</strong></span> 
     </span>
    </p>
   </div>
   <div class='ocr_carea' id='block_1_85' title="bbox 2204 2765 3756 2838">
    <p class='ocr_par' dir='ltr' id='par_1_85' title="bbox 2204 2765 3756 2838">
     <span class='ocr_line' id='line_1_85' title="bbox 2204 2765 3756 2838; baseline -0.002 -18"><span class='ocrx_word' id='word_1_623' title='bbox 2204 2767 2450 2838; x_wconf 90' lang='lat' dir='ltr'><strong>plerique</strong></span> <span class='ocrx_word' id='word_1_624' title='bbox 2477 2777 2791 2823; x_wconf 88' lang='lat' dir='ltr'><strong>nostrorum</strong></span> <span class='ocrx_word' id='word_1_625' title='bbox 2825 2767 3028 2834; x_wconf 83' lang='lat' dir='ltr'><strong>afflicti,</strong></span> <span class='ocrx_word' id='word_1_626' title='bbox 3063 2767 3216 2822; x_wconf 88' lang='lat' dir='ltr'><strong>abire</strong></span> <span class='ocrx_word' id='word_1_627' title='bbox 3244 2767 3620 2832; x_wconf 89' lang='lat' dir='ltr'><strong>moliebantur,</strong></span> <span class='ocrx_word' id='word_1_628' title='bbox 3652 2765 3756 2835; x_wconf 78' lang='lat' dir='ltr'><strong>quia</strong></span> 
     </span>
    </p>
   </div>
   <div class='ocr_carea' id='block_1_86' title="bbox 2207 2857 3758 2930">
    <p class='ocr_par' dir='ltr' id='par_1_86' title="bbox 2207 2857 3758 2930">
     <span class='ocr_line' id='line_1_86' title="bbox 2207 2857 3758 2930; baseline -0.001 -18"><span class='ocrx_word' id='word_1_629' title='bbox 2207 2857 2372 2913; x_wconf 90' lang='lat' dir='ltr'><strong>nimis</strong></span> <span class='ocrx_word' id='word_1_630' title='bbox 2400 2873 2563 2930; x_wconf 87' lang='lat' dir='ltr'><strong>grave</strong></span> <span class='ocrx_word' id='word_1_631' title='bbox 2582 2867 2702 2913; x_wconf 88' lang='lat' dir='ltr'><strong>erat</strong></span> <span class='ocrx_word' id='word_1_632' title='bbox 2731 2859 2916 2914; x_wconf 89' lang='lat' dir='ltr'><strong>invitis</strong></span> <span class='ocrx_word' id='word_1_633' title='bbox 2952 2858 3094 2915; x_wconf 86' lang='lat' dir='ltr'><strong>ferre</strong></span> <span class='ocrx_word' id='word_1_634' title='bbox 3118 2859 3414 2930; x_wconf 85' lang='lat' dir='ltr'><strong>jejunium,</strong></span> <span class='ocrx_word' id='word_1_635' title='bbox 3445 2867 3498 2914; x_wconf 93' lang='lat' dir='ltr'><strong>et</strong></span> <span class='ocrx_word' id='word_1_636' title='bbox 3525 2858 3637 2919; x_wconf 82' lang='lat' dir='ltr'><strong>ideo</strong></span> <span class='ocrx_word' id='word_1_637' title='bbox 3664 2873 3758 2911; x_wconf 89' lang='lat' dir='ltr'><strong>ma-</strong></span> 
     </span>
    </p>
   </div>
   <div class='ocr_carea' id='block_1_87' title="bbox 2205 2950 3760 3023">
    <p class='ocr_par' dir='ltr' id='par_1_87' title="bbox 2205 2950 3760 3023">
     <span class='ocr_line' id='line_1_87' title="bbox 2205 2950 3760 3023; baseline -0.003 -16"><span class='ocrx_word' id='word_1_638' title='bbox 2205 2950 2576 3007; x_wconf 88' lang='lat' dir='ltr'><strong>chinabantur</strong></span> <span class='ocrx_word' id='word_1_639' title='bbox 2600 2951 2668 3007; x_wconf 92' lang='lat' dir='ltr'><strong>ab</strong></span> <span class='ocrx_word' id='word_1_640' title='bbox 2699 2952 2984 3008; x_wconf 85' lang='lat' dir='ltr'><strong>obsidione</strong></span> <span class='ocrx_word' id='word_1_641' title='bbox 3013 2951 3322 3023; x_wconf 78' lang='lat' dir='ltr'><strong>diffugiunt.</strong></span> <span class='ocrx_word' id='word_1_642' title='bbox 3349 2950 3501 3018; x_wconf 85' lang='lat' dir='ltr'><strong>Quos</strong></span> <span class='ocrx_word' id='word_1_643' title='bbox 3529 2950 3760 3005; x_wconf 87' lang='lat' dir='ltr'><strong>Boamun-</strong></span> 
     </span>
    </p>
   </div>
   <div class='ocr_carea' id='block_1_88' title="bbox 2205 3041 3758 3115">
    <p class='ocr_par' dir='ltr' id='par_1_88' title="bbox 2205 3041 3758 3115">
     <span class='ocr_line' id='line_1_88' title="bbox 2205 3041 3758 3115; baseline -0.002 -18"><span class='ocrx_word' id='word_1_644' title='bbox 2205 3041 2310 3097; x_wconf 92' lang='lat' dir='ltr'><strong>dus</strong></span> <span class='ocrx_word' id='word_1_645' title='bbox 2339 3042 2425 3096; x_wconf 92' lang='lat' dir='ltr'><strong>vir</strong></span> <span class='ocrx_word' id='word_1_646' title='bbox 2453 3041 2729 3099; x_wconf 89' lang='lat' dir='ltr'><strong>facundus</strong></span> <span class='ocrx_word' id='word_1_647' title='bbox 2773 3053 2826 3099; x_wconf 89' lang='lat' dir='ltr'><strong>et</strong></span> <span class='ocrx_word' id='word_1_648' title='bbox 2856 3051 3045 3115; x_wconf 87' lang='lat' dir='ltr'><strong>gratus</strong></span> <span class='ocrx_word' id='word_1_649' title='bbox 3074 3043 3312 3114; x_wconf 90' lang='lat' dir='ltr'><strong>eloquio,</strong></span> <span class='ocrx_word' id='word_1_650' title='bbox 3347 3042 3422 3097; x_wconf 91' lang='lat' dir='ltr'><strong>ita</strong></span> <span class='ocrx_word' id='word_1_651' title='bbox 3463 3042 3648 3097; x_wconf 74' lang='lat' dir='ltr'><strong>affatus</strong></span> <span class='ocrx_word' id='word_1_652' title='bbox 3674 3049 3758 3107; x_wconf 85' lang='lat' dir='ltr'><strong>est,</strong></span> 
     </span>
    </p>
   </div>
   <div class='ocr_carea' id='block_1_89' title="bbox 2206 3132 3760 3206">
    <p class='ocr_par' dir='ltr' id='par_1_89' title="bbox 2206 3132 3760 3206">
     <span class='ocr_line' id='line_1_89' title="bbox 2206 3132 3760 3206; baseline -0.001 -18"><span class='ocrx_word' id='word_1_653' title='bbox 2206 3133 2397 3189; x_wconf 87' lang='lat' dir='ltr'><strong>dicens</strong></span> <span class='ocrx_word' id='word_1_654' title='bbox 2433 3153 2446 3188; x_wconf 89' lang='lat'><strong>:</strong></span> <span class='ocrx_word' id='word_1_655' title='bbox 2490 3153 2508 3186; x_wconf 72' lang='grc' dir='ltr'>ι</span> <span class='ocrx_word' id='word_1_656' title='bbox 2543 3132 2588 3189; x_wconf 93' lang='grc' dir='ltr'>Ο</span> <span class='ocrx_word' id='word_1_657' title='bbox 2619 3134 2744 3203; x_wconf 91' lang='lat' dir='ltr'><strong>viri,</strong></span> <span class='ocrx_word' id='word_1_658' title='bbox 2785 3135 2878 3206; x_wconf 91' lang='lat' dir='ltr'><strong>qui</strong></span> <span class='ocrx_word' id='word_1_659' title='bbox 2919 3135 3027 3190; x_wconf 91' lang='lat' dir='ltr'><strong>huc</strong></span> <span class='ocrx_word' id='word_1_660' title='bbox 3064 3150 3239 3204; x_wconf 89' lang='lat' dir='ltr'><strong>usque</strong></span> <span class='ocrx_word' id='word_1_661' title='bbox 3287 3133 3472 3188; x_wconf 90' lang='lat' dir='ltr'><strong>fuistis</strong></span> <span class='ocrx_word' id='word_1_662' title='bbox 3507 3133 3760 3192; x_wconf 86' lang='lat' dir='ltr'><strong>bellatores</strong></span> 
     </span>
    </p>
   </div>
   <div class='ocr_carea' id='block_1_90' title="bbox 2203 3225 3761 3299">
    <p class='ocr_par' dir='ltr' id='par_1_90' title="bbox 2203 3225 3761 3299">
     <span class='ocr_line' id='line_1_90' title="bbox 2203 3225 3761 3299; baseline -0.003 -17"><span class='ocrx_word' id='word_1_663' title='bbox 2203 3227 2429 3299; x_wconf 88' lang='lat' dir='ltr'><strong>egregii,</strong></span> <span class='ocrx_word' id='word_1_664' title='bbox 2449 3243 2589 3298; x_wconf 89' lang='lat' dir='ltr'><strong>quos</strong></span> <span class='ocrx_word' id='word_1_665' title='bbox 2618 3225 2764 3283; x_wconf 90' lang='lat' dir='ltr'><strong>Deus</strong></span> <span class='ocrx_word' id='word_1_666' title='bbox 2802 3243 2898 3298; x_wconf 90' lang='lat' dir='ltr'><strong>per</strong></span> <span class='ocrx_word' id='word_1_667' title='bbox 2925 3227 3094 3282; x_wconf 87' lang='lat' dir='ltr'><strong>multa</strong></span> <span class='ocrx_word' id='word_1_668' title='bbox 3119 3228 3234 3298; x_wconf 88' lang='lat' dir='ltr'><strong>jam</strong></span> <span class='ocrx_word' id='word_1_669' title='bbox 3263 3227 3530 3282; x_wconf 90' lang='lat' dir='ltr'><strong>bellorum</strong></span> <span class='ocrx_word' id='word_1_670' title='bbox 3554 3225 3761 3296; x_wconf 82' lang='lat' dir='ltr'><strong>pericula</strong></span> 
     </span>
    </p>
   </div>
   <div class='ocr_carea' id='block_1_91' title="bbox 2202 3319 3763 3391">
    <p class='ocr_par' dir='ltr' id='par_1_91' title="bbox 2202 3319 3763 3391">
     <span class='ocr_line' id='line_1_91' title="bbox 2202 3319 3763 3391; baseline -0.002 -15"><span class='ocrx_word' id='word_1_671' title='bbox 2202 3321 2438 3376; x_wconf 89' lang='lat' dir='ltr'><strong>victores</strong></span> <span class='ocrx_word' id='word_1_672' title='bbox 2483 3321 2756 3388; x_wconf 87' lang='lat' dir='ltr'><strong>reddidit,</strong></span> <span class='ocrx_word' id='word_1_673' title='bbox 2801 3336 3051 3391; x_wconf 87' lang='lat' dir='ltr'><strong>quosque</strong></span> <span class='ocrx_word' id='word_1_674' title='bbox 3108 3321 3285 3375; x_wconf 90' lang='lat' dir='ltr'><strong>virtus</strong></span> <span class='ocrx_word' id='word_1_675' title='bbox 3331 3319 3670 3390; x_wconf 73' lang='lat' dir='ltr'><strong>experientia:</strong></span> <span class='ocrx_word' id='word_1_676' title='bbox 3716 3328 3763 3373; x_wconf 90' lang='lat' dir='ltr'><strong>ut</strong></span> 
     </span>
    </p>
   </div>
   <div class='ocr_carea' id='block_1_92' title="bbox 2204 3411 3762 3484">
    <p class='ocr_par' dir='ltr' id='par_1_92' title="bbox 2204 3411 3762 3484">
     <span class='ocr_line' id='line_1_92' title="bbox 2204 3411 3762 3484; baseline -0.003 -15"><span class='ocrx_word' id='word_1_677' title='bbox 2204 3415 2446 3471; x_wconf 90' lang='lat' dir='ltr'><strong>illustres</strong></span> <span class='ocrx_word' id='word_1_678' title='bbox 2479 3414 2780 3481; x_wconf 88' lang='lat' dir='ltr'><strong>decoravit,</strong></span> <span class='ocrx_word' id='word_1_679' title='bbox 2823 3422 2884 3468; x_wconf 92' lang='lat' dir='ltr'><strong>ut</strong></span> <span class='ocrx_word' id='word_1_680' title='bbox 2909 3413 3042 3484; x_wconf 92' lang='lat' dir='ltr'><strong>quid</strong></span> <span class='ocrx_word' id='word_1_681' title='bbox 3076 3421 3266 3468; x_wconf 87' lang='lat' dir='ltr'><strong>contra</strong></span> <span class='ocrx_word' id='word_1_682' title='bbox 3306 3411 3599 3466; x_wconf 85' lang='lat' dir='ltr'><strong>Dominum</strong></span> <span class='ocrx_word' id='word_1_683' title='bbox 3637 3427 3762 3466; x_wconf 81' lang='lat' dir='ltr'><strong>mur—</strong></span> 
     </span>
    </p>
   </div>
   <div class='ocr_carea' id='block_1_93' title="bbox 2203 3506 3764 3579">
    <p class='ocr_par' dir='ltr' id='par_1_93' title="bbox 2203 3506 3764 3579">
     <span class='ocr_line' id='line_1_93' title="bbox 2203 3506 3764 3579; baseline -0.004 -15"><span class='ocrx_word' id='word_1_684' title='bbox 2203 3509 2456 3575; x_wconf 61' lang='lat' dir='ltr'><strong>auratis,</strong></span> <span class='ocrx_word' id='word_1_685' title='bbox 2518 3508 2647 3579; x_wconf 92' lang='lat' dir='ltr'><strong>quia</strong></span> <span class='ocrx_word' id='word_1_686' title='bbox 2708 3508 2908 3579; x_wconf 89' lang='lat' dir='ltr'><strong>premit</strong></span> <span class='ocrx_word' id='word_1_687' title='bbox 2959 3523 3058 3563; x_wconf 91' lang='lat' dir='ltr'><strong>vos</strong></span> <span class='ocrx_word' id='word_1_688' title='bbox 3112 3507 3369 3578; x_wconf 84' lang='lat' dir='ltr'><strong>angustia</strong></span> <span class='ocrx_word' id='word_1_689' title='bbox 3425 3506 3764 3577; x_wconf 79' lang='lat' dir='ltr'><strong>paupertatis?</strong></span> 
     </span>
    </p>
   </div>
   <div class='ocr_carea' id='block_1_94' title="bbox 2202 3599 3762 3670">
    <p class='ocr_par' dir='ltr' id='par_1_94' title="bbox 2202 3599 3762 3670">
     <span class='ocr_line' id='line_1_94' title="bbox 2202 3599 3762 3670; baseline -0.004 -15"><span class='ocrx_word' id='word_1_690' title='bbox 2202 3599 2340 3656; x_wconf 87' lang='lat' dir='ltr'><strong>Cum</strong></span> <span class='ocrx_word' id='word_1_691' title='bbox 2383 3599 2539 3655; x_wconf 88' lang='lat' dir='ltr'><strong>vobis</strong></span> <span class='ocrx_word' id='word_1_692' title='bbox 2583 3599 2816 3670; x_wconf 87' lang='lat' dir='ltr'><strong>porrigit</strong></span> <span class='ocrx_word' id='word_1_693' title='bbox 2858 3615 3106 3666; x_wconf 90' lang='lat' dir='ltr'><strong>manum,</strong></span> <span class='ocrx_word' id='word_1_694' title='bbox 3150 3610 3279 3654; x_wconf 91' lang='lat' dir='ltr'><strong>tunc</strong></span> <span class='ocrx_word' id='word_1_695' title='bbox 3317 3599 3635 3664; x_wconf 84' lang='lat' dir='ltr'><strong>exsultatis;</strong></span> <span class='ocrx_word' id='word_1_696' title='bbox 3660 3612 3762 3651; x_wconf 87' lang='lat' dir='ltr'><strong>cum</strong></span> 
     </span>
    </p>
   </div>
   <div class='ocr_carea' id='block_1_95' title="bbox 2201 3674 3765 3762">
    <p class='ocr_par' dir='ltr' id='par_1_95' title="bbox 2201 3674 3765 3762">
     <span class='ocr_line' id='line_1_95' title="bbox 2201 3674 3765 3762; baseline 0 -17"><span class='ocrx_word' id='word_1_697' title='bbox 2201 3674 2428 3758; x_wconf 80' lang='lat' dir='ltr'><strong>relaxat,</strong></span> <span class='ocrx_word' id='word_1_698' title='bbox 2465 3699 2597 3747; x_wconf 91' lang='lat' dir='ltr'><strong>tunc</strong></span> <span class='ocrx_word' id='word_1_699' title='bbox 2619 3691 2943 3762; x_wconf 89' lang='lat' dir='ltr'><strong>desperatis.</strong></span> <span class='ocrx_word' id='word_1_700' title='bbox 2981 3689 3040 3745; x_wconf 85' lang='lat' dir='ltr'><strong>in</strong></span> <span class='ocrx_word' id='word_1_701' title='bbox 3084 3691 3190 3746; x_wconf 88' lang='lat' dir='ltr'><strong>hoc</strong></span> <span class='ocrx_word' id='word_1_702' title='bbox 3233 3690 3500 3746; x_wconf 88' lang='lat' dir='ltr'><strong>videmini</strong></span> <span class='ocrx_word' id='word_1_703' title='bbox 3526 3706 3630 3745; x_wconf 89' lang='lat' dir='ltr'><strong>non</strong></span> <span class='ocrx_word' id='word_1_704' title='bbox 3658 3690 3765 3745; x_wconf 88' lang='lat' dir='ltr'><strong>dili-.</strong></span> 
     </span>
    </p>
   </div>
   <div class='ocr_carea' id='block_1_96' title="bbox 2202 3783 3761 3857">
    <p class='ocr_par' dir='ltr' id='par_1_96' title="bbox 2202 3783 3761 3857">
     <span class='ocr_line' id='line_1_96' title="bbox 2202 3783 3761 3857; baseline -0.004 -17"><span class='ocrx_word' id='word_1_705' title='bbox 2202 3800 2328 3857; x_wconf 83' lang='lat' dir='ltr'><strong>gere</strong></span> <span class='ocrx_word' id='word_1_706' title='bbox 2347 3784 2666 3852; x_wconf 89' lang='lat' dir='ltr'><strong>donantem,</strong></span> <span class='ocrx_word' id='word_1_707' title='bbox 2699 3785 2795 3840; x_wconf 90' lang='lat' dir='ltr'><strong>sed</strong></span> <span class='ocrx_word' id='word_1_708' title='bbox 2821 3784 2994 3852; x_wconf 90' lang='lat' dir='ltr'><strong>dona;</strong></span> <span class='ocrx_word' id='word_1_709' title='bbox 3036 3800 3146 3840; x_wconf 90' lang='lat' dir='ltr'><strong>non</strong></span> <span class='ocrx_word' id='word_1_710' title='bbox 3188 3783 3531 3855; x_wconf 89' lang='lat' dir='ltr'><strong>largitorem,</strong></span> <span class='ocrx_word' id='word_1_711' title='bbox 3561 3783 3649 3839; x_wconf 88' lang='lat' dir='ltr'><strong>sed</strong></span> <span class='ocrx_word' id='word_1_712' title='bbox 3673 3783 3761 3836; x_wconf 68' lang='lat' dir='ltr'><strong>lar~</strong></span> 
     </span>
    </p>
   </div>
   <div class='ocr_carea' id='block_1_97' title="bbox 2203 3875 3763 3950">
    <p class='ocr_par' dir='ltr' id='par_1_97' title="bbox 2203 3875 3763 3950">
     <span class='ocr_line' id='line_1_97' title="bbox 2203 3875 3763 3950; baseline -0.001 -18"><span class='ocrx_word' id='word_1_713' title='bbox 2203 3879 2398 3950; x_wconf 90' lang='lat' dir='ltr'><strong>gientis</strong></span> <span class='ocrx_word' id='word_1_714' title='bbox 2430 3877 2786 3933; x_wconf 88' lang='lat' dir='ltr'><strong>oblationem.</strong></span> <span class='ocrx_word' id='word_1_715' title='bbox 2823 3876 2962 3931; x_wconf 89' lang='lat' dir='ltr'><strong>Cum</strong></span> <span class='ocrx_word' id='word_1_716' title='bbox 2998 3877 3229 3948; x_wconf 90' lang='lat' dir='ltr'><strong>largitur</strong></span> <span class='ocrx_word' id='word_1_717' title='bbox 3257 3875 3552 3944; x_wconf 86' lang='lat' dir='ltr'><strong>Dominus,</strong></span> <span class='ocrx_word' id='word_1_718' title='bbox 3586 3876 3763 3930; x_wconf 81' lang='lat' dir='ltr'><strong>amicus</strong></span> 
     </span>
    </p>
   </div>
   <div class='ocr_carea' id='block_1_98' title="bbox 2201 3969 3763 4038">
    <p class='ocr_par' dir='ltr' id='par_1_98' title="bbox 2201 3969 3763 4038">
     <span class='ocr_line' id='line_1_98' title="bbox 2201 3969 3763 4038; baseline -0.004 -12"><span class='ocrx_word' id='word_1_719' title='bbox 2201 3981 2313 4038; x_wconf 91' lang='lat' dir='ltr'><strong>est;</strong></span> <span class='ocrx_word' id='word_1_720' title='bbox 2343 3986 2467 4025; x_wconf 89' lang='lat' dir='ltr'><strong>cum</strong></span> <span class='ocrx_word' id='word_1_721' title='bbox 2499 3978 2701 4037; x_wconf 90' lang='lat' dir='ltr'><strong>cessat,</strong></span> <span class='ocrx_word' id='word_1_722' title='bbox 2744 3969 3002 4026; x_wconf 91' lang='lat' dir='ltr'><strong>inimicus</strong></span> <span class='ocrx_word' id='word_1_723' title='bbox 3029 3969 3187 4025; x_wconf 86' lang='lat' dir='ltr'><strong>vobis</strong></span> <span class='ocrx_word' id='word_1_724' title='bbox 3211 3969 3433 4024; x_wconf 89' lang='lat' dir='ltr'><strong>videtur</strong></span> <span class='ocrx_word' id='word_1_725' title='bbox 3475 3985 3595 4025; x_wconf 90' lang='lat' dir='ltr'><strong>esse</strong></span> <span class='ocrx_word' id='word_1_726' title='bbox 3617 3977 3666 4023; x_wconf 88' lang='lat' dir='ltr'><strong>et</strong></span> <span class='ocrx_word' id='word_1_727' title='bbox 3689 3983 3763 4022; x_wconf 82' lang='lat' dir='ltr'><strong>ex-</strong></span> 
     </span>
    </p>
   </div>
   <div class='ocr_carea' id='block_1_99' title="bbox 2202 4061 3764 4134">
    <p class='ocr_par' dir='ltr' id='par_1_99' title="bbox 2202 4061 3764 4134">
     <span class='ocr_line' id='line_1_99' title="bbox 2202 4061 3764 4134; baseline -0.004 -14"><span class='ocrx_word' id='word_1_728' title='bbox 2202 4073 2446 4120; x_wconf 88' lang='lat' dir='ltr'><strong>traneus.</strong></span> <span class='ocrx_word' id='word_1_729' title='bbox 2487 4063 2590 4118; x_wconf 79' lang='lat' dir='ltr'><strong>Cui</strong></span> <span class='ocrx_word' id='word_1_730' title='bbox 2633 4079 2876 4133; x_wconf 90' lang='lat' dir='ltr'><strong>unquam</strong></span> <span class='ocrx_word' id='word_1_731' title='bbox 2922 4063 3069 4134; x_wconf 90' lang='lat' dir='ltr'><strong>genti</strong></span> <span class='ocrx_word' id='word_1_732' title='bbox 3109 4061 3363 4133; x_wconf 71' lang='lat' dir='ltr'><strong>praestitit</strong></span> <span class='ocrx_word' id='word_1_733' title='bbox 3415 4061 3559 4118; x_wconf 89' lang='lat' dir='ltr'><strong>Deus</strong></span> <span class='ocrx_word' id='word_1_734' title='bbox 3594 4062 3646 4116; x_wconf 89' lang='lat' dir='ltr'><strong>in</strong></span> <span class='ocrx_word' id='word_1_735' title='bbox 3676 4069 3764 4114; x_wconf 85' lang='lat' dir='ltr'><strong>tam</strong></span> 
     </span>
    </p>
   </div>
   <div class='ocr_carea' id='block_1_100' title="bbox 2202 4154 3765 4226">
    <p class='ocr_par' dir='ltr' id='par_1_100' title="bbox 2202 4154 3765 4226">
     <span class='ocr_line' id='line_1_100' title="bbox 2202 4154 3765 4226; baseline -0.004 -14"><span class='ocrx_word' id='word_1_736' title='bbox 2202 4155 2356 4212; x_wconf 88' lang='lat' dir='ltr'><strong>brevi</strong></span> <span class='ocrx_word' id='word_1_737' title='bbox 2391 4164 2638 4226; x_wconf 88' lang='lat' dir='ltr'><strong>tempore</strong></span> <span class='ocrx_word' id='word_1_738' title='bbox 2681 4163 2764 4210; x_wconf 91' lang='lat' dir='ltr'><strong>tot</strong></span> <span class='ocrx_word' id='word_1_739' title='bbox 2806 4155 2946 4211; x_wconf 87' lang='lat' dir='ltr'><strong>bella</strong></span> <span class='ocrx_word' id='word_1_740' title='bbox 2969 4155 3332 4220; x_wconf 88' lang='lat' dir='ltr'><strong>committere,</strong></span> <span class='ocrx_word' id='word_1_741' title='bbox 3384 4163 3465 4209; x_wconf 90' lang='lat' dir='ltr'><strong>tot</strong></span> <span class='ocrx_word' id='word_1_742' title='bbox 3498 4154 3765 4209; x_wconf 86' lang='lat' dir='ltr'><strong>acerrimos</strong></span> 
     </span>
    </p>
   </div>
   <div class='ocr_carea' id='block_1_101' title="bbox 2203 4247 3766 4320">
    <p class='ocr_par' dir='ltr' id='par_1_101' title="bbox 2203 4247 3766 4320">
     <span class='ocr_line' id='line_1_101' title="bbox 2203 4247 3766 4320; baseline -0.004 -14"><span class='ocrx_word' id='word_1_743' title='bbox 2203 4249 2389 4306; x_wconf 89' lang='lat' dir='ltr'><strong>hostes</strong></span> <span class='ocrx_word' id='word_1_744' title='bbox 2442 4264 2726 4320; x_wconf 90' lang='lat' dir='ltr'><strong>superare,</strong></span> <span class='ocrx_word' id='word_1_745' title='bbox 2772 4257 2854 4305; x_wconf 90' lang='lat' dir='ltr'><strong>tot</strong></span> <span class='ocrx_word' id='word_1_746' title='bbox 2913 4248 3104 4319; x_wconf 91' lang='lat' dir='ltr'><strong>spoliis</strong></span> <span class='ocrx_word' id='word_1_747' title='bbox 3163 4248 3410 4319; x_wconf 84' lang='lat' dir='ltr'><strong>gentium</strong></span> <span class='ocrx_word' id='word_1_748' title='bbox 3462 4247 3657 4312; x_wconf 83' lang='lat' dir='ltr'><strong>ditari,</strong></span> <span class='ocrx_word' id='word_1_749' title='bbox 3705 4254 3766 4299; x_wconf 76' lang='lat' dir='ltr'><strong>ut</strong></span> 
     </span>
    </p>
   </div>
   <div class='ocr_carea' id='block_1_102' title="bbox 2202 4338 3767 4411">
    <p class='ocr_par' dir='ltr' id='par_1_102' title="bbox 2202 4338 3767 4411">
     <span class='ocr_line' id='line_1_102' title="bbox 2202 4338 3767 4411; baseline -0.004 -16"><span class='ocrx_word' id='word_1_750' title='bbox 2202 4340 2660 4411; x_wconf 87' lang='lat' dir='ltr'><strong>triumphantium</strong></span> <span class='ocrx_word' id='word_1_751' title='bbox 2699 4340 2898 4411; x_wconf 90' lang='lat' dir='ltr'><strong>palmis</strong></span> <span class='ocrx_word' id='word_1_752' title='bbox 2933 4339 3218 4411; x_wconf 80' lang='lat' dir='ltr'><strong>insigniri?</strong></span> <span class='ocrx_word' id='word_1_753' title='bbox 3253 4338 3397 4395; x_wconf 86' lang='lat' dir='ltr'><strong>Ecce</strong></span> <span class='ocrx_word' id='word_1_754' title='bbox 3446 4355 3595 4395; x_wconf 89' lang='lat' dir='ltr'><strong>nunc</strong></span> <span class='ocrx_word' id='word_1_755' title='bbox 3633 4341 3767 4393; x_wconf 88' lang='lat' dir='ltr'><strong>innu-</strong></span> 
     </span>
    </p>
   </div>
   <div class='ocr_carea' id='block_1_103' title="bbox 2202 4421 3764 4503">
    <p class='ocr_par' dir='ltr' id='par_1_103' title="bbox 2202 4421 3764 4503">
     <span class='ocr_line' id='line_1_103' title="bbox 2202 4421 3764 4503; baseline -0.005 -15"><span class='ocrx_word' id='word_1_756' title='bbox 2202 4421 2495 4488; x_wconf 88' lang='lat' dir='ltr'><strong>merabiles</strong></span> <span class='ocrx_word' id='word_1_757' title='bbox 2539 4432 2727 4488; x_wconf 88' lang='lat' dir='ltr'><strong>hostes</strong></span> <span class='ocrx_word' id='word_1_758' title='bbox 2791 4431 3109 4503; x_wconf 86' lang='lat' dir='ltr'><strong>subegimus</strong></span> <span class='ocrx_word' id='word_1_759' title='bbox 3138 4472 3153 4497; x_wconf 90' lang='lat'><strong>,</strong></span> <span class='ocrx_word' id='word_1_760' title='bbox 3213 4445 3342 4485; x_wconf 89' lang='lat' dir='ltr'><strong>ecce</strong></span> <span class='ocrx_word' id='word_1_761' title='bbox 3402 4446 3554 4485; x_wconf 92' lang='lat' dir='ltr'><strong>nunc</strong></span> <span class='ocrx_word' id='word_1_762' title='bbox 3605 4442 3764 4484; x_wconf 85' lang='lat' dir='ltr'><strong>eorum</strong></span> 
     </span>
    </p>
   </div>
   <div class='ocr_carea' id='block_1_104' title="bbox 2204 4520 3765 4596">
    <p class='ocr_par' dir='ltr' id='par_1_104' title="bbox 2204 4520 3765 4596">
     <span class='ocr_line' id='line_1_104' title="bbox 2204 4520 3765 4596; baseline -0.005 -15"><span class='ocrx_word' id='word_1_763' title='bbox 2204 4525 2379 4596; x_wconf 90' lang='lat' dir='ltr'><strong>spolia</strong></span> <span class='ocrx_word' id='word_1_764' title='bbox 2415 4526 2482 4580; x_wconf 90' lang='lat' dir='ltr'><strong>ad</strong></span> <span class='ocrx_word' id='word_1_765' title='bbox 2517 4540 2618 4581; x_wconf 91' lang='lat' dir='ltr'><strong>vos</strong></span> <span class='ocrx_word' id='word_1_766' title='bbox 2667 4525 2971 4580; x_wconf 91' lang='lat' dir='ltr'><strong>attulimus.</strong></span> <span class='ocrx_word' id='word_1_767' title='bbox 3007 4522 3148 4591; x_wconf 90' lang='lat' dir='ltr'><strong>Quid</strong></span> <span class='ocrx_word' id='word_1_768' title='bbox 3175 4532 3262 4578; x_wconf 87' lang='lat' dir='ltr'><strong>est</strong></span> <span class='ocrx_word' id='word_1_769' title='bbox 3295 4523 3445 4593; x_wconf 88' lang='lat' dir='ltr'><strong>quod</strong></span> <span class='ocrx_word' id='word_1_770' title='bbox 3492 4523 3574 4578; x_wconf 92' lang='lat' dir='ltr'><strong>sic</strong></span> <span class='ocrx_word' id='word_1_771' title='bbox 3599 4520 3765 4576; x_wconf 82' lang='lat' dir='ltr'><strong>difﬁdi-</strong></span> 
     </span>
    </p>
   </div>
   <div class='ocr_carea' id='block_1_105' title="bbox 2207 4615 3767 4688">
    <p class='ocr_par' dir='ltr' id='par_1_105' title="bbox 2207 4615 3767 4688">
     <span class='ocr_line' id='line_1_105' title="bbox 2207 4615 3767 4688; baseline -0.005 -16"><span class='ocrx_word' id='word_1_772' title='bbox 2207 4632 2353 4683; x_wconf 90' lang='lat' dir='ltr'><strong>mus,</strong></span> <span class='ocrx_word' id='word_1_773' title='bbox 2394 4632 2521 4672; x_wconf 88' lang='lat' dir='ltr'><strong>cum</strong></span> <span class='ocrx_word' id='word_1_774' title='bbox 2565 4617 2648 4672; x_wconf 92' lang='lat' dir='ltr'><strong>sic</strong></span> <span class='ocrx_word' id='word_1_775' title='bbox 2704 4617 2949 4688; x_wconf 91' lang='lat' dir='ltr'><strong>quotidie</strong></span> <span class='ocrx_word' id='word_1_776' title='bbox 2978 4616 3299 4671; x_wconf 86' lang='lat' dir='ltr'><strong>vincamus?</strong></span> <span class='ocrx_word' id='word_1_777' title='bbox 3342 4631 3458 4670; x_wconf 91' lang='lat' dir='ltr'><strong>non</strong></span> <span class='ocrx_word' id='word_1_778' title='bbox 3507 4615 3662 4685; x_wconf 83' lang='lat' dir='ltr'><strong>longe</strong></span> <span class='ocrx_word' id='word_1_779' title='bbox 3702 4619 3767 4666; x_wconf 80' lang='lat' dir='ltr'><strong>est</strong></span> 
     </span>
    </p>
   </div>
   <div class='ocr_carea' id='block_1_106' title="bbox 2204 4704 3766 4779">
    <p class='ocr_par' dir='ltr' id='par_1_106' title="bbox 2204 4704 3766 4779">
     <span class='ocr_line' id='line_1_106' title="bbox 2204 4704 3766 4779; baseline -0.003 -17"><span class='ocrx_word' id='word_1_780' title='bbox 2204 4722 2236 4762; x_wconf 89' lang='lat' dir='ltr'><strong>a</strong></span> <span class='ocrx_word' id='word_1_781' title='bbox 2265 4707 2442 4774; x_wconf 86' lang='lat' dir='ltr'><strong>vobis,</strong></span> <span class='ocrx_word' id='word_1_782' title='bbox 2470 4708 2564 4778; x_wconf 90' lang='lat' dir='ltr'><strong>qui</strong></span> <span class='ocrx_word' id='word_1_783' title='bbox 2595 4708 2674 4764; x_wconf 92' lang='lat' dir='ltr'><strong>sic</strong></span> <span class='ocrx_word' id='word_1_784' title='bbox 2713 4716 2920 4779; x_wconf 90' lang='lat' dir='ltr'><strong>pugnat</strong></span> <span class='ocrx_word' id='word_1_785' title='bbox 2946 4722 3048 4777; x_wconf 89' lang='lat' dir='ltr'><strong>pro</strong></span> <span class='ocrx_word' id='word_1_786' title='bbox 3089 4706 3271 4774; x_wconf 89' lang='lat' dir='ltr'><strong>vobis;</strong></span> <span class='ocrx_word' id='word_1_787' title='bbox 3303 4722 3450 4776; x_wconf 69' lang='lat' dir='ltr'><strong>saepe</strong></span> <span class='ocrx_word' id='word_1_788' title='bbox 3478 4706 3690 4778; x_wconf 88' lang='lat' dir='ltr'><strong>quidem</strong></span> <span class='ocrx_word' id='word_1_789' title='bbox 3716 4704 3766 4757; x_wconf 85' lang='lat' dir='ltr'><strong>ﬁ-</strong></span> 
     </span>
    </p>
   </div>
   <div class='ocr_carea' id='block_1_107' title="bbox 2203 4798 3768 4870">
    <p class='ocr_par' dir='ltr' id='par_1_107' title="bbox 2203 4798 3768 4870">
     <span class='ocr_line' id='line_1_107' title="bbox 2203 4798 3768 4870; baseline -0.005 -12"><span class='ocrx_word' id='word_1_790' title='bbox 2203 4802 2352 4858; x_wconf 89' lang='lat' dir='ltr'><strong>deles</strong></span> <span class='ocrx_word' id='word_1_791' title='bbox 2387 4817 2520 4858; x_wconf 91' lang='lat' dir='ltr'><strong>suos</strong></span> <span class='ocrx_word' id='word_1_792' title='bbox 2567 4809 2762 4868; x_wconf 90' lang='lat' dir='ltr'><strong>tentat,</strong></span> <span class='ocrx_word' id='word_1_793' title='bbox 2794 4809 2856 4855; x_wconf 89' lang='lat' dir='ltr'><strong>ut</strong></span> <span class='ocrx_word' id='word_1_794' title='bbox 2902 4810 3089 4856; x_wconf 82' lang='lat' dir='ltr'><strong>utrum</strong></span> <span class='ocrx_word' id='word_1_795' title='bbox 3136 4799 3366 4870; x_wconf 89' lang='lat' dir='ltr'><strong>diligant</strong></span> <span class='ocrx_word' id='word_1_796' title='bbox 3414 4798 3596 4869; x_wconf 90' lang='lat' dir='ltr'><strong>ipsum</strong></span> <span class='ocrx_word' id='word_1_797' title='bbox 3637 4798 3768 4852; x_wconf 86' lang='lat' dir='ltr'><strong>inno-</strong></span> 
     </span>
    </p>
   </div>
   <div class='ocr_carea' id='block_1_108' title="bbox 2203 4893 3768 4964">
    <p class='ocr_par' dir='ltr' id='par_1_108' title="bbox 2203 4893 3768 4964">
     <span class='ocr_line' id='line_1_108' title="bbox 2203 4893 3768 4964; baseline -0.004 -15"><span class='ocrx_word' id='word_1_798' title='bbox 2203 4903 2394 4950; x_wconf 88' lang='lat' dir='ltr'><strong>tescat.</strong></span> <span class='ocrx_word' id='word_1_799' title='bbox 2427 4893 2586 4950; x_wconf 85' lang='lat' dir='ltr'><strong>Nunc</strong></span> <span class='ocrx_word' id='word_1_800' title='bbox 2639 4902 2812 4949; x_wconf 89' lang='lat' dir='ltr'><strong>tentat</strong></span> <span class='ocrx_word' id='word_1_801' title='bbox 2857 4909 2958 4949; x_wconf 90' lang='lat' dir='ltr'><strong>vos</strong></span> <span class='ocrx_word' id='word_1_802' title='bbox 2997 4909 3094 4964; x_wconf 90' lang='lat' dir='ltr'><strong>per</strong></span> <span class='ocrx_word' id='word_1_803' title='bbox 3149 4893 3349 4963; x_wconf 73' lang='lat' dir='ltr'><strong>inopia:</strong></span> <span class='ocrx_word' id='word_1_804' title='bbox 3391 4894 3689 4956; x_wconf 87' lang='lat' dir='ltr'><strong>molestias,</strong></span> <span class='ocrx_word' id='word_1_805' title='bbox 3727 4899 3768 4944; x_wconf 82' lang='lat' dir='ltr'><strong>ct</strong></span> 
     </span>
    </p>
   </div>
   <div class='ocr_carea' id='block_1_109' title="bbox 2201 4984 3768 5059">
    <p class='ocr_par' dir='ltr' id='par_1_109' title="bbox 2201 4984 3768 5059">
     <span class='ocr_line' id='line_1_109' title="bbox 2201 4984 3768 5059; baseline -0.002 -17"><span class='ocrx_word' id='word_1_806' title='bbox 2201 5003 2300 5059; x_wconf 88' lang='lat' dir='ltr'><strong>per</strong></span> <span class='ocrx_word' id='word_1_807' title='bbox 2343 4987 2595 5044; x_wconf 89' lang='lat' dir='ltr'><strong>assiduas</strong></span> <span class='ocrx_word' id='word_1_808' title='bbox 2628 4987 3029 5042; x_wconf 89' lang='lat' dir='ltr'><strong>inimicantium</strong></span> <span class='ocrx_word' id='word_1_809' title='bbox 3078 4986 3235 5041; x_wconf 88' lang='lat' dir='ltr'><strong>vobis</strong></span> <span class='ocrx_word' id='word_1_810' title='bbox 3271 5001 3589 5056; x_wconf 89' lang='lat' dir='ltr'><strong>pressuras.</strong></span> <span class='ocrx_word' id='word_1_811' title='bbox 3637 4984 3768 5052; x_wconf 84' lang='lat' dir='ltr'><strong>Quod</strong></span> 
     </span>
    </p>
   </div>
   <div class='ocr_carea' id='block_1_110' title="bbox 2201 5077 3767 5149">
    <p class='ocr_par' dir='ltr' id='par_1_110' title="bbox 2201 5077 3767 5149">
     <span class='ocr_line' id='line_1_110' title="bbox 2201 5077 3767 5149; baseline -0.004 -13"><span class='ocrx_word' id='word_1_812' title='bbox 2201 5081 2249 5136; x_wconf 92' lang='lat' dir='ltr'><strong>si</strong></span> <span class='ocrx_word' id='word_1_813' title='bbox 2289 5088 2473 5135; x_wconf 87' lang='lat' dir='ltr'><strong>tantas</strong></span> <span class='ocrx_word' id='word_1_814' title='bbox 2518 5078 2835 5134; x_wconf 89' lang='lat' dir='ltr'><strong>intulissent</strong></span> <span class='ocrx_word' id='word_1_815' title='bbox 2862 5078 3022 5134; x_wconf 88' lang='lat' dir='ltr'><strong>nobis</strong></span> <span class='ocrx_word' id='word_1_816' title='bbox 3057 5077 3309 5148; x_wconf 89' lang='lat' dir='ltr'><strong>injurias,</strong></span> <span class='ocrx_word' id='word_1_817' title='bbox 3331 5087 3575 5149; x_wconf 88' lang='lat' dir='ltr'><strong>quantas</strong></span> <span class='ocrx_word' id='word_1_818' title='bbox 3607 5087 3658 5133; x_wconf 89' lang='lat' dir='ltr'><strong>et</strong></span> <span class='ocrx_word' id='word_1_819' title='bbox 3686 5092 3767 5130; x_wconf 87' lang='lat' dir='ltr'><strong>nos</strong></span> 
     </span>
    </p>
   </div>
   <div class='ocr_carea' id='block_1_111' title="bbox 2199 5171 3769 5243">
    <p class='ocr_par' dir='ltr' id='par_1_111' title="bbox 2199 5171 3769 5243">
     <span class='ocr_line' id='line_1_111' title="bbox 2199 5171 3769 5243; baseline -0.003 -15"><span class='ocrx_word' id='word_1_820' title='bbox 2199 5173 2283 5228; x_wconf 90' lang='lat' dir='ltr'><strong>eis</strong></span> <span class='ocrx_word' id='word_1_821' title='bbox 2317 5171 2723 5243; x_wconf 87' lang='lat' dir='ltr'><strong>irrogavimus?</strong></span> <span class='ocrx_word' id='word_1_822' title='bbox 2761 5172 2808 5227; x_wconf 91' lang='lat' dir='ltr'><strong>si</strong></span> <span class='ocrx_word' id='word_1_823' title='bbox 2842 5179 2924 5227; x_wconf 90' lang='lat' dir='ltr'><strong>tot</strong></span> <span class='ocrx_word' id='word_1_824' title='bbox 2967 5172 3034 5227; x_wconf 90' lang='lat' dir='ltr'><strong>de</strong></span> <span class='ocrx_word' id='word_1_825' title='bbox 3069 5171 3230 5226; x_wconf 89' lang='lat' dir='ltr'><strong>nobis</strong></span> <span class='ocrx_word' id='word_1_826' title='bbox 3274 5171 3629 5239; x_wconf 88' lang='lat' dir='ltr'><strong>occidissent,</strong></span> <span class='ocrx_word' id='word_1_827' title='bbox 3659 5180 3769 5241; x_wconf 89' lang='lat' dir='ltr'><strong>quot</strong></span> 
     </span>
    </p>
   </div>
   <div class='ocr_carea' id='block_1_112' title="bbox 2200 5263 3769 5336">
    <p class='ocr_par' dir='ltr' id='par_1_112' title="bbox 2200 5263 3769 5336">
     <span class='ocr_line' id='line_1_112' title="bbox 2200 5263 3769 5336; baseline -0.001 -16"><span class='ocrx_word' id='word_1_828' title='bbox 2200 5265 2268 5320; x_wconf 89' lang='lat' dir='ltr'><strong>de</strong></span> <span class='ocrx_word' id='word_1_829' title='bbox 2300 5264 2408 5321; x_wconf 90' lang='lat' dir='ltr'><strong>illis</strong></span> <span class='ocrx_word' id='word_1_830' title='bbox 2437 5280 2542 5322; x_wconf 67' lang='lat' dir='ltr'><strong>nos.</strong></span> <span class='ocrx_word' id='word_1_831' title='bbox 2560 5265 3004 5335; x_wconf 81' lang='lat' dir='ltr'><strong>prostravimus‘!</strong></span> <span class='ocrx_word' id='word_1_832' title='bbox 3031 5265 3078 5320; x_wconf 93' lang='lat' dir='ltr'><strong>si</strong></span> <span class='ocrx_word' id='word_1_833' title='bbox 3118 5263 3318 5334; x_wconf 90' lang='lat' dir='ltr'><strong>aliquis</strong></span> <span class='ocrx_word' id='word_1_834' title='bbox 3345 5265 3416 5320; x_wconf 91' lang='lat' dir='ltr'><strong>de</strong></span> <span class='ocrx_word' id='word_1_835' title='bbox 3440 5266 3769 5336; x_wconf 72' lang='lat' dir='ltr'><strong>nobls_supe~</strong></span> 
     </span>
    </p>
   </div>
   <div class='ocr_carea' id='block_1_113' title="bbox 2201 5355 3769 5430">
    <p class='ocr_par' dir='ltr' id='par_1_113' title="bbox 2201 5355 3769 5430">
     <span class='ocr_line' id='line_1_113' title="bbox 2201 5355 3769 5430; baseline -0.002 -18"><span class='ocrx_word' id='word_1_836' title='bbox 2201 5365 2393 5424; x_wconf 89' lang='lat' dir='ltr'><strong>resset,</strong></span> <span class='ocrx_word' id='word_1_837' title='bbox 2432 5356 2558 5426; x_wconf 84' lang='lat' dir='ltr'><strong>jure</strong></span> <span class='ocrx_word' id='word_1_838' title='bbox 2606 5355 2697 5412; x_wconf 92' lang='lat' dir='ltr'><strong>ille</strong></span> <span class='ocrx_word' id='word_1_839' title='bbox 2735 5357 2998 5428; x_wconf 89' lang='lat' dir='ltr'><strong>conqueri</strong></span> <span class='ocrx_word' id='word_1_840' title='bbox 3035 5357 3326 5427; x_wconf 89' lang='lat' dir='ltr'><strong>potuisset.</strong></span> <span class='ocrx_word' id='word_1_841' title='bbox 3366 5355 3475 5413; x_wconf 89' lang='lat' dir='ltr'><strong>Sed</strong></span> <span class='ocrx_word' id='word_1_842' title='bbox 3508 5374 3609 5430; x_wconf 91' lang='lat' dir='ltr'><strong>pro</strong></span> <span class='ocrx_word' id='word_1_843' title='bbox 3645 5369 3769 5413; x_wconf 78' lang='lat' dir='ltr'><strong>certo</strong></span> 
     </span>
    </p>
   </div>
   <div class='ocr_carea' id='block_1_114' title="bbox 2203 5433 3770 5522">
    <p class='ocr_par' dir='ltr' id='par_1_114' title="bbox 2203 5433 3770 5522">
     <span class='ocr_line' id='line_1_114' title="bbox 2203 5433 3770 5522; baseline -0.001 -17"><span class='ocrx_word' id='word_1_844' title='bbox 2203 5450 2299 5522; x_wconf 89' lang='lat' dir='ltr'><strong>qui</strong></span> <span class='ocrx_word' id='word_1_845' title='bbox 2321 5433 2691 5521; x_wconf 80' lang='lat' dir='ltr'><strong>conqueretur</strong></span> <span class='ocrx_word' id='word_1_846' title='bbox 2744 5450 2929 5504; x_wconf 90' lang='lat' dir='ltr'><strong>nullus</strong></span> <span class='ocrx_word' id='word_1_847' title='bbox 2983 5441 3149 5520; x_wconf 84' lang='lat' dir='ltr'><strong>esset,</strong></span> <span class='ocrx_word' id='word_1_848' title='bbox 3202 5452 3470 5521; x_wconf 88' lang='lat' dir='ltr'><strong>quoniam</strong></span> <span class='ocrx_word' id='word_1_849' title='bbox 3516 5467 3674 5507; x_wconf 89' lang='lat' dir='ltr'><strong>nemo</strong></span> <span class='ocrx_word' id='word_1_850' title='bbox 3700 5467 3770 5506; x_wconf 85' lang='lat' dir='ltr'><strong>su-</strong></span> 
     </span>
    </p>
   </div>
   <div class='ocr_carea' id='block_1_115' title="bbox 2199 5539 3769 5611">
    <p class='ocr_par' dir='ltr' id='par_1_115' title="bbox 2199 5539 3769 5611">
     <span class='ocr_line' id='line_1_115' title="bbox 2199 5539 3769 5611; baseline 0.001 -16"><span class='ocrx_word' id='word_1_851' title='bbox 2199 5548 2410 5611; x_wconf 84' lang='lat' dir='ltr'><strong>perstes</strong></span> <span class='ocrx_word' id='word_1_852' title='bbox 2433 5539 2808 5597; x_wconf 87' lang='lat' dir='ltr'><strong>remansisset.</strong></span> <span class='ocrx_word' id='word_1_853' title='bbox 2839 5539 3131 5611; x_wconf 89' lang='lat' dir='ltr'><strong>Propterea</strong></span> <span class='ocrx_word' id='word_1_854' title='bbox 3179 5541 3349 5597; x_wconf 88' lang='lat' dir='ltr'><strong>nolite</strong></span> <span class='ocrx_word' id='word_1_855' title='bbox 3383 5542 3651 5609; x_wconf 86' lang='lat' dir='ltr'><strong>diffidere,</strong></span> <span class='ocrx_word' id='word_1_856' title='bbox 3692 5540 3769 5596; x_wconf 84' lang='lat' dir='ltr'><strong>sed</strong></span> 
     </span>
    </p>
   </div>
   <div class='ocr_carea' id='block_1_116' title="bbox 2199 5625 3770 5706">
    <p class='ocr_par' dir='ltr' id='par_1_116' title="bbox 2199 5625 3770 5706">
     <span class='ocr_line' id='line_1_116' title="bbox 2199 5625 3770 5706; baseline -0.002 -14"><span class='ocrx_word' id='word_1_857' title='bbox 2199 5625 2374 5693; x_wconf 85' lang='lat' dir='ltr'><strong>estote</strong></span> <span class='ocrx_word' id='word_1_858' title='bbox 2393 5635 2498 5691; x_wconf 92' lang='lat' dir='ltr'><strong>viri</strong></span> <span class='ocrx_word' id='word_1_859' title='bbox 2515 5635 2744 5703; x_wconf 90' lang='lat' dir='ltr'><strong>cordati,</strong></span> <span class='ocrx_word' id='word_1_860' title='bbox 2771 5636 3032 5706; x_wconf 89' lang='lat' dir='ltr'><strong>quoniam</strong></span> <span class='ocrx_word' id='word_1_861' title='bbox 3060 5634 3174 5695; x_wconf 89' lang='lat' dir='ltr'><strong>siin</strong></span> <span class='ocrx_word' id='word_1_862' title='bbox 3193 5636 3314 5704; x_wconf 86' lang='lat' dir='ltr'><strong>ipso</strong></span> <span class='ocrx_word' id='word_1_863' title='bbox 3337 5637 3546 5705; x_wconf 84' lang='lat' dir='ltr'><strong>vivitis,</strong></span> <span class='ocrx_word' id='word_1_864' title='bbox 3574 5647 3664 5693; x_wconf 91' lang='lat' dir='ltr'><strong>aut</strong></span> <span class='ocrx_word' id='word_1_865' title='bbox 3689 5651 3770 5706; x_wconf 83' lang='lat' dir='ltr'><strong>pro</strong></span> 
     </span>
    </p>
   </div>
   <div class='ocr_carea' id='block_1_117' title="bbox 2201 5718 3769 5800">
    <p class='ocr_par' dir='ltr' id='par_1_117' title="bbox 2201 5718 3769 5800">
     <span class='ocr_line' id='line_1_117' title="bbox 2201 5718 3769 5800; baseline -0.001 -17"><span class='ocrx_word' id='word_1_866' title='bbox 2201 5728 2324 5800; x_wconf 90' lang='lat' dir='ltr'><strong>ipso</strong></span> <span class='ocrx_word' id='word_1_867' title='bbox 2374 5729 2676 5796; x_wconf 88' lang='lat' dir='ltr'><strong>morimini,</strong></span> <span class='ocrx_word' id='word_1_868' title='bbox 2706 5729 2841 5786; x_wconf 90' lang='lat' dir='ltr'><strong>estis</strong></span> <span class='ocrx_word' id='word_1_869' title='bbox 2884 5718 3048 5784; x_wconf 83' lang='lat' dir='ltr'><strong>beati.</strong></span> <span class='ocrx_word' id='word_1_870' title='bbox 3087 5748 3106 5782; x_wconf 70' lang='grc' dir='ltr'><strong><em>ι</em></strong></span> <span class='ocrx_word' id='word_1_871' title='bbox 3141 5739 3237 5784; x_wconf 83' lang='lat' dir='ltr'><strong>ms</strong></span> <span class='ocrx_word' id='word_1_872' title='bbox 3277 5739 3335 5785; x_wconf 90' lang='lat' dir='ltr'><strong>et</strong></span> <span class='ocrx_word' id='word_1_873' title='bbox 3375 5731 3582 5793; x_wconf 78' lang='lat' dir='ltr'><strong>talibus</strong></span> <span class='ocrx_word' id='word_1_874' title='bbox 3630 5730 3769 5786; x_wconf 72' lang='lat' dir='ltr'><strong>dictis</strong></span> 
     </span>
    </p>
   </div>
   <div class='ocr_carea' id='block_1_118' title="bbox 2205 5821 3767 5900">
    <p class='ocr_par' dir='ltr' id='par_1_118' title="bbox 2205 5821 3767 5900">
     <span class='ocr_line' id='line_1_118' title="bbox 2205 5821 3767 5900; baseline 0.001 -24"><span class='ocrx_word' id='word_1_875' title='bbox 2205 5821 2420 5881; x_wconf 86' lang='lat' dir='ltr'><strong>animos</strong></span> <span class='ocrx_word' id='word_1_876' title='bbox 2460 5837 2651 5880; x_wconf 84' lang='lat' dir='ltr'><strong>eorum</strong></span> <span class='ocrx_word' id='word_1_877' title='bbox 2683 5829 2991 5892; x_wconf 82' lang='lat' dir='ltr'><strong>enervatas,</strong></span> <span class='ocrx_word' id='word_1_878' title='bbox 3041 5822 3299 5878; x_wconf 90' lang='lat' dir='ltr'><strong>robustos</strong></span> <span class='ocrx_word' id='word_1_879' title='bbox 3347 5821 3607 5900; x_wconf 83' lang='lat' dir='ltr'><strong>reddidit,</strong></span> <span class='ocrx_word' id='word_1_880' title='bbox 3643 5833 3691 5880; x_wconf 85' lang='lat' dir='ltr'><strong>et</strong></span> <span class='ocrx_word' id='word_1_881' title='bbox 3721 5823 3767 5877; x_wconf 82' lang='lat' dir='ltr'><strong>in</strong></span> 
     </span>
    </p>
   </div>
  </div>
