3806 6306
89 365 172 424 τοι
867 361 1170 422 BOBERTI
1189 361 1517 423 .HONACHI
1547 361 1632 420 Ill!

1807 361 2152 424 IIEROSOL.
2185 397 2254 410 -
2295 367 2424 428 un.
2465 368 2548 444 Iv

83 482 390 544 destinatas
428 487 638 536 metues
673 477 991 536 virilitatem
1027 479 1263 536 induxit.
1295 478 1496 537 Paucis
1533 480 1624 536 de.-
1659 481 1702 544 ,Δ

81 578 226 648 tuque
269 573 462 630 diebus
505 572 738 629 evolutis
775 573 958 629 hiems
993 588 1190 644 aspera
1236 572 1529 640 inhorruit,
1577 581 1634 630 et

80 670 126 724 in
149 666 330 723 castris
358 663 605 721 ciborum
635 664 974 720 abundantia
1003 665 1246 720 evanuit.
1279 663 1360 719 Illi
1379 665 1475 735 qui
1501 678 1635 720 ven-

78 761 188 816 dere
211 757 354 813 cibos
401 755 686 822 solebant,
717 756 939 812 nivibus
978 766 1034 812 et
1075 756 1248 827 glacie
1285 756 1630 827 prohibente,

77 851 358 907 nullatenus
385 849 576 905 venire
599 847 877 904 valebant.
913 847 1186 904 Cursores
1227 848 1504 905 exercitus
1535 848 1632 919 qui

79 959 228 1014 usque
255 941 320 997 ad
349 951 553 998 terram
595 941 1032 997 Sarracenorum
1055 941 1527 1009 transcurrebant,
1554 941 1636 997 ni-

75 1037 138 1093 hil
169 1049 385 1107 prorsus
411 1033 781 1101 inveniebant,
808 1033 941 1104 quia
981 1048 1175 1089 omnes
1213 1033 1284 1089 de
1319 1041 1442 1090 toto
1475 1042 1634 1090 terrae

75 1128 197 1183 illius
221 1125 476 1192 conﬁnio,
509 1136 604 1183 aut
639 1127 800 1196 longe
825 1125 1100 1198 fugerant,
1125 1134 1221 1182 aut
1253 1125 1310 1181 in
1333 1126 1632 1197 speluncis,

71 1219 223 1274 autin
245 1219 494 1275 cavernis
540 1227 825 1290 petrarum
861 1218 1219 1274 delituerant.
1248 1217 1500 1290 Cumque
1529 1218 1635 1274 Ar-

71 1311 212 1366 menii
233 1319 284 1366 et
306 1309 508 1366 Sorani
533 1310 802 1366 vidissent
829 1310 887 1366 in
925 1319 1081 1366 tanto
1113 1310 1436 1368 discrimine
1471 1309 1636 1367 famis

69 1411 262 1458 nostros
303 1417 428 1458 esse
471 1403 702 1474 positos,
755 1417 854 1474 per
886 1412 1019 1459 nota
1068 1403 1188 1458 loca
1221 1404 1634 1476 gradiebantur,

68 1493 270 1550 sollicite
312 1493 679 1565 inquirentes,
734 1495 783 1550 si
821 1495 956 1566 quid
1001 1494 1330 1563 invenirent,
1385 1496 1532 1568 quod
1564 1496 1636 1552 ad

69 1596 263 1643 nostros
302 1587 500 1644 afferre
542 1588 810 1644 valerent.
858 1587 966 1645 Sed
1010 1589 1158 1661 apud
1203 1598 1388 1646 tantos
1439 1605 1633 1661 parum

66 1689 184 1746 erat,
231 1696 330 1737 nec
381 1689 552 1738 tantae
609 1683 952 1739 multitudini
1003 1685 1343 1756 suppetebat,
1396 1694 1453 1742 et
1511 1684 1636 1742 ideo

65 1773 373 1829 vestiebatur
400 1775 709 1832 asinarium
739 1791 882 1834 onus
924 1775 1187 1834 frumenti
1235 1786 1444 1849 septem
1476 1778 1638 1835 libra-

66 1881 166 1919 rum
194 1867 393 1935 pretio,
432 1883 600 1922 ovum
635 1867 928 1925 duodecim
963 1869 1232 1937 denariis;
1269 1878 1326 1926 et
1356 1886 1466 1926 una
1499 1886 1634 1940 nux,

64 1972 157 2012 uno
193 1957 322 2028 (43).
375 1957 455 2015 Ut
503 1959 636 2031 quid
687 1961 945 2019 universa
989 1978 1332 2034 percurram,
1373 1963 1500 2020 cum
1545 1979 1640 2019 ea-

64 2065 166 2103 rum
192 2050 358 2108 nimis
397 2053 742 2108 vendebatur
778 2054 1047 2126 quidquid
1087 2057 1252 2113 vilius
1291 2057 1634 2126 habebatur;

65 2150 256 2212 propter
299 2143 456 2214 quod
503 2145 661 2200 multi
697 2144 843 2202 fame
887 2147 964 2203 ibi
1010 2148 1314 2220 perierunt,
1367 2148 1464 2222 qui
1493 2149 1639 2207 unde

64 2230 242 2301 aliquid
269 2243 542 2302 emerent,
571 2249 682 2292 non
707 2235 1041 2294 habuerunt.
1073 2240 1254 2312 Cepit
1278 2241 1467 2312 itaque
1501 2241 1638 2298 oriri

64 2321 292 2381 intereos
318 2341 526 2398 magna
551 2327 924 2386 inconstantia
953 2331 1287 2399 animorum,
1316 2333 1518 2390 mentis
1537 2333 1636 2390 de-

65 2413 235 2485 fears,
265 2426 320 2474 et
348 2418 525 2476 totius
564 2420 725 2476 bonae
766 2421 883 2493 spei
929 2422 1248 2481 difﬁdentia.
1277 2424 1344 2482 Et
1369 2427 1500 2497 quid
1533 2426 1638 2483 mi-

66 2522 170 2563 rum
198 2508 244 2564 si
268 2525 600 2582 pauperum,
645 2512 694 2569 si
738 2512 1096 2571 imbecillium
1137 2517 1308 2574 animi
1345 2519 1634 2588 nutabant,

67 2614 174 2654 cum
197 2600 270 2656 illi
298 2603 399 2674 qui
441 2604 768 2661 videbantur
795 2607 958 2676 quasi
1001 2608 1274 2666 columna:
1314 2625 1460 2678 esse,
1498 2611 1636 2668 dell-

66 2691 254 2748 ciebant
279 2695 550 2752 omnino?
585 2695 784 2754 Petrus
827 2699 978 2754 enim
1015 2699 1279 2769 Eremita,
1320 2711 1378 2759 et
1422 2703 1636 2761 Willel-

3217 372 3326 432 702

2351 483 2586 542 CAPUT
2619 482 2712 542 IV.
2919 543 2922 547 λ

1807 570 1960 631 Hanc
1979 575 2168 647 itaque
2197 573 2362 632 famis
2387 577 2764 648 asperitatem,
2793 587 2856 636 ut
2881 595 3016 639 suos
3044 584 3323 656 probaret,

1733 665 1954 721 evenire
1983 665 2238 736 permisit
2276 664 2443 734 Deus,
2473 676 2529 724 et
2567 676 2631 724 ut
2677 677 2857 726 terror
2899 671 3020 743 ejus
3069 675 3223 732 fleret
3266 678 3324 734 in

1735 757 2013 814 universis
2035 759 2374 814 nationibus.
2391 758 2530 816 Nam
2553 769 2610 816 et
2627 777 2761 818 suos
2788 765 3068 834 premebat
3091 767 3322 839 jejunio,

1733 857 1790 906 et
1823 849 2034 906 vicinas
2095 851 2348 906 nationes
2404 866 2594 907 eorum
2652 853 3068 912 disterminabat
3121 859 3321 930 gladio.

1735 939 2019 996 Cadebant
2055 942 2208 998 mille
2240 958 2273 998 a
2312 943 2482 999 latere
2519 945 2708 1013 unius,
2750 954 2806 1002 et
2850 948 3037 1004 decem
3085 953 3257 1007 millia
3292 968 3326 1009 a

1732 1031 1943 1089 dextris
1988 1032 2234 1089 alterius.
2286 1031 2356 1089 Et
2410 1029 2534 1090 ideo
2586 1051 2869 1106 nunquam
2903 1046 2989 1093 est
3024 1055 3056 1095 a
3089 1039 3326 1097 Domino

1736 1121 1829 1176 tali
1859 1121 2286 1194 desperandum,
2319 1123 2448 1195 quia
2486 1141 2830 1198 quaecunque
2875 1129 3007 1200 agit,
3051 1131 3328 1204 diligenti-

1735 1217 1831 1269 bus
1858 1231 1914 1270 se
1952 1225 2305 1287 cooperantur
2329 1217 2387 1272 in
2415 1216 2608 1272 bonum
2639 1218 2816 1291 (Rom.
2840 1237 2960 1289 vm,
2990 1223 3110 1294 28).
3137 1223 3216 1281 Ne
3248 1226 3327 1281 illi

1735 1307 2136 1364 insolescerent
2159 1315 2242 1364 tot
2260 1309 2505 1367 victoriis
2536 1310 2824 1380 bellorum,
2853 1314 3196 1384 opprimebat
3230 1331 3328 1373 eos

1735 1398 1888 1470 gravi
1921 1398 2102 1455 inedia
2131 1399 2493 1470 jejuniorum.
2541 1399 2602 1456 lu
2653 1411 2770 1458 toto
2797 1419 3036 1476 namque
3083 1406 3330 1463 exercitu

1735 1491 1886 1547 mille
1934 1491 2064 1562 equi
2107 1491 2343 1548 inveniri
2390 1507 2502 1548 non
2563 1503 2834 1564 poterant,
2861 1497 2929 1552 ad
2973 1498 3330 1569 pugnandum

1737 1587 1943 1656 idonei,
1982 1596 2044 1643 ut
2083 1603 2183 1660 per
2227 1588 2334 1644 hoc
2363 1588 2730 1645 innotesceret
2762 1592 3024 1662 quoniam
3068 1591 3123 1648 in
3172 1591 3331 1649 forti-

1737 1681 1928 1738 tudine
1946 1681 2076 1753 equi
2106 1696 2216 1737 non
2257 1680 2524 1737 haberent
2549 1679 2841 1750 ﬁduciam;
2885 1682 2984 1738 sed
3037 1683 3094 1739 in
3126 1699 3206 1750 se,
3233 1698 3332 1754 per

1735 1781 1924 1846 quem,
1960 1783 2015 1830 et
2045 1773 2326 1844 quomodo
2351 1774 2601 1842 volebat,
2625 1782 2680 1830 et
2707 1775 2928 1846 quando
2957 1776 3189 1844 volebat,
3236 1792 3332 1830 su-

1739 1867 2024 1938 perabant.
2057 1866 2192 1922 Erat
2223 1866 2448 1938 quidam
2511 1867 2670 1924 miles
2724 1867 2782 1922 in
2837 1869 3078 1924 exercitu
3113 1869 3332 1936 eodem,

1740 1958 1966 2016 nomine
1993 1957 2240 2031 Tetigus,
2272 1959 2426 2015 dives
2471 1960 2616 2030 apud
2662 1975 2816 2028 suos,
2845 1968 2902 2016 et
2942 1960 3335 2016 'nominatissi-

1739 2058 1888 2118 mus’,
1917 2051 1974 2106 in
2000 2049 2284 2106 Romaniae
2309 2050 2560 2121 partibus
2580 2051 2720 2108 bene
2753 2060 2938 2120 notus,
2969 2053 3195 2123 palliato
3226 2069 3334 2108 nu-

1739 2144 1995 2216 gacitatis
2040 2143 2277 2215 tegmine
2305 2142 2542 2198 velatus.
2594 2141 2694 2200 ilic
2734 2144 2884 2200 venit
2926 2145 2995 2200 ad
3036 2145 3334 2216 principes,

1737 2244 1794 2293 et
1841 2237 1921 2292 ait
1950 2235 2062 2292 illis
2094 2251 2108 2289 :
2151 2254 2170 2287 ‹
2206 2233 2279 2290 Ut
2300 2233 2434 2305 quid
2471 2234 2560 2290 hic
2590 2234 2666 2290 ita
2724 2235 3125 2305 torpescimus?
3151 2234 3337 2302 Quare

1736 2343 1862 2400 quae
1889 2327 2050 2384 nobis
2075 2335 2206 2384 sunt
2223 2325 2516 2398 profutura
2541 2341 2654 2382 non
2678 2327 3014 2396 quaerimus?
3049 2326 3107 2383 Si
3129 2327 3336 2384 bonum

1737 2422 1896 2479 vobis
1934 2421 2171 2488 videtur,
2198 2436 2302 2492 ego
2347 2420 2403 2475 in
2450 2419 2728 2492 regionem
2757 2418 3044 2476 Romaniae
3089 2435 3334 2491 pergam,

1735 2523 1791 2571 et
1811 2513 1940 2570 inde
1961 2514 2018 2569 in
2049 2513 2308 2570 fidelitate
2333 2513 2681 2584 imperatoris
2711 2513 2996 2584 copiosum
3025 2522 3337 2568 mercatum

1737 2607 2040 2674 adducam;
2070 2621 2239 2662 naves
2260 2614 2490 2661 onustas
2519 2605 2779 2660 omnibus
2815 2605 3005 2672 rebus,
3036 2603 3335 2672 frumento,

1734 2698 1886 2765 vino,
1909 2697 2054 2766 oleo,
2093 2696 2323 2766 hordeo,
2360 2711 2548 2764 carne,
2586 2694 2788 2765 farina,
2824 2696 3022 2765 caseis,
3057 2711 3156 2767 per
3184 2711 3337 2754 mare

64 2797 169 2838 mus
187 2783 584 2857 Carpentarius
623 2803 898 2848 nocturno
931 2794 1122 2864 elapsu
1165 2794 1222 2849 in
1263 2793 1448 2867 fugam
1490 2797 1638 2853 versi
1736 2791 1935 2847 adduci
1975 2789 2197 2858 faciam,
2235 2800 2291 2844 et
2332 2804 2525 2860 equos,
2557 2789 2759 2856 mulos,
2783 2789 3071 2859 mutasque
3092 2803 3190 2858 per
3218 2795 3336 2844 ten-

63 2885 190 2942 sunt,
209 2886 262 2932 et
280 2894 310 2933 a
339 2895 506 2936 sacra
530 2881 764 2940 fidelium
788 2885 884 2942 Dei
906 2886 1166 2943 societate
1189 2886 1454 2958 disjuncti
1479 2897 1629 2945 sunt."
1737 2900 1877 2940 ram.
1911 2882 1980 2940 Et
2003 2899 2072 2939 ne
2104 2883 2273 2938 ullam
2294 2881 2364 2938 de
2393 2896 2494 2952 me
2519 2897 2672 2952 spem
2708 2880 3028 2948 diffidentiae
3060 2881 3335 2950 habeatis,

65 2964 128 3022 De
159 2967 432 3029 Willelmo
457 2989 592 3031 vero
618 2977 714 3048 qui
747 2977 930 3046 fuerit,
959 2979 1230 3048 dicamus,
1259 2982 1518 3052 quoniam
1557 2983 1626 3040 de
1735 2977 2043 3049 papiliones
2083 2990 2238 3032 meos
2269 2983 2324 3032 et
2357 2975 2558 3031 omnia
2583 2975 2728 3030 bona
2773 2990 2896 3030 mea
2933 2974 3334 3046 derelinquam,

65 3056 202 3118 Petro
237 3065 499 3136 superius
543 3070 879 3127 mentionem
917 3070 1172 3129 fecimus.
1219 3072 1533 3130 Willelmus
1565 3075 1634 3132 de
1738 3069 1846 3126 hoc
1875 3071 2054 3128 solum
2086 3077 2316 3140 excepto
2345 3067 2495 3140 quod
2518 3083 2734 3124 mecum
2767 3066 2958 3122 feram.
2989 3066 3055 3124 Et
3083 3066 3130 3123 si
3155 3067 3338 3124 adhuc

64 3153 206 3255 regali
235 3159 496 3255 prosapia
547 3171 697 3219 ortus
741 3162 868 3232 fuit,
916 3172 972 3220 et
1003 3165 1312 3222 vicecomes
1347 3167 1634 3238 cujusdam
1663 3195 1706 3255 ο
1739 3161 1876 3218 mihi
1903 3162 2214 3230 decreditis,
2243 3162 2443 3233 jurabo
2467 3161 2616 3233 quod
2651 3160 2818 3216 citius
2845 3159 2914 3215 ad
2942 3175 3040 3255 vos
3059 3159 3270 3216 redibo.
3307 3178 3329 3255 ξ

67 3246 182 3318 regii
209 3251 444 3320 castelli,
472 3254 620 3324 quod
659 3254 987 3312 Miliduuum
1027 3256 1250 3325 dicitur,
1296 3233 1430 3313 olim
1449 3263 1452 3266 ’
1471 3258 1638 3315 exsti—
1663 3233 1706 3256 u
1737 3252 2023 3325 Principes
2046 3253 2404 3310 mendacibus
2436 3252 2620 3309 verbis
2655 3252 2806 3308 illius
2830 3251 3199 3318 crediderunt,
3236 3251 3333 3308 sed

65 3336 120 3393 tit
143 3357 155 3393 :
177 3341 266 3411 qui
300 3342 428 3398 ideo
455 3342 852 3416 Carpentarius
880 3347 1048 3418 erepit
1079 3347 1478 3420 eognominari',
1502 3349 1634 3420 quia

64 3425 111 3483 in
150 3429 286 3489 bello
325 3433 512 3490 nullus
554 3434 772 3492 volebat
813 3435 866 3493 ei
915 3437 1220 3494 occursari.
1271 3436 1432 3494 Nulla
1484 3438 1634 3494 enim

65 3517 208 3578 lorica
241 3533 385 3593 erat,
427 3525 582 3596 galea
607 3528 695 3584 vel
711 3527 965 3600 clypeus,
1011 3529 1109 3602 qui
1139 3530 1312 3586 duros
1340 3530 1544 3587 lancem
1568 3531 1636 3586 il-

63 3609 153 3668 lius
191 3616 308 3671 sive
350 3618 640 3675 mucronis
673 3621 974 3678 sustineret
1019 3621 1189 3679 ictus.
1228 3620 1386 3679 Unde
1425 3623 1636 3679 miran-

65 3702 194 3773 dum,
213 3717 269 3764 et
295 3723 419 3764 cum
447 3710 812 3770 admiratione
837 3714 1154 3782 dolendum,
1178 3716 1326 3788 quod
1367 3715 1424 3772 in
1470 3717 1635 3774 talem

63 3809 118 3851 ac
144 3807 348 3856 tantum
407 3802 589 3859 virum
624 3812 775 3862 tanta
839 3807 1040 3866 mentis
1074 3808 1346 3866 bebetudo
1388 3809 1635 3866 incesse-

64 3886 140 3955 rit,
159 3892 302 3961 quod
339 3901 452 3950 tam
492 3896 724 3967 turpiter
749 3911 782 3954 a
815 3899 1014 3956 castris
1052 3901 1299 3958 virorum
1335 3902 1633 3958 illustrium

65 3985 350 4041 recesserit.
384 3985 490 4044 Sed
515 3989 620 4046 hoc
655 4005 766 4046 non
789 4001 938 4048 metu
967 3994 1306 4064 praeliorum,
1349 4005 1410 4050 ut
1445 4010 1636 4065 spera-

63 4083 186 4140 mus,
219 4072 457 4144 fecerat;
487 4077 584 4134 sed
605 4087 813 4135 tantam
844 4080 1009 4138 famis
1047 4083 1306 4154 injuriam
1336 4083 1445 4154 pati
1486 4099 1634 4138 nun-

63 4179 204 4234 quam
235 4169 522 4228 didioerat.
554 4169 712 4240 Quod
741 4173 884 4248 fugte
913 4175 1208 4233 discidium
1231 4185 1293 4232 ut
1315 4176 1636 4234 TancredLs

64 4257 198 4315 miles
219 4258 380 4318 fortis
408 4272 464 4318 et
498 4263 708 4336 integer
748 4266 934 4323 animo
973 4269 1250 4340 cognovit,
1281 4269 1636 4326 vehementer

64 4351 356 4423 condolens,
388 4355 672 4414 insecutus
717 4368 804 4414 est
831 4359 973 4416 .illos
1007 4368 1062 4416 et
1099 4362 1531 4432 comprehendit,
1577 4372 1634 4420 et

63 4455 170 4499 cum
189 4445 453 4506 dedecore
480 4451 682 4506 reverti
707 4453 906 4524 coegit,
929 4462 986 4509 et
1014 4454 1084 4509 ad
1109 4453 1338 4510 domum
1361 4455 1635 4512 Boamun-‘

1734 3355 1790 3402 et
1811 3354 2219 3402 sacramentum
2245 3353 2590 3416 receperunt.
2645 3343 2768 3416 Ipse
2793 3352 2977 3400 autem
3018 3359 3120 3400 nec
3144 3359 3334 3400 sacra-

1735 3445 1983 3494 mentum
2024 3435 2218 3503 tenuit,
2264 3451 2366 3492 nec
2414 3436 2704 3492 verborum
2744 3435 3102 3506 sponsionem
3143 3435 3337 3504 imple-

1733 3530 1833 3586 vit.
1861 3528 1976 3586 Hoc
1999 3529 2121 3585 ideo
2143 3529 2210 3585 de
2235 3528 2322 3584 bis
2344 3528 2560 3592 duobus
2585 3528 2854 3584 militibus
2875 3526 3074 3593 refero,
3102 3535 3166 3582 ut
3181 3526 3336 3598 quis-

1735 3637 1844 3694 que
1868 3621 2136 3693 percipiat
2156 3627 2360 3692 quanta
2387 3628 2605 3692 egestas
2652 3619 2710 3675 in
2755 3619 2954 3676 castris
3000 3618 3187 3684 fuerit,
3210 3633 3336 3690 quae

1733 3713 1899 3770 etiam
1932 3711 2121 3785 fugere
2143 3711 2341 3768 divites
2365 3720 2420 3766 et
2446 3711 2729 3784 perjurarc
2754 3711 3136 3781 compellebat.
3163 3710 3335 3766 Cum—

1735 3789 1844 3877 que
1857 3805 1974 3876 jam
2001 3805 2084 3862 sic
2110 3812 2477 3870 arctarentur,
2503 3811 2558 3859 et
2577 3804 2760 3862 omnis
2781 3804 3024 3859 humana
3051 3819 3177 3873 spes
3201 3818 3328 3859 om-

1734 3898 1868 3954 nino
1901 3897 2177 3963 deliceret,
2205 3895 2442 3966 plurima
2481 3911 2611 3966 pars
2649 3897 2925 3952 exercitus
2977 3905 3126 3951 retro
3166 3895 3334 3952 eundi

1733 3992 2010 4049 licentiam
2037 4007 2070 4048 a
2104 3989 2444 4062 principibus
2465 3989 2759 4061 petierunt,
2785 3998 2840 4045 et
2865 3989 2970 4061 ipsi
2999 3989 3336 4045 unanimiter

1732 4083 1934 4158 flentes
1969 4083 2050 4139 eis
2093 4089 2504 4140 concesserunt.
2543 4079 2616 4137 Ut
2640 4080 2771 4152 quid
2821 4081 2968 4153 enim
3001 4079 3324 4153 retinerent,

1734 4193 1876 4249 quos
1919 4176 2194 4233 consolari
2255 4192 2366 4232 non
2430 4174 2718 4245 poterant?
2771 4173 2911 4229 Dum
2953 4173 3038 4230 sic
3095 4172 3334 4229 invalido

1733 4270 2002 4329 desolatio
2028 4269 2322 4341 pullularet
2368 4269 2425 4324 in
2465 4269 2685 4336 castris,
2714 4276 2769 4326 et
2805 4267 2992 4324 nullus
3018 4267 3192 4322 ullum
3228 4267 3330 4323 ha-

1733 4364 1886 4422 beret
1913 4362 2226 4430 consilium,
2257 4361 2540 4418 miseratio
2569 4361 2755 4417 divina
2793 4360 3020 4416 solitum
3066 4359 3148 4415 eis
3187 4373 3332 4428 pra:-

1735 4457 1877 4514 stitit
1919 4457 2206 4513 auxilium.
2238 4453 2412 4510 Aﬂ'uit
2453 4453 2682 4510 nuntius
2723 4452 2821 4524 qui
2871 4453 3159 4510 innumera
3186 4449 3332 4506 Tur-

63 4531 109 4587 di
138 4537 371 4598 adduxit.
409 4538 534 4598 Non
579 4543 871 4600 dicendum
903 4554 992 4601 est
1030 4544 1079 4602 si
1122 4561 1321 4617 passus
1348 4556 1434 4604 est
1476 4565 1634 4606 vere-
1659 4552 1710 4614 Ι)
1734 4567 1926 4608 eorum
1957 4549 2240 4621 agminum
2279 4546 2453 4603 millia
2483 4561 2649 4618 prope
2679 4546 2874 4604 adesse
2915 4544 3120 4611 retulit,
3159 4551 3216 4598 et
3272 4542 3331 4598 in

63 4625 314 4697 cundiam,
337 4631 435 4702 qui
463 4631 617 4688 nullo
643 4631 868 4705 fugante
895 4634 1100 4693 inierat
1124 4635 1332 4709 fugam.
1364 4638 1632 4698 Dolebant

63 4712 257 4780 plurimi
287 4721 382 4791 qui
421 4737 550 4779 eum
571 4735 908 4796 agnoverant
933 4745 947 4793 ;
976 4728 1419 4786 convitiabantur
1438 4747 1632 4791 omnes

65 4804 145 4871 qui
168 4810 341 4878 qualis
376 4814 664 4870 exstiterat
683 4816 1031 4888 ignorabant.
1065 4819 1308 4878 Tandem
1334 4824 1524 4881 multis
1551 4825 1632 4881 la-

65 4899 274 4989 cessitus
309 4904 560 4978 injuriis,
619 4923 724 4978 pro
768 4912 1076 4968 reverentia
1130 4911 1376 4986 Hugonis
1427 4915 1632 4989 Magni,

63 4988 201 5059 cujus
225 4998 670 5070 consanguineus
687 5010 827 5070 erat,
855 5011 910 5058 et
939 5003 1071 5074 quia
1095 5003 1210 5076 jam
1235 5021 1366 5064 cum
1393 4988 1548 5080 .ipsis
1571 5009 1628 5066 in

65 5087 322 5171 retroactis
363 5091 760 5148 certaminibus
790 5093 1019 5161 honeste
1040 5107 1398 5168 pugnaverat,
1433 5115 1626 5171 pacem

64 5170 287 5246 obtinuit,
309 5181 402 5238 sed
437 5199 726 5254 nunquam
775 5187 1094 5257 seamplius
1133 5189 1210 5246 ita
1249 5170 1622 5262 discessurum

62 5273 220 5323 coram
239 5273 491 5331 omnibus
517 5274 742 5345 juravit.
799 5276 906 5334 Sed
952 5287 1133 5336 tamen
1179 5281 1275 5338 diu
1313 5298 1628 5342 sacramen-

65 5359 159 5502 ἔξω
184 5377 288 5420 non
327 5367 648 5438 custodivit,
695 5370 824 5440 quia
874 5374 1205 5443 quantocius
1256 5377 1436 5447 potuit
1483 5378 1622 5434 clam

97 5456 304 5502 ιεοεςςίι-

97 5456 305 5514 ιεοεεεὶι.

1735 4652 1920 4700 castro
1939 4641 2022 4698 eis
2042 4641 2316 4713 proximo,
2353 4640 2578 4698 nomine
2603 4637 2804 4706 Arech,
2831 4637 2982 4709 quod
3009 4650 3176 4706 supra
3214 4649 3333 4691 me-

1736 4737 2094 4801 moravimus,
2136 4734 2228 4790 illa
2257 4743 2420 4790 nocte
2457 4732 2754 4805 aggregari.
2781 4730 3042 4787 asseruit.
3067 4727 3172 4796 Qui
3206 4727 3331 4784 ideo

1733 4826 1966 4881 latenter
1987 4825 2117 4881 etin
2135 4840 2336 4896 magno
2363 4823 2584 4880 silentio
2610 4822 2922 4887 veniebant,
2945 4819 3330 4896 ut'imparatos

1735 4915 1794 4984 in
1817 4915 2014 4972 castris
2049 4915 2377 4971 invenirent.
2424 4911 2540 4968 Hoc
2569 4912 2778 4968 dictum
2822 4910 3036 4967 cunctis
3064 4909 3327 4977 innotuit,

1734 5018 1790 5066 et
1809 5023 1951 5080 quos
1980 5023 2176 5064 somno
2213 5006 2450 5079 pigritiae
2489 5012 2765 5075 torpentes
2809 5001 3038 5068 invenit,
3062 4999 3328 5058 excitatos

1733 5101 1990 5159 reddidit.
2020 5099 2158 5161 Salit
2178 5109 2234 5156 et
2275 5097 2556 5169 tripudlat,
2588 5097 2683 5166 qui
2712 5103 2872 5151 antea
2915 5091 3197 5150 ambulare
3230 5106 3328 5148 ne—

1735 5193 1943 5264 quibat.
1974 5191 2190 5248 Revixit
2231 5189 2459 5262 spiritus
2496 5188 2750 5256 illorum,
2785 5201 2926 5258 quos
2967 5185 3206 5256 sopierat
3247 5183 3328 5242 in-

1732 5285 1974 5358 digentia
2005 5285 2278 5342 ciborum.
2314 5280 2528 5338 Erectis
2549 5280 2604 5336 in
2632 5279 2832 5336 cmlum
2865 5277 3122 5334 manibus
3150 5275 3326 5334 Deum

1733 5381 1980 5447 laudant,
2004 5388 2057 5436 et
2081 5377 2242 5449 quasi
2262 5376 2379 5448 jam
2401 5373 2655 5442 vicerint,
2681 5373 2936 5430 manibus
2963 5371 3326 5444 applaudunt.

1733 5471 2009 5528 Malebant
2043 5471 2192 5528 enim
2232 5469 2463 5527 honeste
2495 5467 2566 5524 in
2595 5467 2742 5524 bello
2775 5466 2922 5524 mori
2962 5481 3132 5540 quam
3167 5478 3328 5526 θεων

1051 5769 1054 5774 _
1095 5687 1402 5748 NOTULIE
1427 5691 1898 5783 ~MARGINALES
1931 5693 2047 5750 MS.
2084 5691 2240 5751 COD.

68 5806 160 5885 (ιό)
193 5811 304 5874 Nux
329 5828 446 5876 erat
467 5821 524 5877 in
554 5820 754 5894 pretio,
779 5837 906 5902 cum
931 5840 1160 5882 nummo
1179 5833 1430 5887 venditur
1450 5847 1578 5888 uno.

1731 5833 1818 5905 tu
1840 5849 2004 5890 uinus
2029 5848 2450 5910 atque‘novum,
2476 5850 2602 5894 cum
2625 5836 2713 5896 bis
2737 5851 2833 5894 sex
2854 5843 3108 5916 venditur
3129 5845 3320 5914 ovum.
