3846 6306
509 336 620 395 Μ

1078 335 1172 392 AD
1207 332 1662 394 GUDEFRIDUM
1696 331 1990 390 APPEND.
2028 332 2092 390 ll.
2133 365 2206 376 —
2239 332 2513 393 NONUM.
2556 331 2649 390 DE
2691 330 2920 392 BELLO
2949 330 3204 394 SACRO.
3643 344 3720 406 104

512 467 640 508 rum
679 450 865 522 inopia
905 450 1162 507 cruciari.
1203 449 1361 507 Tun‘c
1397 465 1650 522 proceres
1684 450 1956 506 exercitus
2000 463 2097 505 ac-
2122 451 2174 513 Α
2202 449 2276 504 tia
2304 449 2438 506 socii
2467 448 2564 520 qui
2611 448 2668 504 in
2721 448 2920 506 castris
2961 459 3139 517 erant,
3172 449 3376 521 quique
3401 460 3510 510 tota
3531 455 3723 520 diecum

511 553 782 614 ceperunt
807 543 1120 610 consilium,
1158 551 1217 598 ut
1245 559 1372 613 pars
1396 558 1504 598 una
1529 541 1777 597 omnium
1813 541 1871 596 in
1897 542 2096 600 castris

513 645 825 694 remaneret
853 637 922 692 ad
943 635 1398 703 custodiendum;
1425 650 1556 706 pars
1581 635 1748 691 altera
1763 636 1982 692 obviam
2003 651 2098 693 ves

512 729 796 786 aientibus
851 731 958 786 iret
1003 731 1072 786 ad
1117 729 1388 800 praelium.
1430 728 1536 796 Qui
1580 729 1649 785 de
1687 729 1884 786 castris
1937 739 2097 787 nocte

510 822 872 893 egredientes,
916 823 973 876 in
1010 820 1225 876 insidiis
1279 820 1442 891 positi
1473 829 1621 890 sunt,
1649 823 2095 892 pratereuntium

511 903 890 985 praestolantes
926 928 1219 969 occursum
1268 912 1670 984 jacueruntque
1713 914 1855 970 inter
1893 914 2097 970 ﬂumen

509 1014 568 1060 et
588 1005 790 1061 lacum.
822 1004 1049 1060 Summo
1070 1004 1254 1074 itaque
1275 1003 1535 1071 diluculo,
1559 1020 1759 1060 aurora
1783 1005 1966 1061 lumen
1993 1013 2101 1061 ter-

511 1098 592 1153 ris
645 1097 942 1164 deferentc,
995 1097 1266 1152 miserunt
1298 1097 1695 1169 exploratores,
1735 1097 1831 1170 qui
1876 1098 2095 1154 illorum

507 1190 729 1261 "agmina
787 1190 1067 1256 viderent,
1129 1199 1185 1246 et
1244 1205 1369 1247 esse
1446 1204 1638 1246 eorum
1694 1192 2094 1259 renuntiarent,

577 1280 965 1351 Exploratores
992 1280 1312 1337 renuntiant
1329 1288 1411 1335 tot
1435 1281 1651 1337 illorum
1678 1282 1847 1337 millia
1873 1282 2098 1338 insimul

505 1387 572 1428 se
619 1388 902 1442 nunquam
948 1371 1173 1429 vidisse.
1228 1371 1297 1428 Et
1353 1387 1423 1429 ex
1471 1381 1627 1444 parte
1670 1371 1913 1431 ﬂuminis
1958 1374 2097 1432 duas

503 1461 656 1517 acies
681 1471 965 1533 separatas
995 1479 1027 1518 a
1059 1462 1411 1518 multitudine
1433 1463 1593 1534 equis
1617 1462 1984 1522 velocioribus
2004 1482 2098 1522 ac-

505 1569 751 1612 currere.
777 1553 934 1611 Tunc
958 1555 1134 1612 nostri
1159 1553 1213 1610 in
1245 1554 1486 1626 quodam
1517 1555 1659 1610 clivo
1697 1555 1883 1627 positi,
1913 1556 2096 1615 crucis

497 1646 666 1716 tigno
686 1662 811 1703 cum
836 1649 1007 1705 armis
1032 1664 1092 1704 se
1112 1648 1500 1719 prtemuniunt,
1523 1657 1578 1705 et
1597 1665 1795 1706 manus
1818 1649 1872 1704 in
1895 1650 2095 1707 celum

496 1739 861 1808 protendunt,
913 1739 1135 1811 Deoque
1177 1757 1238 1798 se
1263 1742 1634 1811 committunt,
1664 1744 1895 1815 ejusque
1939 1744 2096 1817 flagi-

501 1837 626 1888 tant
649 1831 937 1886 auxilium.
968 1831 1094 1888 Mox
1115 1831 1291 1888 nostri
1320 1834 1764 1903 supervenientes
1801 1835 1924 1892 illos
1948 1837 2096 1893 exci-

504 1920 684 1990 piunt,
709 1931 764 1977 et
787 1923 896 1979 ictu
927 1933 1227 1996 pungentes
1253 1932 1523 1996 quotquot
1544 1926 1787 1995 obviant,
1819 1928 1939 1984 solo
1969 1944 2098 1999 pro-

501 2020 780 2069 sternunt.
827 2014 933 2070 Alii
968 2031 1067 2086 per
1105 2032 1367 2087 campum
1399 2017 1631 2088 dispersi
1677 2019 2092 2090 circumvolant,

500 2101 824 2176 imbresque
851 2116 1242 2164 vcncnatarum
1277 2109 1534 2165 emittunt
1562 2110 1908 2180 sagittarum.
1955 2113 2098 2170 Stri-

504 2197 638 2254 dent
662 2199 936 2268 dentibus,
963 2210 1018 2256 et
1056 2213 1208 2257 more
1241 2218 1440 2257 cauum
1467 2203 1688 2270 latrant,
1721 2205 1850 2276 quia
1892 2215 2096 2264 terrere

501 2288 586 2345 sic
612 2305 745 2347 suos
771 2291 1120 2350 adversarios
1147 2303 1362 2365 putant.
1407 2295 1514 2352 Sed
1553 2297 1670 2354 haec
1695 2299 1871 2354 nostri
1900 2299 2096 2356 irride-

501 2379 652 2448 bant,
684 2392 738 2439 et
783 2386 1012 2450 protecti
1039 2387 1264 2458 clypeis,
1297 2387 1502 2454 loricis,
1535 2389 1727 2460 galeis,
1771 2405 1963 2446 eorum
1991 2391 2096 2446 im-

494 2471 772 2531 missuras
800 2475 1226 2547 vilipendebant.
1255 2477 1359 2533 Sed
1385 2494 1511 2534 cum
1541 2478 1958 2536 innumerabilis
1975 2481 2096 2536 illo-

497 2581 624 2622 rum
653 2569 946 2626 multitudo
975 2570 1335 2641 appropiavit,
1369 2586 1495 2626 cum
1549 2578 1703 2626 tanto
1742 2571 1947 2642 impetu
1990 2589 2093 2628 no-

497 2672 644 2722 atros
671 2665 1012 2731 invaserunt,
1041 2665 1188 2735 quod
1217 2664 1432 2721 modice
1469 2665 1523 2720 in
1555 2664 1740 2738 fugam
1767 2666 1912 2722 versi
1943 2675 2090 2722 sunt.

495 2755 657 2824 Quod
689 2767 748 2813 ut
770 2757 907 2813 vidit
935 2757 1312 2828 Boamundus,
1335 2758 1429 2846 qui
1459 2767 1739 2830 postremo
1769 2759 2097 2816 observabat

501 2850 832 2917 custodiam,
856 2866 981 2907 cum
1027 2866 1128 2907 sua
1174 2852 1291 2908 acie
1327 2853 1580 2923 prorupit
1611 2853 1667 2907 in
1706 2853 1968 2921 medium,
1999 2868 2094 2910 so-

498 2943 728 3015 ciosque
753 2944 1100 3016 recolligens,
1127 2944 1380 3005 inimicos
1410 2945 1665 3016 perduxit
1691 2946 1760 3001 ad
1790 2946 2091 3004 interitum.

499 3035 584 3092 Illi
631 3052 871 3111 namque
914 3047 976 3093 ut
1026 3039 1282 3094 viderunt
1327 3047 1638 3094 nostrorum
1689 3039 1886 3094 vexilla
1928 3054 2095 3110 super

496 3130 731 3186 vertices
757 3145 888 3186 suos
911 3130 1291 3202 dependentia,
1323 3140 1652 3203 nostrosque
1685 3147 1840 3188 more
1870 3133 2088 3188 leonum
2120 3154 2166 3218 ο

499 3223 857 3294 rugientium,
900 3225 956 3278 in
999 3224 1211 3283 medios
1257 3225 1447 3282 hostes
1472 3224 1835 3294 circumferri,
1868 3241 2092 3282 omnes-

495 3330 610 3386 que
630 3316 777 3373 circa
803 3333 861 3373 se
887 3317 1106 3387 laniari,
1134 3328 1331 3389 pavent
1357 3328 1412 3375 et
1439 3320 1860 3388 conturbantur,
1889 3319 2095 3376 versis-

499 3421 608 3478 que
639 3416 784 3464 retro
827 3409 1056 3466 habenis
1103 3426 1371 3482 equorum
1400 3454 1416 3482 ,
1463 3411 1532 3467 ad
1572 3411 1799 3468 Pontcm
1829 3411 2089 3468 Ferreum

501 3517 668 3574 quam
697 3503 982 3559 celerrime
1015 3503 1367 3574 repedantur.
1409 3505 1512 3561 Sed
1541 3506 1673 3576 quid
1702 3506 1867 3561 modo
1893 3504 2092 3561 Francl

497 3593 744 3650 facerent
795 3593 903 3650 nisi
951 3596 1206 3652 cominus
1235 3611 1368 3652 ense
1393 3596 1651 3653 ferirent?
1697 3596 1973 3654 Sternitur
2001 3599 2090 3654 via

493 3686 824 3757 corporibus
872 3687 1244 3756 morientium,
1289 3689 1548 3760 impletur
1581 3707 1678 3747 aer
1716 3693 1941 3750 vocibus
1967 3692 2089 3763 eju-

497 3777 752 3833 lantium.
785 3777 970 3834 Tellus
1001 3778 1305 3836 madefacta
1337 3797 1535 3838 cruore
1563 3783 1933 3850 morientium,
1960 3799 2090 3854 per-

496 3868 712 3925 foratur
735 3869 968 3940 pedibus
995 3872 1434 3929 conculcantium
1455 3889 1746 3946 equorum.
1779 3874 1850 3931 Ut
1874 3876 2090 3932 venitur

498 3959 567 4015 ad
591 3969 833 4030 pontem,
857 3963 946 4017 via
973 3971 1235 4031 arctatur,
1270 3973 1325 4020 et
1347 3979 1456 4020 non
1482 3981 1674 4022 omnes
1701 3981 1840 4037 pons
1861 3968 2086 4038 recepit'

497 4047 640 4107 Hinc
667 4067 832 4122 quam
857 4053 1042 4122 plures
1072 4055 1127 4109 in
1158 4054 1361 4111 ﬂumen
1389 4058 1820 4128 praecipitantur,
1850 4067 1908 4112 ct
1949 4075 2089 4128 quos

497 4143 646 4201 tlnda
667 4145 905 4214 tenebat,
935 4147 1100 4203 celeri
1129 4157 1312 4204 rotatu
1341 4148 1615 4206 involutos
1645 4149 1992 4205 absorbebat.
2025 4150 2091 4206 Et

501 4247 598 4292 cur
639 4251 739 4306 per
780 4237 1007 4310 singula'
1042 4241 1324 4296 morarer?
1367 4239 1540 4311 Major
1565 4256 1694 4312 pars
1732 4241 1894 4311 periit
1921 4258 2087 4312 quam

495 4329 753 4386 evaserit.
783 4329 977 4388 Plures
1004 4331 1175 4389 occisi
1213 4341 1343 4388 sunt
1374 4348 1542 4403 quam
1564 4333 1672 4388 vivi
1701 4335 2085 4393 remanserint.

496 4420 604 4489 Qui
622 4433 940 4493 evaserunt,
965 4425 1033 4480 ad
1056 4434 1303 4483 castrum
1337 4441 1502 4482 suum
1526 4425 1674 4498 quod
1699 4427 1954 4496 superius
1989 4444 2086 4485 no-

2197 541 2410 598 civihus
2433 541 2530 612 qui
2569 540 2778 612 egressi
2815 550 2948 596 sunt
2975 542 3044 597 de
3065 542 3206 598 urbe
3231 557 3604 618 pugnaverant,
3636 555 3723 623 pa}.

2197 649 2457 706 namque
2481 633 2724 690 victoria:
2747 643 3112 704 reportarant.

2818 724 3049 782 CAPUT
3087 725 3154 781 ν.

2271 817 2428 874 Tunc
2454 825 2729 889 gemmata
2754 816 2939 872 laetitia
2972 816 3208 888 duplicis
3236 817 3496 887 victorias,
3525 818 3729 883 festivum

2199 918 2414 981 tempus
2442 909 2653 978 ,eﬂ‘eeit,
2705 917 2760 965 et
2805 925 2900 966 eos
2949 910 3044 980 qui
3074 911 3333 982 egestatis
3377 927 3599 969 maerore
3631 933 3732 974 eon-

2197 1003 2402 1074 sumpti
2447 1019 2586 1074 pene
2631 1011 2828 1071 erant,
2886 1001 3095 1059 refecit.
3145 1001 3265 1058 Jam
3296 1019 3429 1059 vero
3462 1005 3671 1064 Armenii
3692 1021 3734 1068 et

2199 1095 2424 1165 Surani,
2469 1096 2674 1152 victum
2723 1096 2791 1151 ad
2841 1104 3022 1152 castra
3051 1095 3319 1163 ferebant,
3345 1105 3401 1152 et
3425 1098 3490 1152 de
3515 1097 3640 1155 felici
3659 1120 3734 1158 no-

2198 1197 2438 1246 strorum
2480 1197 2678 1244 eventu
2720 1188 3158 1260 eongaudebant.
3206 1188 3300 1246 Sic
3347 1189 3425 1244 illi
3463 1191 3528 1246 de
3561 1193 3735 1252 civitate

2196 1282 2646 1356 egrediebantur,
2691 1291 2746 1338 et
2775 1282 2917 1338 inter
2963 1297 3097 1338 saxa
3142 1283 3414 1338 montium
3460 1285 3734 1355 latitahant,

2199 1375 2710 1446 insidiabanturque
2761 1375 2872 1432 illis
2931 1376 3027 1446 qui
3081 1375 3289 1432 victum
3349 1376 3658 1444 all'erebant,
3695 1391 3737 1435 et

2197 1475 2468 1538 quotquot
2496 1466 2958 1537 comprehendere
2979 1475 3240 1538 poterant
3261 1467 3589 1523 occidebant.
3615 1469 3737 1536 Quod

2198 1559 2355 1615 valde
2383 1559 2752 1615 mmstificavit
2779 1575 3054 1631 proceres,
3085 1568 3142 1616 et
3174 1576 3341 1631 super
3370 1560 3472 1616 hoc
3496 1563 3736 1619 consilium

2198 1647 2461 1718 inierunt,
2488 1649 2904 1722 remediumque
2951 1651 3084 1706 huic
3110 1651 3411 1706 calamitati
3446 1665 3736 1722 repererunt.

2199 1739 2455 1798 Castrum
2484 1751 2912 1799 construxerunt
2939 1753 3067 1799 ante
3095 1751 3311 1815 portam
3342 1745 3589 1813 civitatis,
3609 1762 3741 1817 super

2197 1842 2418 1906 pontem
2444 1835 2600 1906 juxta
2633 1835 3086 1904 Machumariam,
3131 1837 3280 1906 quod
3328 1837 3450 1893 illos
3478 1838 3617 1894 valde
3640 1855 3739 1908 per-

2193 1926 2430 1994 domuit,
2463 1927 2727 1997 quoniam
2755 1927 3015 1998 deinceps
3056 1929 3242 1984 nullus
3269 1944 3463 1983 eorum
3506 1929 3638 1985 exire
3670 1947 3742 2000 per

2195 2027 2417 2090 pontem
2443 2033 2616 2076 ausus
2644 2018 2766 2076 fuit.
2817 2019 2886 2079 Et
2933 2029 3064 2076 tunc
3093 2021 3222 2091 quia
3251 2029 3555 2078 castrenses
3576 2024 3633 2078 ad
3663 2026 3744 2080 hoc

2195 2108 2564 2180 peragendum
2614 2125 2752 2180 opus
2796 2125 2909 2166 non
2955 2111 3316 2177 sulliclebant,
3354 2112 3682 2171 Boamundus
3705 2125 3743 2171 et

2195 2216 2384 2258 comes
2429 2202 2606 2258 sancti
2657 2201 2864 2274 Egidii
2913 2203 2982 2258 ad
3028 2203 3254 2259 Portum
3293 2203 3480 2260 Sancti
3513 2205 3745 2264 Simeonis

2195 2304 2575 2364 perrexerunt,
2607 2303 2663 2350 et
2700 2295 2827 2350 inde
2854 2295 3141 2365 operarios
3167 2297 3346 2366 pretio
3373 2295 3624 2352 adducere
3653 2308 3745 2352 stu-

2194 2384 2452 2440 duerunt.
2483 2385 2635 2452 Quos
2664 2401 2789 2441 cum
2817 2386 3193 2452 adducerent,
3247 2385 3458 2442 Turcos
3505 2387 3591 2457 qui
3617 2398 3749 2444 nocte

2195 2478 2290 2534 illa
2318 2479 2386 2536 de
2416 2479 2637 2536 civitate
2663 2479 2931 2547 exierant,
2977 2480 3033 2535 in
3081 2480 3300 2537 insidiis
3324 2483 3532 2552 positos
3559 2481 3748 2538 invene.

2197 2579 2347 2638 runt,
2377 2572 2474 2642 qui
2501 2572 2791 2629 subitaneo
2816 2573 3044 2628 incursu
3077 2581 3192 2628 tam
3221 2571 3438 2628 fortiter
3459 2581 3664 2628 nostros
3687 2589 3750 2626 m-

2194 2674 2477 2734 vaserunt,
2503 2666 2864 2736 quoadusque
2887 2665 3010 2722 illos
3040 2666 3134 2737 qui
3159 2666 3377 2736 equites
3404 2675 3556 2722 erant
3577 2667 3750 2736 absque

2196 2757 2306 2812 ulla
2333 2756 2653 2812 certaminis
2677 2757 3120 2813 reverberatione
3161 2756 3217 2810 in
3273 2764 3533 2812 montana
3564 2755 3749 2828 fugave-

2196 2857 2345 2906 runt.
2380 2849 2595 2906 Pedites
2629 2849 2723 2921 qui
2752 2849 2940 2921 fugere
2969 2866 3078 2905 non
3110 2858 3429 2921 potuerunt,
3471 2851 3638 2906 diram
3673 2868 3748 2906 ne-

2196 2958 2314 3000 cem
2347 2944 2590 3015 perpessi
2621 2953 2784 3011 sunt;
2835 2944 2930 2999 sed
2960 2953 3168 3014 quanto
3195 2943 3300 2998 fuit
3323 2945 3523 3010 acrior,
3552 2952 3689 2999 tanto
3711 2953 3750 2999 et

2195 3037 2506 3109 gloriosior.
2557 3036 2624 3094 Et
2648 3037 2743 3109 qui
2777 3039 2851 3094 ibi
2893 3038 3096 3093 mortui
3122 3047 3271 3104 sunt,
3305 3037 3420 3094 fere
3468 3038 3610 3093 mille
3655 3037 3747 3092 fue-

2196 3140 2344 3198 runt,
2376 3131 2472 3187 sed
2501 3131 2814 3188 occidentes
2859 3132 2955 3187 diu
3001 3131 3175 3203 gavisi
3223 3146 3333 3185 non
3378 3139 3525 3188 sunt.
3575 3131 3750 3189 Relatio

2192 3222 2340 3278 enim
2370 3223 2535 3293 hujus
2563 3223 2860 3279 occisionis
2894 3223 2962 3277 ad
2989 3230 3172 3278 castra
3200 3221 3469 3293 pervenit,
3495 3232 3752 3292 tantosque

2192 3315 2468 3385 principes
2508 3330 2876 3386 proceresque
2920 3315 3236 3370 commovit.
3291 3313 3398 3381 Qui
3427 3315 3584 3386 equis
3610 3314 3751 3386 prosi-

2191 3408 2386 3464 licntes
2434 3409 2500 3464 ad
2554 3408 2923 3465 ulciscendam
2955 3418 3188 3464 mortem
3239 3422 3468 3463 suorum
3521 3409 3750 3464 ordinatis

2191 3501 2504 3574 agminibus
2549 3501 2870 3572 pervolant,
2918 3500 3314 3571 inveniuntque
3363 3516 3460 3556 eos
3509 3501 3673 3556 adhuc
3709 3501 3749 3554 in

2191 3609 2406 3664 campo,
2430 3594 2740 3649 occisorum
2771 3593 2950 3664 capita
2977 3593 3387 3649 detruncantes.
3424 3591 3503 3646 Illi
3533 3608 3653 3649 vero
3678 3607 3751 3646 se-

2189 3700 2466 3755 quaquam
2494 3685 2792 3756 perterriti,
2823 3686 2878 3740 in
2907 3701 3006 3741 sua
3050 3684 3392 3741 confidentes
3439 3686 3750 3742 multitudine

2190 3778 2255 3833 ad
2280 3793 2516 3849 pugnam
2548 3777 3009 3850 congrediuntur;
3057 3777 3154 3834 sed
3205 3775 3414 3832 nostris
3464 3785 3579 3832 toto
3619 3777 3750 3832 corda

2187 3876 2303 3924 tota
2327 3869 2530 3924 virtute
2559 3869 2982 3936 conlidentibus,
3031 3877 3326 3940 postquam
3373 3868 3583 3938 pedites
3611 3868 3749 3924 nostri

2187 3960 2464 4030 equitibus
2489 3960 2792 4016 consociati
2818 3969 2967 4025 sunt,
2992 3959 3047 4012 in
3077 3959 3229 4014 brevi
3259 3969 3608 4029 superantur.
3645 3957 3748 4012 Nam

2189 4060 2250 4106 ut
2278 4052 2535 4107 viderunt
2561 4051 2686 4108 illos
2719 4067 2860 4123 quos
2903 4050 2972 4106 ad
3001 4058 3262 4106 montana
3290 4049 3480 4122 fugere
3504 4049 3748 4121 comqu

2187 4154 2315 4200 rant
2340 4159 2647 4213 accurrere,
2677 4153 3104 4217 nostrorumque
3150 4144 3368 4216 agmina
3421 4144 3631 4200 fortiter
3659 4158 3750 4200 ore.

2190 4250 2366 4304 scere,
2394 4244 2450 4292 et
2473 4236 2772 4293 crescendo
2814 4236 3014 4293 fortius
3059 4237 3336 4304 insistere,
3366 4245 3522 4308 terga
3547 4244 3748 4300 vertunt,

2188 4335 2246 4384 et
2269 4343 2462 4384 versus
2488 4337 2710 4398 pontem
2758 4327 2900 4401 fugae
2949 4329 3096 4384 viam
3144 4329 3442 4400 arripiunt.
3496 4330 3599 4386 Sed
3627 4330 3750 4386 valde

2192 4420 2474 4492 impedivit
2502 4421 2794 4478 difficultas
2823 4423 3038 4480 itineris
3066 4423 3322 4496 angusti,
3375 4424 3508 4495 quia
3555 4440 3648 4481 nec
3685 4423 3750 4478 fu«

495 4515 852 4585 minavimus,
874 4517 1262 4590 confugerunt,
1288 4519 1384 4574 sed
1406 4518 1462 4573 in
1493 4533 1561 4574 eo
1585 4533 1696 4574 non
1717 4518 1812 4575 diu
1835 4535 2090 4590 perman-
2116 4515 2168 4576 D
2193 4529 2320 4586 gere
2347 4529 2582 4584 usquam
2607 4522 2881 4586 poterant,
2917 4529 3020 4570 nec
3065 4516 3332 4571 converti.
3387 4515 3607 4572 Reverti
3633 4526 3750 4571 retro

495 4616 709 4665 serunt.
755 4608 1069 4666 Praedatum
1117 4611 1299 4678 enim,
1347 4625 1583 4670 vacuum
1628 4610 1991 4681 dimiserunt,
2033 4625 2088 4671 et

493 4698 765 4773 fugientes
807 4703 1086 4762 abierunt.
1126 4701 1310 4760 Nostri
1349 4717 1480 4758 vero
1521 4702 1653 4758 illud
1700 4703 1994 4776 accipiunt,
2034 4717 2090 4764 et

495 4795 756 4852 custodes
777 4797 872 4867 qui
893 4796 1024 4851 illud
1046 4796 1405 4863 custodirent,
1427 4805 1484 4852 et
1507 4805 1726 4867 pontem
1760 4808 2081 4868 posuerunt.

494 4886 742 4946 Armenii
769 4903 990 4960 quoque
1030 4896 1082 4945 et
1119 4888 1319 4944 Surani
1343 4887 1610 4961 fugientes
1655 4889 1888 4945 insecuti
1931 4899 2081 4962 sunt,

493 4988 550 5038 et
569 4989 721 5036 arcta
754 4981 872 5037 loca
903 4979 1253 5052 anticipando
1287 4982 1490 5038 multos
1521 4983 1840 5038 occiderunt
1872 4983 2086 5055 plures-

495 5087 606 5145 que
630 5075 875 5145 captivos
895 5073 1268 5130 detinuerunt.
1305 5073 1507 5146 Sicque
1539 5075 1637 5130 tilii
1658 5075 1862 5133 diaboli
1887 5093 2086 5134 secun-

493 5163 630 5220 dum
655 5181 817 5220 suum
844 5165 1122 5233 meritum,
1143 5166 1210 5222 de
1233 5166 1390 5222 ruina
1427 5167 1483 5222 in
1518 5167 1734 5223 ruinam
1756 5178 2086 5240 receperunt

493 5253 798 5310 interitum.
829 5254 1014 5313 Nostri
1034 5273 1164 5314 vero
1195 5273 1320 5315 cum
1358 5259 1558 5331 gaudio
1584 5261 1789 5332 ingenti
1811 5262 1880 5318 ad
1901 5271 2084 5318 castra

494 5355 848 5416 remearunt,
896 5349 1227 5408 adducentes
1268 5367 1454 5409 secum
1495 5367 1668 5424 equos
1713 5362 1768 5410 et
1801 5354 1982 5412 mulos
2029 5362 2088 5412 et

495 5439 700 5510 mulas,
733 5449 788 5498 et
809 5443 983 5513 spolia
1002 5445 1259 5516 plurima,
1281 5455 1338 5502 et
1359 5448 1532 5503 multa
1557 5447 1664 5503 alia
1685 5448 2086 5522 quae-indigen-

493 5530 644 5589 tibus
667 5535 834 5591 sociis
855 5537 1009 5593 valde
1029 5547 1185 5594 erant
1210 5540 1539 5596 necessaria.
1585 5539 1878 5598 Multorum
1915 5542 2079 5598 etiam

493 5623 676 5693 capita
696 5635 1037 5686 mortuorum
1060 5632 1223 5688 simul
1243 5633 1562 5699 attulerunt,
1577 5649 1700 5704 quae
1720 5643 1846 5690 ante
1865 5643 2077 5706 portam

493 5711 736 5776 civitatis
765 5733 1085 5792 posuerunt,
1119 5723 1214 5779 ubi
1244 5721 1546 5780 Admiraldi
1572 5725 1883 5797 Babylonia:
1909 5726 2079 5783 habe-

499 5803 636 5864 bant
668 5805 990 5882 hospitium.
1015 5812 1371 5886 Receperunt
1405 5813 1529 5870 illos
1553 5829 1677 5888 eum
1705 5831 1919 5872 summa
1944 5817 2089 5874 ιωιί-

2193 4606 2278 4662 fas
2308 4622 2414 4663 non
2441 4617 2581 4675 erat,
2607 4607 2737 4679 quia
2767 4608 2944 4665 hostis
2989 4608 3253 4680 urgebat;
3304 4609 3498 4666 dextra
3545 4611 3750 4679 laevaque

2189 4700 2408 4769 diverti,
2455 4700 2869 4772 impossibilitas
2913 4703 3130 4773 angusti
3176 4702 3394 4760 itineris
3439 4705 3746 4775 prohibebat,

2187 4793 2402 4863 praeire,
2434 4793 2650 4849 vetabat
2671 4793 2842 4850 densa
2871 4794 3163 4850 multitudo
3190 4793 3542 4865 fugientium.
3586 4795 3748 4865 Sicque

2185 4889 2266 4946 eis
2293 4888 2651 4952 divino_nutu
2681 4889 3022 4962 contigerat,
3075 4898 3137 4947 ut
3182 4906 3286 4948 nec
3315 4891 3525 4964 fugere,
3557 4909 3650 4948 nec
3672 4907 3747 4962 pu-

2191 4997 2365 5054 gnare
2389 4981 2625 5038 licuerit.
2671 4979 2750 5036 lbi
2783 4979 2964 5038 Turco
2993 4997 3094 5039 nec
3124 4983 3361 5038 toxicata
3392 4983 3592 5056 sagitta
3616 4982 3749 5054 proli-

2191 5075 2390 5140 ciebat,
2420 5090 2524 5132 nec
2548 5073 2676 5146 equi
2701 5075 2964 5132 velocitas
2994 5075 3367 5131 subveniebat.
3407 5074 3486 5131 lbi
3515 5077 3746 5147 majorem
3817 5093 3819 5108 ε

2189 5175 2428 5241 stragem
2459 5166 2668 5238 pedites
2685 5175 2916 5238 egerunt
2944 5183 3110 5238 quam
3138 5167 3235 5240 qui
3263 5168 3424 5238 equis
3453 5167 3747 5229 insidebant,

2189 5260 2450 5332 quoniam
2480 5259 2756 5327 certatim,
2806 5267 2868 5316 ut
2917 5258 3147 5316 falcator
3193 5269 3351 5331 prata
3392 5260 3482 5316 vel
3522 5272 3746 5322 messem,

2187 5352 2606 5409 detruncabant.
2658 5351 2775 5408 lllic
2825 5352 3017 5408 satiari
3065 5353 3375 5424 potuissent
3403 5369 3568 5410 enses
3595 5360 3642 5408 et
3665 5349 3746 5405 tela

2184 5444 2416 5500 aliarum
2439 5444 2681 5516 gentium
2705 5442 3008 5499 Turcorum
3036 5444 3325 5516 sanguine,
3348 5445 3444 5501 sed
3466 5444 3596 5517 quia
3615 5441 3749 5498 Fruar

2185 5538 2503 5610 cigenarum
2529 5546 2705 5605 erant,
2736 5552 2838 5594 nec
2864 5537 3094 5593 obtundi
3141 5545 3416 5608 poterant.
3447 5554 3554 5596 nec
3580 5530 3741 5606 repleri

2184 5645 2401 5686 cruore.
2433 5627 2617 5686 Nostri
2646 5637 2860 5685 tantum
2889 5630 3225 5703 pugnabant,
3256 5630 3332 5685 illi
3383 5631 3739 5702 patiebantur;

2185 5721 2363 5778 nostri
2409 5720 2804 5792 percutiebant,
2836 5720 2913 5776 illi
2957 5721 3352 5777 moriebantur.
3405 5720 3517 5778 Nec
3565 5729 3739 5776 tantum

2187 5813 2472 5887 infatigata
2506 5829 2706 5871 manus
2750 5812 3015 5871 dilaniare
3056 5821 3292 5886 poterat,
3334 5823 3600 5888 quantum
3627 5803 3743 5884 quod
