3846 6306
133 395 216 453 m5
878 381 1178 443 ROBERTI
1209 379 1527 442 MONACH}
1553 379 1734 438 lllS'l‘.
1775 375 2144 442 HIEROSOL.
2182 411 2254 426 ~—
2287 381 2420 439 LIB.
2459 379 2554 440 IV.

3224 384 3338 448 τοο

132 505 386 570 άιῘᾺΙὶίθΫεί,
413 498 734 572 reperiebat.
778 498 916 556 inter
960 500 1114 556 vivos
1159 499 1363 556 mortui
1398 497 1638 570 stabant,
1668 501 1716 560 Α
1743 493 1885 564 fuit;
1923 496 2122 554 fluctus
2150 513 2282 556 vero
2307 499 2402 570 qui
2433 498 2744 560 occisorum
2771 513 3002 572 corpora
3025 500 3337 574 absorbuit,

128 603 226 674 quia
265 594 448 654 suﬂ'ulti
490 593 760 650 densitate
804 592 1072 661 vivorum,
1103 592 1299 648 cadere
1343 605 1452 646 non
1485 599 1655 662 pote-.

126 699 250 755 rant;
272 697 318 742 et
341 683 615 742 calamitas
639 693 786 740 tanta
834 699 927 740 eos
955 693 1296 754 oppresserat
1335 683 1480 754 quod
1509 683 1646 738 alter

122 784 309 839 alterum
349 778 400 832 in
443 785 670 831 mortem
712 776 1066 847 opprimebat.
1099 775 1454 832 Tantus‘illos
1483 775 1646 831 timor

123 875 370 935 invaserat,
398 869 539 939 quod
568 869 906 939 subsequens
930 869 1343 939 praecedentem,
1367 877 1428 925 ut
1460 868 1646 941 fugere

119 971 284 1035 posset,
315 961 630 1031 impellebat.
686 960 805 1016 Dux
855 962 1036 1032 itaque
1071 959 1396 1018 Godefridus
1439 961 1646 1018 militia:

119 1056 250 1112 decus
274 1054 533 1126 egregium
553 1097 567 1121 ,
596 1063 660 1109 ut
690 1053 824 1110 vidit
853 1055 998 1126 quod
1024 1069 1186 1110 nemo
1212 1055 1334 1110 illos
1361 1053 1522 1110 ferire
1547 1069 1645 1125 po-

117 1149 213 1214 tuit,
237 1146 331 1203 nisi
358 1155 477 1218 post
501 1147 750 1214 dorsum,
781 1163 922 1218 equo
971 1147 1132 1203 celeri
1179 1148 1414 1203 volitans
1451 1147 1644 1202 antici-

115 1239 231 1310 pavit
269 1239 439 1309 pontis
484 1239 791 1293 introitum.
843 1236 908 1293 Et
944 1252 1066 1308 quae
1096 1237 1278 1309 lingua
1309 1238 1447 1293 valet
1472 1237 1647 1308 expli-

112 1347 212 1387 care
249 1340 466 1402 quantas
494 1339 705 1403 strages
733 1330 843 1386 dux
889 1330 1040 1386 solus
1091 1328 1201 1386 illic
1246 1331 1456 1385 dederit
1481 1347 1646 1402 super

109 1426 387 1496 corporibus
432 1425 609 1496 gentis
661 1424 906 1495 iniquae?
971 1422 1053 1478 llli
1111 1422 1299 1494 fugere
1341 1433 1640 1496 caaperant,

107 1534 324 1590 armaque
351 1534 444 1573 sua
477 1519 761 1575 in'terram
794 1517 1156 1589 projecerant,
1201 1516 1440 1589 gladium
1486 1515 1644 1574 ducis

105 1621 151 1666 ut
175 1619 377 1665 mortem
408 1611 866 1681 expavescebant,
901 1621 956 1667 et
985 1618 1166 1680 tamen
1211 1609 1385 1664 vitare
1411 1624 1520 1664 non
1547 1624 1645 1680 po-

102 1713 261 1760 terant.
303 1703 391 1759 Ille
419 1704 655 1760 exsertis
680 1704 921 1760 brachiis
945 1746 960 1772 ,
1010 1719 1142 1759 ense
1190 1704 1417 1770 nudato,
1451 1719 1641 1758 eorum

101 1797 295 1851 cervices
337 1797 688 1866 amputabat;
738 1797 813 1852 illi
860 1796 1083 1852 minime
1128 1797 1446 1864 renitentes,
1499 1797 1644 1853 nuda

1745 589 1978 648 aliorum
2008 591 2149 648 ictus
2175 593 2456 650 mirabiles
2505 593 2766 650 occuluit.
2815 593 2922 649 Sed
2969 595 3113 650 sicut
3137 608 3339 660 ventus

1746 681 1980 737 turbinis
2007 698 2248 752 annosae,
2277 685 2491 740 arboris
2521 685 2846 756 constringit
2866 685 3114 752 brachia,
3144 686 3225 743 sic
3248 687 3336 743 in-

1747 773 1862 830 cisa
1888 773 2156 830 cadebant
2181 776 2533 832 morientium
2563 777 2830 832 membra.
2881 775 2941 830 ln
2993 777 3098 832 hoc
3142 777 3336 848 pralio

1744 877 2065 938 persecutus
2091 877 2176 923 est
2201 884 2346 924 unus
2373 869 2539 936 mille,
2567 877 2622 924 et
2654 869 2765 925 duo
2789 867 3117 939 fugaverunt
3143 869 3335 924 decem

1746 958 1917 1014 millia
1947 957 2092 1028 (Leu.
2123 977 2236 1027 xvi,
2272 960 2351 1032 8).
2379 960 2483 1028 Qui
2511 962 2567 1016 in
2598 961 2797 1016 ﬂumen
2826 961 3015 1031 rapido
3037 977 3201 1017 cursu
3227 961 3335 1015 im-

1748 1053 2153 1124 mergebantur,
2198 1064 2538 1126 emergentes
2582 1055 2766 1125 pontis
2807 1055 3015 1125 ligneas
3047 1054 3337 1110 columnas

1746 1144 2214 1213 amplexabantur,
2247 1146 2341 1201 sed
2366 1147 2537 1201 nostri
2568 1148 2799 1217 desuper
2826 1147 2949 1202 illos
2979 1147 3185 1202 lanceis
3207 1162 3338 1217 per-

1745 1233 1997 1290 forabant
2026 1246 2079 1291 et
2104 1237 2460 1306 perimebant.
2503 1236 2682 1294 Cruor
2719 1237 2926 1294 effusus
2969 1238 3336 1310 sanguineum

1746 1327 1956 1384 ﬂumini
1981 1328 2146 1383 dabat
2173 1329 2430 1395 colorem,
2477 1333 2802 1402 cunctisque
2830 1331 3179 1386 cernentibus
3209 1345 3334 1386 ma-

1745 1437 1912 1495 gnum
1945 1421 2244 1478 incutiebat
2268 1423 2573 1478 horrorem.
2625 1423 2834 1494 Quippe
2861 1423 3104 1480 densitas
3135 1437 3336 1494 corpo-

1746 1531 1870 1570 rum
1901 1515 2144 1571 lluminis
2175 1515 2502 1586 impediebat
2529 1531 2774 1582 cursum,
2814 1525 2868 1571 et
2897 1515 3220 1588 retrogrado
3248 1516 3336 1570 in-

1744 1622 1905 1664 cessu
1929 1607 2009 1664 ire
2029 1607 2257 1679 cogebat
2277 1616 2601 1664 retrorsum.
2635 1607 2703 1663 Et
2722 1608 2851 1679 quid
2879 1608 3124 1662 mirum?
3157 1608 3337 1679 Super

1747 1706 1968 1769 pontem
2013 1698 2216 1754 etenim
2261 1697 2505 1770 quinque
2551 1698 2722 1753 millia
2772 1707 3043 1768 prostrata
3091 1696 3334 1764 fuerunt,

1749 1805 1870 1861 qua:
1899 1791 2083 1848 omnia
2113 1791 2371 1847 deorsum
2401 1791 2456 1846 in
2487 1806 2685 1862 aquam
2718 1790 3059 1863 prtecipitata
3085 1796 3233 1844 sunt.
3269 1787 3338 1844 Et

98 1901 284 1958 corpora
328 1887 480 1942 inviti
513 1888 835 1944 offerebant.
891 1887 968 1944 lbi
1019 1889 1098 1944 ira
1119 1931 1134 1955 ,
1178 1888 1353 1955 locus,
1407 1889 1639 1961 gladius,
1675 1884 1717 1946 Β
1744 1884 1870 1955 quis
1905 1899 2194 1942 numerare
2243 1883 2419 1956 potuit
2445 1891 2578 1955 quot
2606 1898 2797 1939 mucro
2823 1881 3125 1939 desaevieus
3152 1879 3338 1951 praeci-

97 1979 336 2050 validaque
364 1995 563 2035 manus
591 1979 907 2052 pugnabat,
950 1987 1006 2034 et
1049 1979 1155 2034 hoc
1182 1987 1352 2034 totum
1385 1979 1438 2033 in
1471 1995 1642 2035 mem-

95 2073 182 2128 bris
206 2073 519 2129 miserorum
548 2073 913 2130 redundabat.
957 2070 1208 2143 Cumque
1255 2088 1400 2127 unus
1448 2088 1514 2127 ex
1560 2072 1642 2128 eis

95 2165 307 2221 audacior
329 2165 568 2233 caeteris,
604 2174 658 2220 et
706 2163 850 2220 mole
903 2151 1154 2235 corporis
1189 2164 1558 2235 praestantior,
1588 2171 1642 2220 et

94 2255 282 2323 viribus,
314 2265 372 2311 ut
400 2257 542 2312 alter
575 2257 815 2324 Goliath,
844 2257 1140 2324 robustior,
1189 2257 1398 2313 videret
1444 2257 1638 2312 ducem

91 2346 151 2400 sic
175 2345 667 2403 immisericorditer
710 2348 758 2404 ir.
794 2364 925 2405 suos
956 2355 1290 2413 saevuentem,
1323 2348 1641 2418 sanguineis

90 2437 347 2496 calcaribus
377 2451 539 2512 urget
565 2457 770 2512 equum
800 2442 1063 2496 adversus
1098 2440 1273 2506 illum,
1301 2446 1354 2494 et
1381 2455 1640 2496 mucrone

89 2537 128 2590 in
152 2537 294 2590 altum
321 2533 564 2602 sublato,
599 2543 771 2588 totum
802 2547 966 2603 super
993 2532 1252 2587 verticem
1280 2532 1434 2588 ducis
1463 2541 1642 2587 trans-

87 2630 290 2684 verberat
315 2636 559 2694 scutum,
593 2635 646 2681 et
673 2625 778 2681 nisi
809 2625 939 2681 ictui
971 2625 1265 2680 umbonem
1298 2626 1408 2681 dux
1436 2641 1641 2696 expan-

85 2722 233 2786 disset,
259 2731 310 2777 et
337 2736 396 2776 se
445 2719 505 2774 in
563 2719 792 2774 alteram
839 2726 1047 2788 partem
1077 2716 1408 2783 inclinasset,
1443 2716 1640 2772 mortis

85 2813 281 2867 debitum
312 2812 694 2884 pcrsolvisset.
751 2809 857 2866 Sed
903 2809 1046 2865 Deus
1077 2809 1302 2864 militem
1351 2826 1511 2864 suum
1543 2827 1640 2864 cu-

85 2907 280 2972 stodivit,
301 2921 541 2976 eumque
573 2913 729 2960 scuto
752 2918 865 2959 suae
888 2899 1224 2957 defensionis
1243 2901 1492 2955 munivit.
1520 2900 1638 2956 Dux

85 2996 144 3052 ira
183 3013 467 3055 succensus
513 2995 854 3060 vehementi,
902 3002 1062 3064 parat
1105 2993 1400 3063 rependere
1439 2993 1636 3063 vicem,

82 3090 267 3162 ejusque
290 3091 382 3148 tali
415 3090 596 3146 modo
628 3097 872 3159 amputat
897 3087 1184 3143 cervicem.
1214 3083 1414 3141 Ensem
1442 3086 1636 3153 elevat,

82 3196 274 3241 eumue
299 3198 331 3238 a
361 3182 603 3239 sinistra
647 3190 800 3252 parte
848 3178 1198 3251 scapularum
1245 3187 1395 3234 tanta
1436 3179 1636 3235 virtute

81 3274 278 3343 iu'c‘vit,
305 3276 452 3348 quod
483 3283 685 3347 pectus
712 3273 954 3329 medium
997 3271 1282 3343 disjunxit,
1330 3271 1540 3341 spinam
1580 3283 1634 3328 et

77 3365 227 3422 vitalia
249 3367 573 3440 interrupit,
603 3374 658 3422 et
706 3366 786 3422 sic
828 3365 1073 3420 lubricus
1118 3364 1268 3420 ensis
1315 3380 1480 3436 super
1506 3381 1634 3421 crus

81 3460 288 3516 dextrum
311 3461 528 3534 integer
560 3459 732 3516 exivit
769 3460 905 3531 (44),
939 3458 1126 3529 sicque.
1152 3466 1316 3529 caput
1361 3459 1633 3532 integrum

81 3565 177 3606 cum
197 3554 374 3611 dextra
395 3566 564 3627 parte
591 3555 837 3627 corporis
862 3555 1133 3610 immersit
1152 3555 1374 3626 gurgiti,
1397 3564 1635 3626 partem-

79 3658 160 3712 que
169 3661 278 3717 quae
291 3663 435 3718 equo
447 3647 782 3719 praesidebat
800 3647 1010 3702 remisit
1021 3647 1333 3702 civitati.Ad
1350 3647 1495 3719 quod
1513 3648 1637 3703 hor-

78 3736 266 3792 rendam
285 3739 671 3810 spectaculum
691 3754 882 3794 omnes
905 3737 998 3810 qui
1020 3738 1074 3794 in
1092 3738 1308 3794 civitate
1327 3749 1480 3795 erant
1498 3755 1632 3795 con-

77 3826 234 3897 fluunt,
259 3839 309 3886 et
331 3830 580 3887 videntes
603 3832 682 3886 sic
711 3831 968 3885 admirati
997 3841 1142 3898 sunt,
1165 3833 1468 3886 conturbati
1487 3843 1631 3898 sunt,

77 3923 280 3974 commoti
304 3933 452 3986 sunt,
480 3933 687 3978 tremor
717 3921 1060 3994 apprehendit
1081 3939 1167 3977 eos
1192 3939 1210 3976 :
1237 3923 1309 3977 ibi
1337 3923 1544 3978 dolores
1576 3933 1632 3978 ut

73 4016 372 4076 pertonantis
409 4014 601 4087 (Psal.
632 4017 820 4085 ιιι-ιι),
853 4015 926 4071 ibi
948 4029 1109 4072 voces
1135 4016 1476 4086 ejulantium,
1503 4018 1634 4089 quia

74 4096 141 4154 ille
164 4115 292 4159 unus
319 4103 505 4161 fuerat
544 4121 613 4160 ex
642 4105 973 4162 Admiraldis
998 4122 1210 4163 eorum.
1263 4106 1419 4163 Tunc
1444 4108 1631 4182 evagi-

74 4205 303 4250 naverunt
326 4197 550 4267 gladios
581 4211 734 4262 suos,
764 4196 1115 4252 intenderunt
1141 4213 1304 4254 arcus
1351 4213 1504 4266 suos,
1535 4215 1633 4272 pa-

71 4295 288 4340 raverunt
315 4288 561 4360 sagittas
591 4301 720 4343 suas
751 4287 805 4341 in
853 4287 1108 4357 pharetra
1153 4286 1328 4358 (Psal.
1363 4305 1416 4357 x,
1445 4291 1522 4361 5),
1573 4301 1633 4348 ut

71 4375 350 4446 sagittarent
380 4378 614 4445 ducem,
644 4379 944 4448 cupientes,
996 4377 1041 4431 si
1069 4377 1152 4433 eis
1175 4379 1508 4448 permissum
1537 4395 1630 4437 cs-

70 4475 149 4531 set,
170 4477 365 4526 notam
415 4471 637 4526 militia
683 4469 1010 4525 Christiana:
1039 4469 1390 4542 exstinguere
1427 4473 1626 4528 lucem.

1741 1975 1839 2047 piti
1867 1977 2008 2032 saltu
2042 1977 2096 2031 in
2127 1993 2344 2032 amnem
2369 1976 2543 2048 mergi
2576 1975 2877 2048 compulit?
2919 1973 2979 2029 ln
3026 1974 3120 2028 illo
3146 1971 3338 2028 confli.

1741 2077 1831 2124 ctu
1887 2069 2104 2125 occisus
2149 2077 2234 2124 est
2281 2067 2532 2125 Cassiani
2601 2068 2785 2140 magni
2840 2067 2985 2140 regis
3030 2065 3338 2120 Antiochia

1741 2160 1906 2226 illius,
1939 2168 1994 2216 et
2022 2160 2314 2216 duodecim
2339 2161 2640 2216 Admiraldi
2668 2159 2812 2230 regis
2837 2157 3166 2230 Babyloniae,
3193 2171 3336 2228 quos

1741 2267 1866 2308 cum
1892 2253 2009 2308 suis
2037 2253 2368 2309 exercitibus
2394 2254 2620 2310 miserat
2647 2251 2716 2307 ad
2742 2251 2963 2307 ferenda
2988 2250 3192 2306 auxilia
3218 2246 3335 2322 regi

1740 2343 2062 2402 Antiochia.
2099 2344 2167 2402 Et
2189 2361 2330 2416 quos
2355 2345 2702 2400 Admiraldos
2729 2352 2948 2410 vocant,
2982 2357 3139 2414 reges
3177 2350 3333 2409 sunt,

1740 2440 1834 2512 qui
1866 2440 2165 2512 provinciis
2193 2441 2478 2513 regionum
2503 2447 2766 2510 praesunt.
2795 2437 3084 2493 Provineia
3107 2435 3333 2506 quidem

1739 2541 1843 2599 est,
1881 2549 2005 2603 qua:
2055 2529 2243 2587 unum'
2276 2533 2440 2588 habet
2486 2533 2992 2603 metropolitanum,
3042 2529 3332 2586 duodecim

1741 2630 1996 2686 consules
2025 2639 2080 2686 et
2110 2646 2280 2685 unum
2312 2645 2517 2702 regem.
2565 2628 2645 2684 Ex
2696 2637 2776 2685 tot
2821 2628 3002 2698 itaque
3033 2624 3332 2697 provinciis

1740 2731 2135 2782 convenerunt.
2164 2731 2299 2794 quot
2327 2721 2402 2777 ibi
2432 2717 2735 2778 Adiniraldi
2766 2719 2987 2776 fuerunt
3016 2719 3237 2774 mortui.
3266 2716 3333 2773 Et

1739 2815 1835 2888 qui
1877 2814 1951 2870 ibi
1995 2815 2138 2886 capti
2169 2823 2319 2881 sunt,
2353 2830 2454 2886 pro
2501 2824 2708 2885 septem
2755 2813 2997 2870 millibus
3029 2821 3284 2883 computa
3302 2811 3332 2867 .i

1740 2919 1887 2963 sunt.
1920 2905 2164 2962 Vestium
2183 2950 2198 2974 ,
2231 2924 2542 2976 armorum,
2568 2907 2856 2978 exterique
2885 2906 3066 2962 cultus
3094 2905 3328 2976 adpara-

1738 3009 1855 3055 tum
1885 3015 2048 3057 nemo
2078 3001 2310 3056 retinere
2339 3001 2516 3072 po'tuit
2541 3017 2640 3072 per
2667 3001 2835 3056 ullam
2865 2999 3207 3055 memoriam.
3237 2995 3333 3052 Sic

1739 3091 1920 3167 itaque
1946 3091 2185 3163 superati
2218 3101 2348 3148 sunt
2375 3091 2540 3149 Turei
2567 3093 2986 3166 magnanimitcr
3010 3106 3040 3145 a
3079 3089 3330 3155 Francis,

1740 3182 1999 3254 siluitque
2019 3183 2276 3256 deinceps
2297 3185 2516 3256 garrula
2547 3199 2653 3240 vox
2690 3201 2906 3253 eorum,
2937 3195 3100 3256 atque
3128 3182 3334 3242 stridor

1734 3277 2000 3345 dentium,
2027 3287 2081 3334 et
2113 3278 2557 3349 quotidianorum
2585 3279 2902 3336 clamositas
2926 3278 3326 3334 conviciorum.

1733 3372 1852 3429 Jam
1884 3388 2014 3428 vero
2038 3373 2293 3430 demissis
2324 3373 2568 3430 vultibus
2619 3373 2790 3439 ibant,
2823 3380 2876 3428 et
2918 3371 3164 3443 plerique
3205 3385 3331 3426 om-

1735 3465 1867 3519 nino
1895 3465 2219 3533 dillidentes,
2253 3465 2439 3522 furtim
2478 3467 2546 3522 de
2591 3466 2809 3522 civitate
2836 3473 3118 3532 exeuntes,
3157 3463 3332 3537 fugle~'-

1734 3557 1886 3615 bant.
1931 3557 2049 3615 Nox
2089 3559 2480 3631 superveniens
2510 3559 2660 3614 litem
2689 3557 2929 3624 diremit,
2957 3565 3013 3612 et
3040 3556 3212 3612 nostri
3241 3556 3328 3610 vi-

1735 3659 1914 3706 ctores
1940 3649 2006 3704 ad
2033 3659 2214 3706 castra
2237 3649 2547 3717 redierunt;
2581 3649 2657 3704 illi
2679 3664 2809 3704 vero
2831 3647 3100 3703 obseratis
3116 3646 3327 3717 januis,

1736 3741 1876 3797 intra
1907 3741 2098 3796 urbem
2130 3757 2189 3798 se
2216 3751 2558 3812 receperunt.
2590 3740 2647 3795 In
2677 3741 2977 3798 crastinum
3006 3748 3065 3794 ut
3086 3740 3326 3810 primum

1735 3831 1826 3886 lux
1855 3833 2122 3887 matutina
2149 3834 2435 3904 processit,
2455 3832 2619 3888 Turei
2641 3832 2709 3888 de
2729 3833 2949 3888 civitate
2973 3833 3245 3899 exierunt,
3271 3841 3327 3888 et

1735 3921 2068 3993 collegerunt
2098 3937 2328 3998 corpora
2359 3930 2726 3991 mortuorum,
2757 3931 2891 3994 quot
2936 3922 3178 3978 invenire
3220 3937 3324 3992 po-

1733 4018 1956 4067 tuerunt
2006 4020 2061 4068 et
2107 4013 2402 4083 sepultura:
2449 4013 2808 4069 tradiderunt.
2842 4011 2998 4080 Quod
3022 4012 3323 4069 Christiani

1733 4107 2006 4162 exercitus
2030 4105 2261 4178 juvenes
2292 4114 2352 4162 ut
2378 4105 2690 4174 audierunt,
2719 4105 2872 4162 multi
2901 4106 2956 4161 in
2988 4121 3158 4161 unum
3189 4121 3324 4160 con-

1734 4196 1935 4269 globati
1964 4197 2031 4252 ad
2057 4197 2423 4253 cosmiterium
2455 4205 2837 4265 cucurrerunt,
2865 4206 2919 4253 et
2945 4212 3067 4268 quae
3094 4197 3171 4252 illi
3192 4209 3323 4253 cum

1734 4309 1934 4364 magno
1978 4294 2189 4350 honore
2239 4294 2598 4365 sepelierant,
2651 4311 2777 4351 eum
2825 4310 3026 4366 magno
3055 4293 3322 4350 dedecore

1734 4380 1880 4439 foras
1924 4383 2286 4455 projecerunt.
2335 4383 2791 4442 Subterraverant
2819 4386 3018 4458 quippe
3057 4385 3145 4440 illa
3174 4385 3319 4441 ultra

1731 4484 1952 4546 pontem
1985 4477 2052 4532 ad
2081 4476 2508 4535 Maehumariam
2536 4495 2658 4550 quae
2685 4487 2802 4535 erat
2841 4486 2967 4534 ante
2990 4485 3204 4550 portam
3234 4478 3318 4532 ei-

69 4551 150 4610 Sed
187 4556 322 4618 Deus
371 4576 581 4618 eorum
622 4575 804 4630 pravae
851 4559 1120 4615 voluntati
1165 4575 1276 4616 non
1327 4563 1626 4630 consensit,
1655 4581 1707 4643 υ
1732 4567 1938 4638 vitatis,
1967 4578 2018 4625 et
2047 4570 2281 4640 plurima
2314 4571 2496 4642 palliis
2539 4571 2900 4639 involverunt,
2935 4581 2988 4629 et
3016 4571 3319 4644 byzanteos

67 4649 169 4717 quia
192 4651 294 4708 dux
321 4653 681 4718 retrocessit;
713 4653 983 4709 sustinere
1011 4652 1158 4710 enim
1187 4653 1420 4710 telorum
1449 4670 1516 4712 ac
1538 4671 1630 4712 sa-

66 4739 284 4808 gittarum
314 4745 649 4817 grandinem
676 4743 770 4800 diu
796 4761 907 4801 non
931 4745 1127 4815 potuit.
1163 4743 1208 4801 0
1236 4746 1623 4817 praedicabilis!

65 4845 91 4886 o
115 4834 290 4892 invicta
337 4838 504 4896 ducis
555 4837 747 4894 dextra
791 4847 845 4894 et
889 4837 1124 4894 animosi
1174 4838 1409 4910 pectoris
1458 4841 1628 4897 robur

64 4926 322 4986 eximium!
359 4929 708 4988 Laudandus
739 4942 792 4988 et
820 4932 988 4999 ensis,
1021 4932 1167 5004 quod
1196 4932 1251 4988 in
1279 4949 1376 4988 sua
1404 4934 1627 5008 integri-

63 5026 151 5074 tate
189 5037 586 5092 perseverans,
641 5025 876 5082 vibranti
917 5025 1153 5082 dexterae
1199 5025 1287 5081 sui
1329 5025 1625 5084 famulatus

65 5106 292 5182 impendit
317 5116 685 5188 obsequium.
737 5116 802 5174 Et
828 5118 988 5188 cujus
1015 5133 1112 5174 eor
1156 5127 1428 5187 eructare,
1465 5119 1625 5192 cujus

62 5201 216 5275 lingua
241 5221 534 5277 enarrare,
565 5208 725 5281 cujus
759 5227 957 5268 manus
987 5211 1246 5280 scribere,
1278 5228 1401 5283 quae
1425 5215 1647 5285 pagina'

63 5296 178 5353 valet
215 5302 506 5374 suscipere
555 5302 790 5358 aliorum
838 5303 984 5360 facta
1029 5305 1364 5376 principum,
1403 5305 1498 5377 qui
1546 5307 1624 5364 illi

60 5403 312 5462 compares
336 5395 577 5452 fuerunt
598 5396 656 5450 in
701 5395 955 5453 omnibus
980 5397 1226 5456 victoriis
1266 5398 1625 5470 prmliorum?

61 5476 266 5541 Victoria
311 5487 477 5544 ducis
527 5502 641 5558 pra
689 5487 900 5544 ceteris
939 5488 1157 5557 enituit,
1195 5491 1458 5561 quoniam
1492 5506 1624 5562 pars

60 5573 292 5636 dimidiati
314 5580 580 5653 corporis
599 5595 722 5636 uuae
746 5579 1028 5650 remansit,
1053 5580 1424 5640 testimonium
1444 5582 1620 5640 laudis

1733 4674 1952 4728 aureos,
1984 4677 2168 4730 arcus,
2195 4670 2252 4718 et
2279 4664 2506 4736 sagittas
2533 4673 2588 4721 et
2614 4663 2722 4736 alia
2763 4665 2935 4720 multa
2958 4679 3083 4720 cum
3113 4663 3195 4718 eis
3229 4675 3318 4716 re-

1731 4773 2050 4832 posuerant.
2098 4763 2190 4836 Sic
2232 4766 2379 4823 enim
2428 4776 2512 4825 est
2560 4784 2755 4826 eorum
2783 4767 3122 4828 consuetudo
3160 4781 3316 4838 sepe-

1731 4861 1859 4930 lire;
1889 4874 2200 4922 nostrorum
2229 4882 2361 4924 vero
2383 4878 2468 4926 est
2485 4868 2846 4926 libentissime
2870 4883 2934 4924 ea
2962 4866 3168 4922 totlere.
3201 4863 3317 4920 Ex:

1731 4965 1922 5020 tractis
1949 4965 2132 5038 itaque
2157 4968 2481 5040 corporibus
2524 4966 2820 5033 universis,
2857 4964 3037 5035 capita
3067 4963 3314 5020 abscide-

1728 5078 1879 5137 runt,
1908 5070 2050 5126 scire
2070 5069 2348 5142 cupientes
2370 5084 2661 5125 numerum
2684 5068 2900 5123 illorum
2925 5065 3021 5136 qui
3043 5065 3112 5120 ad
3135 5065 3312 5136 ripam

1729 5173 1972 5231 ﬂuminis
2019 5173 2194 5230 necati
2240 5180 2386 5229 sunt.
2434 5170 2711 5228 Truneata
2737 5168 3006 5240 siquidem
3036 5167 3214 5239 capita
3241 5167 3312 5224 ad

1729 5286 1912 5335 castra
1953 5277 2272 5342 attulerunt,
2322 5282 2379 5330 et
2422 5273 2689 5330 cadavera
2736 5271 2870 5328 feris
2895 5277 2952 5327 et
2993 5268 3311 5327 volucribus

1725 5381 2014 5438 inhumata
2044 5379 2401 5441 reliquerunt.
2450 5375 2607 5444 Quod
2652 5375 2724 5433 ab
2770 5374 2896 5432 altis
2938 5371 3212 5431 moenibus
3256 5379 3312 5428 et

1722 5473 1970 5540 turribus
1993 5479 2224 5538 excelsis
2250 5478 2667 5550 prospicientes,
2695 5478 3042 5536 vehementer
3068 5473 3311 5531 indolue-

1688 5631 1695 5637 .
1721 5593 1872 5654 runt,
1895 5592 1950 5641 et
1976 5597 2145 5657 genas
2169 5579 2478 5640 scindentes
2496 5589 2551 5639 et
2572 5581 2753 5640 crines
2781 5579 3058 5650 vellentes,
3083 5575 3307 5634 Macho-e

1100 5733 1412 5793 uorum
1441 5735 1891 5796 nancnvanss
1924 5735 2038 5794 ns.
2079 5716 2234 5795 ceu.

63 5845 155 5913 till
184 5849 300 5910 Dux
331 5852 489 5921 ferit,
513 5851 605 5910 ille
640 5851 808 5922 perit,
843 5860 896 5910 et
931 5851 1144 5910 medius
1173 5854 1401 5942 crepuit.

2018 5932 2079 5975 ,ν’
