3846 6306
523 335 632 408 to?

1084 355 1178 410 AD
1215 346 1666 411 GODEFRIDUM
1700 347 1990 409 APPEND.
2026 347 2094 408 11.
2131 384 2202 395 -—
2234 349 2504 413 NONUM.
2541 353 2630 409 DE
2665 353 2891 411 BELLO
2926 353 3171 412 SACRO.
3639 366 3716 427 τοι

522 455 674 548 mum
706 478 1089 541 praceptorem
1118 485 1280 526 suum
1307 460 1362 524 in
1391 468 1652 524 auxilium
1702 468 1790 523 sul
1816 475 2098 538 coeperunt
2125 471 2172 528 Α
2195 485 2337 540 quos
2387 469 2643 526 Christus
2708 485 2808 542 per
2858 484 2992 530 suos
3041 471 3241 529 milites
3297 471 3466 532 voluit
3507 487 3717 539 extermi-

523 557 796 617 hvocare.
867 559 975 618 Sed
1023 556 1343 617 Machomus
1386 573 1494 614 non
1538 557 1716 628 potuit
1761 567 2092 626 restaurare,

2199 576 2351 616 nare.

1690 687 2007 745 EXPLICIT
2043 687 2248 747 LIBER
2283 690 2634 760 QUARTUS.

1389 879 1853 974 INCIPIT
1920 885 2279 974 LIBER
2352 888 2922 994 QUINTUS.

1027 1055 1258 1133 CAPUT
1285 1071 1582 1132 PRIMUM.

591 1172 840 1242 Cumque
887 1169 1002 1224 haec
1027 1168 1221 1223 crebro
1253 1163 1694 1220 vicissitudinum
1741 1163 2096 1219 actitarentur

520 1262 759 1332 impulsu
782 1300 798 1326 ,
827 1258 1191 1331 przeambulus
1218 1255 1442 1327 quidam
1467 1253 1721 1320 advenit,
1749 1252 1844 1323 qui
1873 1253 2097 1307 nuntios

517 1352 780 1424 principis
803 1349 1111 1422 Babyloniae
1146 1349 1204 1403 in
1229 1346 1531 1403 crastinum
1557 1342 1970 1414 praiconabatur
1994 1341 2094 1396 ad-

516 1444 734 1510 venire,
761 1453 816 1498 et
841 1457 874 1496 a
909 1439 1247 1512 principibus
1274 1429 1581 1493 Castrorum
1614 1434 1866 1490 ﬁduciam
1901 1432 2096 1504 quierit

515 1543 771 1600 veniendi
823 1555 1033 1598 secure.
1077 1537 1183 1606 Qui
1217 1539 1448 1592 libenter
1499 1541 1770 1601 annuunt,
1804 1548 1971 1603 seque
1995 1547 2091 1587 eo-

2199 1091 2257 1132 in
2286 1079 2567 1135 communi
2595 1079 2812 1138 edicite.
2851 1101 2872 1136 ι
2904 1081 2987 1140 Ad
3025 1085 3142 1142 haec
3165 1086 3476 1146 communis
3497 1091 3720 1150 sententia

2198 1169 2509 1240 principum
2536 1174 2834 1243 respondit,
2866 1175 3056 1232 dicens
3086 1195 3100 1232 :
3149 1197 3168 1230 ι
3202 1172 3348 1238 Nulli
3397 1181 3614 1250 sapienti
3641 1187 3722 1239 mi-

2200 1260 2435 1316 randum
2461 1270 2576 1331 est,
2627 1263 2675 1320 si
2698 1264 2767 1320 ad
2802 1264 3019 1321 Domini
3060 1269 3238 1324 nostri
3278 1271 3580 1342 sepulcrum
3620 1291 3718 1331 cum

2199 1350 2370 1406 armis
2396 1351 2651 1410 venimus
2673 1394 2690 1422 ,
2713 1364 3040 1428 gentemque
3062 1369 3301 1415 vestram
3330 1361 3401 1416 ab
3425 1361 3540 1418 istis
3561 1363 3726 1421 ﬁnibus

2198 1438 2570 1511 eliminamus,
2593 1445 2851 1515 quoniam
2875 1448 3188 1522 quicunque
3207 1452 3277 1508 de
3287 1451 3513 1509 .nostris
3541 1455 3635 1512 huc
3653 1475 3726 1513 uso

2200 1547 2307 1602 que
2332 1531 2388 1588 in
2417 1533 2612 1592 baculo
2633 1545 2688 1592 et
2707 1553 2837 1608 pera
2860 1541 3046 1596 venire
3071 1543 3219 1598 soliti
3247 1554 3406 1600 erant
3423 1587 3439 1612 ,
3464 1547 3598 1617 turpi
3617 1547 3727 1603 ludi-

514 1650 642 1690 rum
685 1631 1021 1703 susceptioni
1063 1629 1382 1686 solemniter
1412 1625 1800 1696 praemuniunt.
1839 1621 2095 1678 Tentoria
2129 1617 2169 1675 Β
2197 1621 2319 1678 brio
2367 1625 2544 1682 affecti
2604 1637 2767 1698 sunt;
2823 1639 2877 1686 et
2917 1630 3275 1703 ignominiam
3321 1639 3726 1694 contumeliarum

515 1726 688 1781 variis
713 1734 1172 1780 ornamentorum
1206 1719 1494 1792 generibus
1525 1724 1910 1782 venustantur;
1939 1724 2098 1769 terra:

515 1816 700 1870 inﬁxis
723 1814 950 1870 sudibus
977 1820 1130 1869 scuta
1156 1816 1527 1881 apponuntur,
1553 1806 1753 1877 quibus
1800 1805 1855 1859 in
1907 1805 2099 1860 crasti-

517 1921 650 1962 num
685 1904 974 1970 Quintanae
998 1901 1184 1968 ludus,
1221 1900 1432 1956 scilicet
1466 1896 1766 1969 equestris,
1811 1911 2094 1952 exercere-

518 2006 628 2052 tur.
655 1997 821 2064 Aleae,
855 1995 1021 2063 scaci,
1058 1994 1274 2049 veloces
1303 2006 1498 2049 cursus
1528 2006 1797 2061 equorum
1840 1989 1994 2045 ﬂexis
2039 1991 2096 2045 in

516 2104 712 2160 gyrum
748 2087 919 2142 frenis
945 2102 1053 2142 non
1102 2084 1413 2150 defuerunt,
1444 2092 1499 2138 et
1528 2082 1798 2139 militares
1836 2082 2094 2157 impetus,

517 2181 911 2250 hastarumque
933 2177 1265 2233 vibrationcs
1297 2176 1349 2230 in
1375 2176 1699 2230 alterutrum
1736 2175 1810 2229 ibi
1840 2180 2095 2235 celebra-

515 2279 586 2326 tae
623 2278 772 2325 sunt.
827 2269 886 2322 ln
941 2269 1141 2340 quibus
1197 2268 1414 2330 actibus
1446 2266 1898 2338 imrnstrabatur,
1948 2269 2096 2341 quod

513 2363 668 2425 nullo
711 2378 915 2438 pavore
965 2360 1330 2433 trepidabant,
1385 2363 1482 2435 qui
1530 2363 1658 2418 talia
1704 2362 2092 2433 operabantur.

514 2457 668 2512 Talia
689 2454 885 2528 quippe
906 2452 1166 2528 juventus
1189 2456 1496 2522 excolebat,
1525 2454 1618 2510 sed
1647 2462 1806 2510 aetate
1824 2468 2096 2523 sensuque

512 2550 760 2605 seniores
789 2549 846 2603 in
879 2565 1054 2605 unum
1085 2549 1470 2616 consederant,
1526 2562 1838 2617 causasque
1878 2544 2095 2602 consilii

511 2649 572 2696 et
608 2640 912 2712 prudentia:
967 2638 1343 2694 conferebant.
1399 2636 1622 2693 Interim
1669 2635 2094 2708 Babylonienses

512 2735 692 2788 nuntii
715 2749 841 2788 cum
865 2733 1312 2803 approximarent
1335 2771 1351 2798 ,
1393 2739 1685 2801 tantosque
1713 2739 1866 2784 tanto
1897 2729 2094 2800 gaudio

513 2826 878 2895 tripudiantes
909 2833 1383 2895 conspicarentur,
1436 2822 1622 2878 mirati
1653 2829 1802 2889 sunt,
1829 2821 2091 2891 quoniam

511 2919 708 2973 relatio
738 2933 912 2988 usque
942 2917 1293 2988 Babyloniam
1326 2922 1668 2982 cucurrerat,
1698 2913 1828 2985 quia
1851 2921 1905 2967 et
1949 2911 2092 2968 fame

511 3011 903 3066 cruciabantur
929 3019 983 3064 et
1003 3025 1203 3080 pavore
1224 3009 1704 3065 concutiebantur.
1732 3004 1966 3061 Adducti
1989 3006 2092 3077 igi-

510 3116 604 3162 tur
625 3116 753 3160 ante
775 3105 1054 3176 principes
1085 3112 1252 3172 sunt;
1276 3112 1330 3158 et
1358 3103 1412 3158 in
1439 3103 1554 3158 haec
1581 3102 1745 3158 verba
1769 3102 2092 3168 retulerunt,

517 3214 644 3269 quae
676 3199 756 3254 eis
787 3197 1082 3254 commissa
1112 3205 1240 3253 sunt
1272 3214 1286 3250 :
1321 3214 1339 3246 ι
1371 3194 1638 3250 Dominus
1685 3201 1874 3250 noster
1900 3193 2093 3248 Admi-

516 3289 765 3349 ravissus
792 3288 1120 3361 Babyloniae,
1151 3286 1374 3342 mandat
1397 3286 1556 3341 vobis
1587 3284 1924 3340 Francorum
1950 3284 2098 3355 prin-

511 3379 726 3450 cipibus
752 3379 980 3434 salutem
1006 3388 1059 3434 et
1082 3375 1403 3444 amicitiam,
1427 3376 1474 3433 si
1503 3376 1623 3448 ejus
1642 3373 1909 3430 voluntati
1929 3373 2094 3430 vultis

509 3472 753 3544 obedire.
783 3469 840 3526 In
869 3472 992 3526 aula
1014 3471 1159 3543 regis
1194 3468 1488 3525 Persarum
1515 3465 1831 3538 dominique
1879 3467 2051 3524 nostri
2075 3507 2092 3534 ,

511 3581 745 3636 magnus
791 3563 959 3620 vestri
993 3579 1162 3619 causa
1206 3568 1571 3635 congregatus
1624 3568 1709 3616 est
1755 3568 2092 3628 conventus,

511 3655 829 3727 septcfnque
865 3657 1058 3711 diebus
1103 3655 1428 3726 protelatum
1451 3661 1538 3709 est
1589 3651 1903 3717 consilium,
1933 3648 2094 3721 quid—

514 3766 645 3804 nam
671 3750 752 3804 eis
773 3764 938 3818 super
966 3748 1071 3803 hoc
1097 3748 1169 3802 sit
1193 3746 1487 3818 agendum.
1527 3737 1795 3800 Mirantur
1839 3742 1988 3797 enim
2032 3749 2093 3796 ut

511 3839 644 3911 quid
673 3840 754 3895 sic
782 3839 977 3894 armati
1004 3838 1250 3909 quaeritis
1280 3835 1498 3892 Domini
1537 3833 1704 3890 vestri
1756 3833 2088 3903 sepulcrum,

511 3940 729 4003 gentem
757 3947 913 3986 suam
944 3946 975 3985 a
1006 3929 1207 3985 ﬁnibus
1234 3929 1325 3984 diu
1350 3926 1621 3999 possessis
1643 3925 2090 3992 exterminantes,

513 4024 659 4088 imo,
691 4023 838 4093 quod
863 4021 1133 4077 nefarium
1173 4030 1257 4076 est
1283 4019 1609 4092 peregrinis,
1671 4019 1726 4073 in
1780 4033 1874 4093 ore
1927 4015 2091 4088 gladii

511 4113 869 4170 trucidantes.
895 4112 1051 4180 Quod
1077 4113 1125 4168 si
1185 4099 1413 4184 pesthac
1435 4111 1490 4166 in
1517 4127 1644 4182 pera
1670 4119 1724 4164 et
1751 4108 1946 4165 baculo
1973 4108 2092 4162 vul-

513 4205 587 4261 tis
612 4205 712 4271 ire,
742 4219 869 4260 cum
915 4204 1126 4259 honore
1166 4202 1410 4258 maximo
1463 4215 1760 4270 rerumque
1809 4198 2086 4268 opulentia

508 4289 612 4354 vos
637 4297 765 4353 illuc
792 4295 993 4352 facient
1016 4295 1387 4366 pertransirc;
1442 4292 1510 4348 de
1561 4290 1834 4363 peditibus
1875 4289 2086 4359 equites
2113 4304 2164 4365 υ

513 4392 746 4460 facient;
793 4391 891 4462 qui
936 4405 1204 4462 pauperes
1243 4396 1407 4453 sunt,
1457 4386 1514 4440 in
1539 4393 1653 4440 toto
1682 4382 1884 4438 itinere
1905 4395 2004 4437 nec
2033 4381 2090 4435 in

511 4483 692 4538 reditu
723 4481 959 4553 amplius
989 4480 1254 4537 esurient.
1313 4476 1381 4532 Et
1422 4476 1470 4533 si
1501 4491 1598 4546 per
1633 4489 1876 4529 mensem
1901 4472 1967 4527 ad
2007 4487 2092 4527 se-

511 4574 766 4647 pulcrum
790 4572 948 4627 vobis
983 4570 1246 4626 diurnare
1283 4566 1578 4639 placuerit,
1630 4565 1900 4620 bonorum
1933 4562 2089 4633 copia

513 4666 670 4721 vobis
712 4662 822 4720 non
867 4664 1071 4730 deerit;
1119 4660 1352 4717 facultas
1405 4659 1569 4714 eundi
1631 4672 1729 4728 per
1775 4657 2089 4712 universam

511 4753 814 4811 Jerusalem
842 4754 999 4809 vobis
1027 4751 1378 4816 concedetur,
1404 4756 1466 4803 ut
1490 4763 1600 4819 quo
1627 4747 1837 4804 honore
1865 4747 2088 4818 placue-

513 4847 624 4914 rit,
664 4855 718 4902 et
755 4846 1016 4916 templum
1058 4852 1114 4899 et
1155 4841 1464 4914 sepulcrum
1499 4839 1732 4910 quilibet
1779 4849 2085 4895 veneretur.

513 4937 672 5008 Quod
700 4939 746 4994 si
777 4939 894 4993 haec
921 4937 1076 4992 vobis
1104 4935 1313 4990 indulta
1335 4932 1690 4988 contemnitis
1713 4939 1770 4986 et
1790 4931 1844 4985 in
1873 4932 2090 4987 animo-

515 5019 637 5086 rum
658 5037 967 5085 vestrorum
995 5025 1373 5097 magnitudine
1403 5021 1680 5078 confiditis
1705 5029 1758 5076 et
1779 5020 1977 5088 armis,
2007 5021 2091 5074 vi-

512 5120 751 5175 dendum
773 5119 930 5174 vobis
956 5125 1044 5173 est
1075 5117 1242 5172 etiam
1279 5124 1446 5186 atque
1491 5113 1677 5181 etiam,
1705 5121 1913 5184 quanto
1940 5113 2087 5184 peri-

512 5211 640 5267 culo
662 5225 761 5264 vos
789 5207 1111 5278 exponatis;
1147 5207 1295 5277 apud
1331 5221 1434 5261 nos
1477 5213 1626 5260 certe
1668 5203 1923 5258 ducimus
1968 5217 2090 5259 esse

514 5301 869 5358 temerarium
894 5341 910 5366 ,
942 5298 1089 5370 quod
1116 5299 1256 5365 ulla,
1296 5295 1654 5368 quantumvis
1711 5308 1931 5364 magna,
1986 5278 2090 5347 bu-'

515 5405 680 5448 mana
713 5398 955 5460 potestas
982 5396 1365 5460 congrassetur
1388 5395 1583 5442 contra
1607 5382 1937 5454 Babylonios
1956 5426 1970 5451 ,
2000 5398 2086 5439 re-
2127 5433 2132 5436 .

513 5497 746 5556 gemque
785 5479 1110 5552 Persarum.
1154 5479 1276 5536 Jam
1323 5494 1452 5535 vero
1487 5494 1611 5549 quae
1657 5479 1816 5534 vobis
1859 5478 2088 5548 applau-

513 5570 654 5628 dtmt
689 5575 856 5642 super
874 5572 982 5641 his,
1013 5572 1176 5628 nobis
1196 5569 1436 5642 aperite;
1469 5583 1595 5623 uuae
1615 5583 1746 5622 vero
1769 5568 2084 5637 displicent,

2198 1717 2508 1787 tolerantes,
2532 1719 2599 1776 ad
2615 1730 2919 1778 extremum
2946 1725 3379 1795 perimebantur.
3398 1727 3560 1788 Terra
3583 1741 3726 1790 autem

2196 1811 2373 1881 gentis
2416 1811 2635 1868 illorum
2680 1829 2788 1868 non
2840 1826 2945 1882 est,
2973 1817 3105 1879 licet
3126 1819 3219 1878 diu
3244 1826 3600 1894 possederint,
3621 1829 3722 1898 quia

2195 1913 2507 1962 nostrorum
2532 1920 2565 1965 a
2597 1906 2795 1980 priscis
2819 1913 3155 1983 temporibus
3189 1914 3313 1982 fuit,
3338 1917 3526 1987 eisque
3543 1929 3724 1990 prepter

2196 1995 2462 2055 malitiam
2496 2001 2929 2074 injustitiamque
2951 2020 3107 2060 suam
3137 2014 3320 2062 vestra
3367 2023 3500 2078 gens
3544 2009 3726 2066 adversa

2191 2090 2449 2161 abstulit;
2482 2109 2604 2164 quae
2625 2101 2804 2149 tamen
2831 2095 2950 2152 ideo
2968 2108 3148 2154 vestra
3173 2115 3281 2154 non
3304 2099 3467 2156 debet
3485 2116 3616 2167 esse,
3629 2104 3728 2170 quia

2195 2179 2290 2236 diu
2323 2197 2444 2237 eam
2467 2183 2741 2240 tenuistis.
2783 2182 3005 2241 leesti
3047 2187 3192 2242 enim
3223 2203 3458 2245 censura
3499 2206 3630 2245 nunc
3654 2192 3727 2247 tle-

2195 2281 2404 2327 cretum
2440 2282 2526 2329 est
2580 2281 2642 2328 ut
2696 2273 3125 2332 misericorditer
3151 2279 3412 2335 reddatur
3464 2279 3581 2336 ﬁliis
3611 2283 3728 2353 quod

2195 2363 2395 2434 injuste
2416 2363 2664 2434 patribus
2699 2365 2939 2420 ablatum
2963 2375 3067 2422 est.
3110 2365 3188 2423 Ne
3230 2369 3490 2440 glorietur
3521 2387 3639 2442 gens
3656 2388 3730 2428 ve-

2194 2465 2308 2512 stra
2329 2497 2344 2524 ,
2371 2457 2502 2527 quia
2534 2457 2872 2528 superaverit
2910 2457 3275 2516 eﬁ‘eminatam
3310 2471 3523 2533 gentem
3552 2462 3731 2519 Greco-

2193 2564 2337 2616 rum,
2367 2549 2646 2619 quoniam,
2667 2549 2852 2605 divina
2881 2548 3214 2622 suﬁragante
3257 2553 3519 2622 potentia,
3545 2553 3597 2608 in
3618 2568 3717 2609 eer-

2191 2640 2403 2695 vicibus
2446 2641 2646 2696 vestris
2705 2642 2963 2697 meritum
3035 2645 3539 2714 recompensabitur
3583 2645 3730 2716 gladio

2192 2728 2553 2786 Francorum.
2600 2730 2667 2786 Et
2694 2741 2884 2787 nomm
2933 2747 3055 2789 esse
3084 2734 3319 2804 poterit,
3372 2736 3460 2790 his
3492 2735 3580 2806 qui
3605 2736 3732 2807 imo-

2191 2829 2339 2889 rant,
2393 2822 2539 2892 quod
2585 2838 2694 2879 non
2743 2831 2827 2879 est
2859 2823 3142 2880 hominum
3171 2833 3415 2882 evertere
3445 2841 3628 2898 regna,
3655 2827 3730 2881 sed

2193 2913 2312 2984 ejus
2339 2929 2438 2984 per
2464 2930 2625 2984 quem
2656 2930 2813 2986 reges
2849 2925 3099 2987 regnant.
3145 2916 3253 2988 lpsi
3301 2918 3490 2974 dicunt
3535 2933 3589 2974 se
3622 2919 3732 2974 velle

2195 3005 2352 3060 nobis
2374 3004 2675 3077 indulgere,
2700 3006 2745 3062 si
2769 3007 2824 3061 in
2853 3022 2985 3076 pera
3010 3016 3064 3064 et
3090 3007 3284 3063 baculo
3319 3008 3519 3064 amodo
3537 3008 3732 3063 velimus

2195 3095 2461 3165 transire,
2499 3094 2558 3150 in
2597 3097 2834 3166 seipsam
2879 3097 3064 3153 redeat
3116 3111 3309 3152 eorum
3356 3098 3732 3163 misericordia,

2193 3187 2488 3258 quoniam,
2537 3187 2707 3243 velint
2757 3187 2971 3256 nolint,
3021 3189 3294 3245 thesauris
3341 3204 3531 3245 eorum
3577 3199 3735 3244 nostra

2193 3280 2456 3336 ditabitur
2479 3294 2575 3335 seu
2603 3279 2923 3335 vacuabitur
2950 3281 3153 3352 inopia.
3192 3279 3498 3337 Jerusalem
3523 3296 3635 3337 cum
3655 3295 3735 3334 no-

2193 3366 2278 3424 bis
2297 3383 2329 3424 a
2357 3367 2469 3423 Deo
2493 3383 2753 3424 concessa
2781 3369 2871 3437 sit,
2899 3369 3023 3440 quis
3061 3371 3318 3440 praevalet
3343 3369 3558 3426 auferre
3594 3369 3732 3426 eam?

2192 3455 2352 3513 Nulla
2388 3459 2564 3514 virtus
2596 3467 2700 3517 .est
2732 3457 2975 3514 humana
2996 3475 3120 3530 quae
3146 3460 3306 3516 nobis
3331 3461 3446 3516 ullo
3473 3460 3624 3516 modo
3645 3468 3733 3514 tero

2194 3565 2376 3606 rorem
2402 3550 2650 3618 incutiat,
2675 3550 2808 3622 quia
2842 3566 2968 3607 cum
2992 3552 3279 3620 morimur,
3304 3554 3605 3620 nascimur;
3630 3566 3732 3607 cum

2192 3644 2362 3700 vitam
2405 3643 2710 3700 amittimus
2756 3644 3128 3715 temporalem,
3159 3661 3548 3716 recuperamus
3574 3644 3736 3714 sempi-

2193 3742 2428 3790 ternam.
2477 3734 2688 3790 Idcirco
2752 3735 3062 3792 renuntiate
3121 3735 3207 3792 bis
3238 3737 3335 3807 qui
3374 3738 3636 3793 miserunt
3658 3752 3736 3792 vos

2193 3825 2340 3898 quod
2381 3841 2532 3881 arma
2550 3816 2686 3897 qua:
2716 3814 2774 3880 in
2805 3827 2979 3897 patria
3005 3837 3191 3882 nostra
3216 3813 3574 3899 sumpsimus,
3601 3828 3735 3883 etiam

2193 3935 2318 3975 cum
2371 3927 2525 3989 capta
2587 3917 2691 3973 erit
2746 3916 3082 3986 Jerusalem,
3123 3933 3235 3974 non
3269 3918 3733 3990 dimittemusﬁﬁ).

2192 4007 2533 4062 Conﬁdimus
2555 4005 2700 4060 enim
2727 4003 2786 4058 in
2818 4019 2883 4060 eo
2924 4005 3019 4076 qui
3045 4007 3203 4061 docet
3228 4022 3428 4062 manus
3454 4016 3660 4063 nostras
3681 4005 3732 4059 ad

2193 4098 2462 4168 praelium,
2489 4107 2543 4153 et
2567 4096 2788 4152 brachia
2829 4107 3017 4152 nostra
3052 4098 3207 4168 ponit
3249 4107 3309 4153 ut
3328 4115 3516 4156 arcum
3543 4115 3736 4166 aereum,

2192 4189 2451 4260 quoniam
2477 4195 2533 4242 et
2559 4187 2647 4242 via
2675 4187 2881 4242 nostris
2916 4186 3108 4258 gladiis
3138 4189 3447 4258 aperietur,
3497 4199 3552 4245 et
3584 4189 3735 4245 omnia

2192 4277 2449 4335 scandala
2470 4276 2915 4344 eradicabuntur,
2934 4286 2988 4332 et
3010 4275 3312 4333 Jerusalem
3337 4282 3599 4351 capietur.
3611 4279 3738 4334 Tunc

2193 4379 2385 4426 nostra
2411 4369 2518 4424 erit
2540 4385 2652 4424 non
2686 4384 2784 4440 per
2807 4369 3050 4425 hominis
3079 4369 3495 4441 indulgentiam,
3535 4373 3626 4428 sed
3662 4385 3738 4442 per

2190 4461 2432 4518 caelestis
2457 4475 2704 4516 censura:
2723 4461 3054 4531 aequitatem.
3092 4460 3169 4515 De
3190 4462 3345 4518 vultu
3383 4463 3526 4518 enim
3554 4461 3737 4517 Domini

2191 4555 2297 4610 hoc
2327 4552 2595 4624 judicium
2623 4551 2849 4623 prodiit,
2880 4553 3011 4623 quia
3037 4551 3342 4608 Jerusalem
3366 4565 3553 4609 nostra
3587 4554 3732 4608 erit.»

2192 4645 2378 4716 Legati
2398 4659 2528 4699 vero
2549 4643 2680 4714 quid
2698 4643 2841 4698 ultra
2861 4644 3261 4714 praetenderent
3283 4659 3393 4699 non
3421 4645 3736 4708 invenerunt,

2191 4737 2287 4792 sed
2314 4734 2499 4791 audito
2521 4735 2628 4790 hoc
2648 4735 2817 4790 verbo
2841 4735 3196 4791 scandalizati
3216 4744 3368 4803 sunt,
3393 4736 3733 4792 Antiochiam-

2191 4842 2297 4898 que
2335 4825 2542 4882 nostris
2566 4825 3036 4880 consentientibus
3068 4825 3416 4881 introierunt.

2811 4915 3039 4972 CAPUT
3080 4917 3143 4972 ll.

2262 5010 2360 5067 His
2390 5012 2466 5067 ita
2495 5010 2820 5076 transactis,
2867 5009 3030 5065 tertia
3055 5009 3142 5064 die
3163 5016 3291 5078 post
3314 5016 3602 5080 peractum
3628 5023 3741 5080 prai-

2189 5105 2347 5173 lium,
2381 5103 2668 5160 castellum
2699 5109 2985 5172 coeperunt
3018 5099 3326 5168 aediﬁcare,
3358 5101 3426 5156 de
3456 5116 3569 5172 quo
3605 5115 3740 5170 supea

2189 5196 2306 5250 rius
2351 5193 2684 5250 mentionem
2721 5191 2988 5259 fecimus,
3030 5200 3410 5248 constructum
3442 5192 3498 5246 in
3545 5191 3740 5247 introitu

2189 5286 2371 5358 pontis
2396 5326 2412 5354 ,
2446 5285 2515 5340 ad
2552 5283 2982 5339 Machumariam
3017 5283 3223 5338 scilicet
3245 5323 3261 5351 ,
3297 5283 3352 5336 in
3397 5283 3521 5339 loco
3567 5297 3741 5338 cmme—

2190 5379 2313 5435 terii
2351 5388 2478 5435 ante
2519 5378 2748 5448 januam
2802 5377 3058 5433 civitatis.
3120 5375 3525 5432 Destruxerunt
3589 5385 3741 5431 autem

2192 5489 2383 5530 omnes
2416 5473 2660 5528 tumulos
2693 5471 2938 5543 lapideos
2955 5465 3331 5540 mortuorum,
3365 5479 3420 5526 et
3440 5485 3509 5525 ex
3543 5468 3644 5524 illis
3665 5481 3742 5520 ωε

2193 5576 2366 5624 strum
2396 5563 2932 5636 munierunt._Quod
2975 5578 3102 5622 cum
3137 5572 3427 5634 peractum
3469 5561 3593 5630 fuit,
3618 5571 3742 5614 com

1562 5657 1870 5716 NOTULE
1905 5657 2355 5719 MAl’tGINALES
2388 5655 2505 5715 MS.
2546 5654 2705 5712 COD.

518 5756 634 5832 (t5)
668 5756 1004 5814 Francorum
1035 5757 1198 5814 verba
1226 5763 1483 5815 resonant
1506 5753 1704 5824 pietate
1734 5752 1987 5824 superba.
