3806 6306
75 388 160 448 709

797 379 1099 440 ROBERTl
1131 359 1444 443 monium
1482 374 1663 437 HlS'l‘.
1705 379 2074 440 msuoson
2109 411 2174 426 .-
2229 385 2360 442 us.
2401 385 2467 446 v.

3195 379 3302 457 πο

72 504 344 565 mendatum
367 508 450 560 est
464 499 770 556 Raimundo
791 501 1012 572 egregio
1033 499 1225 556 comiti
1248 498 1434 556 Sancti
1449 496 1603 570 Aigi—
1630 499 1676 556 A
1701 515 1842 570 puos
1864 499 2368 570 nominatissimus,
2387 500 2478 558 hic
2503 501 2726 573 perﬁdae
2744 504 2892 576 genti
2913 505 3146 564 nimium
3169 501 3294 568 ere;-

71 599 149 654 dii.
179 594 280 651 Hoc
307 593 503 648 factum
530 591 685 647 valde
715 592 1046 647 constrinxit
1068 607 1164 647 eos
1189 590 1285 662 qui
1307 590 1364 644 in
1387 589 1605 644 civitate

71 698 217 756 erant,
243 685 494 757 quoniam
524 684 754 739 ulterius
774 683 844 737 ab
869 683 962 738 illa
992 691 1144 754 parte
1178 697 1288 737 non
1315 681 1606 736 valuerunt

69 782 206 837 exire.
228 775 402 831 Nostri
425 791 554 832 vero
583 774 698 846 jam
734 789 927 829 secure
976 775 1131 829 ibant
1167 788 1498 844 quocunque
1525 770 1606 826 ire

68 866 406 942 disponebant.
458 866 610 922 Tunc
657 882 916 938 proceres
953 866 1234 937 elegerunt
1261 865 1412 921 viros
1456 864 1604 935 cpti-

66 978 199 1028 mos,
234 975 505 1031 equosque
529 959 851 1025 velociores,
896 966 950 1014 et
984 972 1096 1012 non
1144 957 1303 1026 longe
1351 955 1421 1009 ab
1471 953 1607 1008 urbe

67 1053 363 1110 transierunt
398 1051 645 1118 ﬂuvium,
675 1059 730 1105 et
759 1049 999 1120 predam
1039 1047 1336 1102 maximam
1384 1045 1607 1100 invene-

64 1155 185 1211 runt,
209 1158 371 1214 equos
395 1151 451 1197 et
487 1157 680 1212 equas,
697 1141 877 1196 mulos
899 1149 954 1196 et
975 1138 1176 1206 mulas,
1197 1138 1394 1193 asinos
1423 1145 1480 1192 et
1507 1151 1604 1192 ca-

64 1239 222 1300 melos.
263 1245 316 1292 et
349 1235 670 1290 animalium
726 1234 972 1304 quinque
1026 1231 1221 1286 millia.
1258 1228 1456 1285 Omnia
1486 1228 1606 1284 haec

64 1343 242 1400 egregia
264 1328 458 1382 cohors
482 1325 713 1381 adduxit
754 1331 824 1380 ad
851 1333 1054 1391 castra,
1101 1331 1156 1378 et
1205 1322 1476 1378 celebrata
1522 1327 1609 1376 est

63 1417 180 1488 apud
199 1417 551 1485 Christicolas
575 1415 761 1472 lzetitia
796 1431 1014 1488 magna.
1053 1413 1213 1481 Quod
1244 1411 1608 1468 infortunium

62 1511 182 1564 cives
211 1509 552 1566 vehementer
577 1509 823 1576 attrivit,
843 1506 1119 1578 quoniam
1152 1504 1488 1561 abundantia
1517 1517 1608 1558 re-

62 1615 178 1666 rum,
201 1614 314 1669 quae
347 1607 572 1656 nostros
613 1600 912 1666 roboravit,
940 1599 1172 1670 perdita,
1202 1598 1327 1654 illos
1354 1597 1610 1652 debilita—

59 1691 136 1743 vit.
169 1689 270 1745 Illic
297 1705 424 1744 vero
449 1691 545 1746 ubi
574 1691 755 1761 prteda
799 1699 957 1761 capta
987 1689 1090 1745 fuit
1115 1732 1129 1757 ,
1170 1699 1292 1746 erat
1320 1689 1609 1759 antiquum

59 1791 285 1848 castrum,
315 1783 410 1838 sed
441 1781 662 1838 incuria
682 1790 738 1838 et
761 1791 1034 1838 vetustate
1057 1782 1324 1848 dirutum,
1347 1789 1401 1836 et
1428 1779 1610 1836 adhuc

59 1875 237 1946 vigebat
258 1875 329 1930 ibi
368 1876 650 1945 quoddam
685 1875 1104 1930 monasterium.
1135 1872 1293 1940 Quod
1329 1881 1391 1928 ut
1435 1871 1610 1942 magis

61 1966 458 2038 constringerent
514 1966 772 2021 inimicos
831 1979 997 2030 suos,
1048 1962 1372 2035 proceribus
1402 1961 1610 2032 placuit

59 2059 368 2126 reedilicare,
415 2068 469 2114 et
523 2057 653 2113 forti
707 2058 1016 2113 munitione
1047 2056 1409 2112 circumdare.
1451 2053 1608 2121 Quod

58 2165 158 2204 cum
189 2151 238 2205 in
286 2150 438 2206 brevi
481 2159 768 2221 peractum
809 2149 944 2217 fuit,
991 2147 1277 2220 inquisitio
1327 2145 1469 2203 facta
1525 2155 1612 2202 est

58 2243 156 2312 quis
176 2242 295 2298 illud
321 2242 651 2298 custodiret.
679 2240 747 2296 Et
774 2241 906 2296 dum
948 2248 1281 2296 tractaretur
1313 2239 1380 2294 de
1421 2245 1609 2294 custo-

56 2333 144 2400 dia,
165 2344 214 2389 et
229 2334 460 2404 plurima
497 2333 560 2388 in
587 2341 812 2390 ventum
835 2333 1200 2404 procederent
1236 2330 1424 2398 verba,
1461 2327 1610 2382 Tan-

55 2425 219 2482 credus
243 2427 470 2482 illustris
500 2427 758 2497 princeps
805 2433 860 2480 et
895 2424 1148 2496 egregius
1191 2422 1435 2494 juvenis,
1467 2421 1612 2476 sicut

54 2526 145 2570 erat
169 2517 338 2572 alacer
363 2517 421 2571 in
455 2515 814 2574 sermonibus
840 2523 895 2571 et
920 2513 1100 2583 factis,
1132 2515 1186 2568 in
1221 2512 1462 2568 medium
1482 2525 1611 2582 pro-

56 2609 196 2677 siluit,
222 2610 404 2666 dicens
433 2629 448 2664 :
481 2629 502 2662 ι
535 2607 650 2681 Ego
671 2609 977 2664 custodiam
1003 2607 1290 2664 castellum
1309 2646 1326 2674 ,
1351 2605 1397 2660 si
1423 2613 1612 2660 custo-

54 2700 136 2753 dia:
155 2716 274 2756 mete
295 2702 531 2774 dignum
559 2700 1068 2771 recompensabitur
1112 2699 1392 2755 meritum.
1425 2715 1444 2749 ›
1477 2694 1612 2752 Pre-

55 2792 312 2866 tiumergo
341 2809 548 2849 omnes
571 2793 627 2847 in
652 2807 948 2848 commune
981 2799 1327 2860 taxaverunt,
1374 2797 1429 2845 et
1474 2803 1612 2860 qua-

53 2884 331 2957 dringentas
359 2887 584 2958 argenti
611 2900 830 2940 marcas
869 2884 920 2940 ei
951 2883 1325 2940 contulerunt.
1371 2880 1612 2936 Tancre-

54 2978 134 3033 dus
170 2980 444 3035 castellum
478 2979 730 3046 intravit,
762 2977 928 3048 idque
947 2976 1192 3047 peditum
1224 2974 1424 3030 turmis
1451 2971 1610 3028 forti-

55 3085 139 3139 que
181 3072 341 3126 milite
396 3071 702 3142 plusquam
754 3067 1115 3122 munitionem
1153 3065 1316 3120 aliam
1350 3062 1608 3118 ﬁrmavit.

57 3159 184 3226 Quod
225 3161 478 3229 feliciter,
516 3160 630 3215 Deo
671 3159 1007 3230 Opitulante,
1045 3154 1318 3226 suscepit,
1345 3153 1609 3225 quoniam

53 3253 148 3322 ipsa
182 3255 263 3310 die
290 3269 538 3328 magnus
563 3251 952 3308 Armeniorum
996 3250 1253 3321 populus,
1282 3257 1337 3303 et
1366 3246 1612 3302 Surano—

54 3361 152 3400 rum
171 3347 232 3418 ad
253 3347 540 3423 civitatem
552 3343 825 3411 veniebat,
851 3351 907 3398 et
931 3341 1161 3397 urbanis
1188 3339 1372 3410 opima
1396 3339 1611 3394 victua-

52 3439 107 3492 lia
131 3441 392 3497 afferebat.
447 3433 609 3506 Quds
635 3451 830 3492 omnes
860 3434 917 3490 in
946 3433 1164 3490 insidiis
1206 3431 1420 3504 positus
1462 3429 1612 3485 Tan-

54 3533 218 3588 credus
247 3531 640 3605 apprehendit,
667 3544 770 3585 nec
798 3538 982 3583 tamen
1009 3542 1126 3594 eos,
1157 3526 1289 3597 quia
1311 3522 1613 3580 Christiani

53 3635 200 3692 erant,
237 3627 498 3682 occidere
527 3622 732 3690 voluit,
767 3621 861 3677 sed
895 3634 1021 3676 cum
1074 3617 1208 3688 ipsis
1261 3614 1496 3673 sarcinis
1544 3613 1614 3670 ad

54 3725 262 3772 castrum
301 3734 468 3775 suum
498 3715 784 3772 conduxit.
839 3711 988 3778 Quos
1019 3709 1239 3766 tandem
1272 3706 1370 3762 tali
1425 3705 1615 3762 condi-

51 3809 174 3867 tione
214 3813 413 3870 illaesos
436 3810 600 3868 abire
640 3805 932 3880 permisit,
971 3803 1098 3876 quia
1131 3801 1505 3873 promiserunt
1537 3799 1612 3868 ei,

53 3903 98 3957 in
121 3905 211 3960 ﬁde
233 3906 580 3972 Christiana,
611 3918 671 3960 se
698 3901 964 3980 allaturos
984 3895 1318 3954 Christianis
1345 3908 1446 3966 pro
1469 3907 1592 3948 com

49 4000 223 4066 petenti
249 4000 426 4070 pretio
448 3995 791 4061 necessaria,
808 3991 1169 4065 quoadusque
1188 3997 1477 4060 caperetur
1498 3985 1607 4042 An-

57 4089 426 4157 tiochia.Quod
459 4088 545 4142 illi
567 4095 790 4143 strenue
820 4082 1203 4154 impleverunt,
1231 4079 1373 4150 sicut
1404 4085 1459 4133 et
1489 4091 1613 4148 spe;

52 4183 348 4250 ponderum.
387 4180 717 4237 Tancredus
743 4192 872 4233 vero
902 4176 1020 4231 vias
1048 4189 1113 4230 ac
1135 4172 1359 4229 semitas
1391 4171 1604 4226 obstru-

52 4284 182 4330 xerat
205 4276 288 4332 his
312 4275 408 4346 qui
433 4282 601 4330 erant
623 4273 680 4327 in
709 4271 951 4337 civitate,
977 4267 1128 4340 quod
1163 4266 1349 4322 nullus
1379 4263 1608 4320 audebat

51 4368 194 4424 exire.
217 4367 516 4440 Propterea
537 4366 691 4438 pacis
717 4364 966 4420 inducias
991 4358 1607 4436 quresieru_nt,gdicentes

52 4460 178 4529 quod
215 4462 305 4517 illo
343 4459 619 4531 temporis
657 4456 947 4512 intervallo
991 4453 1136 4526 apud
1181 4467 1240 4508 se
1292 4456 1591 4506 tractarent

52 4566 142 4620 qua
166 4552 275 4624 lege
295 4595 310 4622 ,
353 4569 470 4624 qua
513 4549 849 4614 conditione,
877 4562 935 4602 se
955 4554 1010 4601 et
1037 4543 1312 4601 civitatem
1344 4539 1612 4597 Christia-
1642 4566 1689 4622 Β

53 4641 126 4696 nis
151 4641 536 4699 deliberarent.
568 4639 934 4696 Crediderunt
954 4635 1252 4708 principes,
1283 4641 1338 4688 et
1371 4631 1611 4703 disposi-

53 4731 113 4788 tis
133 4735 493 4805 pactionibus,
521 4742 578 4790 et
593 4741 847 4802 tempore
869 4727 1173 4785 constituto
1188 4768 1204 4794 ,
1229 4724 1478 4782 tenendae
1509 4737 1611 4794 pa-

54 4825 122 4881 cis
145 4837 484 4884 sacramenta
510 4827 778 4882 dederunt
814 4831 867 4879 et
892 4829 1240 4892 acceperunt.
1273 4818 1451 4874 Portae
1473 4816 1611 4874 civi-

53 4918 166 4974 tatis
187 4921 532 4991 aperiuntur,
550 4927 607 4975 et
634 4917 799 4974 eundi
823 4915 1060 4972 invicem
1091 4912 1250 4969 alteri
1280 4911 1349 4967 ad
1379 4911 1612 4966 alterum

54 5007 261 5068 facultas
295 5011 638 5069 conceditur.
665 5008 829 5064 .Tunc
849 5008 1022 5066 libere
1049 5004 1246 5061 Franci
1274 5018 1371 5074 per
1410 4999 1615 5058 circui-

55 5107 158 5158 tum
198 5120 484 5162 murorum
511 5104 684 5170 ibant,
709 5110 765 5158 et
797 5101 866 5157 ad
885 5096 1296 5172 propugnacula
1321 5109 1447 5151 cum
1479 5093 1617 5164 ipsis

56 5194 248 5253 civibus
271 5197 512 5264 stabant,
525 5204 581 5252 et
600 5195 748 5252 cives
767 5209 893 5250 cum
917 5191 1118 5265 gaudio
1139 5190 1209 5246 ad
1229 5197 1412 5245 castra
1424 5185 1616 5243 venie-

55 5284 190 5345 bant.
1033 5327 1036 5332 .

649 5377 880 5438 CAPUT
919 5375 1007 5434 III.

120 5481 380 5541 Processu
437 5483 671 5555 denique
726 5481 1011 5553 temporis,
1043 5493 1172 5536 cum
1207 5476 1323 5548 jam
1359 5490 1618 5548 suprema

62 5572 166 5631 dies
213 5577 559 5634 induciarum
607 5574 936 5642 advenisset,
977 5571 1139 5627 Walo
1185 5569 1409 5642 quidam
1458 5563 1618 5626 miles

64 5662 413 5737 Christianus,
437 5675 492 5724 et
514 5667 570 5724 in
601 5666 770 5723 armis
809 5664 1086 5735 egregius,
1148 5670 1204 5718 et
1237 5661 1380 5717 inter
1408 5661 1620 5732 praeci-

1704 593 1866 648 dulus
1894 634 1910 658 ,
1947 593 2184 664 quadam
2214 593 2302 650 die
2331 611 2430 665 per
2457 596 2693 668 virgulta
2715 613 2909 654 eorum
2938 601 3302 671 spatiabatur,

1704 694 1758 739 et
1786 684 2032 740 locorum
2089 685 2410 741 amoenitate
2454 687 2644 743 oculos
2696 689 2975 759 pascebat.
3028 689 3208 760 Hunc,
3239 701 3302 750 ut

1705 776 1970 832 inermem
1988 777 2189 846 virum,
2205 779 2401 834 armati
2421 795 2588 836 canes
2607 775 2851 852 aggressi
2878 793 3027 852 sunt,
3047 792 3106 839 et
3125 801 3300 840 mem-

1705 868 1905 925 bratim
1931 869 2202 937 divisum,
2243 871 2546 948 miserabili
2573 874 2820 929 cruciatu
2861 874 3296 949 discerpserunt.

1706 961 1845 1028 Heu,
1873 962 2008 1018 heu!
2032 971 2208 1018 morte
2233 962 2479 1020 Walonis
2500 981 2614 1036 pax
2645 965 2965 1040 infringitur
2994 969 3133 1041 (46),
3163 970 3295 1025 data

1707 1055 1833 1111 fidei
1870 1065 2218 1131 sacramenta
2243 1057 2546 1125 violantur,
2577 1069 2751 1130 pqae
2793 1061 2993 1116 iterum
3026 1063 3182 1120 urbis
3201 1062 3304 1119 ob-

1708 1153 2086 1224 struuntur,et
2103 1146 2296 1218 perﬁdi
2318 1148 2550 1226 gentiles
2574 1149 2719 1204 intra
2739 1151 3007 1206 maenium
3033 1145 3304 1208 turrium-4

1707 1251 1815 1308 que
1842 1251 2068 1316 suarum
2096 1253 2364 1294 cavernas
2380 1239 2759 1308 recluduntur.
2785 1239 2994 1297 Luctus
3018 1243 3074 1298 in
3103 1244 3304 1310 castris

1707 1329 2086 1400 permaximus
2107 1329 2362 1398 habetur,
2393 1333 2656 1402 quoniam
2683 1333 2753 1388 ab
2781 1335 3042 1392 omnibus
3078 1337 3210 1392 viris
3236 1352 3304 1392 ac

1708 1418 2034 1474 mulieribus
2069 1419 2480 1476 morsWalonis
2501 1423 2708 1478 crebris
2731 1423 3062 1496 singultibus
3086 1426 3302 1481 lamen-

1710 1517 1858 1566 tatur
1895 1509 2030 1582 (47).
2071 1509 2288 1599 Conjux
2328 1526 2461 1567 vero
2489 1513 2636 1568 illius
2679 1515 2968 1571 universos
3007 1516 3076 1571 ad
3125 1517 3303 1589 lacry-

1709 1617 1830 1657 mas
1851 1602 2185 1670 concitabat,
2217 1618 2340 1673 quae
2370 1619 2429 1658 se
2455 1603 2598 1659 ultra
2633 1621 2843 1660 morem
2868 1606 3106 1662 aliarum
3133 1608 3301 1664 mise-

1710 1682 1955 1746 rabiliter
1984 1693 2244 1761 laniabat,
2283 1701 2337 1748 et
2378 1681 2503 1764 quae
2547 1695 2684 1750 alios
2715 1695 2784 1750 ad
2812 1696 3020 1751 luctum
3048 1712 3300 1754 commo-

1711 1783 1898 1851 vebat,
1928 1792 2149 1854 propter
2198 1785 2393 1840 crebra
2439 1786 2683 1856 suspiria
2738 1786 3161 1859 singultusque,
3202 1804 3303 1844 nec

1707 1877 1859 1948 loqui
1897 1892 1998 1932 nec
2027 1877 2264 1932 clamare
2291 1886 2523 1947 poterat.
2556 1877 2688 1934 Erat
2709 1887 2891 1934 autem
2923 1881 3016 1935 illa
3045 1880 3155 1935 alto
3175 1896 3305 1951 pro-

1711 1983 1898 2022 cerum
1920 1967 2183 2040 sanguine
2203 1978 2512 2038 procreata,
2535 1979 2588 2024 et
2611 1971 2911 2026 secundum
2929 1971 3114 2028 carnis
3140 1970 3306 2042 hujus

1709 2057 2110 2126 inﬁrmitatem,
2159 2057 2336 2114 forma
2365 2073 2478 2128 pra:
2512 2059 2726 2114 ereteris
2753 2061 2992 2132 egregia.
3042 2059 3173 2116 Erat
3199 2076 3303 2114 au—

1709 2163 1818 2210 tem
1843 2154 2166 2226 plerumque
2197 2153 2652 2208 immobilisvelut
2672 2152 2930 2208 columna
2966 2169 3302 2221 marmorea,
3360 2142 3366 2148 ’

1710 2246 1786 2302 ita
1833 2253 1896 2301 ut
1951 2245 2152 2315 saepius
2196 2253 2414 2300 mortua
2462 2254 2768 2316 putaretur,
2803 2245 2913 2300 nisi
2935 2245 3119 2302 vitalis
3147 2247 3304 2303 calor

1712 2338 1987 2410 palpitans
2009 2336 2065 2391 in
2095 2351 2356 2408 supremo
2383 2346 2610 2408 pectore
2641 2322 2957 2393 sentiretur.
2991 2336 3097 2393 Sed
3127 2346 3182 2392 et
3207 2337 3305 2391 ad-

1710 2430 1820 2485 huc
1842 2428 2144 2500 pulsitabat
2168 2444 2305 2484 vena
2335 2427 2512 2502 latens
2543 2428 2646 2484 sub
2687 2438 2812 2484 cute
2845 2429 3076 2483 minime
3099 2428 3301 2500 pilosa,

1711 2522 1909 2592 pubem
1936 2535 2060 2591 quae
2083 2519 2337 2575 ciliorum
2358 2518 2793 2575 discriminabat.
2809 2517 2948 2574 Cum
2973 2534 3102 2574 vero
3125 2519 3304 2588 respi-

1711 2615 1889 2682 rabat,
1915 2613 2085 2669 ohlita
2113 2611 2334 2668 feminei
2367 2612 2592 2682 pudoris
2612 2628 2672 2668 se
2691 2611 2748 2666 in
2775 2620 2978 2668 terram
2999 2610 3303 2678 volutabat,

1712 2712 1768 2760 et
1788 2720 1955 2777 genas
1979 2703 2261 2775 unguibus
2303 2718 2520 2770 secans,
2558 2717 2758 2759 aureos
2787 2702 2968 2758 crines
2990 2701 3303 2773 disrumpe-

1713 2798 1826 2851 bat.
1859 2793 2174 2852 Occurrunt
2203 2795 2326 2850 alia:
2363 2803 2658 2862 matronae,
2688 2809 2813 2866 quae
2835 2795 2902 2850 de
2932 2810 2991 2850 se
3019 2794 3098 2849 illi
3123 2793 3306 2849 facere

1712 2891 1844 2945 talia
1897 2889 2225 2960 prohibent,
2275 2897 2331 2944 et
2365 2888 2453 2960 pia
2494 2888 2746 2944 custodia
2792 2887 3105 2944 observant.
3171 2885 3308 2954 Quae

1714 2997 1842 3038 cum
1885 2981 2038 3052 loqui
2071 2982 2272 3052 potuit,
2320 2981 2377 3036 in
2409 2981 2526 3036 hzec
2561 2980 2728 3035 verba
2774 2980 3025 3051 prorupit
3063 2979 3252 3036 dicens
3285 2997 3301 3035 :

1715 3072 1830 3129 Rex
1857 3073 1914 3128 in
1939 3074 2191 3144 personis
2223 3073 2423 3140 trinus,
2455 3071 2718 3128 miserere
2746 3070 3026 3138 Walonis,

1638 3201 1685 3264 C
1718 3165 1784 3221 Et
1813 3166 1939 3222 vitae
1968 3181 2171 3222 munus
2197 3165 2300 3222 sibi
2342 3163 2552 3233 confer,
2581 3173 2642 3220 ut
2668 3179 2729 3220 es
2758 3162 2902 3219 Deus
2925 3178 3092 3219 unus.

1715 3259 1858 3327 Quid
1879 3259 2080 3315 meruit
2103 3257 2284 3326 Walo,
2315 3258 2463 3330 quod
2503 3267 2755 3313 mortuus
2787 3265 2874 3312 est
2902 3255 3022 3311 sine
3048 3254 3237 3312 bello?

1713 3351 1936 3424 Virgine
1964 3359 2143 3406 matre
2175 3357 2330 3406 satus
2351 3391 2366 3414 ,
2399 3347 2652 3404 Walonis
2680 3356 2830 3418 terge
2861 3355 3047 3401 reatus
3065 3386 3082 3414 ,

1713 3444 1886 3513 Quem
1911 3443 1979 3500 de
2000 3443 2271 3499 bellorum
2297 3450 2376 3497 tot
2399 3441 2652 3496 cassibus
2675 3438 2950 3510 eripuisti,

1712 3537 1781 3593 Et
1808 3536 2108 3610 permisisti
2146 3550 2298 3590 nunc
2331 3533 2553 3588 tandem
2584 3529 2950 3603 martyriZari.

1791 3649 1810 3681 ι
1865 3627 2021 3683 lleu!
2065 3637 2334 3698 quantum
2386 3625 2578 3680 videre
2625 3623 2975 3679 desiderabat
3021 3628 3175 3676 tuum
3215 3636 3306 3677 se-

1713 3722 1989 3794 pulcrum,
2013 3735 2113 3790 pro
2135 3734 2245 3789 quo
2267 3716 2596 3787 contempsit
2615 3715 2800 3771 omnia
2828 3730 2929 3769 sua
2942 3727 3065 3785 quae
3087 3713 3304 3779 habuit,

1713 3825 1770 3872 et
1815 3813 2078 3883 seipsum.
2115 3810 2236 3876 Quo
2265 3808 2468 3864 infelici
2524 3807 2826 3862 infortunio
2849 3805 2954 3860 fuit
3005 3805 3297 3876 elongatus

1713 3906 1864 3963 ensis
1895 3918 2050 3970 suus,
2081 3901 2177 3973 qui
2209 3901 2291 3956 sic
2322 3897 2683 3956 conveniebat
2732 3895 2890 3952 lateri
2936 3895 3076 3967 ejus.
3129 3894 3174 3950 Ο
3211 3910 3324 3950 me.

1658 3987 1671 4020 δ
1715 3999 1907 4057 saltem
1937 3995 2173 4062 felicem,
2202 3993 2247 4050 si
2270 3992 2518 4048 licuisset
2545 3989 2682 4045 mihi
2714 3988 2770 4044 in
2803 4003 3076 4058 supremo
3107 3987 3306 4058 spiritu

1713 4090 1905 4147 oculos
1933 4087 2212 4154 claudere,
2251 4083 2481 4139 vulnera
2523 4078 2783 4152 lacrymis
2815 4077 3060 4139 abluere.
3105 4085 3160 4132 et
3189 4092 3310 4130 ma--

1713 4182 1876 4238 nibus
1897 4189 2155 4250 vesteque
2179 4178 2478 4248 detergere,
2503 4183 2558 4230 et
2579 4171 2761 4228 dulcia
2783 4165 3036 4242 sepulcro
3060 4171 3310 4226 membra

1713 4273 2082 4332 committere!
2117 4291 2135 4322 ι
2163 4269 2259 4325 llis
2293 4267 2582 4340 questibus
2609 4251 2928 4320 Euvrardus
2956 4261 3125 4318 frater
3156 4277 3296 4317 suus

1713 4361 2026 4434 intervenit,
2059 4369 2114 4417 et
2140 4361 2194 4416 in
2219 4366 2488 4431 quantum
2518 4356 2742 4413 admisit
2770 4355 2854 4412 vis
2879 4352 3113 4422 doloris,
3147 4367 3301 4408 com-

1713 4455 1950 4528 pescuit.
2219 4461 2230 4502 1
2707 4463 2710 4466 ‘

2312 4541 2544 4603 CAPUT
2593 4543 2685 4600 ιν.

1788 4642 1927 4699 Illud
1983 4656 2118 4699 sane
2163 4640 2602 4713 praetereundum
2651 4653 2761 4692 non
2811 4644 2916 4704 est,
2972 4632 3118 4708 quod
3173 4645 3298 4691 ante

1718 4743 1951 4791 mortem
1981 4733 2086 4789 viri
2131 4733 2292 4789 istius
2319 4723 2565 4802 contigit,
2612 4729 2746 4784 dum
2781 4736 2999 4797 tempus
3048 4725 3295 4782 inducia—
3359 4784 3370 4796 ,

1717 4843 1843 4884 rum
1873 4827 2147 4899 integrum
2172 4832 2227 4881 et
2251 4823 2408 4880 ﬁdele
2435 4821 2656 4878 mansit.
2692 4819 2822 4874 Erat
2848 4818 3067 4889 quidem
3103 4815 3263 4873 Admi
3281 4846 3297 4856 -

1719 4921 1905 4977 raldus
1932 4921 2000 4976 de
2037 4933 2235 4992 genere
2264 4915 2570 4972 Turcorum
2613 4914 2669 4968 in
2717 4913 2810 4968 illa
2841 4907 3065 4966 civitate
3111 4908 3260 4980 regia
3285 4949 3302 4975 ,

1718 5031 1844 5072 cum
1873 5029 1984 5086 quo
2007 5011 2362 5068 Boamnndus
2389 5005 2626 5080 plurima
2654 5018 2708 5061 et
2733 5004 2944 5074 privata
2987 4999 3140 5072 pacis
3167 5007 3308 5056 tem-

1715 5123 1846 5180 pore
1875 5105 2068 5162 habuit
2093 5094 2386 5176 colloQuia.
2415 5097 2516 5154 llic
2545 5099 2688 5154 inter
2720 5104 2915 5152 caetera
2952 5091 3192 5164 quodam
3213 5090 3304 5146 die

1713 5179 2004 5271 requisivit
2030 5198 2100 5253 ab
2119 5211 2187 5252 eo
2212 5236 2229 5264 ,
2258 5194 2484 5250 ubinam
2509 5199 2691 5247 castra
2719 5187 2964 5260 posuerit
2989 5179 3079 5242 ille
3107 5183 3301 5240 randi-

1719 5291 1974 5348 datorum
1989 5287 2260 5345 exercitus
2280 5279 2718 5348 innumerabilis,
2730 5291 2966 5350 quorum
2979 5277 3032 5332 in
3045 5271 3306 5332 omnibus

1718 5383 1879 5439 bellis
1929 5377 2295 5437 fulciebanlur
2333 5372 2560 5431 auxilio.
2607 5371 2835 5428 Dicebat
2875 5368 3022 5425 enim
3061 5367 3191 5439 quia
3217 5363 3313 5420 ad-

1718 5483 1942 5531 ventum
1997 5473 2218 5528 illorum
2258 5482 2542 5539 nunquam
2591 5470 2846 5536 poterant
2873 5461 3143 5518 sustinere
3165 5499 3181 5525 ,
3209 5451 3307 5513 sed

1720 5565 1904 5621 statim
1927 5571 1988 5618 ut
2010 5561 2268 5618 videbant
2289 5558 2434 5625 illos,
2465 5555 2798 5628 incipiebant
2815 5566 3012 5624 pavere
3047 5549 3126 5604 illi
3149 5547 3306 5618 ipsos

1718 5667 1781 5714 ut
1805 5664 2000 5712 ventus
2023 5652 2260 5709 turbinis
2288 5651 2678 5723 opprimerent,
2713 5654 2770 5704 et
2792 5643 2884 5701 isti
2909 5638 3294 5705 vulnerabant;

1013 5797 1015 5801 ί
1097 5772 1405 5831 NOTULIE
1439 5768 1888 5830 MARGINALES
1925 5767 2042 5824 MS.
2079 5765 2236 5822 COD.

69 5871 167 5946 (δεῖ)
198 5873 356 5936 Walo
382 5882 693 5951 truncatur,’
705 5889 840 5934 nece
858 5869 1016 5948 cujus
1041 5867 1432 5947 pax'violatur.

1720 5813 2372 5936 {Vta'lonis
2403 5851 2560 5939 dolor
2585 5851 2778 5926 ingens
2807 5843 2973 5918 ccepit
3000 5837 3236 5926 haberi...
3299 5813 3324 5924 ς
