3846 6306
493 359 598 425 'ﬂl

1057 367 1152 425 ao
1190 351 1638 437 GODEFﬁlDUM
1677 362 1970 421 sereno.
2008 361 2080 420 ιι.
2123 394 2194 407 --
2231 361 2506 422 nexum.
2552 365 2641 422 oe
2679 365 2907 427 θειιο
2946 342 3204 428 ΒᾸΟΒΟ.

3651 381 3732 438 719

492 485 572 542 iiii
597 468 941 552 obruebant,
984 491 1039 540 et
1078 483 1171 541 isti
1205 483 1548 541 occidebant.
1579 481 1682 538 Cui
1725 479 2078 536 Boamundus
2107 481 2154 544 Α
2181 477 2388 547 culum,
2413 479 2562 551 quod
2589 496 2686 551 per
2715 496 2818 538 nos
2857 492 3117 554 operatur
3133 481 3404 545 Dominus
3428 487 3582 547 Iesus
3605 491 3731 553 Chri-

492 580 570 634 ait
607 595 621 632 :
672 597 692 630 ‹
729 575 971 633 Putasne
1001 575 1169 632 alium
1207 577 1506 632 exercitum
1549 589 1674 631 esse
1720 589 1884 646 quam
1934 574 2083 629 hunc

492 686 656 742 quem
683 671 838 727 vides
868 669 1157 726 nostrum?
1200 687 1218 721 ‹
1247 669 1349 724 Cui
1379 669 1468 723 ille
1495 687 1508 724 :
1549 687 1567 720 ‹
1603 667 1708 724 Per
1734 667 2081 724 Machomum

492 779 675 818 meum
699 770 1084 834 praeceptorem
1111 761 1258 832 juro,
1285 760 1544 832 quoniam
1585 760 1634 816 si
1663 761 1754 816 hic
1786 760 2079 828 adessent,

492 861 609 909 tota
638 855 754 909 haec
784 853 1038 924 planities
1070 853 1193 908 illos
1227 867 1336 906 non
1370 862 1609 922 caperet.
1642 849 1848 908 Omnes
1870 852 2077 908 habent

493 965 666 1020 equos
699 947 852 1003 albos
876 989 891 1015 ,
943 948 1097 1002 mirae
1143 945 1442 1001 celeritatis
1463 987 1480 1014 ,
1529 953 1585 1001 et
1632 944 1957 1001 vestimenta
1985 985 2000 1012 ,
2029 953 2084 1000 et

494 1051 679 1108 scuta,
705 1049 760 1097 et
785 1040 980 1095 vexilla
1016 1038 1260 1110 ejusdem
1282 1039 1508 1095 coloris.
1545 1037 1651 1095 Sed
1693 1037 1927 1094 forsitan
1958 1037 2082 1093 ideo

493 1134 924 1199 a‘bsconduntur,
954 1147 1021 1187 ne
1063 1132 1238 1188 virtus
1263 1141 1444 1188 vestra
1473 1132 1634 1188 nobis
1676 1130 2078 1188 manifestetur.

494 1225 598 1280 Sed
623 1240 720 1295 per
743 1209 927 1291 ﬁdem,
952 1239 1119 1294 quam
1148 1224 1320 1280 habes
1349 1225 1404 1278 in
1426 1223 1636 1292 Jesum,
1659 1225 1751 1280 ubi
1780 1231 1963 1280 castra
1989 1239 2085 1279 eo-

490 1331 612 1369 rum
663 1315 840 1369 locata
875 1314 1049 1370 sunt?
1081 1335 1100 1366 ι
1132 1315 1488 1370 Boamundus
1517 1315 1702 1386 itaque
1744 1315 1940 1386 spiritu
1987 1313 2083 1370 Dei

488 1406 814 1474 illustratus,
843 1407 990 1462 illico
1014 1407 1188 1463 sensit
1209 1407 1352 1462 hanc
1373 1423 1540 1477 quam
1563 1407 1791 1474 viderat,
1812 1407 2081 1462 visionem

493 1497 585 1554 Dei
613 1513 755 1565 esse,
789 1515 892 1554 nec
939 1499 1086 1570 quod
1116 1499 1399 1570 quaerebat
1441 1515 1510 1556 ex
1540 1500 1860 1568 tentatione,
1893 1500 1987 1556 sed
2015 1516 2082 1556 ex

487 1594 633 1650 bona
680 1594 964 1649 voluntate
997 1594 1294 1664 procedere
1340 1610 1354 1648 :
1390 1601 1447 1649 et
1487 1593 1827 1665 respondens
1855 1593 2078 1665 inquit:

495 1705 514 1738 ι
551 1685 704 1741 Licet
744 1686 821 1741 sis
852 1693 1150 1741 extraneas
1189 1701 1220 1740 a
1254 1685 1371 1757 lege
1407 1697 1628 1754 nostra,
1673 1687 1806 1757 quia
1843 1686 2002 1742 video
2030 1694 2084 1741 te

488 1774 635 1829 bona
656 1790 786 1846 erga
806 1791 907 1830 nos
927 1775 1231 1843 voluntate,
1254 1776 1514 1847 bonoque
1536 1766 1734 1848 spiritu
1751 1777 2078 1844 animatum,

489 1867 732 1938 aperiam
761 1867 858 1922 tibi
899 1867 1124 1939 aliquod
1149 1868 1275 1924 ﬁdei
1303 1878 1506 1925 nostra:
1547 1877 1975 1926 sacramentum.
2020 1868 2077 1925 Si

488 1968 706 2015 tantum
737 1957 996 2031 profundi
1046 1961 1355 2016 intellectus
1391 1962 1647 2028 haberes,
1677 1961 1882 2032 gratias
1915 1959 2082 2016 Crea-

489 2049 597 2105 tori
621 2050 869 2104 omnium
897 2047 1103 2104 referre
1125 2049 1374 2117 deberes,
1407 2050 1500 2120 qui
1531 2050 1630 2106 tibi
1654 2049 1895 2107 ostendit
1923 2065 2082 2105 exer-

490 2142 659 2198 citum
689 2141 1061 2209 candidatum,
1093 2150 1147 2197 et
1178 2142 1322 2197 scias
1361 2141 1487 2212 quia
1523 2142 1578 2196 in
1615 2149 1762 2196 terra
1809 2157 1920 2196 non
1949 2157 2083 2197 con-

488 2244 798 2302 versantur,
827 2235 921 2290 scd
942 2235 997 2309 in
1021 2235 1276 2306 supernis
1303 2235 1689 2291 mansionibus
1718 2235 1873 2306 regni
1907 2236 2080 2291 caelo-

488 2342 634 2381 rum.
661 2324 728 2380 Hi
769 2335 900 2382 sunt
919 2325 1014 2396 qui
1057 2341 1156 2397 pro
1188 2325 1293 2382 ﬁde
1315 2326 1522 2382 Christi
1553 2327 1876 2399 martyrium
1909 2327 2081 2384 susti-

492 2426 751 2484 nuerunt,
792 2426 846 2473 et
893 2417 948 2472 in
979 2418 1132 2474 omni
1172 2426 1318 2475 terra
1355 2428 1548 2475 contra
1583 2420 1896 2477 incredulos
1921 2420 2083 2476 dimi-

489 2521 771 2564 caverunt.
798 2509 1005 2565 Horum
1039 2511 1300 2583 praecipui
1329 2515 1460 2568 sunt
1496 2511 1764 2586 signiferi,
1792 2513 2080 2586 Georgius,

489 2599 821 2670 Demetrius,
849 2600 1182 2672 Mauricius,
1233 2603 1330 2674 qui
1381 2604 1438 2659 in
1492 2605 1598 2661 hac
1657 2606 1942 2676 temporali
1971 2605 2082 2661 vita

489 2693 750 2750 militaria
798 2711 949 2750 arma
996 2703 1371 2767 gestaverunt,
1405 2705 1459 2752 et
1490 2712 1590 2768 pro
1633 2696 1948 2754 Christiana
1978 2698 2083 2755 ﬁde

489 2786 669 2856 capite
694 2787 840 2860 plexi
863 2799 1011 2844 sunt.
1049 2786 1115 2842 lii
1139 2790 1357 2860 quoties
1380 2790 1539 2846 nobis
1564 2791 1812 2862 expedit,
1849 2791 2080 2863 jubente

490 2877 728 2935 Domine
755 2879 883 2936 .‘esu
914 2881 1159 2950 Christo,
1191 2882 1350 2938 nobis
1368 2883 1763 2954 suffragantur,
1787 2891 1842 2939 et
1863 2899 1960 2955 per
1981 2885 2083 2940 hos

489 2971 700 3027 inimici
739 2974 914 3028 nostri
947 2975 1376 3044 praecipitantur.
1420 2974 1488 3030 Et
1518 2984 1579 3030 ut
1608 2992 1696 3032 me
1729 2992 1920 3033 verum
1949 2991 2082 3048 c0g-

492 3079 694 3120 noscas
713 3065 979 3136 proﬁteri,
1021 3067 1238 3138 inquire
1267 3078 1322 3124 et
1352 3069 1514 3124 hodie
1556 3077 1612 3125 et
1643 3085 1788 3136 cras,
1814 3077 1870 3126 et
1910 3070 1962 3125 in
1994 3070 2084 3126 die

492 3155 662 3210 altera
679 3198 694 3223 ,
718 3173 786 3211 an
813 3157 868 3212 in
895 3167 1007 3213 tota
1029 3160 1254 3232 regione
1278 3159 1382 3217 hac
1403 3175 1594 3215 eorum
1622 3169 1804 3216 castra
1827 3168 2085 3232 poterunt

490 3246 746 3304 inveniri.
792 3248 948 3317 Quod
992 3251 1039 3307 si
1079 3252 1462 3320 inveniuntur,
1515 3252 1792 3323 redarguti
1839 3252 1895 3307 in
1951 3269 2085 3309 con-

493 3349 682 3411 spectu
702 3351 797 3397 tuo
827 3329 858 3398 a
889 3343 1195 3410 mendacio,
1216 3345 1628 3401 erubescemus.
1655 3343 1866 3400 Etcum
1890 3346 1945 3400 in
1974 3355 2086 3402 tota

491 3433 715 3504 regione
752 3435 1065 3506 nequiveris
1113 3436 1236 3493 illos
1282 3437 1548 3505 invenire,
1586 3437 1633 3493 si
1664 3437 1824 3494 nobis
1862 3453 2086 3494 necesse

491 3525 617 3592 erit,
648 3526 705 3580 in
734 3528 1036 3583 crastinum
1075 3529 1288 3585 videbis
1315 3530 1524 3585 adesse.
1583 3527 1738 3584 Unde
1779 3529 1945 3600 igitur
1973 3538 2083 3585 tam

491 3621 602 3666 crto
625 3612 872 3680 veniunt,
904 3614 1012 3671 nisi
1043 3631 1074 3670 a
1105 3616 1357 3687 supernis
1403 3616 1628 3673 sedibus
1659 3617 1714 3672 in
1741 3617 1941 3687 quibus
1964 3634 2085 3686 mo-

490 3702 711 3758 rantur?
737 3723 756 3755 ‹
777 3704 877 3759 Cui
897 3707 1181 3776 respondit
1200 3706 1475 3780 Pyrrhus;
1497 3707 1739 3780 sicjenim
1752 3717 1871 3764 erat
1885 3725 2084 3764 nomen

491 3793 613 3864 ejus
641 3810 654 3846 :
690 3814 709 3847 (
737 3794 805 3850 Et
827 3797 873 3852 si
900 3797 966 3853 de
995 3798 1134 3854 coelo
1157 3799 1424 3868 veniunt,
1454 3799 1548 3855 ubi
1576 3808 1658 3855 tot
1685 3800 1839 3858 albos
1881 3817 2083 3872 equos,

492 3895 575 3942 tot
603 3896 781 3956 scuta,
826 3898 908 3944 tot
944 3891 1141 3946 vexilla
1188 3892 1588 3948 inveniuntur?
1623 3911 1642 3946 ›
1678 3892 1780 3949 Cui
1809 3891 2087 3949 Boamun-

493 3978 599 4034 dus
630 3999 643 4034 :
678 3999 696 4033 ‹
734 3979 816 4036 Tu
842 3997 1060 4053 magna,
1083 3991 1138 4038 et
1157 3999 1322 4054 super
1347 4000 1570 4040 sensum
1602 4002 1787 4042 meum
1821 3985 2081 4057 requiris.

495 4069 812 4142 Propterea,
850 4073 898 4129 si
927 4075 1042 4142 vis,
1075 4076 1298 4132 accedat
1327 4078 1642 4148 capellanus
1673 4095 1848 4147 meus,
1873 4079 1967 4150 qui
1989 4078 2083 4134 tibi

497 4178 664 4234 super
684 4165 771 4220 his
791 4166 1164 4237 respondebit.
1201 4189 1219 4221 ι
1254 4169 1338 4226 Ad
1361 4170 1478 4228 haec
1500 4173 1817 4243 capellanus
1847 4189 1859 4224 :
1895 4193 1912 4224 ι
1945 4171 2083 4228 Cum

502 4255 867 4330 Omnipotens
921 4274 1134 4319 creator
1161 4266 1384 4337 angelos
1438 4283 1592 4334 suos,
1647 4268 1760 4323 sive
1806 4267 2084 4337 justorum

498 4351 726 4422 spiritus
765 4354 981 4411 mittere
1021 4355 1262 4428 disponit
1294 4359 1348 4415 in
1377 4368 1613 4427 terram,
1640 4368 1773 4415 tunc
1795 4370 2087 4416 assumunt

498 4443 602 4498 sibi
631 4445 781 4502 aeria
801 4461 1052 4518 corpora,
1088 4462 1148 4506 ut
1179 4467 1274 4522 per
1298 4467 1363 4507 ea
1395 4452 1556 4508 nobis
1591 4451 1958 4517 innotescant,
1991 4451 2085 4522 qui

2115 1829 2157 1884 Β

2183 579 2324 638 stus,
2352 569 2407 625 in
2436 587 2600 642 quem
2629 573 2942 631 credimus?
2963 575 3093 647 quia
3132 590 3466 655 quanto'nos
3487 586 3731 653 pauciores

2183 674 2398 728 sumus,
2429 671 2580 718 tanto
2604 671 2658 718 et
2685 661 2973 733 fortiores;
3006 680 3106 722 vos
3128 682 3256 723 vero
3283 678 3491 740 quanto
3519 685 3734 730 numero-

2183 753 2381 822 siores,
2411 764 2563 810 tanto
2603 755 3014 813 imbecilliores.
3043 755 3145 813 Cui
3176 759 3320 816 hanc
3339 760 3589 818 virtutem
3613 767 3735 822 attri-

2183 843 2329 911 buis,
2381 845 2711 902 humanitati
2760 862 2832 902 an
2881 847 3198 904 divinitati?
3248 848 3430 906 Homo
3481 867 3585 908 non
3624 866 3734 911 est:

2184 937 2388 1007 seipso,
2419 938 2512 994 sed
2541 954 2572 994 a
2603 937 2864 995 Creatore
2886 955 3018 1007 suo;
3051 955 3083 996 a
3111 957 3223 1012 quo
3247 942 3416 998 habet
3445 960 3582 1013 esse,
3606 947 3735 1006 habet

2182 1036 2238 1084 et
2275 1044 2456 1100 posse.
2505 1028 2582 1084 Ex
2625 1031 2731 1086 hoc
2772 1031 2936 1103 igitur
2975 1033 3246 1104 conjicere
3273 1044 3452 1105 potes,
3480 1037 3602 1107 quia
3640 1039 3736 1096 licet

2183 1134 2328 1174 unus
2347 1118 2572 1174 Creator
2600 1120 2865 1176 creaverit
2885 1137 2986 1177 nos
3013 1130 3069 1177 et
3091 1139 3210 1192 vos,
3232 1123 3544 1180 uberiorem
3585 1135 3734 1185 tamen

2184 1223 2298 1264 suae
2321 1207 2538 1264 virtutis
2561 1217 2782 1280 praestat
2806 1210 3200 1267 abundantiam
3223 1213 3388 1270 nobis
3410 1231 3574 1286 quam
3597 1218 3734 1274 rob's.

2183 1297 2328 1354 Certi
2355 1300 2556 1372 quippe
2587 1301 2642 1355 in
2675 1301 2824 1357 illius
2866 1302 3068 1359 virtute
3104 1319 3332 1372 sumus,
3364 1307 3494 1377 quia
3542 1323 3640 1364 non
3667 1327 3738 1367 so-

2183 1390 2298 1447 lum
2327 1392 2699 1461 Antiochiam,
2737 1396 3101 1451 verumetiam
3145 1395 3475 1454 Romaniam
3507 1409 3679 1468 totam,
3699 1413 3740 1460 et

2187 1479 2422 1553 Syriam,
2453 1483 2626 1554 ipsam
2657 1492 2712 1538 et
2749 1481 3055 1540 Jerusalem
3089 1485 3484 1555 obtinebimus,
3516 1489 3633 1559 quia
3659 1491 3740 1547 hoc

2183 1573 2439 1642 promisit
2461 1572 2552 1628 Dei
2569 1573 2740 1630 Filius
2753 1573 3102 1646 omnipotens
3118 1574 3300 1632 Jesus.
3333 1596 3352 1629 ι
3381 1575 3620 1650 Pyrrhus
3644 1581 3741 1651 qui-

2183 1663 2306 1718 dem
2353 1663 2471 1720 hwc
2504 1674 2558 1721 et
2599 1665 2908 1722 consimilia
2949 1667 3094 1723 dicta
3142 1667 3451 1725 Boamundi
3487 1671 3741 1741 prudenter

2186 1754 2473 1824 intellexit,
2529 1771 2765 1828 eumque
2837 1759 3193 1816 vehementer
3260 1760 3616 1821 Boamundus
3663 1782 3742 1822 suo

2183 1848 2358 1903 amori
2382 1849 2624 1904 attraxit.
2657 1847 2910 1922 Cumque
2930 1852 3276 1924 contigisset,
3305 1853 3531 1912 inimico
3551 1856 3740 1914 humani

2184 1940 2398 2011 generis
2425 1942 2708 2011 suadente,
2739 1943 2886 2014 quod
2916 1945 3171 2014 superius
3198 1945 3407 2002 dictum
3441 1958 3527 2002 est
3555 1947 3618 2003 de
3639 1948 3744 2004 Wa-

2183 2031 2336 2100 lone,
2375 2031 2620 2105 Pyrrhus
2661 2050 2786 2090 cum
2827 2051 2929 2091 suo
2969 2033 3290 2092 Boamundo
3337 2037 3493 2109 loqui
3543 2041 3743 2111 amplius

2183 2140 2293 2180 non
2323 2126 2513 2194 valuit,
2540 2127 2637 2183 sed
2667 2135 2848 2182 tamen
2871 2129 3083 2184 occulte
3107 2144 3204 2200 per
3230 2130 3625 2187 internuntium
3652 2132 3743 2189 hac

2182 2217 2231 2272 ei
2277 2216 2606 2289 signiﬁcavit
2636 2234 2650 2271 :
2687 2237 2708 2270 ι
2739 2215 2876 2274 Novi
2906 2228 2959 2275 te
3010 2219 3251 2275 nobilem
3286 2219 3492 2288 virum,
3527 2229 3674 2292 atque
3696 2221 3746 2276 ﬁ-

2183 2307 2357 2363 delem
2394 2308 2806 2378 Christianum;
2857 2312 3184 2366 commendo
3243 2325 3335 2366 me
3382 2319 3496 2366 tua:
3550 2311 3663 2366 ﬁdei
3701 2319 3747 2366 et

2183 2415 2360 2455 meam
2387 2401 2641 2468 domum;
2675 2400 2872 2456 faciam
2898 2400 2995 2456 tibi
3022 2417 3146 2473 qua:
3168 2416 3255 2456 me
3277 2403 3531 2459 hortatus
3552 2419 3626 2460 es:
3653 2411 3744 2458 tres

2183 2500 2364 2549 turres
2404 2509 2544 2564 quas
2573 2494 2627 2548 in
2673 2493 2962 2549 Antiochia
2993 2495 3268 2562 custodio,
3306 2495 3406 2550 tibi
3449 2497 3668 2562 tradam,
3704 2503 3749 2550 et

2183 2601 2350 2640 unam
2383 2586 2450 2641 de
2476 2586 2673 2657 portis,
2701 2586 2798 2642 tibi
2821 2595 3037 2657 tumque
3067 2588 3212 2658 genti
3243 2587 3593 2654 Christiana,
3623 2598 3748 2646 etne

2183 2681 2438 2738 frivolum
2471 2683 2606 2738 illud
2632 2699 2754 2738 esse
2777 2683 2993 2752 credas,
3013 2692 3159 2739 etne
3175 2685 3243 2740 de
3269 2699 3392 2740 mea
3417 2684 3526 2740 ﬁde
3548 2684 3746 2752 difﬁdas,

2183 2774 2343 2830 mitto
2373 2775 2543 2829 ﬁlium
2578 2789 2760 2830 meum
2784 2775 2905 2839 tibi,
2934 2790 3098 2845 quem
3135 2773 3295 2830 urii‘ce
3329 2775 3560 2830 unicum
3585 2775 3745 2846 diligo,

2184 2883 2421 2938 eumque
2463 2869 2605 2925 sicut
2644 2876 2698 2924 et
2744 2884 2830 2924 me
2875 2869 3079 2939 ipsum,
3114 2877 3224 2924 tua:
3253 2867 3376 2923 ﬁdei
3410 2868 3698 2923 committo.
3730 2891 3744 2920 ι

2186 2958 2398 3027 Quibus
2426 2960 2562 3016 visis
2591 2969 2646 3016 et
2673 2961 2898 3027 auditis,
2939 2959 3292 3016 Boamundus
3322 2976 3528 3033 magno
3551 2976 3750 3016 succen-

2188 3065 2284 3106 sus
2310 3059 2395 3107 est
2419 3051 2638 3123 gaudio,
2667 3067 2974 3123 magnaque
3001 3051 3054 3105 in
3082 3067 3148 3106 eo
3173 3053 3316 3122 apud
3341 3051 3516 3107 Deum
3542 3051 3752 3107 excrevit

2186 3142 2426 3211 devotio,
2454 3145 2710 3217 lacrymze
2736 3144 2805 3200 ab
2828 3143 3005 3199 oculis
3029 3143 3224 3200 uberes
3247 3153 3566 3215 erumpunt,
3589 3154 3640 3200 et
3662 3142 3752 3199 Deo

2185 3237 2390 3307 gratias
2420 3252 2608 3308 agens,
2641 3252 2837 3291 manus
2865 3237 2918 3290 in
2956 3236 3154 3292 coelum
3181 3235 3431 3292 tetendit.
3463 3233 3571 3291 Nec
3593 3251 3746 3301 mora,

2186 3328 2462 3400 principes
2493 3329 2547 3382 in
2579 3343 2751 3383 unum
2779 3327 3120 3394 convocavit,
3151 3326 3343 3397 eisque
3371 3326 3506 3381 talia
3549 3326 3750 3391 retulit,

2187 3419 2378 3476 dicens
2409 3438 2422 3474 :
2458 3439 2477 3472 ‹
2516 3418 2731 3491 Egregii
2770 3417 3044 3491 principes
3069 3425 3122 3474 et
3147 3417 3252 3473 viri
3278 3418 3593 3484 bellatores,
3620 3433 3751 3473 com-

2186 3520 2400 3582 pertum
2436 3519 2520 3567 est
2547 3511 2706 3568 vobis
2728 3522 2995 3583 quantum
3048 3509 3376 3582 injuriarum
3409 3510 3560 3582 passi
3585 3525 3755 3567 sumus

2187 3606 2242 3660 in
2274 3605 2379 3660 hac
2408 3604 2725 3673 obsidione,
2751 3613 3066 3676 quantaque
3104 3603 3367 3674 patimur,
3401 3611 3458 3660 et
3497 3618 3654 3674 quam
3677 3602 3753 3658 diu

2187 3697 2420 3753 voluerit
2440 3696 2584 3752 Deus
2608 3697 2899 3768 patiemur.
2933 3693 2991 3751 Si
3019 3695 3166 3752 Deus
3205 3695 3369 3752 alicui
3407 3697 3550 3752 hanc
3581 3696 3753 3752 cin'ta-

2189 3795 2294 3842 tem
2326 3802 2423 3858 per
2465 3787 2686 3858 aliquod
2733 3785 3014 3858 ingenium
3070 3786 3200 3842 dare
3243 3786 3429 3854 vellet,
3480 3787 3656 3851 dicite,
3699 3801 3754 3839 an

2186 3889 2368 3936 vestra
2395 3881 2664 3936 autoritas
2689 3879 2741 3934 ei
2772 3895 2894 3934 eam
2922 3880 3264 3935 concederet.
3307 3897 3327 3932 ι
3364 3877 3449 3934 Ad
3479 3879 3594 3935 hare
3623 3878 3757 3933 multi

2185 3975 2629 4029 exclamaverunt
2650 3972 2705 4028 in
2731 3988 2924 4040 unum,
2954 3972 3231 4028 dicentes:
3264 3991 3282 4023 ι
3312 3970 3428 4028 Nos
3460 3971 3625 4028 simul
3653 3986 3752 4026 eam

2187 4064 2530 4131 habebimus,
2558 4064 2823 4135 quoniam
2856 4063 3019 4118 simul
3056 4062 3344 4134 angustias
3390 4063 3755 4118 necessitatum

2187 4155 2561 4212 toleravimus.
2605 4175 2623 4207 ι
2657 4154 2815 4210 Tunc
2863 4154 3221 4209 Boamundus
3267 4155 3550 4210 modicum
3603 4153 3759 4209 subri-

2185 4245 2344 4314 dens,
2393 4247 2467 4302 ait
2499 4266 2512 4301 :
2551 4266 2570 4299 ι
2609 4245 2704 4302 Va:
2732 4247 2942 4302 civitati
2986 4261 3110 4317 quas
3141 4253 3220 4300 tot
3252 4244 3496 4301 dominis
3538 4245 3758 4315 subjecta

2186 4338 2317 4394 erit!
2361 4339 2528 4394 nolite
2553 4381 2569 4407 ,
2609 4337 2848 4404 fratres,
2892 4353 2956 4393 ea
2993 4337 3178 4393 dicere
3209 4352 3223 4388 :
3265 4336 3362 4392 sed
3390 4336 3514 4406 ejus
3551 4335 3759 4406 imperio

2187 4430 2533 4502 subjiciatur,
2563 4431 2658 4502 qui
2688 4446 2809 4485 eam
2848 4429 3049 4501 poterit
3083 4429 3390 4500 acquirere.
3423 4427 3529 4495 Qui
3555 4437 3618 4482 ut
3649 4425 3760 4482 vidit

497 4537 669 4593 videri
710 4555 819 4594 non
861 4551 1096 4612 possunt
1141 4543 1196 4597 in
1239 4543 1471 4615 spiritali
1513 4543 1750 4598 essentia
1805 4559 1924 4599 sua.
1957 4542 2082 4599 Ideo

2188 4523 2317 4594 quia
2356 4523 2433 4578 nil
2473 4523 2816 4594 proﬁciebat,
2845 4523 2912 4578 ad
2947 4530 3129 4578 castra
3158 4537 3258 4578 sua
3294 4522 3482 4588 rediit,
3512 4529 3564 4577 et
3601 4531 3758 4576 tamen

498 4630 697 4684 armati
725 4646 871 4686 nunc
899 4641 1184 4703 apparent,
1213 4643 1274 4688 ut
1301 4634 1451 4704 quod
1497 4634 1552 4688 in
1579 4633 1720 4689 bello
1757 4633 2086 4689 laboratur-is

496 4721 702 4776 auxilio
733 4723 958 4779 veniunt
986 4725 1248 4782 iudicent.
1284 4724 1342 4780 Si
1370 4716 1517 4781 enim
1562 4733 1624 4780 ut
1664 4726 1957 4798 peregrini,
2000 4725 2086 4780 vel

497 4820 558 4867 ut
587 4814 900 4872 sacerdotes
925 4817 1080 4873 stolis
1101 4817 1336 4873 dealbati
1355 4827 1701 4888 apparerent,
1728 4833 1837 4872 non
1860 4817 2082 4886 bellum,

495 4906 591 4962 sed
616 4921 803 4976 pacem
831 4909 1166 4966 nuntiarent.
1192 4909 1419 4982 Expleto
1447 4911 1717 4982 siquidem
1740 4911 1958 4983 negotio
1985 4926 2086 4982 pro

493 4995 606 5082 quo
636 5001 880 5070 veniunt,
905 5003 972 5058 ad
1000 5004 1241 5061 coelestia
1257 5015 1522 5074 remeant,
1549 5007 1694 5062 unde
1715 5014 2003 5074 venerunt,
2031 5014 2087 5062 et

492 5106 728 5163 corpora
751 5135 766 5158 ,
797 5111 920 5166 qua:
937 5139 951 5164 ,
978 5105 1038 5152 ut
1061 5098 1305 5154 visibiles
1333 5108 1697 5170 apparerent,
1725 5108 2082 5170 acceperunt,

493 5180 550 5237 in
576 5185 825 5240 eamdem
873 5199 1143 5258 reponunt
1185 5191 1470 5246 materiam
1507 5207 1674 5262 quam
1707 5200 2080 5262 sumpserunt.

492 5270 574 5330 Ne
602 5276 841 5345 mireris,
867 5279 914 5335 si
935 5282 1281 5352 omnipotens
1310 5281 1509 5338 Factor
1539 5283 1788 5338 omnium
1814 5289 2087 5336 transmu-

494 5372 575 5422 tat
622 5370 908 5425 materiam
949 5387 981 5427 a
1025 5389 1084 5429 se
1111 5373 1343 5440 factam,
1375 5375 1431 5428 in
1457 5373 1758 5444 quamlibet
1804 5373 2040 5442 speciem
2067 5415 2082 5441 ,

496 5457 594 5528 qui
629 5459 881 5518 universa
906 5463 973 5518 de
1015 5465 1190 5520 nihilo
1238 5467 1465 5522 adduxit
1505 5465 1562 5520 in
1603 5464 1920 5521 essentiam.
1962 5484 1981 5516 ›
2019 5463 2087 5520 ΕΙ.

498 5547 743 5624 Pyrrhus
785 5554 854 5609 ad
901 5555 1018 5612 haec
1067 5557 1186 5612 ait:
1226 5577 1245 5611 ι
1281 5556 1388 5612 Per
1442 5557 1625 5628 ipsum
1676 5571 1840 5626 quem
1883 5557 2085 5614 asseris

498 5641 837 5715 Creatorem,
866 5650 1006 5705 mira
1032 5651 1192 5720 dicis,
1216 5661 1273 5708 et
1293 5651 1665 5718 rationabilia,
1694 5649 1962 5719 nobisque
1989 5649 2087 5705 ha-

502 5742 694 5792 ctenus
738 5739 1004 5807 inaudita.
1043 5761 1065 5796 ι
1101 5742 1198 5800 His
1241 5742 1598 5799 Boamundus
1638 5741 1838 5812 adjecit
1864 5742 2030 5796 et..ait
2067 5758 2081 5794 :

509 5841 538 5882 ς
559 5827 606 5885 0
633 5828 860 5906 Pyrrhe,
889 5849 1074 5915 nonne
1098 5834 1195 5917 tibi
1219 5819 1740 5919 videtur-"magnum
1770 5847 1890 5892 esse
1920 5833 2088 5890 mira-

2190 4614 2414 4670 nuntios
2464 4614 2700 4687 Pyrrhi,
2754 4616 2848 4686 qui
2901 4616 2967 4670 ad
3025 4630 3086 4670 se
3135 4623 3419 4681 venerant,
3462 4613 3704 4668 detinuit.
3739 4630 3755 4662 ι

2187 4702 2469 4776 Principes
2485 4721 2638 4774 vero,
2663 4716 2846 4760 amoto
2867 4705 3206 4770 Boamundo,
3224 4705 3516 4760 consilium
3541 4705 3761 4760 inierunt

2188 4799 2432 4856 dicentes
2463 4816 2478 4854 :
2517 4819 2537 4853 ‹
2583 4799 2696 4856 Nos
2731 4800 2936 4855 bonum
2985 4799 3274 4854 consilium
3324 4815 3435 4854 non
3471 4799 3760 4859 habemus,

2189 4892 2284 4962 qui
2314 4892 2494 4947 verbis
2517 4890 2821 4947 Boamundi
2859 4891 2962 4944 viri
2990 4890 3385 4960 sapientissimi
3415 4891 3759 4946 eontraimus.

2192 4984 2249 5040 Si
2279 5000 2310 5040 a
2341 4985 2523 5057 primo
2558 4985 2646 5041 die
2667 4999 2778 5055 quo
2819 4983 2930 5038 huc
2957 4984 3231 5049 venimus,
3269 4984 3378 5040 hoc
3407 4984 3528 5039 ﬁeri
3565 4983 3760 5055 potuis-

2189 5085 2292 5143 set,
2332 5089 2594 5148 magnum
2638 5075 2798 5131 nobis
2843 5074 3196 5130 commodum
3239 5074 3367 5129 inde
3417 5074 3759 5145 pervenisset.

2187 5164 2386 5222 Nullus
2435 5175 2750 5222 nostrorum
2805 5175 3029 5237 propter
3063 5165 3418 5220 ambitionem
3473 5166 3632 5222 urbis
3667 5163 3762 5218 An-

2187 5257 2405 5314 tiochiae
2432 5257 2498 5313 de
2531 5266 2672 5313 terra
2703 5273 2805 5313 sua
2844 5257 3042 5324 exivit;
3074 5273 3197 5312 eam
3251 5257 3455 5312 habeat
3503 5257 3594 5312 cui
3638 5255 3762 5309 Deus

2189 5349 2322 5404 dare
2340 5349 2593 5415 voluerit,
2612 5357 2803 5404 nostra
2825 5347 3071 5404 omnium
3092 5364 3202 5403 una
3219 5349 3301 5414 ,sit
3322 5349 3580 5416 intentio,
3607 5345 3760 5404 sancti

2191 5441 2402 5496 scilicet
2425 5441 2660 5512 sepulcri
2685 5441 3026 5497 deliberatio.
3056 5439 3274 5496 Placuit
3301 5441 3602 5508 omnibus;
3637 5439 3760 5494 Boa-

2188 5532 2429 5588 mundus
2449 5540 2699 5600 vocatur,
2725 5533 2886 5603 eique
2922 5530 3238 5598 Antiochia,
3266 5530 3314 5587 si
3342 5546 3468 5586 carn
3498 5531 3764 5601 acquirere

2186 5639 2386 5702 potest,
2410 5632 2673 5688 benevole
2696 5632 2767 5687 ab
2791 5631 3048 5688 omnibus
3069 5631 3410 5687 conceditur.
3427 5630 3764 5687 Boamundus

2188 5731 2374 5804 itaque
2409 5731 2558 5787 haud
2599 5735 2783 5804 segnis
2808 5733 2956 5790 viros
2997 5733 3102 5789 sibi
3131 5731 3344 5802 ﬁdeles,
3386 5735 3565 5792 noctis
3587 5747 3764 5803 crepu-

2189 5833 2366 5902 sculo,
2388 5833 2620 5892 remittit
2638 5835 2708 5894 ad
2733 5835 2996 5907 amicum,
3013 5845 3077 5892 ut
3100 5835 3158 5898 ei,
3175 5837 3457 5895 renuntiet
3477 5846 3532 5894 et
3556 5836 3764 5893 modum
