3846 6306
93 425 176 484 715

767 402 779 411 “
821 419 1115 478 nonan“
1151 418 1461 476 MONACHI
1501 417 1680 476 Ius'r.
1723 417 2090 474 HIEBOSOL.
2120 449 2191 459 -
2229 413 2357 472 LIB.
2401 411 2490 472 Vl.

3191 425 3298 485 7η

40 594 52 605 ,
85 555 129 601 et
152 537 432 596 temlnum.
479 534 728 607 Pyrrhus
765 537 1042 592 remandat
1085 545 1144 590 ut
1195 535 1251 590 in
1307 535 1612 602 crastinum
1643 537 1688 592 A
1713 533 1942 587 minime
1969 531 2198 598 videret,
2247 532 2530 602 inquisivit
2581 531 2672 587 ubi
2704 542 2868 590 esset.
2901 533 3003 602 Qui
3046 541 3299 609 proxime

85 637 448 688 commoveatur
476 629 754 683 exercitus
808 627 846 680 F
852 643 1159 694 raucorum,
1185 626 1342 697 quasi
1388 626 1466 681 ire
1488 626 1619 681 velit

81 725 136 779 ad
179 718 512 793 pmdaudum
567 720 628 774 in
661 729 857 774 terram
891 718 1340 774 Sarracenorum.
1394 717 1460 772 Et
1489 733 1614 773 cum

82 830 167 869 nox
189 814 474 867 obscurare
521 812 770 881 coeperit,
813 796 1154 866 revertamur
1195 809 1266 864 ad
1315 817 1495 865 castra
1549 823 1615 864 ex

92 914 218 976 parte
239 901 485 968 civitatis,
515 920 535 953 ι
555 903 613 956 in
629 917 734 973 qua
758 903 870 972 ipse
880 900 1075 956 erectis
1093 899 1314 971 (inquit)
1335 899 1618 955 excubabo

86 995 276 1051 auribus
293 991 348 1046 in
386 992 635 1048 turribus
678 993 831 1048 meis.
875 991 1051 1062 Prope
1078 1006 1296 1046 murum
1324 990 1498 1060 parati
1526 1006 1616 1045 ve-

75 1086 214 1150 aiant,
236 1094 286 1138 et
312 1083 446 1138 nihil
488 1099 719 1152 prorsus
745 1084 990 1139 timeant.
1028 1101 1047 1134 ι
1077 1082 1322 1138 Credidit
1353 1085 1456 1138 hoc
1483 1098 1616 1138 con-

72 1178 222 1231 silium
269 1175 622 1231 Boamundus
688 1175 1015 1246 quibusdam
1071 1174 1188 1231 suis
1249 1173 1614 1229 familiaribus

73 1269 247 1339 llugoni
295 1267 510 1339 Magno,
562 1275 616 1323 et
661 1268 789 1322 duci
827 1265 1122 1322 Godefrido
1147 1306 1162 1332 ,
1205 1265 1460 1320 Podiensi
1500 1265 1614 1334 epi-

66 1377 230 1432 scopo,
276 1369 328 1416 et
377 1361 573 1416 comiti
635 1360 966 1415 Raimundo.
1024 1359 1174 1413 Dixit
1222 1359 1408 1429 itaque
1458 1357 1539 1412 eis
1593 1375 1607 1409 :

72 1472 88 1502 (
111 1451 249 1507 Nocte
271 1459 523 1517 ventura,
556 1451 740 1506 divina
789 1451 1087 1521 opitulante
1131 1450 1326 1522 gratia,
1370 1436 1615 1504 tradetur

65 1543 194 1598 nobis
239 1541 563 1610 Antiochia,
617 1561 637 1593 θ
677 1543 1041 1613 exposuitque
1063 1541 1143 1598 eis
1183 1543 1454 1596 nuntium.
1508 1539 1610 1607 Qui

67 1633 230 1688 auditis
267 1633 550 1700 omnibus,
605 1634 867 1704 gratulati
915 1641 1064 1699 sunt,
1113 1641 1167 1688 et
1219 1632 1614 1688 benedixerunt

68 1723 335 1779 Dominum.
363 1722 422 1778 In
460 1725 772 1780 crastinum
804 1709 1272 1796 congregaverant
1300 1724 1467 1779 duces
1493 1723 1610 1778 bel-
1653 1749 1658 1752 -

67 1816 230 1882 lorum,
257 1816 509 1887 ingentes
540 1816 776 1872 militum
798 1829 1005 1872 cuneos
1023 1859 1036 1882 ,
1065 1816 1416 1887 peditumque
1443 1831 1608 1886 quam

1720 624 1910 680 adesse
1931 624 2150 690 dicitur,
2184 624 2278 680 sed
2319 623 2559 696 Pyrrhus
2584 624 2651 680 de
2677 626 2923 682 absentia
2947 630 3299 687 vehementer

1719 716 2073 771 contristatus
2097 725 2213 783 est,
2243 717 2432 772 dicens
2469 734 2483 770 :

1789 805 1929 872 Quid
1952 807 2081 862 facit
2112 807 2199 862 ille
2220 807 2399 878 piger?
2413 809 2544 877 quid
2575 810 2771 876 tardat,
2792 811 2992 882 quidve
3011 815 3296 870 moratur?

1889 896 2084 954 Mittite
2112 899 2206 969 qui
2231 899 2398 967 dicat,
2429 899 2576 970 quod
2599 901 2760 958 citius
2782 904 2982 959 veniat.

1787 987 1981 1044 Mittite
2009 989 2103 1060 qui
2128 990 2293 1056 dicat,
2316 991 2445 1061 quia
2473 991 2567 1046 lux
2590 991 2851 1048 hodierna
2884 995 3236 1066 prepinquat,

1784 1080 1850 1136 Et
1874 1081 2068 1136 creber
2097 1090 2291 1144 cantus
2319 1083 2614 1154 praesiguat
2637 1085 2833 1140 adesse
2852 1099 3129 1142 serenum.

1776 1171 2018 1237 Nuntius
2047 1173 2265 1244 eligitur
2282 1175 2378 1244 qui
2408 1175 2620 1230 nuntiet
2646 1175 2764 1232 hac
2793 1176 3134 1233 Boamundo.

1715 1262 1871 1330 Quod
1898 1273 1959 1318 ut
1989 1265 2215 1331 audivit,
2246 1265 2476 1322 festinus
2500 1269 2775 1336 accurrit;
2801 1269 2898 1324 sed
2925 1281 3050 1325 cum
3074 1269 3143 1324 ad
3173 1283 3299 1326 sca-

1713 1357 1822 1410 lam
1839 1358 2103 1427 pervenit,
2125 1355 2352 1412 fractam
2376 1358 2603 1415 invenit.
2619 1357 2826 1415 Interea
2852 1359 3180 1417 Fulcherius
3201 1360 3298 1430 qui

1714 1460 1839 1522 cum
1856 1447 2136 1519 sexaginta
2151 1447 2447 1517 juvenibus
2461 1449 2691 1504 armatis
2705 1449 3044 1516 ascenderat,
3055 1450 3302 1522 exceptis

1714 1537 1958 1594 turribus
2007 1538 2223 1610 Pyrrhi,
2275 1547 2388 1595 tres
2419 1539 2554 1594 alias
2607 1540 2800 1596 bellica
2828 1541 3032 1596 virtute
3058 1555 3301 1613 occupa-

1712 1639 1884 1696 verat,
1915 1638 1972 1684 et
2013 1631 2068 1684 in
2115 1629 2198 1686 eis
2237 1631 2378 1686 duos
2423 1629 2623 1686 fratres
2669 1628 2866 1702 Pyrrhi
2927 1632 3300 1687 interemerat.

1712 1718 1870 1784 Quod
1893 1719 2021 1776 licet
2039 1715 2284 1791 Pyrrhus
2306 1735 2418 1776 non
2441 1721 2738 1792 ignoraret,
2755 1731 2938 1777 tamen
2957 1737 2996 1778 ~a
3026 1723 3302 1793 promisso

1714 1810 1838 1866 ﬁdei
1865 1820 2026 1881 pacto
2048 1827 2156 1868 non
2183 1811 2501 1880 retardavit,
2533 1813 2627 1870 sed
2658 1822 2719 1868 ut
2749 1813 2958 1868 audivit
2986 1813 3117 1884 quia
3151 1812 3306 1870 scala

71 1904 216 1973 plures
243 1909 471 1968 turmas,
491 1911 552 1958 et
567 1904 772 1974 egressi
796 1907 1054 1959 montana
1072 1904 1433 1970 transierunt,
1455 1903 1614 1973 quasi
1650 1901 1690 1954 Β
1716 1902 1888 1959 fracta
1914 1912 2078 1969 esset,
2090 1904 2330 1960 venienti
2354 1903 2676 1961 Boamunde
2701 1913 2756 1961 et
2777 1904 2929 1960 omni
2957 1904 3303 1962 Francorum

69 1994 332 2065 pradaturi,
375 1994 432 2048 in
478 2003 689 2050 terram
746 1995 1202 2051 Sarracenorum.
1234 1993 1403 2050 Nocte
1453 1995 1616 2050 adve-

71 2084 213 2138 niente
240 2097 368 2139 cum
399 2099 631 2140 summo
665 2084 885 2140 silentio
921 2085 1220 2152 redierunt,
1251 2099 1419 2154 seque
1461 2083 1617 2140 bona:

68 2177 156 2244 spei
183 2186 648 2246 preparaverunt.
682 2177 1038 2234 Boamundus
1055 2177 1188 2232 vero
1204 2177 1272 2232 ad
1299 2176 1480 2233 locum
1513 2177 1615 2230 sibi

69 2265 121 2320 ab
140 2263 292 2320 amico
310 2265 656 2321 destinatum
696 2270 938 2337 perrexit
957 2281 1086 2322 cum
1121 2267 1238 2323 suis
1258 2275 1469 2323 tantum
1511 2269 1617 2322 mi-

70 2359 234 2424 litibus,
259 2367 312 2414 et
341 2374 473 2415 cum
519 2360 724 2430 paucis
740 2361 901 2431 longe
938 2359 1207 2416 remansit
1247 2376 1279 2415 a
1305 2361 1612 2426 moenibus,

70 2459 352 2521 ceterosque
391 2466 526 2506 cum
575 2467 690 2507 una
720 2454 865 2509 scala
898 2454 1098 2509 direxit
1127 2452 1193 2509 ad
1233 2454 1352 2525 ipsa
1382 2455 1614 2521 mmnia,

69 2557 163 2612 qua
183 2549 348 2597 erecta
373 2542 702 2613 pertingere
723 2546 902 2614 potuit
925 2547 992 2601 ad
1014 2547 1448 2618 propugnacula.
1483 2546 1618 2613 Quae

68 2648 164 2688 cum
187 2644 353 2689 erecta
399 2634 534 2703 fuit,
567 2651 642 2690 ex
671 2645 823 2692 tanta
853 2638 1201 2694 multitudine
1242 2638 1428 2695 nullus
1469 2639 1620 2710 prior

69 2726 312 2782 ascendere
346 2729 735 2799 praesumpsit.
765 2727 1014 2800 Cumque
1049 2745 1242 2786 omnes
1274 2731 1356 2787 sic
1399 2731 1620 2789 haesita-

68 2823 178 2878 rent,
209 2823 330 2869 tunc
356 2831 505 2871 unus
546 2817 747 2885 miles,
777 2819 996 2875 nomine
1045 2819 1386 2887 Fulcherius,
1415 2819 1622 2878 Carno-

68 2909 202 2963 teusis
219 2908 468 2976 natione,
496 2911 778 2967 audacior
799 2911 1011 2968 caeteris
1034 2953 1050 2979 ,
1090 2913 1170 2968 ait
1198 2930 1210 2965 :
1246 2931 1264 2964 ι
1299 2912 1414 2985 Ego
1438 2913 1493 2968 in
1525 2928 1622 2968 uo-

69 2999 180 3052 mine
218 2998 336 3055 Jesu
387 2999 617 3056 Christi
640 3003 854 3072 primus
895 3003 1188 3059 ascendam
1227 3004 1296 3059 ad
1331 3004 1618 3075 quodcun-

1717 1994 2053 2050 Inultitudini
2089 2003 2277 2065 portas
2307 1997 2540 2066 aperuit.
2593 1997 2660 2052 Et
2687 2011 2812 2053 eum
2844 2009 3041 2068 graves
3069 1995 3310 2068 gemitus

1717 2084 1788 2138 ab
1827 2084 1939 2138 imo
1968 2091 2189 2154 pectore
2222 2086 2486 2152 traheret,
2529 2086 2803 2158 longaque
2851 2087 3114 2156 suspiria,
3155 2086 3308 2142 nulla

1719 2182 1902 2231 tamen
1931 2191 2058 2231 eum
2106 2191 2136 2231 a
2161 2178 2434 2247 promissa
2464 2177 2569 2232 ﬁde
2599 2178 2747 2233 illata
2773 2178 3054 2234 revocavit
3081 2178 3304 2249 injuria.

1717 2267 1894 2335 Quem
1933 2268 2286 2326 Boamundus
2334 2271 2390 2325 in
2415 2271 2539 2341 ipso
2573 2280 2748 2342 portae
2773 2271 3001 2327 introitu
3027 2271 3308 2327 submisso

1719 2361 1894 2431 capite
1922 2362 2199 2429 salutavit,
2226 2362 2387 2433 eique
2433 2363 2502 2418 de
2549 2359 2747 2418 collato
2797 2363 3062 2420 benelicio
3100 2363 3308 2435 gratias

1717 2453 1845 2523 egit.
1880 2451 1986 2508 Sed
2013 2467 2136 2507 cum
2167 2467 2389 2508 causam
2420 2453 2828 2510 lamentationis
2847 2453 2970 2525 ejus
2997 2453 3304 2518 didicisset,

1719 2541 2014 2597 admodum
2063 2541 2316 2608 indoluit,
2361 2552 2416 2598 et
2445 2543 2515 2598 de
2559 2543 2827 2599 militibus
2873 2543 2992 2599 suis
3031 2541 3126 2614 qui
3176 2559 3304 2599 eum

1719 2634 2080 2701 custodirent,
2125 2649 2326 2705 resque
2361 2635 2481 2706 ejus
2518 2645 2804 2691 tuerentur
2850 2635 3067 2692 fidelem
3117 2647 3307 2694 custo-

1719 2725 1865 2781 diam
1905 2725 2214 2797 dereliquit.
2242 2725 2354 2782 Nec
2380 2727 2740 2796 reticendum,
2781 2727 3043 2797 maeniana
3085 2728 3192 2786 sub
3212 2728 3306 2783 illa

1719 2826 1899 2884 nocte,
1949 2826 2162 2874 cometa
2209 2833 2334 2890 quae
2391 2819 2547 2890 regni
2591 2819 2950 2875 mutationem
2991 2819 3306 2891 praesignat,

1720 2909 1864 2965 inter
1884 2909 1993 2965 alia
2020 2911 2146 2966 caeli
2196 2909 2379 2967 sidera
2415 2911 2696 2980 rutilabat,
2727 2921 2783 2968 et
2821 2927 2937 2968 sum
2959 2913 3100 2968 lucis
3122 2913 3312 2968 radios

1718 3000 2071 3070 producebat,
2117 3008 2173 3056 et
2229 3000 2373 3056 inter
2422 3002 2854 3072 septentrionem
2911 3011 2968 3058 et
3014 3003 3310 3070 orientem,

67 3106 146 3160 que
191 3107 269 3147 me
322 3091 472 3148 Deus
533 3096 830 3152 vocaverit
895 3097 1340 3168 suscipiendum;
1389 3098 1505 3154 sive
1550 3099 1619 3155 ad
1721 3091 1915 3163 igneus
1942 3093 2113 3148 rubor
2141 3092 2196 3147 in
2246 3092 2388 3149 emta
2425 3093 2771 3150 coruscabat.
2823 3091 2920 3149 His
2965 3093 3314 3151 evidentibus

68 3185 358 3254 martyrium,
383 3201 483 3240 seu
512 3185 592 3241 ad
629 3187 985 3244 obtinendum
1015 3190 1258 3246 victoria:
1285 3189 1555 3245 bravium.
1592 3209 1612 3242 ι
1649 3247 1690 3263 Α
1719 3191 1894 3263 signis
1925 3191 1982 3247 in
2007 3192 2148 3248 creto
2172 3193 2538 3261 radiantibus,
2578 3202 2634 3250 et
2676 3209 2876 3252 aurora
2935 3196 3099 3252 terris
3129 3195 3308 3252 lucem

65 3271 154 3340 Quo
177 3275 515 3344 ascendente,
549 3278 756 3333 exteri
807 3279 1230 3351 subsequuntur,
1278 3289 1332 3336 et
1373 3281 1428 3336 in
1463 3281 1616 3337 brevi
1642 3247 1690 3312 C
1721 3247 2010 3353 relerente,
2057 3288 2330 3344 exercitus
2359 3287 2454 3344 Dei
2487 3297 2675 3359 portas
2715 3289 3022 3346 Antiochia
3059 3290 3306 3357 intravit,

63 3362 115 3415 ad
133 3365 227 3433 ipsa
246 3382 536 3422 murorum
554 3365 795 3438 fastigia
816 3370 1142 3439 pervenitur.
1166 3369 1410 3442 Pyrrhus
1429 3380 1612 3426 autem
1717 3378 1773 3432 in
1797 3377 1996 3433 virtute
2017 3377 2165 3434 illius
2187 3377 2496 3448 qui'inferni
2523 3389 2709 3451 portas
2738 3397 2904 3436 cereas
2951 3381 3222 3448 contrivit,
3259 3389 3312 3434 et

61 3455 198 3512 stabat
231 3459 353 3522 illic,
386 3459 753 3531 praestolans
779 3476 961 3518 eorum
997 3463 1321 3531 adventum,
1373 3471 1430 3518 et
1470 3478 1614 3536 aegre
1714 3467 1911 3538 ferreos
1935 3476 2099 3522 vectes
2129 3469 2389 3541 confregit
2414 3469 2589 3540 (Psat.
2615 3485 2724 3538 cvi,
2749 3471 2860 3542 16),
2880 3471 3042 3543 cujus
3067 3478 3312 3542 potestas

59 3543 200 3604 larens
245 3551 469 3608 nimiam
518 3552 880 3610 tarditatem.
915 3554 1019 3622 Qui
1061 3570 1189 3612 cum
1230 3555 1610 3612 Boamundum
1715 3567 1999 3630 permanet
2024 3559 2082 3614 in
2111 3561 2311 3616 saecula
2342 3561 2691 3619 saeculorum.
2727 3564 2922 3620 Arnen.

1205 3685 1525 3746 EXPLICIT
1561 3687 1768 3746 LIBER
1802 3691 2132 3761 QUINTUS.

937 3853 1398 3976 INCIPIT
1466 3883 1829 3974 LIBER
1897 3884 2389 3980 SEXTUS.

513 4078 778 4140 CAPUT
826 4079 1112 4137 PRIMUM.
1723 4076 1959 4150 solutos,
1978 4080 2203 4152 spiculis
2229 4084 2537 4158 gladiisque
2559 4085 2965 4161 eonfediebant,
2993 4093 3132 4152 etde
3151 4111 3312 4155 sum-

108 4164 330 4228 Universi
366 4172 576 4230 ﬁdeles
608 4171 789 4241 hujus
825 4168 1035 4242 Pyrrhi,
1064 4170 1224 4226 ﬁdem
1251 4167 1529 4236 attendite,
1563 4177 1620 4225 et
1723 4185 1816 4228 Ilo
1845 4171 2064 4229 illarum
2108 4173 2330 4249 fastigio
2358 4178 2430 4234 ad
2451 4187 2653 4236 terram
2685 4183 3068 4254 projiciebant.
3116 4186 3222 4256 Qui
3255 4191 3313 4246 in

54 4264 365 4333 attendentes,
399 4266 452 4321 si
483 4265 637 4339 quid
680 4278 752 4318 ex
792 4262 894 4317 ﬁde
923 4279 1018 4334 per
1065 4261 1228 4318 ﬁdem
1277 4262 1617 4333 promittitis,

57 4353 220 4425 absque
239 4357 347 4412 ulla
369 4355 830 4414 contradictione
854 4355 1112 4426 perﬁcite.
1138 4353 1296 4409 Nulla
1319 4355 1466 4411 hunc
1499 4369 1617 4424 Ine-

55 4448 192 4502 moria
215 4448 475 4506 fraternae
495 4449 733 4515 mortis,
755 4448 900 4503 nulla
918 4447 1000 4504 vis
1025 4447 1254 4514 doloris,
1286 4448 1434 4503 nulla
1459 4447 1618 4502 insti-

1723 4262 1979 4328 domibus
1999 4266 2356 4338 sopiebautur
2390 4271 2577 4329 sonitu
2600 4274 2858 4335 clamoris
2899 4279 3146 4348 excitati,
3169 4283 3314 4340 scine

1725 4359 2018 4432 gestientes
2044 4360 2178 4430 quid
2206 4361 2314 4420 hoc
2333 4372 2500 4434 esset,
2553 4381 2680 4423 cum
2725 4367 2876 4426 foras
2911 4371 3148 4440 exirent,
3197 4389 3313 4431 non

1727 4453 2162 4520 revertebantur,
2190 4455 2456 4525 quoniam
2476 4457 2688 4528 gladios
2715 4460 3065 4522 inveniebant
3087 4475 3313 4536 paratos

54 4537 169 4602 gatio
194 4542 448 4595 mereris
473 4548 740 4596 avertere
769 4538 946 4608 potuit
975 4553 1006 4592 a
1044 4537 1314 4609 promissa
1356 4537 1481 4593 ﬁdei
1504 4546 1620 4593 sta-
1649 4552 1702 4615 υ
1726 4541 1928 4612 quibus
1969 4544 2403 4614 excipiebantur.
2459 4547 2566 4618 Qui
2619 4549 2919 4610 Christiani
2947 4565 3106 4612 erant
3145 4557 3315 4628 Hyrie

53 4627 254 4704 biliute;
303 4635 617 4706 magisque
670 4631 841 4687 valuit
860 4631 1004 4702 apud
1049 4630 1227 4700 ipsum
1270 4630 1395 4686 ﬁdei
1440 4631 1622 4702 pactio

50 4734 184 4789 quam
240 4725 486 4782 duorum
576 4739 964 4789 germanorum
1028 4724 1135 4779 diri
1194 4724 1472 4780 cruciatus
1532 4723 1621 4777 in-

51 4820 320 4886 teremptio.
349 4819 422 4874 Et
445 4819 499 4876 si
536 4818 676 4873 illud
707 4817 993 4886 antiquum
1013 4816 1302 4887 problema
1337 4815 1623 4870 Samsonis

51 4904 96 4958 in
120 4912 336 4966 medium
360 4913 645 4967 volumus
665 4910 954 4977 adducere,
975 4909 1103 4964 huic
1123 4908 1478 4978 mquipollens
1494 4923 1622 4977 pos-

49 5013 208 5055 sumus
223 5019 566 5073 proponere.
599 4998 830 5054 Samson
854 5000 932 5054 ait
964 5019 977 5053 :
1019 4999 1096 5053 De
1130 4999 1427 5054 comedente
1460 4999 1622 5054 exivit

51 5087 186 5155 cibat,
197 5093 320 5148 etde
332 5094 388 5162 [ο
397 5095 472 5147 τ·ιὶ
487 5093 706 5163 egressa
718 5101 793 5145 est
810 5090 1032 5144 dulcedo
1053 5090 1107 5161 (J
1116 5091 1205 5144 ad.
1224 5091 1452 5161 mnu).
1467 5089 1624 5146 Nunc

49 5183 222 5236 verode
238 5184 475 5256 inﬁdeli,
506 5183 780 5255 processit
804 5182 960 5250 ﬁdes,
984 5191 1038 5238 et
1058 5183 1127 5239 de
1150 5190 1432 5249 extraneo,
1463 5181 1624 5237 fami-

51 5266 176 5327 liaris
192 5285 242 5328 et
261 5276 485 5348 integra
511 5276 754 5331 dilectio.
779 5275 848 5329 At
870 5289 939 5329 ne
962 5273 1312 5330 fastidiosam
1341 5275 1622 5345 videamur

52 5357 198 5418 facere
213 5366 652 5438 digressionem,
677 5365 744 5420 ad
768 5366 1036 5436 inceptam
1065 5367 1355 5430 redeamus
1383 5366 1624 5422 historize

54 5459 478 5523 Proposuionem.
517 5458 726 5528 Quarto
766 5456 955 5521 Nonas
994 5457 1164 5526 Junii,
1198 5458 1501 5514 Christiani
1530 5475 1626 5513 ur-

54 5541 152 5600 bem
170 5546 485 5607 Antiochia:
515 5551 869 5619 introierunt,
899 5559 956 5606 et
990 5551 1044 5606 in
1071 5567 1169 5608 ore
1217 5552 1378 5625 gladii
1406 5553 1474 5608 de
1500 5551 1619 5609 suis

53 5645 152 5689 eam
192 5640 560 5700 invasoribus
605 5644 1036 5700 vindicaverunt.
1068 5643 1395 5702 Fulcberius
1441 5654 1496 5700 et
1532 5646 1621 5702 sui

55 5731 333 5800 complices,
363 5738 467 5806 qui
501 5751 631 5791 cum
677 5751 743 5790 eo
784 5752 974 5792 muros
1020 5739 1404 5806 ascenderant,
1435 5749 1623 5796 turres

57 5819 262 5893 undique
288 5827 655 5892 invadebant,
686 5837 736 5881 et
776 5828 1025 5886 incautos
1071 5831 1260 5904 vigiles
1315 5847 1618 5902 somnoque

343 5919 636 5979 PATROL.
677 5919 830 5980 CLV

1725 4632 1943 4702 eleiwn,
1966 4644 2022 4690 ct
2049 4637 2186 4692 alias
2214 4637 2325 4695 Deo
2354 4642 2545 4699 laudes
2585 4646 2978 4714 personabant,
3011 4657 3072 4704 ut
3088 4664 3186 4719 per
3206 4651 3312 4706 hoc

1723 4727 1933 4784 scilicet
1959 4729 2165 4787 nostris
2206 4731 2631 4801 inuotescerent,
2653 4737 2800 4807 quod
2837 4754 2948 4800 non
2991 4738 3177 4808 Turci,
3215 4742 3312 4798 sed

1723 4816 2024 4874 Christiani
2053 4831 2254 4882 essent,
2287 4821 2500 4881 Passim
2531 4835 2853 4885 sternuntur
2894 4831 3087 4900 plateae
3117 4831 3312 4888 civita-

1723 4909 1796 4968 tis
1829 4913 2154 4984 corporibus
2191 4915 2565 4983 morientium,
2616 4920 2882 4990 quoniam
2940 4929 3070 4978 tunc
3125 4924 3312 4980 nullus

1723 5012 1914 5054 eorum
1945 5001 2254 5070 resistebat,
2305 5006 2399 5059 sed
2429 5007 2748 5076 qua-.rebam
2776 5023 2971 5066 omnes
3011 5008 3234 5068 latibula
3256 5024 3312 5072 et

1724 5086 1866 5159 fuga:
1887 5092 2226 5160 praesidium.
2249 5092 2395 5158 Nulli
2418 5095 2598 5152 honor
2622 5097 2974 5168 impenditur,
3003 5102 3158 5171 pueri
3181 5119 3310 5159 cum

1724 5182 1941 5252 puellis,
1977 5183 2210 5254 juvenes
2239 5201 2366 5242 cum
2397 5188 2642 5255 senibus,
2691 5200 2895 5253 matres
2941 5207 3162 5263 quoque
3183 5212 3314 5252 cum

1726 5273 1944 5332 ﬁliabus
1965 5276 2390 5335 interﬁciuntur.
2421 5278 2526 5345 Qui
2551 5279 2739 5351 fugere
2764 5290 3016 5350 poterant
3063 5300 3160 5354 per
3183 5303 3315 5357 pore

1724 5372 1810 5421 tas
1835 5365 2077 5434 exibant,
2106 5378 2336 5424 mortem
2361 5377 2540 5425 tamen
2580 5371 2808 5426 minime
2837 5373 3152 5443 evadentes,
3181 5379 3312 5449 quia

1725 5455 1782 5511 in
1804 5471 2000 5514 manus
2022 5458 2090 5514 de
2110 5461 2308 5516 castris
2331 5461 2662 5518 venientium
2708 5462 3041 5524 incidebant.
3068 5470 3313 5542 Contigit

1725 5559 1908 5619 autem
1950 5560 2008 5606 ut
2037 5552 2178 5610 inter
2202 5554 2473 5626 fugientes
2501 5559 2801 5618 Cassianus
2848 5579 2946 5620 rex
2971 5571 3027 5620 et
3053 5563 3312 5622 dominus

1728 5645 1982 5713 civitatis,
2006 5644 2207 5703 vilibus
2227 5650 2426 5717 pannis
2445 5651 2659 5710 obsitus
2711 5655 2986 5721 evaderet,
3020 5664 3076 5710 et
3109 5655 3172 5711 in
3202 5664 3310 5712 ter—

1726 5753 1844 5794 ram
1875 5737 2138 5795 Tancredi
2187 5739 2444 5811 fugiendo
2484 5747 2808 5815 perveniret.
2858 5748 2966 5805 Sed
3025 5747 3174 5806 malo
3222 5747 3309 5802 sui

1728 5829 2026 5889 infortunio
2072 5831 2317 5892 Armenii
2357 5850 2487 5894 eum
2513 5849 2930 5914 cognoverunt,
2981 5849 3038 5898 et
3081 5835 3132 5898 ei
3164 5837 3309 5899 illico

2905 5935 2984 5995 23
