3846 6306
541 387 649 442 ’215

1114 381 1202 436 ΔΙ)
1243 373 1694 438 GODEFRIDUM
1731 372 2022 430 APPEND.
2065 371 2138 440 ll.
2166 399 2234 411 —-
2268 369 2538 427 NONUM.
2582 369 2671 424 DE
2706 366 2929 424 BELLO
2965 365 3209 424 SACRO.
3679 365 3755 424 7ίό

539 501 808 558 cervicem
837 505 1276 570 amputaverunt,
1304 507 1358 551 et
1385 501 1549 563 caput
1573 491 1720 546 illius
1749 490 1818 544 ad
1841 488 2116 559 principes
2145 490 2188 545 Α
2219 485 2379 541 fessis
2407 485 2714 540 dormiendi
2757 499 2866 540 non
2903 481 3097 538 tribuit
3135 481 3472 537 facultatem.
3505 476 3602 535 Ubi
3639 485 3752 540 enim

539 591 906 647 attuleruntet
920 587 1181 652 balteum;
1199 584 1471 653 balteique
1486 582 1720 653 pretium
1735 595 1804 634 tx
1820 579 2122 650 bysanceos

539 682 1004 752 appr-etiaverunt.
1031 676 1166 732 Pars
1193 689 1389 746 magna
1432 672 1569 742 fugit
1610 671 1666 726 in
1691 679 1936 726 castrum
1975 668 2122 738 quod

537 773 750 828 dvitati
781 771 1056 836 imminet;
1085 767 1234 839 quod
1277 765 1351 821 ita
1391 765 1497 820 loci
1542 762 1818 834 positione
1844 771 1899 816 et
1928 769 2121 815 natura

541 866 816 920 munitum
838 871 926 918 est
949 871 1008 916 ut
1046 860 1251 915 nullius
1272 857 1540 913 machina
1573 855 1868 911 artificium
1911 853 2118 908 timeat.

539 957 657 1014 Illic
683 958 830 1012 enim
849 963 934 1014 est
966 967 1124 1008 mons
1171 951 1294 1006 urbi
1322 949 1636 1019 contiguus,
1669 947 1830 1017 cujus
1859 959 2123 1001 cacumen

542 1049 840 1119 porrigitur
859 1046 928 1101 ad
957 1045 1158 1112 sidera,
1180 1057 1294 1113 quo
1328 1041 1421 1096 vix
1459 1039 1726 1111 attingere
1773 1045 2004 1108 possunt
2033 1036 2110 1090 in-

540 1116 812 1196 tuentium
839 1136 1066 1191 lumina.
1092 1133 1161 1190 Et
1186 1134 1255 1190 de
1276 1133 1397 1204 ipso
1427 1140 1608 1202 potest
1637 1128 1990 1200 circumspici
2010 1116 2131 1182 tota

539 1230 710 1300 regio.
744 1227 802 1282 ln
828 1242 955 1282 eum
987 1223 1236 1295 confugit
1262 1237 1554 1278 numerosa
1600 1220 1894 1276 multitudo
1919 1217 2125 1273 Turco—

539 1337 685 1387 rum,
713 1319 1128 1388 babueruntque
1162 1315 1296 1372 illud
1318 1315 1499 1370 solum
1535 1312 1962 1384 receptaculum.
1996 1309 2127 1364 Erat

538 1420 724 1468 autem
747 1411 878 1466 huic
895 1419 1080 1466 castro
1111 1424 1221 1464 una
1241 1407 1414 1464 turris
1446 1406 1680 1461 nimium
1718 1406 1920 1471 vicina,
1955 1418 2126 1474 quam

539 1503 894 1560 Boamundus
940 1517 1068 1556 cum
1118 1499 1236 1556 suis
1283 1497 1612 1554 satellitibus
1658 1496 1773 1568 jam
1825 1496 2126 1562 obtinebat,

539 1596 784 1667 illudque
809 1604 1054 1651 castrum
1095 1608 1192 1664 per
1218 1607 1341 1648 eam
1385 1591 1711 1662 impugnare
1739 1589 1987 1658 parabat.
2022 1587 2130 1644 Sed

541 1689 621 1744 illi
674 1687 976 1758 resumptis
1033 1685 1266 1752 viribus,
1322 1693 1488 1750 tum,
1540 1681 1675 1738 satis
1715 1680 2128 1746 eminentiores,

540 1781 772 1852 sagittas
793 1788 848 1836 et
869 1777 1101 1849 spicula,
1129 1777 1304 1832 instar
1332 1773 1635 1846 grandinis,
1663 1771 1901 1841 desuper
1922 1771 2130 1825 immit-

541 1880 688 1938 tunt,
717 1870 792 1925 ita
821 1878 884 1924 ut
911 1867 1117 1924 nostris
1145 1865 1373 1922 minime
1417 1862 1634 1918 licuerit
1683 1869 1875 1916 contra
1902 1874 1999 1915 eos
2027 1873 2130 1929 pu-

542 1981 733 2039 gnare,
765 1964 861 2022 sed
883 1979 942 2020 se
971 1961 1180 2036 clypeis
1223 1958 1530 2030 cooperire,
1565 1964 1620 2012 et
1643 1954 1814 2010 armis
1837 1953 2130 2009 defendere

540 2058 897 2128 cogebantur.
942 2053 1128 2110 Locus
1171 2051 1318 2108 enim
1359 2058 1516 2105 artus
1565 2046 1821 2118 angebat,
1864 2055 1920 2100 et
1953 2045 2134 2100 hostis

540 2151 778 2220 desuper
797 2146 1157 2218 opprimebat,
1184 2143 1314 2214 quia
1341 2158 1451 2197 non
1483 2149 1603 2196 erat
1645 2140 1753 2194 alia
1802 2137 1890 2193 via
1937 2138 2129 2192 decer-

541 2239 798 2303 tantium,
812 2251 978 2306 quam
1001 2233 1292 2305 prastabat
1307 2231 1537 2287 latitudo
1555 2243 1860 2284 murorum.
1876 2226 2132 2297 Propter-

539 2345 608 2384 ea
668 2326 897 2398 contigit
942 2325 1074 2396 quia
1126 2321 1292 2378 Turci
1350 2322 1622 2376 irruentes
1668 2327 1861 2374 contra
1911 2316 2130 2383 turrim,

542 2434 689 2474 unus
717 2417 1030 2487 impellebat
1074 2416 1266 2481 alium,
1295 2429 1396 2470 nec
1446 2411 1679 2468 retroire
1717 2419 1836 2466 erat
1877 2408 2133 2476 facultas,

542 2528 644 2567 nec
665 2512 719 2566 in
744 2511 879 2566 lava
901 2525 1002 2565 nec
1031 2509 1086 2564 in
1109 2508 1300 2564 dextra
1325 2506 1420 2560 ulli
1460 2513 1582 2560 erat
1603 2503 1920 2559 divortium.
1957 2499 2132 2568 Quot-

541 2613 679 2675 quot
718 2604 954 2674 impetus
979 2601 1308 2657 irruentium
1337 2612 1503 2668 super
1531 2605 1751 2652 nostros
1778 2594 2130 2665 impingebat,

543 2696 623 2752 illi
663 2697 716 2751 in
753 2695 983 2760 lanceis,
1011 2693 1240 2764 spiculis
1275 2700 1329 2748 et
1358 2689 1720 2746 mucronibus
1763 2687 2131 2757 excipiebant,

543 2798 600 2846 ct
627 2790 940 2844 vulneratos
997 2785 1066 2841 ad
1118 2795 1319 2841 terram
1373 2781 1766 2854 projiciebant;
1797 2790 1853 2834 et
1899 2794 2024 2834 cum
2053 2779 2135 2833 eis

547 2883 674 2938 illos
721 2881 814 2950 qui
877 2879 1075 2934 turrim
1133 2877 1399 2933 desubtus
1455 2874 1823 2930 moliebantur
1873 2871 2131 2936 ell‘udere,

473 2974 478 2979 ”
547 2970 987 3043 prasternebant,
1014 2968 1202 3038 sicque
1236 2974 1488 3024 mortuus
1530 2964 1655 3020 vivo
1699 2978 1888 3018 necem
1928 2960 2133 3017 infere-

549 3068 664 3127 ttat.
695 3072 749 3118 et
795 3063 883 3118 cui
939 3061 996 3116 in
1035 3060 1218 3115 anima
1247 3059 1355 3114 vita
1384 3058 1591 3124 deerat,
1635 3057 1691 3111 in
1721 3069 1952 3126 corpore
1983 3070 2135 3110 mors

549 3155 864 3227 apparebat.
915 3151 973 3208 ln
1025 3166 1135 3223 quo
1173 3150 1432 3207 conﬂictu
1489 3146 1843 3203 Boamundus
1897 3145 2135 3216 graviter

551 3248 839 3318 sagittatus
880 3254 965 3301 est
1010 3245 1064 3299 in
1095 3242 1321 3308 femore,
1375 3241 1612 3311 necjam
1663 3238 1769 3294 nisi
1817 3237 2133 3294 claudicans

550 3341 768 3398 valebat
790 3339 1059 3395 incedere.
1087 3335 1328 3406 Sanguis
1352 3333 1588 3388 ubertim
1619 3331 1686 3387 de
1716 3330 1940 3386 vulnere
1971 3330 2136 3400 capit

552 3433 782 3498 stilare,
797 3439 853 3486 et
866 3446 960 3486 cor
980 3426 1310 3484 nobilissimi
1331 3424 1598 3496 principis
1625 3439 1657 3478 a
1678 3423 1881 3478 virtute
1903 3421 2136 3493 pristina

551 3505 993 3596 capit'delicere.
1019 3519 1124 3588 Qui
1158 3519 1356 3574 nolens
1374 3526 1429 3573 et
1467 3517 1694 3590 invitus,
1737 3515 1794 3570 in
1825 3515 1989 3570 aliam
2022 3523 2139 3569 tur-

556 3616 665 3670 rim
696 3611 1030 3679 retrocessit,
1072 3609 1384 3679 bellumque
1413 3607 1722 3676 dereliquit.
1759 3603 1818 3659 ln
1844 3605 1964 3675 ejus
1987 3604 2138 3658 infir-

557 3709 746 3764 mitate
769 3706 1005 3762 aliorum
1028 3703 1202 3757 virtus
1223 3699 1452 3768 corruit,
1475 3699 1735 3770 quoniam
1759 3696 2140 3766 unusquisque

555 3798 932 3856 miserabilem
987 3809 1177 3850 casum
1231 3792 1316 3847 sui
1376 3791 1533 3846 ducis
1589 3788 1885 3845 admodum
1943 3787 2136 3843 doluit.

557 3893 807 3964 Pugnam
861 3889 1163 3954 dimittunt,
1203 3883 1414 3940 Turcos
1449 3883 1755 3952 turrimque
1805 3881 2140 3951 relinquunt.

561 3982 719 4039 Unus
761 3990 944 4036 tamen
988 3979 1043 4032 in
1085 3976 1355 4048 superiori
1387 3974 1553 4030 turris
1601 3972 1822 4044 fastigio
1857 3972 2140 4038 remansit,

561 4077 722 4146 cujus
743 4073 960 4145 egregia
984 4069 1175 4126 funera
1199 4069 1489 4124 universus
1527 4076 1843 4121 nostrorum
1868 4065 2144 4119 exercitus

567 4167 900 4224 unanimiter
936 4165 1164 4236 planxit.
1201 4161 1295 4218 ille
1319 4162 1465 4218 enim
1484 4171 1546 4215 ut
1575 4159 1710 4214 vidit
1741 4173 1800 4213 se
1825 4157 2001 4213 solum
2022 4170 2145 4210 esse

562 4260 907 4326 derelictum,
958 4267 1142 4312 tamen
1195 4254 1253 4309 in
1281 4267 1341 4309 se
1372 4251 1616 4306 animum
1640 4262 1836 4320 gerens
1858 4247 2142 4313 invictum,

564 4362 627 4409 ut
649 4366 816 4408 ursus
837 4350 979 4406 inter
991 4348 1264 4404 molossos
1285 4343 1450 4414 capit
1471 4357 1532 4398 se
1553 4339 1809 4409 utrinque
1823 4335 2144 4404 defendere;

2227 577 2365 632 intra
2392 592 2582 632 muros
2609 577 2788 632 hostis
2826 577 2999 643 adest,
3052 576 3197 631 nulla
3230 573 3600 643 requiescendi
3622 574 3757 632 facula

2225 679 2310 722 tas
2330 682 2455 722 esse
2485 676 2680 736 potest.
2708 666 2766 721 ln
2805 667 3132 732 crastinum,
3161 665 3214 721 id
3243 673 3327 720 est
3345 663 3478 718 feria
3509 673 3666 730 sexta,
3686 667 3756 722 alii

2224 760 2457 830 spoliata
2486 760 2752 814 cadavera
2777 769 3122 815 mortuorum
3152 767 3308 812 extra
3331 771 3519 811 muros
3538 756 3655 813 foris
3674 768 3762 814 tra—

2225 851 2446 917 hebant,
2472 851 2564 906 alii
2593 851 2661 907 de
2690 851 2936 907 turribus
2976 866 3105 906 cum
3155 849 3490 918 castellanis,
3519 849 3692 920 iaculis
3717 862 3762 909 et

2225 944 2438 1014 sagittis
2460 944 2830 1000 decertabant.

2333 1092 2336 1096 ί
2853 1035 3084 1092 CAPUT
3123 1035 3190 1091 ll.

2295 1125 2545 1197 Cumque
2566 1127 2648 1182 sic
2675 1143 2766 1184 res
2786 1129 2987 1199 agitur,
3007 1144 3133 1185 ecce
3155 1128 3231 1183 illi
3255 1127 3351 1198 qui
3376 1127 3588 1182 stabant
3609 1127 3657 1183 in
3675 1138 3767 1184 tur-

2225 1223 2379 1278 ribus
2404 1231 2460 1278 ct
2490 1221 2687 1289 muris,
2733 1223 2952 1278 eminus
3005 1222 3448 1293 contemplantur
3487 1221 3766 1278 iramensam

2226 1313 2424 1367 nubem
2452 1312 2643 1383 agitati
2678 1312 2939 1383 pulveris.
2971 1312 3048 1368 De
3072 1329 3181 1383 qua
3232 1312 3451 1367 diversa
3490 1312 3766 1376 sentientes,

2233 1404 2329 1458 alii
2381 1405 2658 1472 dicebant,
2699 1405 3370 1476 Constantinopolitanum
3433 1402 3768 1474 imperatorem

2227 1509 2370 1562 esse,
2402 1495 2498 1566 qui
2519 1495 2625 1550 sibi
2647 1495 2699 1550 in
2729 1496 2996 1551 auxilium
3017 1496 3304 1562 veniebat;
3329 1495 3445 1561 alii,
3461 1495 3599 1565 quod
3615 1511 3770 1550 verum

2228 1596 2366 1654 erat,
2393 1587 2611 1658 agmina
2633 1586 2952 1643 Persarum.
2981 1587 3086 1643 Sed
3116 1587 3212 1658 qui
3237 1587 3405 1658 primi
3429 1586 3772 1652 veniebant,ut

2231 1678 2484 1732 viderunt
2530 1679 2722 1734 urbem
2773 1678 3102 1746 Antiochia,
3158 1679 3217 1733 in
3271 1694 3444 1732 unum
3499 1678 3772 1738 consedere.

2233 1769 2609 1839 prastolautes
2646 1778 2795 1824 retro
2845 1770 3068 1826 veniens
3100 1771 3273 1825 robur
3294 1784 3410 1824 sua
3434 1767 3648 1823 militia.
3672 1765 3776 1822 Erat

2233 1870 2416 1918 autem
2470 1861 2761 1918 Corbanan
2789 1862 3042 1933 princeps
3069 1863 3280 1918 militia
3330 1861 3480 1932 regis
3504 1859 3776 1924 Persarum,

2231 1956 2327 2026 qui
2373 1970 2442 2010 ex
2479 1945 2643 2026 longo
2691 1963 2935 2026 tempore
2979 1955 3276 2026 collegerat
3315 1954 3423 2010 sibi
3468 1954 3594 2008 illud
3618 1969 3777 2023 agmen

2231 2047 2573 2103 diversarum
2595 2047 2859 2118 gentium.
2882 2045 3056 2102 Erant
3068 2047 3270 2118 quippe
3292 2047 3365 2102 ibi
3380 2046 3562 2103 Persa
3581 2056 3632 2102 et
3645 2046 3779 2108 Medi,

2231 2139 2439 2194 Arabes
2477 2148 2534 2194 et
2562 2137 2730 2194 Turci
2778 2137 3047 2207 Azimita,
3103 2148 3165 2194 et
3214 2137 3532 2206 Sarraeeni,
3566 2139 3701 2194 Curti
3735 2150 3781 2196 et

2230 2229 2536 2297 Publicani,
2564 2238 2618 2287 et
2661 2231 3003 2287 diversarum
3049 2231 3340 2286 nationum
3393 2231 3490 2286 alii
3539 2231 3697 2286 multi.
3723 2230 3782 2284 De

2231 2322 2497 2394 Agulanis
2516 2332 2675 2379 erant
2703 2323 2778 2378 ibi
2833 2324 2938 2380 tria
2968 2323 3162 2390 millia,
3185 2323 3282 2394 qui
3308 2323 3518 2378 nullam
3541 2338 3782 2378 armore

2230 2415 2446 2486 copiam
2479 2414 2584 2470 nisi
2609 2414 2756 2471 solos
2779 2430 2943 2471 enses
2967 2417 3290 2488 gestabant;
3313 2416 3413 2486 qui
3439 2431 3628 2471 omnes
3650 2416 3780 2470 undi-

2233 2524 2341 2578 que
2363 2508 2512 2565 ferro
2536 2510 2800 2580 cooperti,
2845 2510 2994 2566 nulla
3040 2527 3199 2567 arma
3253 2512 3602 2568 adversantia
3652 2511 3782 2566 time-

2236 2599 2384 2654 bant.
2413 2597 2551 2668 Equi
2571 2615 2765 2655 eorum
2790 2600 2985 2656 vexilla
3019 2611 3076 2657 et
3125 2602 3347 2659 lanceas
3388 2600 3536 2658 ferre
3563 2617 3784 2670 asperna-

2235 2690 2456 2757 bantur,
2481 2691 2613 2746 etin
2643 2707 2740 2748 eos
2763 2693 2856 2762 qui
2893 2692 3162 2761 ferebant,
3207 2693 3380 2749 nimia
3411 2694 3495 2748 ira
3518 2693 3784 2747 succende—

2235 2783 2453 2838 bantur.
2487 2782 2736 2854 Cumque
2766 2784 2821 2839 hi
2867 2801 3060 2842 omnes
3087 2786 3144 2840 in
3195 2801 3367 2840 unum
3413 2785 3783 2846 convenissent.

2235 2890 2490 2931 cursores
2520 2892 2652 2931 suos
2700 2885 2826 2932 ante
2852 2878 3042 2933 urbem
3070 2877 3414 2945 direxerunt,
3459 2879 3554 2949 qui
3600 2885 3788 2932 nostros

2234 2966 2302 3022 ad
2328 2967 2530 3022 bellum
2560 2978 2942 3037 provocarent,
2971 2978 3030 3024 et
3055 2969 3124 3025 de
3167 2969 3390 3025 civitate
3437 2970 3587 3025 exire
3623 2969 3785 3024 suade-

2235 3068 2377 3114 rent.
2431 3057 2537 3114 Sed
2581 3059 2758 3115 nostri
2798 3061 2894 3131 qui
2937 3059 3006 3117 de
3032 3061 3291 3118 hesterno
3324 3061 3583 3118 cunnictu
3611 3061 3789 3133 fatigati

2236 3158 2414 3218 erant,
2442 3150 2723 3207 salubrius
2752 3166 2876 3207 esse
2891 3152 3281 3222 iudicaverunt
3308 3152 3455 3207 inter
3481 3152 3678 3208 mania
3721 3167 3788 3205 re-

2236 3258 2478 3310 manere,
2501 3258 2666 3314 quam
2689 3252 2846 3299 extra
2868 3243 3009 3300 bella
3031 3258 3272 3300 movere.
3291 3241 3376 3297 illi
3401 3257 3534 3298 vero
3555 3258 3647 3312 per
3667 3257 3790 3297 cam-

2236 3350 2338 3405 pos
2363 3344 2420 3392 et
2444 3336 2605 3406 plana
2645 3345 2952 3402 currentes,
2996 3343 3218 3392 nostros
3263 3335 3333 3390 ad
3385 3334 3530 3390 bella
3579 3334 3788 3394 ciebant,

2236 3429 2467 3499 diraque
2486 3429 2568 3486 eis
2587 3430 2834 3485 convicia
2863 3430 3328 3500 impmperabant.
3361 3427 3610 3484 Lanceas
3632 3437 3682 3482 et
3703 3425 3793 3496 gla-

2237 3521 2361 3575 d.os
2390 3520 2446 3574 in
2477 3519 2646 3575 altum
2677 3521 2986 3592 ejiciebaut,
3018 3532 3074 3577 et
3118 3521 3176 3576 in
3206 3522 3467 3578 manibus
3494 3519 3794 3590 recipiebat

2238 3609 2486 3666 ludentes
2507 3619 2562 3666 et
2583 3611 2943 3668 luxuriantes.
2962 3611 3067 3668 Sed
3083 3628 3210 3668 cum
3233 3613 3512 3667 neminem
3536 3612 3601 3667 de
3624 3609 3793 3666 nostris

2239 3711 2534 3771 potuerunt
2549 3703 2855 3769 extrahere,
2869 3703 3264 3773 disposuerunt
3276 3720 3526 3759 remeare
3542 3704 3609 3758 ad
3622 3709 3790 3758 castra.

2241 3793 2393 3860 Quos
2438 3810 2564 3850 cum
2622 3804 3046 3862 reverterentur,
3095 3795 3384 3852 insecutus
3426 3806 3513 3851 est
3559 3810 3697 3850 unus
3741 3809 3794 3846 ex

2243 3885 2448 3940 nostris
2500 3883 2749 3955 licgerus
2788 3886 2857 3941 de
2905 3884 3238 3951 Bardavilla,
3291 3902 3421 3942 cum
3474 3887 3601 3942 aliis
3650 3885 3796 3939 tribus

2244 3975 2490 4041 armatis,
2523 3985 2804 4044 sperantes
2831 3977 2978 4046 quod
3025 3975 3242 4047 aliquos
3273 3987 3504 4047 possent
3526 3977 3712 4032 elicere
3741 3977 3797 4028 ab

2245 4067 2352 4122 illis
2383 4087 2396 4122 :
2428 4067 2522 4123 sed
2547 4067 2650 4136 ipsi
2681 4067 2938 4123 nolebant
2959 4084 3085 4124 cum
3111 4070 3337 4140 paribus
3361 4070 3507 4126 inire
3530 4080 3795 4130 certamen.

2245 4160 2370 4230 quia
2398 4159 2512 4230 jam
2560 4159 2627 4214 de
2677 4160 2879 4230 praliis
2930 4159 3270 4217 Francorum
3320 4162 3497 4217 multa
3546 4161 3797 4216 audierant

2244 4267 2522 4319 enarrare,
2573 4263 2984 4324 posueruntque
3025 4253 3255 4310 insidias
3292 4263 3504 4324 postse
3543 4253 3647 4308 sub
3691 4266 3802 4319 rupe

2247 4353 2456 4410 cavata,
2514 4352 2569 4398 et
2620 4343 2886 4414 quosdam
2939 4359 3007 4400 ex
3051 4345 3168 4401 suis
3220 4344 3558 4400 dimiserunt
3600 4343 3688 4414 qui
3724 4355 3800 4395 eos

565 4445 883 4515 lapidesque
914 4451 968 4497 et
997 4449 1321 4496 caementum
1349 4437 1416 4492 de
1445 4433 1748 4505 parietibus
1781 4431 2064 4496 avellebat,
2093 4438 2148 4485 et
2247 4437 2408 4506 quasi
2471 4436 2804 4492 lacesserent
2871 4437 2928 4492 in
2999 4453 3260 4509 pugnam,
3331 4435 3589 4506 cumque
3657 4433 3800 4489 nostri

562 4555 725 4610 super
746 4538 897 4608 ipsos
927 4535 1022 4605 qui
1045 4548 1172 4589 eum
1203 4528 1598 4601 impugnabant
1619 4524 1958 4595 Pl'OjiCiebal-
2002 4521 2144 4576 Tan-
2175 4550 2220 4606 ι)
2247 4531 2544 4586 transirent
2566 4528 2893 4584 insidiarum
2915 4529 3118 4595 locum,
3167 4527 3318 4584 fures
3347 4527 3417 4584 de
3437 4527 3687 4584 cavernis
3709 4527 3803 4580 suis

558 4633 682 4686 dem
712 4629 858 4683 mille
889 4626 1102 4698 sagittis
1145 4630 1398 4685 onustus,
1452 4628 1514 4673 ut
1549 4616 1684 4672 vidit
1717 4616 1863 4687 quod
1909 4625 2137 4671 mortem

561 4739 670 4777 non
720 4721 994 4786 evaderet,
1048 4724 1279 4771 mortem
1327 4711 1433 4768 sibi
1484 4707 1830 4774 acceleravit,
1876 4708 2137 4779 quoniam

559 4831 685 4870 cum
734 4815 922 4885 clypeo
965 4819 1020 4866 et
1065 4807 1238 4862 armis
1279 4804 1371 4859 ubi
1417 4802 1632 4857 turbam
1666 4799 1979 4854 densiorem
2015 4814 2140 4856 esse

560 4906 866 4978 conspexit,
899 4905 956 4958 in
981 4900 1221 4956 medium
1241 4894 1524 4968 prosiluit,
1555 4894 1781 4963 suisque
1827 4890 2143 4948 interfecto-

561 5002 714 5056 ribus
755 5005 1092 5053 tormentum
1137 4991 1263 5046 fuit.
1316 4987 1436 5043 Non
1458 4995 1541 5042 est
1589 4986 1773 5056 lingua
1803 4985 1987 5041 carnis
2021 4999 2144 5054 qua

561 5094 697 5149 satis
739 5090 919 5144 valeat
964 5099 1222 5141 enarrare
1265 5081 1398 5152 quid
1445 5079 1793 5134 Francorum
1841 5093 2038 5132 manus
2068 5077 2142 5131 ibi

558 5183 736 5239 valuit
759 5177 1114 5251 pessundare,
1140 5184 1194 5230 et
1243 5173 1348 5228 uisi
1379 5171 1588 5228 castelli
1638 5169 1998 5240 municipium
2029 5177 2142 5223 tam

542 5274 705 5328 rfcrte
733 5271 948 5334 fuisset,
964 5267 1084 5337 ipso
1109 5267 1196 5322 die
1218 5265 1463 5321 venturis
1481 5261 1890 5319 calamitatibus
1913 5275 2142 5316 suorum

560 5377 827 5433 magnum
849 5362 1111 5414 levamen
1143 5359 1407 5414 Dominus
1437 5356 1800 5427 prastitisset.
1835 5353 1943 5409 Sed
1973 5354 2146 5408 voluit

560 5451 714 5508 Deus
745 5459 805 5505 ut
853 5449 984 5504 urbs
1013 5449 1348 5504 Antiochena
1390 5447 1677 5504 dilllculter
1725 5444 2142 5515 adipisceretUr,

561 5552 632 5598 ut
650 5541 863 5610 adepta,
891 5540 1109 5597 charior
1138 5540 1448 5596 haberetur.
1483 5539 1660 5595 Citius
1698 5538 1847 5594 enim
1875 5537 2144 5606 acquisita

563 5633 858 5698 vilescunt,
888 5632 981 5687 diu
1003 5631 1307 5687 desiderata
1339 5631 1563 5687 eharius
1594 5628 2002 5699 amplectimur.
2030 5627 2146 5683 Nox

569 5723 940 5780 interveniens
958 5723 1109 5778 litem
1130 5723 1369 5792 diremit,
1403 5731 1458 5779 et
1486 5722 1685 5778 diurno
1702 5721 1876 5775 labori
1908 5722 2148 5776 contulit

571 5815 955 5886 moderamen;
986 5813 1115 5886 quia
1132 5829 1325 5887 pugna
1365 5815 1567 5883 ademit
1609 5813 2015 5883 necessitatem,
2051 5815 2146 5871 sed

2243 4623 2528 4689 exierunt,
2580 4635 2788 4690 eosque
2841 4635 2873 4675 a
2930 4629 3084 4692 tergo
3135 4621 3480 4674 invaserunt.
3536 4619 3641 4685 Qui
3693 4631 3803 4686 pm-

2247 4716 2398 4770 ibant
2435 4721 2786 4769 revertuntur
2847 4712 2904 4766 in
2956 4725 3272 4776 occursum,
3313 4709 3660 4779 celeremque
3696 4721 3803 4760 cen-

2245 4814 2330 4861 tra
2356 4820 2453 4861 eos
2493 4805 2738 4876 dirigunt
2773 4818 3022 4859 cursum.
3065 4801 3171 4869 Qui
3207 4817 3336 4857 cum
3375 4816 3434 4857 se
3469 4799 3804 4871 eomprehcn~

2248 4911 2340 4952 sos
2369 4910 2493 4951 esse
2533 4904 2944 4967 cognoscerent,
2993 4895 3146 4950 ﬂexis
3191 4893 3384 4958 frenis,
3422 4891 3571 4963 fuga
3614 4891 3806 4946 tutelam

2248 4997 2600 5058 speraverunt
2643 4989 2930 5058 consequi,
2973 4989 3066 5044 sed
3114 4987 3430 5069 nullatenus
3476 4987 3656 5057 potuit
3682 4985 3806 5039 inve-

2244 5080 2374 5134 niri.
2414 5078 2678 5152 Rogerius
2711 5081 2892 5137 socios
2924 5079 3203 5152 pramittit
3229 5087 3358 5134 ante
3385 5094 3522 5134 suos
3546 5079 3739 5141 vultus,
3768 5083 3808 5126 et

2245 5173 2362 5242 ipse
2387 5187 2576 5242 parma
2596 5183 2720 5243 post
2740 5182 2954 5244 tergum
2977 5173 3199 5243 reiecta,
3222 5172 3595 5228 creberrimos
3621 5171 3807 5226 illorum

2247 5268 2481 5324 sustinet
2512 5268 2671 5324 ictus.
2699 5267 2933 5338 Jamque
2957 5282 3094 5338 pene
3121 5275 3396 5332 evaserat,
3423 5267 3654 5337 jamque
3674 5262 3807 5319 saluti

2245 5361 2494 5430 proxima
2519 5361 2640 5416 loca
2664 5360 2903 5425 tenebat,
2925 5374 3051 5415 cum
3081 5373 3258 5429 equus
3287 5358 3438 5413 illius
3464 5358 3590 5413 solo
3609 5356 3807 5429 proruit.

2245 5460 2300 5507 et
2332 5452 2547 5508 cadenti
2592 5452 2866 5507 inhaerens
2906 5451 3026 5522 ipse
3068 5450 3286 5518 cecidit,
3333 5449 3430 5520 qui
3477 5450 3632 5504 nullo
3675 5445 3810 5502 modo

2247 5544 2414 5598 levari
2461 5543 2666 5612 potuit,
2700 5541 2961 5612 quoniam
2993 5540 3122 5611 equi
3164 5540 3309 5595 mole
3359 5555 3663 5610 oppressus
3707 5535 3806 5590 fuit.

2251 5635 2394 5690 Heu!
2435 5643 2675 5705 quantus
2710 5635 2868 5689 dolor
2907 5633 3219 5702 stridorque
3258 5631 3509 5687 dentium
3543 5641 3671 5686 tunc
3696 5636 3808 5686 erat.

2247 5741 2414 5796 super
2441 5739 2631 5782 muros
2659 5725 2983 5790 Antiochia,
3029 5738 3156 5779 cum
3199 5729 3470 5793 generoSa
3501 5722 3809 5777 Francorum

2253 5814 2423 5890 pubes
2446 5816 2652 5875 videret
2677 5815 2940 5887 inclytum
2962 5813 3190 5871 militem
3236 5826 3404 5868 suum
3431 5813 3654 5870 rabidos
3674 5825 3810 5870 canes
