  <div class='ocr_page' id='page_1' title='image "/cluster/home/n/w/nwhite01/storage/ocr_20150623/155/hvd.32044015473838/364.png"; bbox 0 0 3806 6306; ppageno 0'>
   <div class='ocr_carea' id='block_1_1' title="bbox 60 403 1641 484">
    <p class='ocr_par' dir='ltr' id='par_1_1' title="bbox 60 403 1641 484">
     <span class='ocr_line' id='line_1_1' title="bbox 60 403 1641 484; baseline -0.004 -1"><span class='ocrx_word' id='word_1_1' title='bbox 60 425 166 484; x_wconf 73' lang='lat' dir='ltr'><strong>nr</strong></span> <span class='ocrx_word' id='word_1_2' title='bbox 652 441 658 448; x_wconf 86' lang='lat'><strong><em>-</em></strong></span> <span class='ocrx_word' id='word_1_3' title='bbox 725 446 728 448; x_wconf 80' lang='lat'><strong><em>~</em></strong></span> <span class='ocrx_word' id='word_1_4' title='bbox 781 409 1082 478; x_wconf 71' lang='lat' dir='ltr'><strong>nonum!</strong></span> <span class='ocrx_word' id='word_1_5' title='bbox 1118 403 1424 479; x_wconf 60' lang='lat' dir='ltr'><strong>normam</strong></span> <span class='ocrx_word' id='word_1_6' title='bbox 1461 416 1641 478; x_wconf 80' lang='lat' dir='ltr'><strong>lllS’l‘.</strong></span> 
     </span>
    </p>
   </div>
   <div class='ocr_carea' id='block_1_2' title="bbox 1681 381 3298 492">
    <p class='ocr_par' dir='ltr' id='par_1_2' title="bbox 1681 381 3298 492">
     <span class='ocr_line' id='line_1_2' title="bbox 1681 381 3298 492; baseline 0.009 -16"><span class='ocrx_word' id='word_1_7' title='bbox 1681 417 2045 478; x_wconf 78' lang='lat' dir='ltr'><strong>HlEllOSOL.</strong></span> <span class='ocrx_word' id='word_1_8' title='bbox 2087 453 2155 462; x_wconf 91' lang='lat'><strong>—-</strong></span> <span class='ocrx_word' id='word_1_9' title='bbox 2195 418 2324 478; x_wconf 70' lang='grc' dir='ltr'><strong>ΜΒ.</strong></span> <span class='ocrx_word' id='word_1_10' title='bbox 2363 419 2456 477; x_wconf 78' lang='lat' dir='ltr'><strong>Vl.</strong></span> <span class='ocrx_word' id='word_1_11' title='bbox 3164 381 3298 492; x_wconf 57' lang='lat' dir='ltr'><strong>71S?</strong></span> 
     </span>
    </p>
   </div>
   <div class='ocr_carea' id='block_1_3' title="bbox 59 534 3300 610">
    <p class='ocr_par' dir='ltr' id='par_1_3' title="bbox 59 534 3300 610">
     <span class='ocr_line' id='line_1_3' title="bbox 59 534 3300 610; baseline 0.004 -18"><span class='ocrx_word' id='word_1_12' title='bbox 59 552 148 597; x_wconf 79' lang='lat' dir='ltr'><strong>tam</strong></span> <span class='ocrx_word' id='word_1_13' title='bbox 174 537 406 594; x_wconf 74' lang='lat' dir='ltr'><strong>atrociter</strong></span> <span class='ocrx_word' id='word_1_14' title='bbox 446 535 717 603; x_wconf 84' lang='lat' dir='ltr'><strong>occidere,</strong></span> <span class='ocrx_word' id='word_1_15' title='bbox 764 536 954 607; x_wconf 86' lang='lat' dir='ltr'><strong>sicque</strong></span> <span class='ocrx_word' id='word_1_16' title='bbox 986 536 1314 607; x_wconf 84' lang='lat' dir='ltr'><strong>discerpere.</strong></span> <span class='ocrx_word' id='word_1_17' title='bbox 1360 535 1580 592; x_wconf 82' lang='lat' dir='ltr'><strong>Avertc-</strong></span> <span class='ocrx_word' id='word_1_18' title='bbox 1612 545 1658 599; x_wconf 77' lang='grc' dir='ltr'><strong>Α</strong></span> <span class='ocrx_word' id='word_1_19' title='bbox 1691 534 1914 590; x_wconf 86' lang='lat' dir='ltr'><strong>intravit</strong></span> <span class='ocrx_word' id='word_1_20' title='bbox 1957 534 2092 591; x_wconf 81' lang='lat' dir='ltr'><strong>lines</strong></span> <span class='ocrx_word' id='word_1_21' title='bbox 2138 534 2330 608; x_wconf 81' lang='lat' dir='ltr'><strong>Syriae,</strong></span> <span class='ocrx_word' id='word_1_22' title='bbox 2364 549 2663 608; x_wconf 88' lang='lat' dir='ltr'><strong>murosque</strong></span> <span class='ocrx_word' id='word_1_23' title='bbox 2697 537 2860 610; x_wconf 66' lang='lat' dir='ltr'><strong>regite</strong></span> <span class='ocrx_word' id='word_1_24' title='bbox 2897 539 3133 600; x_wconf 72' lang='lat' dir='ltr'><strong>civitatis</strong></span> <span class='ocrx_word' id='word_1_25' title='bbox 3157 543 3300 606; x_wconf 72' lang='grc' dir='ltr'><strong>Δηο,</strong></span> 
     </span>
    </p>
   </div>
   <div class='ocr_carea' id='block_1_4' title="bbox 57 628 1582 699">
    <p class='ocr_par' dir='ltr' id='par_1_4' title="bbox 57 628 1582 699">
     <span class='ocr_line' id='line_1_4' title="bbox 57 628 1582 699; baseline -0.003 -12"><span class='ocrx_word' id='word_1_26' title='bbox 57 632 161 687; x_wconf 81' lang='lat' dir='ltr'><strong>bant</strong></span> <span class='ocrx_word' id='word_1_27' title='bbox 181 630 370 696; x_wconf 89' lang='lat' dir='ltr'><strong>oculos,</strong></span> <span class='ocrx_word' id='word_1_28' title='bbox 391 643 488 684; x_wconf 90' lang='lat' dir='ltr'><strong>nec</strong></span> <span class='ocrx_word' id='word_1_29' title='bbox 509 628 691 684; x_wconf 82' lang='lat' dir='ltr'><strong>videre</strong></span> <span class='ocrx_word' id='word_1_30' title='bbox 718 637 988 699; x_wconf 89' lang='lat' dir='ltr'><strong>poterant,</strong></span> <span class='ocrx_word' id='word_1_31' title='bbox 1011 643 1137 684; x_wconf 91' lang='lat' dir='ltr'><strong>cum</strong></span> <span class='ocrx_word' id='word_1_32' title='bbox 1162 644 1286 684; x_wconf 92' lang='lat' dir='ltr'><strong>eum</strong></span> <span class='ocrx_word' id='word_1_33' title='bbox 1312 628 1582 683; x_wconf 83' lang='lat' dir='ltr'><strong>membra-</strong></span> 
     </span>
    </p>
   </div>
   <div class='ocr_carea' id='block_1_5' title="bbox 56 719 1580 790">
    <p class='ocr_par' dir='ltr' id='par_1_5' title="bbox 56 719 1580 790">
     <span class='ocr_line' id='line_1_5' title="bbox 56 719 1580 790; baseline -0.003 -11"><span class='ocrx_word' id='word_1_34' title='bbox 56 726 131 780; x_wconf 89' lang='lat' dir='ltr'><strong>tim</strong></span> <span class='ocrx_word' id='word_1_35' title='bbox 157 721 486 777; x_wconf 90' lang='lat' dir='ltr'><strong>dilaniabant.</strong></span> <span class='ocrx_word' id='word_1_36' title='bbox 516 719 595 775; x_wconf 81' lang='lat' dir='ltr'><strong>Ad</strong></span> <span class='ocrx_word' id='word_1_37' title='bbox 629 728 934 776; x_wconf 83' lang='lat' dir='ltr'><strong>extremum</strong></span> <span class='ocrx_word' id='word_1_38' title='bbox 979 730 1143 790; x_wconf 88' lang='lat' dir='ltr'><strong>caput</strong></span> <span class='ocrx_word' id='word_1_39' title='bbox 1171 719 1294 790; x_wconf 90' lang='lat' dir='ltr'><strong>eius</strong></span> <span class='ocrx_word' id='word_1_40' title='bbox 1327 731 1580 790; x_wconf 89' lang='lat' dir='ltr'><strong>amputa-</strong></span> 
     </span>
    </p>
   </div>
   <div class='ocr_carea' id='block_1_6' title="bbox 54 811 1583 884">
    <p class='ocr_par' dir='ltr' id='par_1_6' title="bbox 54 811 1583 884">
     <span class='ocr_line' id='line_1_6' title="bbox 54 811 1583 884; baseline -0.002 -15"><span class='ocrx_word' id='word_1_41' title='bbox 54 823 240 882; x_wconf 79' lang='lat' dir='ltr'><strong>verunt;</strong></span> <span class='ocrx_word' id='word_1_42' title='bbox 286 820 548 883; x_wconf 91' lang='lat' dir='ltr'><strong>coutoque</strong></span> <span class='ocrx_word' id='word_1_43' title='bbox 582 813 888 884; x_wconf 83' lang='lat' dir='ltr'><strong>inﬁgentes,</strong></span> <span class='ocrx_word' id='word_1_44' title='bbox 919 812 1080 884; x_wconf 88' lang='lat' dir='ltr'><strong>quasi</strong></span> <span class='ocrx_word' id='word_1_45' title='bbox 1111 811 1371 882; x_wconf 92' lang='lat' dir='ltr'><strong>triumphi</strong></span> <span class='ocrx_word' id='word_1_46' title='bbox 1414 811 1583 866; x_wconf 75' lang='lat' dir='ltr'><strong>vexil-</strong></span> 
     </span>
    </p>
   </div>
   <div class='ocr_carea' id='block_1_7' title="bbox 52 903 1583 975">
    <p class='ocr_par' dir='ltr' id='par_1_7' title="bbox 52 903 1583 975">
     <span class='ocr_line' id='line_1_7' title="bbox 52 903 1583 975; baseline -0.001 -14"><span class='ocrx_word' id='word_1_47' title='bbox 52 908 165 972; x_wconf 81' lang='lat' dir='ltr'><strong>lum,</strong></span> <span class='ocrx_word' id='word_1_48' title='bbox 201 905 262 959; x_wconf 87' lang='lat' dir='ltr'><strong>ad</strong></span> <span class='ocrx_word' id='word_1_49' title='bbox 293 913 466 960; x_wconf 84' lang='lat' dir='ltr'><strong>castra</strong></span> <span class='ocrx_word' id='word_1_50' title='bbox 501 903 942 975; x_wconf 73' lang='lat' dir='ltr'><strong>deportaverunt.</strong></span> <span class='ocrx_word' id='word_1_51' title='bbox 983 903 1155 958; x_wconf 80' lang='lat' dir='ltr'><strong>Erant</strong></span> <span class='ocrx_word' id='word_1_52' title='bbox 1182 911 1364 959; x_wconf 91' lang='lat' dir='ltr'><strong>autem</strong></span> <span class='ocrx_word' id='word_1_53' title='bbox 1395 913 1583 960; x_wconf 87' lang='lat' dir='ltr'><strong>castra</strong></span> 
     </span>
    </p>
   </div>
   <div class='ocr_carea' id='block_1_8' title="bbox 52 994 1582 1066">
    <p class='ocr_par' dir='ltr' id='par_1_8' title="bbox 52 994 1582 1066">
     <span class='ocr_line' id='line_1_8' title="bbox 52 994 1582 1066; baseline -0.001 -13"><span class='ocrx_word' id='word_1_54' title='bbox 52 1000 229 1053; x_wconf 87' lang='lat' dir='ltr'><strong>illorum</strong></span> <span class='ocrx_word' id='word_1_55' title='bbox 265 995 415 1066; x_wconf 80' lang='lat' dir='ltr'><strong>iuxta</strong></span> <span class='ocrx_word' id='word_1_56' title='bbox 459 994 686 1051; x_wconf 86' lang='lat' dir='ltr'><strong>Pontem</strong></span> <span class='ocrx_word' id='word_1_57' title='bbox 730 995 1012 1054; x_wconf 84' lang='lat' dir='ltr'><strong>Ferreum.</strong></span> <span class='ocrx_word' id='word_1_58' title='bbox 1045 995 1381 1052; x_wconf 84' lang='lat' dir='ltr'><strong>Sensadolus</strong></span> <span class='ocrx_word' id='word_1_59' title='bbox 1400 1005 1582 1052; x_wconf 84' lang='lat' dir='ltr'><strong>autem</strong></span> 
     </span>
    </p>
   </div>
   <div class='ocr_carea' id='block_1_9' title="bbox 51 1087 1583 1160">
    <p class='ocr_par' dir='ltr' id='par_1_9' title="bbox 51 1087 1583 1160">
     <span class='ocr_line' id='line_1_9' title="bbox 51 1087 1583 1160; baseline 0.001 -16"><span class='ocrx_word' id='word_1_60' title='bbox 51 1092 162 1145; x_wconf 79' lang='lat' dir='ltr'><strong>ﬁlius</strong></span> <span class='ocrx_word' id='word_1_61' title='bbox 186 1089 316 1160; x_wconf 87' lang='lat' dir='ltr'><strong>regis</strong></span> <span class='ocrx_word' id='word_1_62' title='bbox 340 1087 637 1144; x_wconf 71' lang='lat' dir='ltr'><strong>Antiochia:</strong></span> <span class='ocrx_word' id='word_1_63' title='bbox 665 1104 841 1160; x_wconf 88' lang='lat' dir='ltr'><strong>nuper</strong></span> <span class='ocrx_word' id='word_1_64' title='bbox 868 1089 1132 1156; x_wconf 83' lang='lat' dir='ltr'><strong>defuncti,</strong></span> <span class='ocrx_word' id='word_1_65' title='bbox 1173 1089 1310 1146; x_wconf 84' lang='lat' dir='ltr'><strong>ierat</strong></span> <span class='ocrx_word' id='word_1_66' title='bbox 1343 1091 1411 1146; x_wconf 90' lang='lat' dir='ltr'><strong>ad</strong></span> <span class='ocrx_word' id='word_1_67' title='bbox 1445 1089 1583 1147; x_wconf 82' lang='lat' dir='ltr'><strong>Cor-</strong></span> 
     </span>
    </p>
   </div>
   <div class='ocr_carea' id='block_1_10' title="bbox 48 1179 1584 1252">
    <p class='ocr_par' dir='ltr' id='par_1_10' title="bbox 48 1179 1584 1252">
     <span class='ocr_line' id='line_1_10' title="bbox 48 1179 1584 1252; baseline 0.001 -17"><span class='ocrx_word' id='word_1_68' title='bbox 48 1183 211 1247; x_wconf 70' lang='lat' dir='ltr'><strong>liauan,</strong></span> <span class='ocrx_word' id='word_1_69' title='bbox 238 1179 565 1250; x_wconf 83' lang='lat' dir='ltr'><strong>supplexque</strong></span> <span class='ocrx_word' id='word_1_70' title='bbox 609 1179 676 1236; x_wconf 91' lang='lat' dir='ltr'><strong>ad</strong></span> <span class='ocrx_word' id='word_1_71' title='bbox 718 1179 886 1252; x_wconf 84' lang='lat' dir='ltr'><strong>pedes</strong></span> <span class='ocrx_word' id='word_1_72' title='bbox 932 1180 1080 1236; x_wconf 84' lang='lat' dir='ltr'><strong>illius</strong></span> <span class='ocrx_word' id='word_1_73' title='bbox 1109 1181 1344 1248; x_wconf 87' lang='lat' dir='ltr'><strong>corruit,</strong></span> <span class='ocrx_word' id='word_1_74' title='bbox 1367 1195 1584 1250; x_wconf 64' lang='lat' dir='ltr'><strong>rogans</strong></span> 
     </span>
    </p>
   </div>
   <div class='ocr_carea' id='block_1_11' title="bbox 47 1270 1580 1344">
    <p class='ocr_par' dir='ltr' id='par_1_11' title="bbox 47 1270 1580 1344">
     <span class='ocr_line' id='line_1_11' title="bbox 47 1270 1580 1344; baseline 0.001 -18"><span class='ocrx_word' id='word_1_75' title='bbox 47 1280 92 1326; x_wconf 83' lang='lat' dir='ltr'><strong>ut</strong></span> <span class='ocrx_word' id='word_1_76' title='bbox 128 1271 198 1327; x_wconf 91' lang='lat' dir='ltr'><strong>sui</strong></span> <span class='ocrx_word' id='word_1_77' title='bbox 242 1271 617 1338; x_wconf 68' lang='lat' dir='ltr'><strong>misereretur,</strong></span> <span class='ocrx_word' id='word_1_78' title='bbox 663 1279 719 1328; x_wconf 89' lang='lat' dir='ltr'><strong>et</strong></span> <span class='ocrx_word' id='word_1_79' title='bbox 765 1280 958 1328; x_wconf 84' lang='lat' dir='ltr'><strong>contra</strong></span> <span class='ocrx_word' id='word_1_80' title='bbox 1004 1270 1248 1329; x_wconf 83' lang='lat' dir='ltr'><strong>Francos</strong></span> <span class='ocrx_word' id='word_1_81' title='bbox 1276 1272 1580 1344; x_wconf 86' lang='lat' dir='ltr'><strong>adiuvaret,</strong></span> 
     </span>
    </p>
   </div>
   <div class='ocr_carea' id='block_1_12' title="bbox 45 1362 1584 1437">
    <p class='ocr_par' dir='ltr' id='par_1_12' title="bbox 45 1362 1584 1437">
     <span class='ocr_line' id='line_1_12' title="bbox 45 1362 1584 1437; baseline 0.003 -22"><span class='ocrx_word' id='word_1_82' title='bbox 45 1363 117 1432; x_wconf 85' lang='lat' dir='ltr'><strong>qui</strong></span> <span class='ocrx_word' id='word_1_83' title='bbox 146 1370 331 1433; x_wconf 88' lang='lat' dir='ltr'><strong>patrem</strong></span> <span class='ocrx_word' id='word_1_84' title='bbox 371 1362 491 1433; x_wconf 81' lang='lat' dir='ltr'><strong>eius</strong></span> <span class='ocrx_word' id='word_1_85' title='bbox 537 1363 867 1432; x_wconf 79' lang='lat' dir='ltr'><strong>occiderant,</strong></span> <span class='ocrx_word' id='word_1_86' title='bbox 910 1371 966 1420; x_wconf 84' lang='lat' dir='ltr'><strong>et</strong></span> <span class='ocrx_word' id='word_1_87' title='bbox 995 1363 1063 1420; x_wconf 92' lang='lat' dir='ltr'><strong>de</strong></span> <span class='ocrx_word' id='word_1_88' title='bbox 1092 1363 1294 1437; x_wconf 81' lang='lat' dir='ltr'><strong>inclyta</strong></span> <span class='ocrx_word' id='word_1_89' title='bbox 1321 1364 1458 1420; x_wconf 87' lang='lat' dir='ltr'><strong>urbe</strong></span> <span class='ocrx_word' id='word_1_90' title='bbox 1486 1378 1584 1420; x_wconf 75' lang='lat' dir='ltr'><strong>ex-</strong></span> 
     </span>
    </p>
   </div>
   <div class='ocr_carea' id='block_1_13' title="bbox 47 1454 1583 1529">
    <p class='ocr_par' dir='ltr' id='par_1_13' title="bbox 47 1454 1583 1529">
     <span class='ocr_line' id='line_1_13' title="bbox 47 1454 1583 1529; baseline 0.001 -19"><span class='ocrx_word' id='word_1_91' title='bbox 47 1456 462 1512; x_wconf 71' lang='lat' dir='ltr'><strong>haereditaverant.</strong></span> <span class='ocrx_word' id='word_1_92' title='bbox 499 1454 620 1512; x_wconf 82' lang='lat' dir='ltr'><strong>Non</strong></span> <span class='ocrx_word' id='word_1_93' title='bbox 649 1456 884 1512; x_wconf 84' lang='lat' dir='ltr'><strong>habebat</strong></span> <span class='ocrx_word' id='word_1_94' title='bbox 911 1455 1204 1529; x_wconf 75' lang='lat' dir='ltr'><strong>refugium,</strong></span> <span class='ocrx_word' id='word_1_95' title='bbox 1242 1456 1350 1513; x_wconf 87' lang='lat' dir='ltr'><strong>nisi</strong></span> <span class='ocrx_word' id='word_1_96' title='bbox 1378 1456 1434 1511; x_wconf 91' lang='lat' dir='ltr'><strong>in</strong></span> <span class='ocrx_word' id='word_1_97' title='bbox 1465 1455 1583 1513; x_wconf 91' lang='lat' dir='ltr'><strong>solo</strong></span> 
     </span>
    </p>
   </div>
   <div class='ocr_carea' id='block_1_14' title="bbox 44 1547 1582 1621">
    <p class='ocr_par' dir='ltr' id='par_1_14' title="bbox 44 1547 1582 1621">
     <span class='ocr_line' id='line_1_14' title="bbox 44 1547 1582 1621; baseline 0.001 -17"><span class='ocrx_word' id='word_1_98' title='bbox 44 1549 166 1604; x_wconf 82' lang='lat' dir='ltr'><strong>urbis</strong></span> <span class='ocrx_word' id='word_1_99' title='bbox 193 1547 402 1619; x_wconf 88' lang='lat' dir='ltr'><strong>oppido,</strong></span> <span class='ocrx_word' id='word_1_100' title='bbox 447 1549 710 1620; x_wconf 89' lang='lat' dir='ltr'><strong>quoniam</strong></span> <span class='ocrx_word' id='word_1_101' title='bbox 736 1549 849 1621; x_wconf 90' lang='lat' dir='ltr'><strong>iam</strong></span> <span class='ocrx_word' id='word_1_102' title='bbox 879 1558 992 1607; x_wconf 84' lang='lat' dir='ltr'><strong>tota</strong></span> <span class='ocrx_word' id='word_1_103' title='bbox 1021 1550 1215 1607; x_wconf 83' lang='lat' dir='ltr'><strong>civitas</strong></span> <span class='ocrx_word' id='word_1_104' title='bbox 1239 1549 1582 1608; x_wconf 83' lang='lat' dir='ltr'><strong>Francorum</strong></span> 
     </span>
    </p>
   </div>
   <div class='ocr_carea' id='block_1_15' title="bbox 42 1639 1582 1714">
    <p class='ocr_par' dir='ltr' id='par_1_15' title="bbox 42 1639 1582 1714">
     <span class='ocr_line' id='line_1_15' title="bbox 42 1639 1582 1714; baseline 0 -17"><span class='ocrx_word' id='word_1_105' title='bbox 42 1639 311 1710; x_wconf 67' lang='lat' dir='ltr'><strong>subiacebat</strong></span> <span class='ocrx_word' id='word_1_106' title='bbox 353 1640 608 1711; x_wconf 78' lang='lat' dir='ltr'><strong>imperio.</strong></span> <span class='ocrx_word' id='word_1_107' title='bbox 660 1660 680 1694; x_wconf 75' lang='lat' dir='ltr'><strong>t</strong></span> <span class='ocrx_word' id='word_1_108' title='bbox 712 1639 874 1698; x_wconf 81' lang='lat' dir='ltr'><strong>Pater</strong></span> <span class='ocrx_word' id='word_1_109' title='bbox 919 1657 1117 1710; x_wconf 82' lang='lat' dir='ltr'><strong>meus,</strong></span> <span class='ocrx_word' id='word_1_110' title='bbox 1177 1641 1395 1714; x_wconf 88' lang='lat' dir='ltr'><strong>inquit,</strong></span> <span class='ocrx_word' id='word_1_111' title='bbox 1450 1642 1582 1698; x_wconf 92' lang='lat' dir='ltr'><strong>dum</strong></span> 
     </span>
    </p>
   </div>
   <div class='ocr_carea' id='block_1_16' title="bbox 41 1731 1584 1804">
    <p class='ocr_par' dir='ltr' id='par_1_16' title="bbox 41 1731 1584 1804">
     <span class='ocr_line' id='line_1_16' title="bbox 41 1731 1584 1804; baseline 0.003 -18"><span class='ocrx_word' id='word_1_112' title='bbox 41 1733 184 1787; x_wconf 86' lang='lat' dir='ltr'><strong>adhuc</strong></span> <span class='ocrx_word' id='word_1_113' title='bbox 203 1731 417 1800; x_wconf 83' lang='lat' dir='ltr'><strong>viveret,</strong></span> <span class='ocrx_word' id='word_1_114' title='bbox 445 1731 778 1804; x_wconf 87' lang='lat' dir='ltr'><strong>legationem</strong></span> <span class='ocrx_word' id='word_1_115' title='bbox 809 1732 908 1790; x_wconf 88' lang='lat' dir='ltr'><strong>tibi</strong></span> <span class='ocrx_word' id='word_1_116' title='bbox 940 1733 1249 1791; x_wconf 86' lang='lat' dir='ltr'><strong>transmisit</strong></span> <span class='ocrx_word' id='word_1_117' title='bbox 1273 1743 1335 1790; x_wconf 90' lang='lat' dir='ltr'><strong>ut</strong></span> <span class='ocrx_word' id='word_1_118' title='bbox 1359 1734 1408 1790; x_wconf 91' lang='lat' dir='ltr'><strong>ei</strong></span> <span class='ocrx_word' id='word_1_119' title='bbox 1453 1733 1584 1790; x_wconf 90' lang='lat' dir='ltr'><strong>sub-</strong></span> 
     </span>
    </p>
   </div>
   <div class='ocr_carea' id='block_1_17' title="bbox 41 1821 1584 1897">
    <p class='ocr_par' dir='ltr' id='par_1_17' title="bbox 41 1821 1584 1897">
     <span class='ocr_line' id='line_1_17' title="bbox 41 1821 1584 1897; baseline 0.003 -19"><span class='ocrx_word' id='word_1_120' title='bbox 41 1821 233 1891; x_wconf 78' lang='lat' dir='ltr'><strong>venires,</strong></span> <span class='ocrx_word' id='word_1_121' title='bbox 275 1832 335 1879; x_wconf 91' lang='lat' dir='ltr'><strong>ut</strong></span> <span class='ocrx_word' id='word_1_122' title='bbox 371 1832 426 1880; x_wconf 91' lang='lat' dir='ltr'><strong>te</strong></span> <span class='ocrx_word' id='word_1_123' title='bbox 465 1832 566 1879; x_wconf 89' lang='lat' dir='ltr'><strong>aut</strong></span> <span class='ocrx_word' id='word_1_124' title='bbox 610 1825 826 1897; x_wconf 79' lang='lat' dir='ltr'><strong>magnis</strong></span> <span class='ocrx_word' id='word_1_125' title='bbox 869 1826 1194 1883; x_wconf 87' lang='lat' dir='ltr'><strong>muneribus</strong></span> <span class='ocrx_word' id='word_1_126' title='bbox 1233 1827 1451 1894; x_wconf 90' lang='lat' dir='ltr'><strong>ditaret,</strong></span> <span class='ocrx_word' id='word_1_127' title='bbox 1489 1835 1584 1882; x_wconf 89' lang='lat' dir='ltr'><strong>aut</strong></span> 
     </span>
    </p>
   </div>
   <div class='ocr_carea' id='block_1_18' title="bbox 41 1911 1656 1990">
    <p class='ocr_par' dir='ltr' id='par_1_18' title="bbox 41 1911 1656 1990">
     <span class='ocr_line' id='line_1_18' title="bbox 41 1911 1656 1990; baseline 0.001 -22"><span class='ocrx_word' id='word_1_128' title='bbox 41 1915 333 1972; x_wconf 77' lang='lat' dir='ltr'><strong>Antiochiam</strong></span> <span class='ocrx_word' id='word_1_129' title='bbox 363 1923 417 1971; x_wconf 93' lang='lat' dir='ltr'><strong>et</strong></span> <span class='ocrx_word' id='word_1_130' title='bbox 441 1915 768 1972; x_wconf 88' lang='lat' dir='ltr'><strong>universum</strong></span> <span class='ocrx_word' id='word_1_131' title='bbox 803 1932 1031 1988; x_wconf 85' lang='lat' dir='ltr'><strong>regnum</strong></span> <span class='ocrx_word' id='word_1_132' title='bbox 1060 1917 1130 1974; x_wconf 92' lang='lat' dir='ltr'><strong>de</strong></span> <span class='ocrx_word' id='word_1_133' title='bbox 1157 1926 1210 1974; x_wconf 90' lang='lat' dir='ltr'><strong>te</strong></span> <span class='ocrx_word' id='word_1_134' title='bbox 1253 1918 1578 1990; x_wconf 71' lang='lat' dir='ltr'><strong>Susciperet.</strong></span> <span class='ocrx_word' id='word_1_135' title='bbox 1613 1911 1656 1970; x_wconf 86' lang='lat' dir='ltr'><strong>B</strong></span> 
     </span>
    </p>
   </div>
   <div class='ocr_carea' id='block_1_19' title="bbox 43 2004 1583 2080">
    <p class='ocr_par' dir='ltr' id='par_1_19' title="bbox 43 2004 1583 2080">
     <span class='ocr_line' id='line_1_19' title="bbox 43 2004 1583 2080; baseline 0.005 -22"><span class='ocrx_word' id='word_1_136' title='bbox 43 2004 154 2060; x_wconf 81' lang='lat' dir='ltr'><strong>Idem</strong></span> <span class='ocrx_word' id='word_1_137' title='bbox 181 2005 269 2061; x_wconf 86' lang='lat' dir='ltr'><strong>tibi</strong></span> <span class='ocrx_word' id='word_1_138' title='bbox 294 2007 580 2077; x_wconf 88' lang='lat' dir='ltr'><strong>promitto,</strong></span> <span class='ocrx_word' id='word_1_139' title='bbox 613 2007 741 2078; x_wconf 92' lang='lat' dir='ltr'><strong>quia</strong></span> <span class='ocrx_word' id='word_1_140' title='bbox 772 2009 818 2064; x_wconf 91' lang='lat' dir='ltr'><strong>si</strong></span> <span class='ocrx_word' id='word_1_141' title='bbox 848 2015 1003 2079; x_wconf 88' lang='lat' dir='ltr'><strong>potes</strong></span> <span class='ocrx_word' id='word_1_142' title='bbox 1036 2024 1360 2080; x_wconf 89' lang='lat' dir='ltr'><strong>recuperare</strong></span> <span class='ocrx_word' id='word_1_143' title='bbox 1389 2009 1583 2066; x_wconf 81' lang='lat' dir='ltr'><strong>Antio-</strong></span> 
     </span>
    </p>
   </div>
   <div class='ocr_carea' id='block_1_20' title="bbox 41 2096 1581 2172">
    <p class='ocr_par' dir='ltr' id='par_1_20' title="bbox 41 2096 1581 2172">
     <span class='ocr_line' id='line_1_20' title="bbox 41 2096 1581 2172; baseline 0.003 -21"><span class='ocrx_word' id='word_1_144' title='bbox 41 2096 202 2164; x_wconf 83' lang='lat' dir='ltr'><strong>clnam,</strong></span> <span class='ocrx_word' id='word_1_145' title='bbox 231 2098 370 2169; x_wconf 84' lang='lat' dir='ltr'><strong>quod</strong></span> <span class='ocrx_word' id='word_1_146' title='bbox 405 2113 438 2154; x_wconf 90' lang='lat' dir='ltr'><strong>a</strong></span> <span class='ocrx_word' id='word_1_147' title='bbox 470 2106 535 2154; x_wconf 86' lang='lat' dir='ltr'><strong>te</strong></span> <span class='ocrx_word' id='word_1_148' title='bbox 561 2099 712 2155; x_wconf 88' lang='lat' dir='ltr'><strong>illam</strong></span> <span class='ocrx_word' id='word_1_149' title='bbox 752 2100 1070 2172; x_wconf 88' lang='lat' dir='ltr'><strong>suscipiam,</strong></span> <span class='ocrx_word' id='word_1_150' title='bbox 1123 2115 1455 2172; x_wconf 90' lang='lat' dir='ltr'><strong>omnemque</strong></span> <span class='ocrx_word' id='word_1_151' title='bbox 1483 2100 1581 2156; x_wconf 89' lang='lat' dir='ltr'><strong>tibi</strong></span> 
     </span>
    </p>
   </div>
   <div class='ocr_carea' id='block_1_21' title="bbox 42 2187 1580 2264">
    <p class='ocr_par' dir='ltr' id='par_1_21' title="bbox 42 2187 1580 2264">
     <span class='ocr_line' id='line_1_21' title="bbox 42 2187 1580 2264; baseline 0.003 -22"><span class='ocrx_word' id='word_1_152' title='bbox 42 2187 302 2244; x_wconf 75' lang='lat' dir='ltr'><strong>ﬁdelitatem</strong></span> <span class='ocrx_word' id='word_1_153' title='bbox 344 2188 576 2246; x_wconf 79' lang='lat' dir='ltr'><strong>faciam.</strong></span> <span class='ocrx_word' id='word_1_154' title='bbox 625 2189 784 2258; x_wconf 92' lang='lat' dir='ltr'><strong>Quod</strong></span> <span class='ocrx_word' id='word_1_155' title='bbox 825 2191 873 2248; x_wconf 88' lang='lat' dir='ltr'><strong>si</strong></span> <span class='ocrx_word' id='word_1_156' title='bbox 909 2207 1021 2248; x_wconf 89' lang='lat' dir='ltr'><strong>non</strong></span> <span class='ocrx_word' id='word_1_157' title='bbox 1045 2199 1223 2264; x_wconf 88' lang='lat' dir='ltr'><strong>potes,</strong></span> <span class='ocrx_word' id='word_1_158' title='bbox 1259 2190 1580 2264; x_wconf 87' lang='lat' dir='ltr'><strong>fugiendum</strong></span> 
     </span>
    </p>
   </div>
   <div class='ocr_carea' id='block_1_22' title="bbox 41 2280 1582 2357">
    <p class='ocr_par' dir='ltr' id='par_1_22' title="bbox 41 2280 1582 2357">
     <span class='ocr_line' id='line_1_22' title="bbox 41 2280 1582 2357; baseline 0.004 -23"><span class='ocrx_word' id='word_1_159' title='bbox 41 2280 114 2336; x_wconf 86' lang='lat' dir='ltr'><strong>tibi</strong></span> <span class='ocrx_word' id='word_1_160' title='bbox 130 2290 222 2349; x_wconf 80' lang='lat' dir='ltr'><strong>est,</strong></span> <span class='ocrx_word' id='word_1_161' title='bbox 249 2291 300 2337; x_wconf 89' lang='lat' dir='ltr'><strong>et</strong></span> <span class='ocrx_word' id='word_1_162' title='bbox 324 2283 591 2339; x_wconf 81' lang='lat' dir='ltr'><strong>omnibus</strong></span> <span class='ocrx_word' id='word_1_163' title='bbox 627 2283 943 2340; x_wconf 88' lang='lat' dir='ltr'><strong>hominibus</strong></span> <span class='ocrx_word' id='word_1_164' title='bbox 976 2293 1180 2342; x_wconf 75' lang='lat' dir='ltr'><strong>nostra:</strong></span> <span class='ocrx_word' id='word_1_165' title='bbox 1225 2285 1421 2357; x_wconf 87' lang='lat' dir='ltr'><strong>gentis.</strong></span> <span class='ocrx_word' id='word_1_166' title='bbox 1461 2283 1582 2340; x_wconf 84' lang='lat' dir='ltr'><strong>Non</strong></span> 
     </span>
    </p>
   </div>
   <div class='ocr_carea' id='block_1_23' title="bbox 37 2373 1585 2450">
    <p class='ocr_par' dir='ltr' id='par_1_23' title="bbox 37 2373 1585 2450">
     <span class='ocr_line' id='line_1_23' title="bbox 37 2373 1585 2450; baseline 0.003 -22"><span class='ocrx_word' id='word_1_167' title='bbox 37 2373 151 2428; x_wconf 87' lang='lat' dir='ltr'><strong>enim</strong></span> <span class='ocrx_word' id='word_1_168' title='bbox 173 2374 245 2431; x_wconf 88' lang='lat' dir='ltr'><strong>eis</strong></span> <span class='ocrx_word' id='word_1_169' title='bbox 272 2374 507 2432; x_wconf 66' lang='lat' dir='ltr'><strong>subiciet</strong></span> <span class='ocrx_word' id='word_1_170' title='bbox 537 2374 831 2444; x_wconf 76' lang='lat' dir='ltr'><strong>Romanis,</strong></span> <span class='ocrx_word' id='word_1_171' title='bbox 857 2377 978 2433; x_wconf 89' lang='lat' dir='ltr'><strong>sive</strong></span> <span class='ocrx_word' id='word_1_172' title='bbox 1003 2375 1180 2450; x_wconf 87' lang='lat' dir='ltr'><strong>Syria,</strong></span> <span class='ocrx_word' id='word_1_173' title='bbox 1209 2392 1389 2449; x_wconf 80' lang='lat' dir='ltr'><strong>neque</strong></span> <span class='ocrx_word' id='word_1_174' title='bbox 1410 2377 1585 2433; x_wconf 76' lang='lat' dir='ltr'><strong>Cono-</strong></span> 
     </span>
    </p>
   </div>
   <div class='ocr_carea' id='block_1_24' title="bbox 40 2465 1581 2541">
    <p class='ocr_par' dir='ltr' id='par_1_24' title="bbox 40 2465 1581 2541">
     <span class='ocr_line' id='line_1_24' title="bbox 40 2465 1581 2541; baseline 0.004 -21"><span class='ocrx_word' id='word_1_175' title='bbox 40 2466 172 2531; x_wconf 84' lang='lat' dir='ltr'><strong>zaim,</strong></span> <span class='ocrx_word' id='word_1_176' title='bbox 211 2467 462 2538; x_wconf 88' lang='lat' dir='ltr'><strong>quoniam</strong></span> <span class='ocrx_word' id='word_1_177' title='bbox 521 2465 955 2541; x_wconf 81' lang='lat' dir='ltr'><strong>Hierosolymam</strong></span> <span class='ocrx_word' id='word_1_178' title='bbox 998 2469 1188 2526; x_wconf 88' lang='lat' dir='ltr'><strong>dicunt</strong></span> <span class='ocrx_word' id='word_1_179' title='bbox 1225 2485 1348 2527; x_wconf 90' lang='lat' dir='ltr'><strong>esse</strong></span> <span class='ocrx_word' id='word_1_180' title='bbox 1389 2485 1581 2538; x_wconf 87' lang='lat' dir='ltr'><strong>suam,</strong></span> 
     </span>
    </p>
   </div>
   <div class='ocr_carea' id='block_1_25' title="bbox 40 2557 1582 2634">
    <p class='ocr_par' dir='ltr' id='par_1_25' title="bbox 40 2557 1582 2634">
     <span class='ocr_line' id='line_1_25' title="bbox 40 2557 1582 2634; baseline 0.005 -25"><span class='ocrx_word' id='word_1_181' title='bbox 40 2570 324 2628; x_wconf 80' lang='lat' dir='ltr'><strong>regnumque</strong></span> <span class='ocrx_word' id='word_1_182' title='bbox 345 2557 630 2616; x_wconf 80' lang='lat' dir='ltr'><strong>Damasci.</strong></span> <span class='ocrx_word' id='word_1_183' title='bbox 661 2578 682 2614; x_wconf 72' lang='lat' dir='ltr'><strong>t</strong></span> <span class='ocrx_word' id='word_1_184' title='bbox 715 2559 884 2616; x_wconf 86' lang='lat' dir='ltr'><strong>Erant</strong></span> <span class='ocrx_word' id='word_1_185' title='bbox 903 2569 1084 2617; x_wconf 87' lang='lat' dir='ltr'><strong>autem</strong></span> <span class='ocrx_word' id='word_1_186' title='bbox 1114 2561 1186 2616; x_wconf 88' lang='lat' dir='ltr'><strong>ibi</strong></span> <span class='ocrx_word' id='word_1_187' title='bbox 1210 2577 1364 2634; x_wconf 88' lang='lat' dir='ltr'><strong>reges</strong></span> <span class='ocrx_word' id='word_1_188' title='bbox 1385 2562 1582 2617; x_wconf 89' lang='lat' dir='ltr'><strong>harum</strong></span> 
     </span>
    </p>
   </div>
   <div class='ocr_carea' id='block_1_26' title="bbox 39 2649 1585 2723">
    <p class='ocr_par' dir='ltr' id='par_1_26' title="bbox 39 2649 1585 2723">
     <span class='ocr_line' id='line_1_26' title="bbox 39 2649 1585 2723; baseline 0.005 -22"><span class='ocrx_word' id='word_1_189' title='bbox 39 2649 412 2720; x_wconf 83' lang='lat' dir='ltr'><strong>provinciarum,</strong></span> <span class='ocrx_word' id='word_1_190' title='bbox 454 2652 562 2723; x_wconf 82' lang='lat' dir='ltr'><strong>qui</strong></span> <span class='ocrx_word' id='word_1_191' title='bbox 604 2652 899 2708; x_wconf 88' lang='lat' dir='ltr'><strong>audiebant</strong></span> <span class='ocrx_word' id='word_1_192' title='bbox 925 2653 1058 2709; x_wconf 90' lang='lat' dir='ltr'><strong>illud</strong></span> <span class='ocrx_word' id='word_1_193' title='bbox 1086 2653 1340 2710; x_wconf 89' lang='lat' dir='ltr'><strong>verbum.</strong></span> <span class='ocrx_word' id='word_1_194' title='bbox 1371 2652 1470 2711; x_wconf 76' lang='lat' dir='ltr'><strong>llis</strong></span> <span class='ocrx_word' id='word_1_195' title='bbox 1499 2653 1585 2710; x_wconf 86' lang='lat' dir='ltr'><strong>di-</strong></span> 
     </span>
    </p>
   </div>
   <div class='ocr_carea' id='block_1_27' title="bbox 38 2740 1590 2816">
    <p class='ocr_par' dir='ltr' id='par_1_27' title="bbox 38 2740 1590 2816">
     <span class='ocr_line' id='line_1_27' title="bbox 38 2740 1590 2816; baseline 0.006 -24"><span class='ocrx_word' id='word_1_196' title='bbox 38 2740 114 2794; x_wconf 84' lang='lat' dir='ltr'><strong>ctis</strong></span> <span class='ocrx_word' id='word_1_197' title='bbox 129 2740 397 2798; x_wconf 87' lang='lat' dir='ltr'><strong>Corbanau</strong></span> <span class='ocrx_word' id='word_1_198' title='bbox 433 2744 730 2816; x_wconf 83' lang='lat' dir='ltr'><strong>respondit</strong></span> <span class='ocrx_word' id='word_1_199' title='bbox 757 2763 776 2800; x_wconf 85' lang='lat'><strong>:</strong></span> <span class='ocrx_word' id='word_1_200' title='bbox 807 2763 828 2797; x_wconf 69' lang='grc' dir='ltr'>ι</span> <span class='ocrx_word' id='word_1_201' title='bbox 859 2743 919 2800; x_wconf 91' lang='lat' dir='ltr'><strong>Si</strong></span> <span class='ocrx_word' id='word_1_202' title='bbox 955 2744 1039 2802; x_wconf 87' lang='lat' dir='ltr'><strong>vis</strong></span> <span class='ocrx_word' id='word_1_203' title='bbox 1077 2754 1139 2800; x_wconf 91' lang='lat' dir='ltr'><strong>ut</strong></span> <span class='ocrx_word' id='word_1_204' title='bbox 1162 2755 1216 2801; x_wconf 88' lang='lat' dir='ltr'><strong>te</strong></span> <span class='ocrx_word' id='word_1_205' title='bbox 1250 2745 1590 2802; x_wconf 84' lang='lat' dir='ltr'><strong>omnimodis</strong></span> 
     </span>
    </p>
   </div>
   <div class='ocr_carea' id='block_1_28' title="bbox 38 2832 1585 2910">
    <p class='ocr_par' dir='ltr' id='par_1_28' title="bbox 38 2832 1585 2910">
     <span class='ocr_line' id='line_1_28' title="bbox 38 2832 1585 2910; baseline 0.005 -24"><span class='ocrx_word' id='word_1_206' title='bbox 38 2832 260 2903; x_wconf 71' lang='lat' dir='ltr'><strong>adiuvem,</strong></span> <span class='ocrx_word' id='word_1_207' title='bbox 287 2845 497 2908; x_wconf 84' lang='lat' dir='ltr'><strong>tuoque</strong></span> <span class='ocrx_word' id='word_1_208' title='bbox 539 2851 710 2910; x_wconf 86' lang='lat' dir='ltr'><strong>regno</strong></span> <span class='ocrx_word' id='word_1_209' title='bbox 752 2838 1057 2906; x_wconf 83' lang='lat' dir='ltr'><strong>restituam,</strong></span> <span class='ocrx_word' id='word_1_210' title='bbox 1104 2837 1391 2894; x_wconf 88' lang='lat' dir='ltr'><strong>castellum</strong></span> <span class='ocrx_word' id='word_1_211' title='bbox 1437 2838 1585 2909; x_wconf 86' lang='lat' dir='ltr'><strong>quod</strong></span> 
     </span>
    </p>
   </div>
   <div class='ocr_carea' id='block_1_29' title="bbox 37 2923 1586 3000">
    <p class='ocr_par' dir='ltr' id='par_1_29' title="bbox 37 2923 1586 3000">
     <span class='ocr_line' id='line_1_29' title="bbox 37 2923 1586 3000; baseline 0.005 -23"><span class='ocrx_word' id='word_1_212' title='bbox 37 2923 178 2980; x_wconf 86' lang='lat' dir='ltr'><strong>adhuc</strong></span> <span class='ocrx_word' id='word_1_213' title='bbox 202 2926 359 2982; x_wconf 86' lang='lat' dir='ltr'><strong>habes</strong></span> <span class='ocrx_word' id='word_1_214' title='bbox 405 2926 584 2984; x_wconf 88' lang='lat' dir='ltr'><strong>redde</strong></span> <span class='ocrx_word' id='word_1_215' title='bbox 607 2927 663 2983; x_wconf 92' lang='lat' dir='ltr'><strong>in</strong></span> <span class='ocrx_word' id='word_1_216' title='bbox 691 2943 917 2984; x_wconf 90' lang='lat' dir='ltr'><strong>manum</strong></span> <span class='ocrx_word' id='word_1_217' title='bbox 944 2943 1148 2996; x_wconf 88' lang='lat' dir='ltr'><strong>meam,</strong></span> <span class='ocrx_word' id='word_1_218' title='bbox 1173 2929 1302 3000; x_wconf 88' lang='lat' dir='ltr'><strong>quia</strong></span> <span class='ocrx_word' id='word_1_219' title='bbox 1329 2930 1586 2985; x_wconf 81' lang='lat' dir='ltr'><strong>restitue—</strong></span> 
     </span>
    </p>
   </div>
   <div class='ocr_carea' id='block_1_30' title="bbox 38 3017 1586 3089">
    <p class='ocr_par' dir='ltr' id='par_1_30' title="bbox 38 3017 1586 3089">
     <span class='ocr_line' id='line_1_30' title="bbox 38 3017 1586 3089; baseline 0.005 -20"><span class='ocrx_word' id='word_1_220' title='bbox 38 3025 104 3071; x_wconf 86' lang='lat' dir='ltr'><strong>tur</strong></span> <span class='ocrx_word' id='word_1_221' title='bbox 126 3017 208 3072; x_wconf 88' lang='lat' dir='ltr'><strong>tibi</strong></span> <span class='ocrx_word' id='word_1_222' title='bbox 235 3018 326 3089; x_wconf 64' lang='lat' dir='ltr'><strong>[Scr</strong></span> <span class='ocrx_word' id='word_1_223' title='bbox 355 3019 500 3076; x_wconf 83' lang='lat' dir='ltr'><strong>illud</strong></span> <span class='ocrx_word' id='word_1_224' title='bbox 529 3019 841 3076; x_wconf 84' lang='lat' dir='ltr'><strong>Antiochia.</strong></span> <span class='ocrx_word' id='word_1_225' title='bbox 867 3039 886 3074; x_wconf 68' lang='grc' dir='ltr'>θ</span> <span class='ocrx_word' id='word_1_226' title='bbox 930 3019 1033 3078; x_wconf 88' lang='lat' dir='ltr'><strong>Cui</strong></span> <span class='ocrx_word' id='word_1_227' title='bbox 1062 3021 1262 3077; x_wconf 83' lang='lat' dir='ltr'><strong>iterum</strong></span> <span class='ocrx_word' id='word_1_228' title='bbox 1308 3019 1586 3078; x_wconf 86' lang='lat' dir='ltr'><strong>Sensado-</strong></span> 
     </span>
    </p>
   </div>
   <div class='ocr_carea' id='block_1_31' title="bbox 36 3106 1587 3182">
    <p class='ocr_par' dir='ltr' id='par_1_31' title="bbox 36 3106 1587 3182">
     <span class='ocr_line' id='line_1_31' title="bbox 36 3106 1587 3182; baseline 0.006 -22"><span class='ocrx_word' id='word_1_229' title='bbox 36 3106 132 3162; x_wconf 84' lang='lat' dir='ltr'><strong>lus:</strong></span> <span class='ocrx_word' id='word_1_230' title='bbox 159 3127 176 3162; x_wconf 72' lang='grc' dir='ltr'><strong>α</strong></span> <span class='ocrx_word' id='word_1_231' title='bbox 199 3109 252 3165; x_wconf 88' lang='lat' dir='ltr'><strong>Si</strong></span> <span class='ocrx_word' id='word_1_232' title='bbox 273 3113 547 3182; x_wconf 61' lang='lat' dir='ltr'><strong>praevales</strong></span> <span class='ocrx_word' id='word_1_233' title='bbox 569 3110 810 3169; x_wconf 86' lang='lat' dir='ltr'><strong>Francos</strong></span> <span class='ocrx_word' id='word_1_234' title='bbox 835 3111 1120 3169; x_wconf 85' lang='lat' dir='ltr'><strong>eliminare</strong></span> <span class='ocrx_word' id='word_1_235' title='bbox 1142 3113 1212 3168; x_wconf 89' lang='lat' dir='ltr'><strong>ab</strong></span> <span class='ocrx_word' id='word_1_236' title='bbox 1239 3114 1396 3181; x_wconf 84' lang='lat' dir='ltr'><strong>urbe,</strong></span> <span class='ocrx_word' id='word_1_237' title='bbox 1422 3113 1587 3169; x_wconf 78' lang='lat' dir='ltr'><strong>mihi-</strong></span> 
     </span>
    </p>
   </div>
   <div class='ocr_carea' id='block_1_32' title="bbox 35 3203 1582 3272">
    <p class='ocr_par' dir='ltr' id='par_1_32' title="bbox 35 3203 1582 3272">
     <span class='ocr_line' id='line_1_32' title="bbox 35 3203 1582 3272; baseline 0.001 -14"><span class='ocrx_word' id='word_1_238' title='bbox 35 3213 117 3268; x_wconf 82' lang='lat' dir='ltr'><strong>que</strong></span> <span class='ocrx_word' id='word_1_239' title='bbox 149 3215 318 3258; x_wconf 89' lang='lat' dir='ltr'><strong>eorum</strong></span> <span class='ocrx_word' id='word_1_240' title='bbox 357 3203 620 3261; x_wconf 76' lang='lat' dir='ltr'><strong>cervices</strong></span> <span class='ocrx_word' id='word_1_241' title='bbox 661 3219 833 3261; x_wconf 61' lang='lat' dir='ltr'><strong>caesas</strong></span> <span class='ocrx_word' id='word_1_242' title='bbox 877 3205 1198 3272; x_wconf 88' lang='lat' dir='ltr'><strong>deliberare,</strong></span> <span class='ocrx_word' id='word_1_243' title='bbox 1242 3206 1342 3260; x_wconf 90' lang='lat' dir='ltr'><strong>tibi</strong></span> <span class='ocrx_word' id='word_1_244' title='bbox 1369 3207 1582 3261; x_wconf 80' lang='lat' dir='ltr'><strong>tradam</strong></span> 
     </span>
    </p>
   </div>
   <div class='ocr_carea' id='block_1_33' title="bbox 35 3295 1570 3364">
    <p class='ocr_par' dir='ltr' id='par_1_33' title="bbox 35 3295 1570 3364">
     <span class='ocr_line' id='line_1_33' title="bbox 35 3295 1570 3364; baseline 0.003 -16"><span class='ocrx_word' id='word_1_245' title='bbox 35 3295 289 3364; x_wconf 78' lang='lat' dir='ltr'><strong>castellum,</strong></span> <span class='ocrx_word' id='word_1_246' title='bbox 317 3305 372 3352; x_wconf 89' lang='lat' dir='ltr'><strong>et</strong></span> <span class='ocrx_word' id='word_1_247' title='bbox 400 3296 511 3353; x_wconf 77' lang='lat' dir='ltr'><strong>tibi</strong></span> <span class='ocrx_word' id='word_1_248' title='bbox 539 3297 665 3352; x_wconf 89' lang='lat' dir='ltr'><strong>inde</strong></span> <span class='ocrx_word' id='word_1_249' title='bbox 693 3297 890 3353; x_wconf 88' lang='lat' dir='ltr'><strong>faciam</strong></span> <span class='ocrx_word' id='word_1_250' title='bbox 916 3297 1247 3353; x_wconf 89' lang='lat' dir='ltr'><strong>hominium.</strong></span> <span class='ocrx_word' id='word_1_251' title='bbox 1280 3315 1298 3351; x_wconf 69' lang='grc' dir='ltr'><strong><em>ι</em></strong></span> <span class='ocrx_word' id='word_1_252' title='bbox 1333 3298 1570 3355; x_wconf 84' lang='lat' dir='ltr'><strong>Consen-</strong></span> 
     </span>
    </p>
   </div>
   <div class='ocr_carea' id='block_1_34' title="bbox 34 3381 1584 3458">
    <p class='ocr_par' dir='ltr' id='par_1_34' title="bbox 34 3381 1584 3458">
     <span class='ocr_line' id='line_1_34' title="bbox 34 3381 1584 3458; baseline 0.005 -21"><span class='ocrx_word' id='word_1_253' title='bbox 34 3381 86 3438; x_wconf 88' lang='lat' dir='ltr'><strong>sit</strong></span> <span class='ocrx_word' id='word_1_254' title='bbox 109 3391 328 3458; x_wconf 83' lang='lat' dir='ltr'><strong>uterque,</strong></span> <span class='ocrx_word' id='word_1_255' title='bbox 357 3395 413 3442; x_wconf 89' lang='lat' dir='ltr'><strong>et</strong></span> <span class='ocrx_word' id='word_1_256' title='bbox 437 3387 678 3442; x_wconf 80' lang='lat' dir='ltr'><strong>tradidit</strong></span> <span class='ocrx_word' id='word_1_257' title='bbox 701 3389 1009 3444; x_wconf 83' lang='lat' dir='ltr'><strong>castellum.</strong></span> <span class='ocrx_word' id='word_1_258' title='bbox 1057 3387 1124 3444; x_wconf 85' lang='lat' dir='ltr'><strong>Et</strong></span> <span class='ocrx_word' id='word_1_259' title='bbox 1162 3389 1456 3444; x_wconf 87' lang='lat' dir='ltr'><strong>Corbanau</strong></span> <span class='ocrx_word' id='word_1_260' title='bbox 1485 3390 1584 3445; x_wconf 88' lang='lat' dir='ltr'><strong>de-</strong></span> 
     </span>
    </p>
   </div>
   <div class='ocr_carea' id='block_1_35' title="bbox 36 3472 1584 3537">
    <p class='ocr_par' dir='ltr' id='par_1_35' title="bbox 36 3472 1584 3537">
     <span class='ocr_line' id='line_1_35' title="bbox 36 3472 1584 3537; baseline 0.007 -12"><span class='ocrx_word' id='word_1_261' title='bbox 36 3472 238 3531; x_wconf 86' lang='lat' dir='ltr'><strong>liberavit</strong></span> <span class='ocrx_word' id='word_1_262' title='bbox 267 3478 491 3534; x_wconf 83' lang='lat' dir='ltr'><strong>cuidam</strong></span> <span class='ocrx_word' id='word_1_263' title='bbox 532 3478 681 3534; x_wconf 79' lang='lat' dir='ltr'><strong>ﬁdeli</strong></span> <span class='ocrx_word' id='word_1_264' title='bbox 727 3492 830 3535; x_wconf 91' lang='lat' dir='ltr'><strong>suo</strong></span> <span class='ocrx_word' id='word_1_265' title='bbox 873 3479 941 3535; x_wconf 88' lang='lat' dir='ltr'><strong>ad</strong></span> <span class='ocrx_word' id='word_1_266' title='bbox 987 3480 1427 3537; x_wconf 86' lang='lat' dir='ltr'><strong>custodiendum.</strong></span> <span class='ocrx_word' id='word_1_267' title='bbox 1465 3479 1584 3536; x_wconf 78' lang='lat' dir='ltr'><strong>Tali</strong></span> 
     </span>
    </p>
   </div>
   <div class='ocr_carea' id='block_1_36' title="bbox 37 3567 1584 3642">
    <p class='ocr_par' dir='ltr' id='par_1_36' title="bbox 37 3567 1584 3642">
     <span class='ocr_line' id='line_1_36' title="bbox 37 3567 1584 3642; baseline 0.006 -22"><span class='ocrx_word' id='word_1_268' title='bbox 37 3567 296 3626; x_wconf 83' lang='lat' dir='ltr'><strong>conditione</strong></span> <span class='ocrx_word' id='word_1_269' title='bbox 321 3571 532 3642; x_wconf 87' lang='lat' dir='ltr'><strong>recepit</strong></span> <span class='ocrx_word' id='word_1_270' title='bbox 583 3570 637 3626; x_wconf 92' lang='lat' dir='ltr'><strong>in</strong></span> <span class='ocrx_word' id='word_1_271' title='bbox 669 3571 996 3639; x_wconf 89' lang='lat' dir='ltr'><strong>custodiam,</strong></span> <span class='ocrx_word' id='word_1_272' title='bbox 1019 3580 1081 3628; x_wconf 91' lang='lat' dir='ltr'><strong>ut</strong></span> <span class='ocrx_word' id='word_1_273' title='bbox 1098 3573 1145 3628; x_wconf 91' lang='lat' dir='ltr'><strong>si</strong></span> <span class='ocrx_word' id='word_1_274' title='bbox 1169 3571 1368 3628; x_wconf 88' lang='lat' dir='ltr'><strong>Franci</strong></span> <span class='ocrx_word' id='word_1_275' title='bbox 1397 3573 1584 3629; x_wconf 90' lang='lat' dir='ltr'><strong>vince-</strong></span> 
     </span>
    </p>
   </div>
   <div class='ocr_carea' id='block_1_37' title="bbox 35 3663 1582 3737">
    <p class='ocr_par' dir='ltr' id='par_1_37' title="bbox 35 3663 1582 3737">
     <span class='ocr_line' id='line_1_37' title="bbox 35 3663 1582 3737; baseline 0.007 -28"><span class='ocrx_word' id='word_1_276' title='bbox 35 3668 204 3728; x_wconf 87' lang='lat' dir='ltr'><strong>rentur,</strong></span> <span class='ocrx_word' id='word_1_277' title='bbox 231 3665 564 3733; x_wconf 87' lang='lat' dir='ltr'><strong>custodiret;</strong></span> <span class='ocrx_word' id='word_1_278' title='bbox 595 3663 642 3720; x_wconf 88' lang='lat' dir='ltr'><strong>si</strong></span> <span class='ocrx_word' id='word_1_279' title='bbox 667 3665 967 3732; x_wconf 89' lang='lat' dir='ltr'><strong>vineereut,</strong></span> <span class='ocrx_word' id='word_1_280' title='bbox 993 3674 1048 3721; x_wconf 91' lang='lat' dir='ltr'><strong>et</strong></span> <span class='ocrx_word' id='word_1_281' title='bbox 1074 3665 1190 3737; x_wconf 86' lang='lat' dir='ltr'><strong>ipse</strong></span> <span class='ocrx_word' id='word_1_282' title='bbox 1220 3667 1365 3722; x_wconf 85' lang='lat' dir='ltr'><strong>sicut</strong></span> <span class='ocrx_word' id='word_1_283' title='bbox 1386 3675 1443 3723; x_wconf 89' lang='lat' dir='ltr'><strong>et</strong></span> <span class='ocrx_word' id='word_1_284' title='bbox 1468 3667 1582 3734; x_wconf 88' lang='lat' dir='ltr'><strong>alii,</strong></span> 
     </span>
    </p>
   </div>
   <div class='ocr_carea' id='block_1_38' title="bbox 36 3753 1585 3830">
    <p class='ocr_par' dir='ltr' id='par_1_38' title="bbox 36 3753 1585 3830">
     <span class='ocr_line' id='line_1_38' title="bbox 36 3753 1585 3830; baseline 0.003 -20"><span class='ocrx_word' id='word_1_285' title='bbox 36 3753 186 3812; x_wconf 77' lang='lat' dir='ltr'><strong>reiiCto</strong></span> <span class='ocrx_word' id='word_1_286' title='bbox 213 3761 388 3815; x_wconf 76' lang='lat' dir='ltr'><strong>caStro</strong></span> <span class='ocrx_word' id='word_1_287' title='bbox 418 3756 769 3830; x_wconf 78' lang='lat' dir='ltr'><strong>confugeret.</strong></span> <span class='ocrx_word' id='word_1_288' title='bbox 798 3756 901 3814; x_wconf 90' lang='lat' dir='ltr'><strong>Cui</strong></span> <span class='ocrx_word' id='word_1_289' title='bbox 927 3758 1056 3814; x_wconf 86' lang='lat' dir='ltr'><strong>ille:</strong></span> <span class='ocrx_word' id='word_1_290' title='bbox 1087 3777 1106 3811; x_wconf 71' lang='grc' dir='ltr'>ι</span> <span class='ocrx_word' id='word_1_291' title='bbox 1138 3757 1207 3814; x_wconf 89' lang='lat' dir='ltr'><strong>Et</strong></span> <span class='ocrx_word' id='word_1_292' title='bbox 1238 3759 1288 3815; x_wconf 91' lang='lat' dir='ltr'><strong>si</strong></span> <span class='ocrx_word' id='word_1_293' title='bbox 1321 3771 1422 3816; x_wconf 91' lang='lat' dir='ltr'><strong>nos</strong></span> <span class='ocrx_word' id='word_1_294' title='bbox 1457 3759 1585 3814; x_wconf 90' lang='lat' dir='ltr'><strong>victi</strong></span> 
     </span>
    </p>
   </div>
   <div class='ocr_carea' id='block_1_39' title="bbox 36 3850 1588 3924">
    <p class='ocr_par' dir='ltr' id='par_1_39' title="bbox 36 3850 1588 3924">
     <span class='ocr_line' id='line_1_39' title="bbox 36 3850 1588 3924; baseline 0.005 -24"><span class='ocrx_word' id='word_1_295' title='bbox 36 3863 206 3918; x_wconf 84' lang='lat' dir='ltr'><strong>sumus,</strong></span> <span class='ocrx_word' id='word_1_296' title='bbox 229 3851 294 3908; x_wconf 90' lang='lat' dir='ltr'><strong>de</strong></span> <span class='ocrx_word' id='word_1_297' title='bbox 319 3852 554 3908; x_wconf 88' lang='lat' dir='ltr'><strong>castello</strong></span> <span class='ocrx_word' id='word_1_298' title='bbox 584 3851 717 3923; x_wconf 89' lang='lat' dir='ltr'><strong>quid</strong></span> <span class='ocrx_word' id='word_1_299' title='bbox 753 3850 1093 3908; x_wconf 84' lang='lat' dir='ltr'><strong>faceremus?</strong></span> <span class='ocrx_word' id='word_1_300' title='bbox 1137 3851 1372 3924; x_wconf 87' lang='lat' dir='ltr'><strong>Dignum</strong></span> <span class='ocrx_word' id='word_1_301' title='bbox 1411 3860 1498 3908; x_wconf 91' lang='lat' dir='ltr'><strong>est</strong></span> <span class='ocrx_word' id='word_1_302' title='bbox 1527 3861 1588 3908; x_wconf 92' lang='lat' dir='ltr'><strong>ut</strong></span> 
     </span>
    </p>
   </div>
   <div class='ocr_carea' id='block_1_40' title="bbox 34 3939 1588 4016">
    <p class='ocr_par' dir='ltr' id='par_1_40' title="bbox 34 3939 1588 4016">
     <span class='ocr_line' id='line_1_40' title="bbox 34 3939 1588 4016; baseline 0.005 -22"><span class='ocrx_word' id='word_1_303' title='bbox 34 3939 226 4001; x_wconf 81' lang='lat' dir='ltr'><strong>victores</strong></span> <span class='ocrx_word' id='word_1_304' title='bbox 243 3944 480 4002; x_wconf 82' lang='lat' dir='ltr'><strong>habeant</strong></span> <span class='ocrx_word' id='word_1_305' title='bbox 499 3945 811 4012; x_wconf 84' lang='lat' dir='ltr'><strong>castellum,</strong></span> <span class='ocrx_word' id='word_1_306' title='bbox 825 3945 1086 4016; x_wconf 89' lang='lat' dir='ltr'><strong>quoniam</strong></span> <span class='ocrx_word' id='word_1_307' title='bbox 1098 3945 1348 4012; x_wconf 87' lang='lat' dir='ltr'><strong>victoria,</strong></span> <span class='ocrx_word' id='word_1_308' title='bbox 1363 3945 1588 4002; x_wconf 87' lang='lat' dir='ltr'><strong>castello</strong></span> 
     </span>
    </p>
   </div>
   <div class='ocr_carea' id='block_1_41' title="bbox 35 4034 1586 4111">
    <p class='ocr_par' dir='ltr' id='par_1_41' title="bbox 35 4034 1586 4111">
     <span class='ocr_line' id='line_1_41' title="bbox 35 4034 1586 4111; baseline 0.006 -26"><span class='ocrx_word' id='word_1_309' title='bbox 35 4034 178 4104; x_wconf 82' lang='lat' dir='ltr'><strong>majus</strong></span> <span class='ocrx_word' id='word_1_310' title='bbox 215 4038 315 4093; x_wconf 88' lang='lat' dir='ltr'><strong>erit</strong></span> <span class='ocrx_word' id='word_1_311' title='bbox 355 4037 674 4110; x_wconf 65' lang='lat' dir='ltr'><strong>praemium.</strong></span> <span class='ocrx_word' id='word_1_312' title='bbox 704 4055 726 4090; x_wconf 72' lang='grc' dir='ltr'><strong>ι</strong></span> <span class='ocrx_word' id='word_1_313' title='bbox 780 4035 880 4094; x_wconf 84' lang='lat' dir='ltr'><strong>His</strong></span> <span class='ocrx_word' id='word_1_314' title='bbox 927 4037 1004 4094; x_wconf 89' lang='lat' dir='ltr'><strong>ita</strong></span> <span class='ocrx_word' id='word_1_315' title='bbox 1039 4038 1242 4111; x_wconf 80' lang='lat' dir='ltr'><strong>gestis,</strong></span> <span class='ocrx_word' id='word_1_316' title='bbox 1293 4037 1586 4095; x_wconf 88' lang='lat' dir='ltr'><strong>Corbanau</strong></span> 
     </span>
    </p>
   </div>
   <div class='ocr_carea' id='block_1_42' title="bbox 35 4127 1588 4202">
    <p class='ocr_par' dir='ltr' id='par_1_42' title="bbox 35 4127 1588 4202">
     <span class='ocr_line' id='line_1_42' title="bbox 35 4127 1588 4202; baseline 0.003 -21"><span class='ocrx_word' id='word_1_317' title='bbox 35 4139 167 4195; x_wconf 85' lang='lat' dir='ltr'><strong>super</strong></span> <span class='ocrx_word' id='word_1_318' title='bbox 195 4127 275 4186; x_wconf 87' lang='lat' dir='ltr'><strong>bis</strong></span> <span class='ocrx_word' id='word_1_319' title='bbox 301 4130 600 4196; x_wconf 75' lang='lat' dir='ltr'><strong>conticuit,</strong></span> <span class='ocrx_word' id='word_1_320' title='bbox 642 4137 697 4186; x_wconf 91' lang='lat' dir='ltr'><strong>et</strong></span> <span class='ocrx_word' id='word_1_321' title='bbox 733 4129 803 4185; x_wconf 87' lang='lat' dir='ltr'><strong>ad</strong></span> <span class='ocrx_word' id='word_1_322' title='bbox 843 4129 952 4185; x_wconf 89' lang='lat' dir='ltr'><strong>alia</strong></span> <span class='ocrx_word' id='word_1_323' title='bbox 995 4129 1334 4186; x_wconf 89' lang='lat' dir='ltr'><strong>instituenda</strong></span> <span class='ocrx_word' id='word_1_324' title='bbox 1373 4137 1588 4202; x_wconf 89' lang='lat' dir='ltr'><strong>tempus</strong></span> 
     </span>
    </p>
   </div>
   <div class='ocr_carea' id='block_1_43' title="bbox 35 4215 1589 4289">
    <p class='ocr_par' dir='ltr' id='par_1_43' title="bbox 35 4215 1589 4289">
     <span class='ocr_line' id='line_1_43' title="bbox 35 4215 1589 4289; baseline 0.008 -21"><span class='ocrx_word' id='word_1_325' title='bbox 35 4215 280 4286; x_wconf 88' lang='lat' dir='ltr'><strong>disposuit.</strong></span> <span class='ocrx_word' id='word_1_326' title='bbox 311 4221 380 4277; x_wconf 86' lang='lat' dir='ltr'><strong>Et</strong></span> <span class='ocrx_word' id='word_1_327' title='bbox 418 4237 550 4278; x_wconf 87' lang='lat' dir='ltr'><strong>cum</strong></span> <span class='ocrx_word' id='word_1_328' title='bbox 583 4221 797 4278; x_wconf 89' lang='lat' dir='ltr'><strong>sederet</strong></span> <span class='ocrx_word' id='word_1_329' title='bbox 823 4221 880 4276; x_wconf 89' lang='lat' dir='ltr'><strong>in</strong></span> <span class='ocrx_word' id='word_1_330' title='bbox 909 4221 1050 4278; x_wconf 88' lang='lat' dir='ltr'><strong>solio</strong></span> <span class='ocrx_word' id='word_1_331' title='bbox 1069 4262 1086 4289; x_wconf 92' lang='lat'><strong>,</strong></span> <span class='ocrx_word' id='word_1_332' title='bbox 1119 4222 1420 4278; x_wconf 89' lang='lat' dir='ltr'><strong>attulerunt</strong></span> <span class='ocrx_word' id='word_1_333' title='bbox 1461 4231 1589 4280; x_wconf 89' lang='lat' dir='ltr'><strong>ante</strong></span> 
     </span>
    </p>
   </div>
   <div class='ocr_carea' id='block_1_44' title="bbox 35 4305 1587 4387">
    <p class='ocr_par' dir='ltr' id='par_1_44' title="bbox 35 4305 1587 4387">
     <span class='ocr_line' id='line_1_44' title="bbox 35 4305 1587 4387; baseline 0.006 -26"><span class='ocrx_word' id='word_1_334' title='bbox 35 4319 130 4363; x_wconf 85' lang='lat' dir='ltr'><strong>eum</strong></span> <span class='ocrx_word' id='word_1_335' title='bbox 157 4305 544 4387; x_wconf 38' lang='lat' dir='ltr'><strong>Fra‘ncigenam</strong></span> <span class='ocrx_word' id='word_1_336' title='bbox 575 4327 764 4370; x_wconf 89' lang='lat' dir='ltr'><strong>ensem</strong></span> <span class='ocrx_word' id='word_1_337' title='bbox 801 4312 958 4370; x_wconf 85' lang='lat' dir='ltr'><strong>valde</strong></span> <span class='ocrx_word' id='word_1_338' title='bbox 983 4313 1372 4384; x_wconf 87' lang='lat' dir='ltr'><strong>despicabilem</strong></span> <span class='ocrx_word' id='word_1_339' title='bbox 1400 4323 1456 4370; x_wconf 92' lang='lat' dir='ltr'><strong>et</strong></span> <span class='ocrx_word' id='word_1_340' title='bbox 1484 4315 1587 4370; x_wconf 82' lang='lat' dir='ltr'><strong>ob-</strong></span> 
     </span>
    </p>
   </div>
   <div class='ocr_carea' id='block_1_45' title="bbox 35 4403 1587 4477">
    <p class='ocr_par' dir='ltr' id='par_1_45' title="bbox 35 4403 1587 4477">
     <span class='ocr_line' id='line_1_45' title="bbox 35 4403 1587 4477; baseline 0.006 -26"><span class='ocrx_word' id='word_1_341' title='bbox 35 4407 204 4470; x_wconf 86' lang='lat' dir='ltr'><strong>tusum,</strong></span> <span class='ocrx_word' id='word_1_342' title='bbox 233 4413 288 4460; x_wconf 89' lang='lat' dir='ltr'><strong>et</strong></span> <span class='ocrx_word' id='word_1_343' title='bbox 313 4404 462 4462; x_wconf 76' lang='lat' dir='ltr'><strong>fmda</strong></span> <span class='ocrx_word' id='word_1_344' title='bbox 501 4404 758 4477; x_wconf 74' lang='lat' dir='ltr'><strong>rubigine</strong></span> <span class='ocrx_word' id='word_1_345' title='bbox 788 4412 1014 4462; x_wconf 90' lang='lat' dir='ltr'><strong>tectum.</strong></span> <span class='ocrx_word' id='word_1_346' title='bbox 1046 4403 1360 4461; x_wconf 85' lang='lat' dir='ltr'><strong>Attulerunt</strong></span> <span class='ocrx_word' id='word_1_347' title='bbox 1384 4413 1440 4461; x_wconf 91' lang='lat' dir='ltr'><strong>et</strong></span> <span class='ocrx_word' id='word_1_348' title='bbox 1464 4407 1587 4461; x_wconf 82' lang='lat' dir='ltr'><strong>lan-</strong></span> 
     </span>
    </p>
   </div>
   <div class='ocr_carea' id='block_1_46' title="bbox 33 4497 1586 4568">
    <p class='ocr_par' dir='ltr' id='par_1_46' title="bbox 33 4497 1586 4568">
     <span class='ocr_line' id='line_1_46' title="bbox 33 4497 1586 4568; baseline 0.004 -20"><span class='ocrx_word' id='word_1_349' title='bbox 33 4505 155 4548; x_wconf 82' lang='lat' dir='ltr'><strong>ceam</strong></span> <span class='ocrx_word' id='word_1_350' title='bbox 191 4497 373 4554; x_wconf 86' lang='lat' dir='ltr'><strong>eadem</strong></span> <span class='ocrx_word' id='word_1_351' title='bbox 417 4497 770 4555; x_wconf 84' lang='lat' dir='ltr'><strong>deformitate</strong></span> <span class='ocrx_word' id='word_1_352' title='bbox 819 4497 1206 4566; x_wconf 86' lang='lat' dir='ltr'><strong>consimilem;</strong></span> <span class='ocrx_word' id='word_1_353' title='bbox 1257 4511 1381 4568; x_wconf 66' lang='lat' dir='ltr'><strong>quae</strong></span> <span class='ocrx_word' id='word_1_354' title='bbox 1419 4498 1586 4554; x_wconf 90' lang='lat' dir='ltr'><strong>etiam</strong></span> 
     </span>
    </p>
   </div>
   <div class='ocr_carea' id='block_1_47' title="bbox 1613 3259 1654 3316">
    <p class='ocr_par' dir='ltr' id='par_1_47' title="bbox 1613 3259 1654 3316">
     <span class='ocr_line' id='line_1_47' title="bbox 1613 3259 1654 3316; baseline 0 0"><span class='ocrx_word' id='word_1_355' title='bbox 1613 3259 1654 3316; x_wconf 94' lang='lat' dir='ltr'><strong>C</strong></span> 
     </span>
    </p>
   </div>
   <div class='ocr_carea' id='block_1_48' title="bbox 1685 627 3269 701">
    <p class='ocr_par' dir='ltr' id='par_1_48' title="bbox 1685 627 3269 701">
     <span class='ocr_line' id='line_1_48' title="bbox 1685 627 3269 701; baseline 0.006 -19"><span class='ocrx_word' id='word_1_356' title='bbox 1685 627 1922 684; x_wconf 75' lang='lat' dir='ltr'><strong>tiochiae.</strong></span> <span class='ocrx_word' id='word_1_357' title='bbox 1957 647 1976 680; x_wconf 84' lang='grc'><strong>›</strong></span> <span class='ocrx_word' id='word_1_358' title='bbox 2030 627 2154 684; x_wconf 70' lang='lat' dir='ltr'><strong>Haec</strong></span> <span class='ocrx_word' id='word_1_359' title='bbox 2196 627 2354 696; x_wconf 80' lang='lat' dir='ltr'><strong>dixit,</strong></span> <span class='ocrx_word' id='word_1_360' title='bbox 2403 629 2790 701; x_wconf 88' lang='lat' dir='ltr'><strong>notariumque</strong></span> <span class='ocrx_word' id='word_1_361' title='bbox 2815 647 2977 688; x_wconf 90' lang='lat' dir='ltr'><strong>suum</strong></span> <span class='ocrx_word' id='word_1_362' title='bbox 3015 635 3269 692; x_wconf 80' lang='lat' dir='ltr'><strong>arcessiri</strong></span> 
     </span>
    </p>
   </div>
   <div class='ocr_carea' id='block_1_49' title="bbox 1678 717 3274 796">
    <p class='ocr_par' dir='ltr' id='par_1_49' title="bbox 1678 717 3274 796">
     <span class='ocr_line' id='line_1_49' title="bbox 1678 717 3274 796; baseline 0.006 -24"><span class='ocrx_word' id='word_1_363' title='bbox 1678 719 1865 790; x_wconf 91' lang='lat' dir='ltr'><strong>jussit.</strong></span> <span class='ocrx_word' id='word_1_364' title='bbox 1901 717 2006 775; x_wconf 91' lang='lat' dir='ltr'><strong>Cui</strong></span> <span class='ocrx_word' id='word_1_365' title='bbox 2041 720 2338 787; x_wconf 86' lang='lat' dir='ltr'><strong>accersito,</strong></span> <span class='ocrx_word' id='word_1_366' title='bbox 2387 719 2604 791; x_wconf 90' lang='lat' dir='ltr'><strong>inquit:</strong></span> <span class='ocrx_word' id='word_1_367' title='bbox 2637 739 2656 773; x_wconf 75' lang='grc' dir='ltr'>σ</span> <span class='ocrx_word' id='word_1_368' title='bbox 2691 721 2859 779; x_wconf 85' lang='lat' dir='ltr'><strong>Sume</strong></span> <span class='ocrx_word' id='word_1_369' title='bbox 2894 723 3078 796; x_wconf 84' lang='lat' dir='ltr'><strong>plures</strong></span> <span class='ocrx_word' id='word_1_370' title='bbox 3109 725 3274 782; x_wconf 84' lang='lat' dir='ltr'><strong>sche-</strong></span> 
     </span>
    </p>
   </div>
   <div class='ocr_carea' id='block_1_50' title="bbox 1683 811 3245 886">
    <p class='ocr_par' dir='ltr' id='par_1_50' title="bbox 1683 811 3245 886">
     <span class='ocr_line' id='line_1_50' title="bbox 1683 811 3245 886; baseline 0.003 -18"><span class='ocrx_word' id='word_1_371' title='bbox 1683 811 1860 878; x_wconf 89' lang='lat' dir='ltr'><strong>dulas,</strong></span> <span class='ocrx_word' id='word_1_372' title='bbox 1892 821 1947 867; x_wconf 89' lang='lat' dir='ltr'><strong>et</strong></span> <span class='ocrx_word' id='word_1_373' title='bbox 1978 813 2158 868; x_wconf 86' lang='lat' dir='ltr'><strong>scribe</strong></span> <span class='ocrx_word' id='word_1_374' title='bbox 2185 813 2444 884; x_wconf 86' lang='lat' dir='ltr'><strong>religioso</strong></span> <span class='ocrx_word' id='word_1_375' title='bbox 2482 828 2638 884; x_wconf 68' lang='lat' dir='ltr'><strong>papas</strong></span> <span class='ocrx_word' id='word_1_376' title='bbox 2661 824 2851 871; x_wconf 90' lang='lat' dir='ltr'><strong>nostro</strong></span> <span class='ocrx_word' id='word_1_377' title='bbox 2891 815 3153 886; x_wconf 83' lang='lat' dir='ltr'><strong>Caliphae,</strong></span> <span class='ocrx_word' id='word_1_378' title='bbox 3185 832 3245 872; x_wconf 91' lang='lat' dir='ltr'><strong>re</strong></span> 
     </span>
    </p>
   </div>
   <div class='ocr_carea' id='block_1_51' title="bbox 1683 901 3274 978">
    <p class='ocr_par' dir='ltr' id='par_1_51' title="bbox 1683 901 3274 978">
     <span class='ocr_line' id='line_1_51' title="bbox 1683 901 3274 978; baseline 0.004 -20"><span class='ocrx_word' id='word_1_379' title='bbox 1683 903 1846 975; x_wconf 90' lang='lat' dir='ltr'><strong>gique</strong></span> <span class='ocrx_word' id='word_1_380' title='bbox 1876 901 2168 960; x_wconf 86' lang='lat' dir='ltr'><strong>Persarum</strong></span> <span class='ocrx_word' id='word_1_381' title='bbox 2199 903 2436 960; x_wconf 82' lang='lat' dir='ltr'><strong>Soldano</strong></span> <span class='ocrx_word' id='word_1_382' title='bbox 2461 920 2628 976; x_wconf 88' lang='lat' dir='ltr'><strong>super</strong></span> <span class='ocrx_word' id='word_1_383' title='bbox 2652 920 2843 962; x_wconf 89' lang='lat' dir='ltr'><strong>omnes</strong></span> <span class='ocrx_word' id='word_1_384' title='bbox 2871 907 3133 978; x_wconf 75' lang='lat' dir='ltr'><strong>glorioso,</strong></span> <span class='ocrx_word' id='word_1_385' title='bbox 3160 924 3274 964; x_wconf 88' lang='lat' dir='ltr'><strong>ma-</strong></span> 
     </span>
    </p>
   </div>
   <div class='ocr_carea' id='block_1_52' title="bbox 1677 993 3300 1072">
    <p class='ocr_par' dir='ltr' id='par_1_52' title="bbox 1677 993 3300 1072">
     <span class='ocr_line' id='line_1_52' title="bbox 1677 993 3300 1072; baseline 0.004 -24"><span class='ocrx_word' id='word_1_386' title='bbox 1677 993 2002 1065; x_wconf 87' lang='lat' dir='ltr'><strong>joribusque</strong></span> <span class='ocrx_word' id='word_1_387' title='bbox 2023 994 2176 1067; x_wconf 86' lang='lat' dir='ltr'><strong>regni</strong></span> <span class='ocrx_word' id='word_1_388' title='bbox 2196 994 2489 1053; x_wconf 83' lang='lat' dir='ltr'><strong>Persarum</strong></span> <span class='ocrx_word' id='word_1_389' title='bbox 2514 998 2855 1068; x_wconf 85' lang='lat' dir='ltr'><strong>proceribus,</strong></span> <span class='ocrx_word' id='word_1_390' title='bbox 2884 1007 2946 1054; x_wconf 90' lang='lat' dir='ltr'><strong>ut</strong></span> <span class='ocrx_word' id='word_1_391' title='bbox 2971 999 3273 1072; x_wconf 73' lang='lat' dir='ltr'><strong>longaevam</strong></span> <span class='ocrx_word' id='word_1_392' title='bbox 3294 1038 3300 1044; x_wconf 63' lang='lat'><strong>.</strong></span> 
     </span>
    </p>
   </div>
   <div class='ocr_carea' id='block_1_53' title="bbox 1683 1085 3276 1164">
    <p class='ocr_par' dir='ltr' id='par_1_53' title="bbox 1683 1085 3276 1164">
     <span class='ocr_line' id='line_1_53' title="bbox 1683 1085 3276 1164; baseline 0.004 -23"><span class='ocrx_word' id='word_1_393' title='bbox 1683 1085 1967 1142; x_wconf 87' lang='lat' dir='ltr'><strong>obtineant</strong></span> <span class='ocrx_word' id='word_1_394' title='bbox 1991 1087 2180 1154; x_wconf 88' lang='lat' dir='ltr'><strong>vitam,</strong></span> <span class='ocrx_word' id='word_1_395' title='bbox 2209 1103 2400 1158; x_wconf 82' lang='lat' dir='ltr'><strong>pacem</strong></span> <span class='ocrx_word' id='word_1_396' title='bbox 2443 1089 2782 1158; x_wconf 85' lang='lat' dir='ltr'><strong>continuam,</strong></span> <span class='ocrx_word' id='word_1_397' title='bbox 2810 1092 3040 1148; x_wconf 84' lang='lat' dir='ltr'><strong>salutem</strong></span> <span class='ocrx_word' id='word_1_398' title='bbox 3077 1107 3276 1164; x_wconf 86' lang='lat' dir='ltr'><strong>corpo-</strong></span> 
     </span>
    </p>
   </div>
   <div class='ocr_carea' id='block_1_54' title="bbox 1682 1175 3274 1251">
    <p class='ocr_par' dir='ltr' id='par_1_54' title="bbox 1682 1175 3274 1251">
     <span class='ocr_line' id='line_1_54' title="bbox 1682 1175 3274 1251; baseline 0.006 -19"><span class='ocrx_word' id='word_1_399' title='bbox 1682 1190 1807 1232; x_wconf 91' lang='lat' dir='ltr'><strong>rum</strong></span> <span class='ocrx_word' id='word_1_400' title='bbox 1833 1175 2171 1232; x_wconf 82' lang='lat' dir='ltr'><strong>diuturnam.</strong></span> <span class='ocrx_word' id='word_1_401' title='bbox 2200 1177 2440 1234; x_wconf 79' lang='lat' dir='ltr'><strong>Fortuna</strong></span> <span class='ocrx_word' id='word_1_402' title='bbox 2464 1178 2591 1236; x_wconf 82' lang='lat' dir='ltr'><strong>felix</strong></span> <span class='ocrx_word' id='word_1_403' title='bbox 2612 1190 2668 1237; x_wconf 85' lang='lat' dir='ltr'><strong>et</strong></span> <span class='ocrx_word' id='word_1_404' title='bbox 2687 1181 2930 1251; x_wconf 90' lang='lat' dir='ltr'><strong>iucunda</strong></span> <span class='ocrx_word' id='word_1_405' title='bbox 2957 1183 3094 1240; x_wconf 85' lang='lat' dir='ltr'><strong>bene</strong></span> <span class='ocrx_word' id='word_1_406' title='bbox 3113 1185 3274 1242; x_wconf 85' lang='lat' dir='ltr'><strong>nobis</strong></span> 
     </span>
    </p>
   </div>
   <div class='ocr_carea' id='block_1_55' title="bbox 1683 1270 3274 1347">
    <p class='ocr_par' dir='ltr' id='par_1_55' title="bbox 1683 1270 3274 1347">
     <span class='ocr_line' id='line_1_55' title="bbox 1683 1270 3274 1347; baseline 0.006 -25"><span class='ocrx_word' id='word_1_407' title='bbox 1683 1277 2060 1339; x_wconf 77' lang='lat' dir='ltr'><strong>prosperatur,</strong></span> <span class='ocrx_word' id='word_1_408' title='bbox 2095 1270 2462 1341; x_wconf 83' lang='lat' dir='ltr'><strong>secundisque</strong></span> <span class='ocrx_word' id='word_1_409' title='bbox 2505 1272 2852 1329; x_wconf 86' lang='lat' dir='ltr'><strong>successibus</strong></span> <span class='ocrx_word' id='word_1_410' title='bbox 2877 1274 3103 1344; x_wconf 82' lang='lat' dir='ltr'><strong>arridet,</strong></span> <span class='ocrx_word' id='word_1_411' title='bbox 3132 1291 3274 1347; x_wconf 89' lang='lat' dir='ltr'><strong>quo-</strong></span> 
     </span>
    </p>
   </div>
   <div class='ocr_carea' id='block_1_56' title="bbox 1684 1359 3275 1426">
    <p class='ocr_par' dir='ltr' id='par_1_56' title="bbox 1684 1359 3275 1426">
     <span class='ocr_line' id='line_1_56' title="bbox 1684 1359 3275 1426; baseline 0.006 -11"><span class='ocrx_word' id='word_1_412' title='bbox 1684 1360 1834 1415; x_wconf 88' lang='lat' dir='ltr'><strong>niam</strong></span> <span class='ocrx_word' id='word_1_413' title='bbox 1864 1359 2206 1416; x_wconf 88' lang='lat' dir='ltr'><strong>Francorum</strong></span> <span class='ocrx_word' id='word_1_414' title='bbox 2235 1363 2536 1419; x_wconf 87' lang='lat' dir='ltr'><strong>exercitum</strong></span> <span class='ocrx_word' id='word_1_415' title='bbox 2565 1364 2708 1420; x_wconf 88' lang='lat' dir='ltr'><strong>intra</strong></span> <span class='ocrx_word' id='word_1_416' title='bbox 2740 1381 2928 1422; x_wconf 90' lang='lat' dir='ltr'><strong>muros</strong></span> <span class='ocrx_word' id='word_1_417' title='bbox 2968 1362 3275 1426; x_wconf 71' lang='lat' dir='ltr'><strong>Antiochia:</strong></span> 
     </span>
    </p>
   </div>
   <div class='ocr_carea' id='block_1_57' title="bbox 1683 1448 3298 1528">
    <p class='ocr_par' dir='ltr' id='par_1_57' title="bbox 1683 1448 3298 1528">
     <span class='ocr_line' id='line_1_57' title="bbox 1683 1448 3298 1528; baseline 0.005 -23"><span class='ocrx_word' id='word_1_418' title='bbox 1683 1448 1958 1506; x_wconf 86' lang='lat' dir='ltr'><strong>inclusum</strong></span> <span class='ocrx_word' id='word_1_419' title='bbox 1985 1459 2164 1518; x_wconf 92' lang='lat' dir='ltr'><strong>teneo,</strong></span> <span class='ocrx_word' id='word_1_420' title='bbox 2210 1459 2266 1506; x_wconf 91' lang='lat' dir='ltr'><strong>et</strong></span> <span class='ocrx_word' id='word_1_421' title='bbox 2291 1453 2577 1508; x_wconf 81' lang='lat' dir='ltr'><strong>castellum</strong></span> <span class='ocrx_word' id='word_1_422' title='bbox 2609 1453 2757 1525; x_wconf 83' lang='lat' dir='ltr'><strong>quod</strong></span> <span class='ocrx_word' id='word_1_423' title='bbox 2784 1455 2993 1512; x_wconf 89' lang='lat' dir='ltr'><strong>civitati</strong></span> <span class='ocrx_word' id='word_1_424' title='bbox 3020 1458 3298 1528; x_wconf 69' lang='lat' dir='ltr'><strong>prmemi-.</strong></span> 
     </span>
    </p>
   </div>
   <div class='ocr_carea' id='block_1_58' title="bbox 1685 1541 3279 1612">
    <p class='ocr_par' dir='ltr' id='par_1_58' title="bbox 1685 1541 3279 1612">
     <span class='ocr_line' id='line_1_58' title="bbox 1685 1541 3279 1612; baseline 0.007 -16"><span class='ocrx_word' id='word_1_425' title='bbox 1685 1550 1798 1609; x_wconf 91' lang='lat' dir='ltr'><strong>net,</strong></span> <span class='ocrx_word' id='word_1_426' title='bbox 1823 1541 1940 1612; x_wconf 86' lang='lat' dir='ltr'><strong>iam</strong></span> <span class='ocrx_word' id='word_1_427' title='bbox 1985 1543 2043 1598; x_wconf 88' lang='lat' dir='ltr'><strong>in</strong></span> <span class='ocrx_word' id='word_1_428' title='bbox 2089 1555 2258 1599; x_wconf 80' lang='lat' dir='ltr'><strong>manu</strong></span> <span class='ocrx_word' id='word_1_429' title='bbox 2297 1552 2488 1600; x_wconf 87' lang='lat' dir='ltr'><strong>nostra</strong></span> <span class='ocrx_word' id='word_1_430' title='bbox 2533 1545 2729 1602; x_wconf 78' lang='lat' dir='ltr'><strong>habeo.</strong></span> <span class='ocrx_word' id='word_1_431' title='bbox 2769 1545 2924 1604; x_wconf 87' lang='lat' dir='ltr'><strong>Unde</strong></span> <span class='ocrx_word' id='word_1_432' title='bbox 2950 1557 3161 1606; x_wconf 83' lang='lat' dir='ltr'><strong>certum</strong></span> <span class='ocrx_word' id='word_1_433' title='bbox 3203 1550 3279 1608; x_wconf 87' lang='lat' dir='ltr'><strong>sit</strong></span> 
     </span>
    </p>
   </div>
   <div class='ocr_carea' id='block_1_59' title="bbox 1684 1633 3280 1708">
    <p class='ocr_par' dir='ltr' id='par_1_59' title="bbox 1684 1633 3280 1708">
     <span class='ocr_line' id='line_1_59' title="bbox 1684 1633 3280 1708; baseline 0.007 -21"><span class='ocrx_word' id='word_1_434' title='bbox 1684 1633 1864 1702; x_wconf 86' lang='lat' dir='ltr'><strong>vobis,</strong></span> <span class='ocrx_word' id='word_1_435' title='bbox 1888 1634 2018 1706; x_wconf 90' lang='lat' dir='ltr'><strong>quia</strong></span> <span class='ocrx_word' id='word_1_436' title='bbox 2042 1651 2294 1693; x_wconf 80' lang='lat' dir='ltr'><strong>rumores</strong></span> <span class='ocrx_word' id='word_1_437' title='bbox 2310 1651 2450 1707; x_wconf 91' lang='lat' dir='ltr'><strong>quos</strong></span> <span class='ocrx_word' id='word_1_438' title='bbox 2472 1636 2540 1693; x_wconf 91' lang='lat' dir='ltr'><strong>de</strong></span> <span class='ocrx_word' id='word_1_439' title='bbox 2555 1637 2642 1694; x_wconf 84' lang='lat' dir='ltr'><strong>eis</strong></span> <span class='ocrx_word' id='word_1_440' title='bbox 2663 1639 2986 1708; x_wconf 68' lang='lat' dir='ltr'><strong>audientis,</strong></span> <span class='ocrx_word' id='word_1_441' title='bbox 3011 1657 3123 1698; x_wconf 88' lang='lat' dir='ltr'><strong>non</strong></span> <span class='ocrx_word' id='word_1_442' title='bbox 3146 1650 3280 1698; x_wconf 90' lang='lat' dir='ltr'><strong>sunt</strong></span> 
     </span>
    </p>
   </div>
   <div class='ocr_carea' id='block_1_60' title="bbox 1683 1725 3277 1804">
    <p class='ocr_par' dir='ltr' id='par_1_60' title="bbox 1683 1725 3277 1804">
     <span class='ocr_line' id='line_1_60' title="bbox 1683 1725 3277 1804; baseline 0.007 -24"><span class='ocrx_word' id='word_1_443' title='bbox 1683 1725 1833 1782; x_wconf 87' lang='lat' dir='ltr'><strong>illius</strong></span> <span class='ocrx_word' id='word_1_444' title='bbox 1861 1727 2076 1798; x_wconf 81' lang='lat' dir='ltr'><strong>generis</strong></span> <span class='ocrx_word' id='word_1_445' title='bbox 2103 1727 2262 1798; x_wconf 92' lang='lat' dir='ltr'><strong>cuius</strong></span> <span class='ocrx_word' id='word_1_446' title='bbox 2293 1728 2547 1796; x_wconf 87' lang='lat' dir='ltr'><strong>audistis,</strong></span> <span class='ocrx_word' id='word_1_447' title='bbox 2578 1729 2708 1800; x_wconf 85' lang='lat' dir='ltr'><strong>quia</strong></span> <span class='ocrx_word' id='word_1_448' title='bbox 2751 1747 2852 1788; x_wconf 85' lang='lat' dir='ltr'><strong>nec</strong></span> <span class='ocrx_word' id='word_1_449' title='bbox 2889 1731 3053 1804; x_wconf 84' lang='lat' dir='ltr'><strong>lupus</strong></span> <span class='ocrx_word' id='word_1_450' title='bbox 3090 1742 3277 1792; x_wconf 86' lang='lat' dir='ltr'><strong>tantus</strong></span> 
     </span>
    </p>
   </div>
   <div class='ocr_carea' id='block_1_61' title="bbox 1685 1816 3274 1894">
    <p class='ocr_par' dir='ltr' id='par_1_61' title="bbox 1685 1816 3274 1894">
     <span class='ocr_line' id='line_1_61' title="bbox 1685 1816 3274 1894; baseline 0.004 -22"><span class='ocrx_word' id='word_1_451' title='bbox 1685 1816 1935 1885; x_wconf 68' lang='lat' dir='ltr'><strong>elﬁcitur,</strong></span> <span class='ocrx_word' id='word_1_452' title='bbox 1984 1827 2226 1889; x_wconf 87' lang='lat' dir='ltr'><strong>quantus</strong></span> <span class='ocrx_word' id='word_1_453' title='bbox 2267 1827 2322 1874; x_wconf 93' lang='lat' dir='ltr'><strong>et</strong></span> <span class='ocrx_word' id='word_1_454' title='bbox 2364 1819 2574 1875; x_wconf 87' lang='lat' dir='ltr'><strong>clamor</strong></span> <span class='ocrx_word' id='word_1_455' title='bbox 2612 1820 2708 1891; x_wconf 84' lang='lat' dir='ltr'><strong>qui</strong></span> <span class='ocrx_word' id='word_1_456' title='bbox 2729 1835 2855 1876; x_wconf 91' lang='lat' dir='ltr'><strong>eum</strong></span> <span class='ocrx_word' id='word_1_457' title='bbox 2898 1823 3274 1894; x_wconf 81' lang='lat' dir='ltr'><strong>subsequitur.</strong></span> 
     </span>
    </p>
   </div>
   <div class='ocr_carea' id='block_1_62' title="bbox 1685 1909 3278 1982">
    <p class='ocr_par' dir='ltr' id='par_1_62' title="bbox 1685 1909 3278 1982">
     <span class='ocr_line' id='line_1_62' title="bbox 1685 1909 3278 1982; baseline 0.004 -18"><span class='ocrx_word' id='word_1_458' title='bbox 1685 1909 1824 1978; x_wconf 85' lang='lat' dir='ltr'><strong>Quia</strong></span> <span class='ocrx_word' id='word_1_459' title='bbox 1854 1925 1982 1966; x_wconf 85' lang='lat' dir='ltr'><strong>vero</strong></span> <span class='ocrx_word' id='word_1_460' title='bbox 2007 1911 2363 1982; x_wconf 85' lang='lat' dir='ltr'><strong>praecepistis,</strong></span> <span class='ocrx_word' id='word_1_461' title='bbox 2407 1919 2467 1966; x_wconf 88' lang='lat' dir='ltr'><strong>ut</strong></span> <span class='ocrx_word' id='word_1_462' title='bbox 2500 1912 2730 1968; x_wconf 84' lang='lat' dir='ltr'><strong>omnino</strong></span> <span class='ocrx_word' id='word_1_463' title='bbox 2765 1928 2862 1970; x_wconf 84' lang='lat' dir='ltr'><strong>eos</strong></span> <span class='ocrx_word' id='word_1_464' title='bbox 2897 1913 2966 1970; x_wconf 91' lang='lat' dir='ltr'><strong>de</strong></span> <span class='ocrx_word' id='word_1_465' title='bbox 3003 1922 3150 1971; x_wconf 87' lang='lat' dir='ltr'><strong>terra</strong></span> <span class='ocrx_word' id='word_1_466' title='bbox 3177 1915 3278 1972; x_wconf 78' lang='lat' dir='ltr'><strong>de—</strong></span> 
     </span>
    </p>
   </div>
   <div class='ocr_carea' id='block_1_63' title="bbox 1683 2003 3276 2076">
    <p class='ocr_par' dir='ltr' id='par_1_63' title="bbox 1683 2003 3276 2076">
     <span class='ocr_line' id='line_1_63' title="bbox 1683 2003 3276 2076; baseline 0.004 -18"><span class='ocrx_word' id='word_1_467' title='bbox 1683 2003 1872 2072; x_wconf 90' lang='lat' dir='ltr'><strong>lerem,</strong></span> <span class='ocrx_word' id='word_1_468' title='bbox 1896 2004 2186 2076; x_wconf 74' lang='lat' dir='ltr'><strong>gladioque</strong></span> <span class='ocrx_word' id='word_1_469' title='bbox 2209 2005 2320 2060; x_wconf 89' lang='lat' dir='ltr'><strong>vita</strong></span> <span class='ocrx_word' id='word_1_470' title='bbox 2345 2004 2640 2076; x_wconf 89' lang='lat' dir='ltr'><strong>privarem,</strong></span> <span class='ocrx_word' id='word_1_471' title='bbox 2670 2005 2839 2061; x_wconf 88' lang='lat' dir='ltr'><strong>nolite</strong></span> <span class='ocrx_word' id='word_1_472' title='bbox 2861 2006 3150 2064; x_wconf 79' lang='lat' dir='ltr'><strong>adversum</strong></span> <span class='ocrx_word' id='word_1_473' title='bbox 3186 2023 3276 2065; x_wconf 93' lang='lat' dir='ltr'><strong>me</strong></span> 
     </span>
    </p>
   </div>
   <div class='ocr_carea' id='block_1_64' title="bbox 1684 2095 3294 2169">
    <p class='ocr_par' dir='ltr' id='par_1_64' title="bbox 1684 2095 3294 2169">
     <span class='ocr_line' id='line_1_64' title="bbox 1684 2095 3294 2169; baseline 0.001 -19"><span class='ocrx_word' id='word_1_474' title='bbox 1684 2095 1980 2169; x_wconf 82' lang='lat' dir='ltr'><strong>indignari,</strong></span> <span class='ocrx_word' id='word_1_475' title='bbox 2017 2096 2064 2153; x_wconf 91' lang='lat' dir='ltr'><strong>si</strong></span> <span class='ocrx_word' id='word_1_476' title='bbox 2103 2097 2370 2167; x_wconf 86' lang='lat' dir='ltr'><strong>quosdam</strong></span> <span class='ocrx_word' id='word_1_477' title='bbox 2411 2097 2479 2153; x_wconf 86' lang='lat' dir='ltr'><strong>de</strong></span> <span class='ocrx_word' id='word_1_478' title='bbox 2516 2097 2837 2155; x_wconf 84' lang='lat' dir='ltr'><strong>melioribus</strong></span> <span class='ocrx_word' id='word_1_479' title='bbox 2876 2098 3089 2156; x_wconf 88' lang='lat' dir='ltr'><strong>vinctos</strong></span> <span class='ocrx_word' id='word_1_480' title='bbox 3114 2100 3294 2156; x_wconf 88' lang='lat' dir='ltr'><strong>vobis.</strong></span> 
     </span>
    </p>
   </div>
   <div class='ocr_carea' id='block_1_65' title="bbox 1685 2188 3276 2260">
    <p class='ocr_par' dir='ltr' id='par_1_65' title="bbox 1685 2188 3276 2260">
     <span class='ocr_line' id='line_1_65' title="bbox 1685 2188 3276 2260; baseline 0.006 -19"><span class='ocrx_word' id='word_1_481' title='bbox 1685 2188 2020 2256; x_wconf 87' lang='lat' dir='ltr'><strong>transmitto,</strong></span> <span class='ocrx_word' id='word_1_482' title='bbox 2053 2189 2312 2260; x_wconf 90' lang='lat' dir='ltr'><strong>quoniam</strong></span> <span class='ocrx_word' id='word_1_483' title='bbox 2351 2197 2479 2245; x_wconf 87' lang='lat' dir='ltr'><strong>tunc</strong></span> <span class='ocrx_word' id='word_1_484' title='bbox 2525 2190 2630 2245; x_wconf 91' lang='lat' dir='ltr'><strong>erit</strong></span> <span class='ocrx_word' id='word_1_485' title='bbox 2673 2189 2730 2245; x_wconf 86' lang='lat' dir='ltr'><strong>in</strong></span> <span class='ocrx_word' id='word_1_486' title='bbox 2779 2200 2960 2247; x_wconf 85' lang='lat' dir='ltr'><strong>vestra</strong></span> <span class='ocrx_word' id='word_1_487' title='bbox 3003 2192 3276 2250; x_wconf 87' lang='lat' dir='ltr'><strong>delibera-</strong></span> 
     </span>
    </p>
   </div>
   <div class='ocr_carea' id='block_1_66' title="bbox 1684 2283 3277 2352">
    <p class='ocr_par' dir='ltr' id='par_1_66' title="bbox 1684 2283 3277 2352">
     <span class='ocr_line' id='line_1_66' title="bbox 1684 2283 3277 2352; baseline 0.006 -14"><span class='ocrx_word' id='word_1_488' title='bbox 1684 2283 1866 2352; x_wconf 92' lang='lat' dir='ltr'><strong>tione,</strong></span> <span class='ocrx_word' id='word_1_489' title='bbox 1920 2293 2104 2340; x_wconf 89' lang='lat' dir='ltr'><strong>utrum</strong></span> <span class='ocrx_word' id='word_1_490' title='bbox 2145 2285 2326 2342; x_wconf 83' lang='lat' dir='ltr'><strong>velitis</strong></span> <span class='ocrx_word' id='word_1_491' title='bbox 2363 2301 2462 2342; x_wconf 89' lang='lat' dir='ltr'><strong>eos</strong></span> <span class='ocrx_word' id='word_1_492' title='bbox 2497 2285 2640 2342; x_wconf 90' lang='lat' dir='ltr'><strong>mori</strong></span> <span class='ocrx_word' id='word_1_493' title='bbox 2695 2287 2810 2344; x_wconf 88' lang='lat' dir='ltr'><strong>sive</strong></span> <span class='ocrx_word' id='word_1_494' title='bbox 2854 2289 3057 2346; x_wconf 82' lang='lat' dir='ltr'><strong>vivere.</strong></span> <span class='ocrx_word' id='word_1_495' title='bbox 3105 2288 3277 2348; x_wconf 89' lang='lat' dir='ltr'><strong>Nobis</strong></span> 
     </span>
    </p>
   </div>
   <div class='ocr_carea' id='block_1_67' title="bbox 1684 2375 3278 2454">
    <p class='ocr_par' dir='ltr' id='par_1_67' title="bbox 1684 2375 3278 2454">
     <span class='ocr_line' id='line_1_67' title="bbox 1684 2375 3278 2454; baseline 0.006 -22"><span class='ocrx_word' id='word_1_496' title='bbox 1684 2375 1831 2432; x_wconf 88' lang='lat' dir='ltr'><strong>enim</strong></span> <span class='ocrx_word' id='word_1_497' title='bbox 1861 2377 2192 2434; x_wconf 87' lang='lat' dir='ltr'><strong>conveniens</strong></span> <span class='ocrx_word' id='word_1_498' title='bbox 2219 2393 2342 2434; x_wconf 90' lang='lat' dir='ltr'><strong>esse</strong></span> <span class='ocrx_word' id='word_1_499' title='bbox 2373 2378 2608 2449; x_wconf 86' lang='lat' dir='ltr'><strong>videtur,</strong></span> <span class='ocrx_word' id='word_1_500' title='bbox 2656 2389 2720 2436; x_wconf 87' lang='lat' dir='ltr'><strong>ut</strong></span> <span class='ocrx_word' id='word_1_501' title='bbox 2743 2381 2840 2452; x_wconf 88' lang='lat' dir='ltr'><strong>qui</strong></span> <span class='ocrx_word' id='word_1_502' title='bbox 2868 2383 3145 2454; x_wconf 89' lang='lat' dir='ltr'><strong>captivare</strong></span> <span class='ocrx_word' id='word_1_503' title='bbox 3173 2400 3278 2442; x_wconf 91' lang='lat' dir='ltr'><strong>nos</strong></span> 
     </span>
    </p>
   </div>
   <div class='ocr_carea' id='block_1_68' title="bbox 1683 2472 3282 2548">
    <p class='ocr_par' dir='ltr' id='par_1_68' title="bbox 1683 2472 3282 2548">
     <span class='ocr_line' id='line_1_68' title="bbox 1683 2472 3282 2548; baseline 0.009 -24"><span class='ocrx_word' id='word_1_504' title='bbox 1683 2481 1966 2540; x_wconf 82' lang='lat' dir='ltr'><strong>venerant,</strong></span> <span class='ocrx_word' id='word_1_505' title='bbox 2003 2472 2201 2544; x_wconf 83' lang='lat' dir='ltr'><strong>captivi</strong></span> <span class='ocrx_word' id='word_1_506' title='bbox 2228 2472 2384 2543; x_wconf 82' lang='lat' dir='ltr'><strong>ﬁant,</strong></span> <span class='ocrx_word' id='word_1_507' title='bbox 2417 2481 2473 2531; x_wconf 89' lang='lat' dir='ltr'><strong>et</strong></span> <span class='ocrx_word' id='word_1_508' title='bbox 2495 2473 2633 2532; x_wconf 80' lang='lat' dir='ltr'><strong>dura</strong></span> <span class='ocrx_word' id='word_1_509' title='bbox 2663 2475 2810 2548; x_wconf 87' lang='lat' dir='ltr'><strong>apud</strong></span> <span class='ocrx_word' id='word_1_510' title='bbox 2843 2491 2946 2535; x_wconf 81' lang='lat' dir='ltr'><strong>nos</strong></span> <span class='ocrx_word' id='word_1_511' title='bbox 2988 2489 3282 2538; x_wconf 73' lang='lat' dir='ltr'><strong>exerceant</strong></span> 
     </span>
    </p>
   </div>
   <div class='ocr_carea' id='block_1_69' title="bbox 1686 2563 3278 2642">
    <p class='ocr_par' dir='ltr' id='par_1_69' title="bbox 1686 2563 3278 2642">
     <span class='ocr_line' id='line_1_69' title="bbox 1686 2563 3278 2642; baseline 0.004 -22"><span class='ocrx_word' id='word_1_512' title='bbox 1686 2565 1929 2620; x_wconf 87' lang='lat' dir='ltr'><strong>servitia.</strong></span> <span class='ocrx_word' id='word_1_513' title='bbox 1963 2563 2339 2622; x_wconf 80' lang='lat' dir='ltr'><strong>Honoriﬂcum</strong></span> <span class='ocrx_word' id='word_1_514' title='bbox 2372 2567 2574 2638; x_wconf 86' lang='lat' dir='ltr'><strong>quippe</strong></span> <span class='ocrx_word' id='word_1_515' title='bbox 2607 2567 2712 2623; x_wconf 90' lang='lat' dir='ltr'><strong>erit</strong></span> <span class='ocrx_word' id='word_1_516' title='bbox 2761 2584 2931 2642; x_wconf 89' lang='lat' dir='ltr'><strong>regno</strong></span> <span class='ocrx_word' id='word_1_517' title='bbox 2957 2569 3278 2639; x_wconf 88' lang='lat' dir='ltr'><strong>Persarum,</strong></span> 
     </span>
    </p>
   </div>
   <div class='ocr_carea' id='block_1_70' title="bbox 1686 2654 3279 2730">
    <p class='ocr_par' dir='ltr' id='par_1_70' title="bbox 1686 2654 3279 2730">
     <span class='ocr_line' id='line_1_70' title="bbox 1686 2654 3279 2730; baseline 0.006 -19"><span class='ocrx_word' id='word_1_518' title='bbox 1686 2654 1734 2712; x_wconf 89' lang='lat' dir='ltr'><strong>si</strong></span> <span class='ocrx_word' id='word_1_519' title='bbox 1770 2655 1826 2711; x_wconf 90' lang='lat' dir='ltr'><strong>in</strong></span> <span class='ocrx_word' id='word_1_520' title='bbox 1857 2671 1923 2711; x_wconf 92' lang='lat' dir='ltr'><strong>eo</strong></span> <span class='ocrx_word' id='word_1_521' title='bbox 1950 2655 2162 2712; x_wconf 76' lang='lat' dir='ltr'><strong>exsulet</strong></span> <span class='ocrx_word' id='word_1_522' title='bbox 2195 2654 2366 2712; x_wconf 86' lang='lat' dir='ltr'><strong>frater</strong></span> <span class='ocrx_word' id='word_1_523' title='bbox 2394 2658 2538 2730; x_wconf 88' lang='lat' dir='ltr'><strong>regis</strong></span> <span class='ocrx_word' id='word_1_524' title='bbox 2569 2657 2929 2717; x_wconf 85' lang='lat' dir='ltr'><strong>Francorum.</strong></span> <span class='ocrx_word' id='word_1_525' title='bbox 2960 2659 3072 2719; x_wconf 80' lang='lat' dir='ltr'><strong>Vos</strong></span> <span class='ocrx_word' id='word_1_526' title='bbox 3096 2673 3279 2720; x_wconf 89' lang='lat' dir='ltr'><strong>autem</strong></span> 
     </span>
    </p>
   </div>
   <div class='ocr_carea' id='block_1_71' title="bbox 1685 2747 3281 2825">
    <p class='ocr_par' dir='ltr' id='par_1_71' title="bbox 1685 2747 3281 2825">
     <span class='ocr_line' id='line_1_71' title="bbox 1685 2747 3281 2825; baseline 0.006 -24"><span class='ocrx_word' id='word_1_527' title='bbox 1685 2747 1741 2802; x_wconf 91' lang='lat' dir='ltr'><strong>in</strong></span> <span class='ocrx_word' id='word_1_528' title='bbox 1768 2762 1902 2818; x_wconf 91' lang='lat' dir='ltr'><strong>pace</strong></span> <span class='ocrx_word' id='word_1_529' title='bbox 1923 2755 1978 2804; x_wconf 91' lang='lat' dir='ltr'><strong>et</strong></span> <span class='ocrx_word' id='word_1_530' title='bbox 2002 2763 2218 2804; x_wconf 92' lang='lat' dir='ltr'><strong>summa</strong></span> <span class='ocrx_word' id='word_1_531' title='bbox 2247 2749 2644 2820; x_wconf 88' lang='lat' dir='ltr'><strong>tranquillitate</strong></span> <span class='ocrx_word' id='word_1_532' title='bbox 2665 2750 2852 2821; x_wconf 86' lang='lat' dir='ltr'><strong>vivite,</strong></span> <span class='ocrx_word' id='word_1_533' title='bbox 2876 2753 3136 2825; x_wconf 85' lang='lat' dir='ltr'><strong>omnique</strong></span> <span class='ocrx_word' id='word_1_534' title='bbox 3157 2770 3281 2811; x_wconf 89' lang='lat' dir='ltr'><strong>cor-</strong></span> 
     </span>
    </p>
   </div>
   <div class='ocr_carea' id='block_1_72' title="bbox 1685 2839 3278 2918">
    <p class='ocr_par' dir='ltr' id='par_1_72' title="bbox 1685 2839 3278 2918">
     <span class='ocr_line' id='line_1_72' title="bbox 1685 2839 3278 2918; baseline 0.006 -23"><span class='ocrx_word' id='word_1_535' title='bbox 1685 2853 1868 2910; x_wconf 76' lang='lat' dir='ltr'><strong>porea:</strong></span> <span class='ocrx_word' id='word_1_536' title='bbox 1903 2839 2168 2910; x_wconf 87' lang='lat' dir='ltr'><strong>voluptati</strong></span> <span class='ocrx_word' id='word_1_537' title='bbox 2209 2855 2434 2912; x_wconf 79' lang='lat' dir='ltr'><strong>operam</strong></span> <span class='ocrx_word' id='word_1_538' title='bbox 2483 2840 2808 2914; x_wconf 90' lang='lat' dir='ltr'><strong>impendite,</strong></span> <span class='ocrx_word' id='word_1_539' title='bbox 2859 2844 3110 2918; x_wconf 84' lang='lat' dir='ltr'><strong>ﬁliosque</strong></span> <span class='ocrx_word' id='word_1_540' title='bbox 3157 2847 3278 2904; x_wconf 89' lang='lat' dir='ltr'><strong>sine</strong></span> 
     </span>
    </p>
   </div>
   <div class='ocr_carea' id='block_1_73' title="bbox 1687 2931 3276 3008">
    <p class='ocr_par' dir='ltr' id='par_1_73' title="bbox 1687 2931 3276 3008">
     <span class='ocr_line' id='line_1_73' title="bbox 1687 2931 3276 3008; baseline 0.006 -21"><span class='ocrx_word' id='word_1_541' title='bbox 1687 2931 1996 2988; x_wconf 87' lang='lat' dir='ltr'><strong>cessatione</strong></span> <span class='ocrx_word' id='word_1_542' title='bbox 2039 2943 2342 3004; x_wconf 91' lang='lat' dir='ltr'><strong>procreate,</strong></span> <span class='ocrx_word' id='word_1_543' title='bbox 2383 2932 2479 3004; x_wconf 90' lang='lat' dir='ltr'><strong>qui</strong></span> <span class='ocrx_word' id='word_1_544' title='bbox 2526 2935 2672 3002; x_wconf 87' lang='lat' dir='ltr'><strong>aliis,</strong></span> <span class='ocrx_word' id='word_1_545' title='bbox 2723 2936 2772 2992; x_wconf 88' lang='lat' dir='ltr'><strong>si</strong></span> <span class='ocrx_word' id='word_1_546' title='bbox 2820 2952 3044 2995; x_wconf 90' lang='lat' dir='ltr'><strong>necesse</strong></span> <span class='ocrx_word' id='word_1_547' title='bbox 3089 2937 3276 3008; x_wconf 85' lang='lat' dir='ltr'><strong>fuerit,</strong></span> 
     </span>
    </p>
   </div>
   <div class='ocr_carea' id='block_1_74' title="bbox 1687 3019 3278 3101">
    <p class='ocr_par' dir='ltr' id='par_1_74' title="bbox 1687 3019 3278 3101">
     <span class='ocr_line' id='line_1_74' title="bbox 1687 3019 3278 3101; baseline 0.008 -24"><span class='ocrx_word' id='word_1_548' title='bbox 1687 3022 1915 3080; x_wconf 87' lang='lat' dir='ltr'><strong>Francis</strong></span> <span class='ocrx_word' id='word_1_549' title='bbox 1945 3024 2239 3092; x_wconf 82' lang='lat' dir='ltr'><strong>obsistunt,</strong></span> <span class='ocrx_word' id='word_1_550' title='bbox 2289 3033 2344 3081; x_wconf 92' lang='lat' dir='ltr'><strong>et</strong></span> <span class='ocrx_word' id='word_1_551' title='bbox 2383 3041 2510 3082; x_wconf 94' lang='lat' dir='ltr'><strong>cum</strong></span> <span class='ocrx_word' id='word_1_552' title='bbox 2542 3037 2744 3084; x_wconf 84' lang='lat' dir='ltr'><strong>nostrae</strong></span> <span class='ocrx_word' id='word_1_553' title='bbox 2785 3019 3084 3088; x_wconf 81' lang='lat' dir='ltr'><strong>defecerint</strong></span> <span class='ocrx_word' id='word_1_554' title='bbox 3109 3033 3278 3101; x_wconf 86' lang='lat' dir='ltr'><strong>vires,</strong></span> 
     </span>
    </p>
   </div>
   <div class='ocr_carea' id='block_1_75' title="bbox 1687 3117 3281 3190">
    <p class='ocr_par' dir='ltr' id='par_1_75' title="bbox 1687 3117 3281 3190">
     <span class='ocr_line' id='line_1_75' title="bbox 1687 3117 3281 3190; baseline 0.008 -20"><span class='ocrx_word' id='word_1_555' title='bbox 1687 3123 1820 3172; x_wconf 78' lang='lat' dir='ltr'><strong>tunc</strong></span> <span class='ocrx_word' id='word_1_556' title='bbox 1848 3117 2084 3173; x_wconf 89' lang='lat' dir='ltr'><strong>valeant.</strong></span> <span class='ocrx_word' id='word_1_557' title='bbox 2137 3117 2318 3174; x_wconf 88' lang='lat' dir='ltr'><strong>Faciei</strong></span> <span class='ocrx_word' id='word_1_558' title='bbox 2359 3128 2555 3176; x_wconf 83' lang='lat' dir='ltr'><strong>vestrae</strong></span> <span class='ocrx_word' id='word_1_559' title='bbox 2601 3123 2947 3190; x_wconf 85' lang='lat' dir='ltr'><strong>praesentiam</strong></span> <span class='ocrx_word' id='word_1_560' title='bbox 2999 3138 3111 3181; x_wconf 90' lang='lat' dir='ltr'><strong>non</strong></span> <span class='ocrx_word' id='word_1_561' title='bbox 3153 3136 3281 3183; x_wconf 89' lang='lat' dir='ltr'><strong>ante</strong></span> 
     </span>
    </p>
   </div>
   <div class='ocr_carea' id='block_1_76' title="bbox 1690 3207 3282 3294">
    <p class='ocr_par' dir='ltr' id='par_1_76' title="bbox 1690 3207 3282 3294">
     <span class='ocr_line' id='line_1_76' title="bbox 1690 3207 3282 3294; baseline 0.008 -32"><span class='ocrx_word' id='word_1_562' title='bbox 1690 3207 1904 3294; x_wconf 76' lang='lat' dir='ltr'><strong>videbo,</strong></span> <span class='ocrx_word' id='word_1_563' title='bbox 1941 3209 2116 3266; x_wconf 89' lang='lat' dir='ltr'><strong>donec</strong></span> <span class='ocrx_word' id='word_1_564' title='bbox 2159 3217 2329 3266; x_wconf 90' lang='lat' dir='ltr'><strong>totam</strong></span> <span class='ocrx_word' id='word_1_565' title='bbox 2375 3210 2616 3284; x_wconf 83' lang='lat' dir='ltr'><strong>Syriam,</strong></span> <span class='ocrx_word' id='word_1_566' title='bbox 2655 3224 2708 3269; x_wconf 90' lang='lat' dir='ltr'><strong>et</strong></span> <span class='ocrx_word' id='word_1_567' title='bbox 2739 3212 3084 3285; x_wconf 83' lang='lat' dir='ltr'><strong>Romaniam,</strong></span> <span class='ocrx_word' id='word_1_568' title='bbox 3117 3227 3282 3290; x_wconf 89' lang='lat' dir='ltr'><strong>atque</strong></span> 
     </span>
    </p>
   </div>
   <div class='ocr_carea' id='block_1_77' title="bbox 1687 3301 3281 3378">
    <p class='ocr_par' dir='ltr' id='par_1_77' title="bbox 1687 3301 3281 3378">
     <span class='ocr_line' id='line_1_77' title="bbox 1687 3301 3281 3378; baseline 0.008 -23"><span class='ocrx_word' id='word_1_569' title='bbox 1687 3301 1998 3373; x_wconf 86' lang='lat' dir='ltr'><strong>Bulgariam</strong></span> <span class='ocrx_word' id='word_1_570' title='bbox 2028 3312 2228 3360; x_wconf 78' lang='lat' dir='ltr'><strong>vestrae</strong></span> <span class='ocrx_word' id='word_1_571' title='bbox 2259 3305 2454 3361; x_wconf 90' lang='lat' dir='ltr'><strong>ditioni</strong></span> <span class='ocrx_word' id='word_1_572' title='bbox 2487 3307 2873 3378; x_wconf 85' lang='lat' dir='ltr'><strong>subjugavero.</strong></span> <span class='ocrx_word' id='word_1_573' title='bbox 2906 3326 2926 3362; x_wconf 71' lang='grc' dir='ltr'><strong><em>ι</em></strong></span> <span class='ocrx_word' id='word_1_574' title='bbox 2978 3308 3106 3367; x_wconf 65' lang='lat' dir='ltr'><strong>Htec</strong></span> <span class='ocrx_word' id='word_1_575' title='bbox 3139 3309 3281 3368; x_wconf 88' lang='lat' dir='ltr'><strong>Cor-</strong></span> 
     </span>
    </p>
   </div>
   <div class='ocr_carea' id='block_1_78' title="bbox 1687 3393 3282 3475">
    <p class='ocr_par' dir='ltr' id='par_1_78' title="bbox 1687 3393 3282 3475">
     <span class='ocr_line' id='line_1_78' title="bbox 1687 3393 3282 3475; baseline 0.008 -27"><span class='ocrx_word' id='word_1_576' title='bbox 1687 3393 1866 3448; x_wconf 85' lang='lat' dir='ltr'><strong>banan</strong></span> <span class='ocrx_word' id='word_1_577' title='bbox 1897 3395 2116 3451; x_wconf 86' lang='lat' dir='ltr'><strong>locutus</strong></span> <span class='ocrx_word' id='word_1_578' title='bbox 2157 3396 2213 3450; x_wconf 92' lang='lat' dir='ltr'><strong>in</strong></span> <span class='ocrx_word' id='word_1_579' title='bbox 2247 3397 2507 3468; x_wconf 86' lang='lat' dir='ltr'><strong>superbia</strong></span> <span class='ocrx_word' id='word_1_580' title='bbox 2552 3408 2608 3455; x_wconf 91' lang='lat' dir='ltr'><strong>et</strong></span> <span class='ocrx_word' id='word_1_581' title='bbox 2640 3399 2696 3454; x_wconf 92' lang='lat' dir='ltr'><strong>in</strong></span> <span class='ocrx_word' id='word_1_582' title='bbox 2730 3401 3015 3468; x_wconf 88' lang='lat' dir='ltr'><strong>abusione,</strong></span> <span class='ocrx_word' id='word_1_583' title='bbox 3065 3417 3190 3475; x_wconf 77' lang='lat' dir='ltr'><strong>quze</strong></span> <span class='ocrx_word' id='word_1_584' title='bbox 3229 3405 3282 3460; x_wconf 89' lang='lat' dir='ltr'><strong>ei</strong></span> 
     </span>
    </p>
   </div>
   <div class='ocr_carea' id='block_1_79' title="bbox 1687 3487 3283 3560">
    <p class='ocr_par' dir='ltr' id='par_1_79' title="bbox 1687 3487 3283 3560">
     <span class='ocr_line' id='line_1_79' title="bbox 1687 3487 3283 3560; baseline 0.007 -20"><span class='ocrx_word' id='word_1_585' title='bbox 1687 3499 1950 3542; x_wconf 89' lang='lat' dir='ltr'><strong>conversa</strong></span> <span class='ocrx_word' id='word_1_586' title='bbox 1982 3495 2112 3543; x_wconf 89' lang='lat' dir='ltr'><strong>sunt</strong></span> <span class='ocrx_word' id='word_1_587' title='bbox 2140 3487 2194 3543; x_wconf 89' lang='lat' dir='ltr'><strong>in</strong></span> <span class='ocrx_word' id='word_1_588' title='bbox 2223 3488 2580 3560; x_wconf 86' lang='lat' dir='ltr'><strong>ignominiam</strong></span> <span class='ocrx_word' id='word_1_589' title='bbox 2617 3499 2673 3546; x_wconf 92' lang='lat' dir='ltr'><strong>et</strong></span> <span class='ocrx_word' id='word_1_590' title='bbox 2701 3491 3105 3550; x_wconf 87' lang='lat' dir='ltr'><strong>confusionem.</strong></span> <span class='ocrx_word' id='word_1_591' title='bbox 3148 3492 3283 3551; x_wconf 81' lang='lat' dir='ltr'><strong>Post</strong></span> 
     </span>
    </p>
   </div>
   <div class='ocr_carea' id='block_1_80' title="bbox 1687 3578 3282 3652">
    <p class='ocr_par' dir='ltr' id='par_1_80' title="bbox 1687 3578 3282 3652">
     <span class='ocr_line' id='line_1_80' title="bbox 1687 3578 3282 3652; baseline 0.006 -20"><span class='ocrx_word' id='word_1_592' title='bbox 1687 3578 1804 3634; x_wconf 66' lang='lat' dir='ltr'><strong>haec</strong></span> <span class='ocrx_word' id='word_1_593' title='bbox 1833 3586 2008 3633; x_wconf 90' lang='lat' dir='ltr'><strong>mater</strong></span> <span class='ocrx_word' id='word_1_594' title='bbox 2037 3579 2156 3651; x_wconf 90' lang='lat' dir='ltr'><strong>eius</strong></span> <span class='ocrx_word' id='word_1_595' title='bbox 2184 3579 2334 3635; x_wconf 91' lang='lat' dir='ltr'><strong>venit</strong></span> <span class='ocrx_word' id='word_1_596' title='bbox 2362 3580 2428 3635; x_wconf 89' lang='lat' dir='ltr'><strong>ad</strong></span> <span class='ocrx_word' id='word_1_597' title='bbox 2465 3595 2592 3636; x_wconf 91' lang='lat' dir='ltr'><strong>eum</strong></span> <span class='ocrx_word' id='word_1_598' title='bbox 2623 3596 2862 3639; x_wconf 75' lang='lat' dir='ltr'><strong>mmreus</strong></span> <span class='ocrx_word' id='word_1_599' title='bbox 2886 3591 2940 3639; x_wconf 92' lang='lat' dir='ltr'><strong>et</strong></span> <span class='ocrx_word' id='word_1_600' title='bbox 2965 3585 3162 3652; x_wconf 86' lang='lat' dir='ltr'><strong>tristis,</strong></span> <span class='ocrx_word' id='word_1_601' title='bbox 3194 3585 3282 3642; x_wconf 83' lang='lat' dir='ltr'><strong>lu-</strong></span> 
     </span>
    </p>
   </div>
   <div class='ocr_carea' id='block_1_81' title="bbox 1688 3667 3274 3740">
    <p class='ocr_par' dir='ltr' id='par_1_81' title="bbox 1688 3667 3274 3740">
     <span class='ocr_line' id='line_1_81' title="bbox 1688 3667 3274 3740; baseline 0.006 -19"><span class='ocrx_word' id='word_1_602' title='bbox 1688 3667 2026 3740; x_wconf 80' lang='lat' dir='ltr'><strong>gubremque</strong></span> <span class='ocrx_word' id='word_1_603' title='bbox 2053 3668 2289 3725; x_wconf 80' lang='lat' dir='ltr'><strong>aﬂ‘erens</strong></span> <span class='ocrx_word' id='word_1_604' title='bbox 2317 3669 2551 3725; x_wconf 91' lang='lat' dir='ltr'><strong>vultum.</strong></span> <span class='ocrx_word' id='word_1_605' title='bbox 2584 3669 2654 3726; x_wconf 86' lang='lat' dir='ltr'><strong>Et</strong></span> <span class='ocrx_word' id='word_1_606' title='bbox 2681 3686 2808 3727; x_wconf 88' lang='lat' dir='ltr'><strong>eum</strong></span> <span class='ocrx_word' id='word_1_607' title='bbox 2838 3671 2894 3726; x_wconf 91' lang='lat' dir='ltr'><strong>in</strong></span> <span class='ocrx_word' id='word_1_608' title='bbox 2935 3681 3148 3730; x_wconf 87' lang='lat' dir='ltr'><strong>secreto</strong></span> <span class='ocrx_word' id='word_1_609' title='bbox 3178 3689 3274 3730; x_wconf 81' lang='lat' dir='ltr'><strong>cu-</strong></span> 
     </span>
    </p>
   </div>
   <div class='ocr_carea' id='block_1_82' title="bbox 1688 3760 3276 3830">
    <p class='ocr_par' dir='ltr' id='par_1_82' title="bbox 1688 3760 3276 3830">
     <span class='ocr_line' id='line_1_82' title="bbox 1688 3760 3276 3830; baseline 0.003 -14"><span class='ocrx_word' id='word_1_610' title='bbox 1688 3760 1784 3816; x_wconf 88' lang='lat' dir='ltr'><strong>bili</strong></span> <span class='ocrx_word' id='word_1_611' title='bbox 1831 3761 1997 3817; x_wconf 82' lang='lat' dir='ltr'><strong>ambo</strong></span> <span class='ocrx_word' id='word_1_612' title='bbox 2041 3761 2464 3830; x_wconf 88' lang='lat' dir='ltr'><strong>convenissent,</strong></span> <span class='ocrx_word' id='word_1_613' title='bbox 2515 3761 2654 3818; x_wconf 83' lang='lat' dir='ltr'><strong>dixit</strong></span> <span class='ocrx_word' id='word_1_614' title='bbox 2704 3771 2880 3818; x_wconf 90' lang='lat' dir='ltr'><strong>mater</strong></span> <span class='ocrx_word' id='word_1_615' title='bbox 2923 3765 2994 3821; x_wconf 86' lang='lat' dir='ltr'><strong>ad</strong></span> <span class='ocrx_word' id='word_1_616' title='bbox 3046 3765 3218 3821; x_wconf 81' lang='lat' dir='ltr'><strong>lilium</strong></span> <span class='ocrx_word' id='word_1_617' title='bbox 3262 3785 3276 3822; x_wconf 90' lang='lat'><strong>:</strong></span> 
     </span>
    </p>
   </div>
   <div class='ocr_carea' id='block_1_83' title="bbox 1695 3852 3278 3930">
    <p class='ocr_par' dir='ltr' id='par_1_83' title="bbox 1695 3852 3278 3930">
     <span class='ocr_line' id='line_1_83' title="bbox 1695 3852 3278 3930; baseline 0.006 -25"><span class='ocrx_word' id='word_1_618' title='bbox 1695 3870 1714 3904; x_wconf 74' lang='grc' dir='ltr'>ι</span> <span class='ocrx_word' id='word_1_619' title='bbox 1745 3852 1870 3920; x_wconf 83' lang='lat' dir='ltr'><strong>Fili,</strong></span> <span class='ocrx_word' id='word_1_620' title='bbox 1901 3852 2159 3909; x_wconf 90' lang='lat' dir='ltr'><strong>solatium</strong></span> <span class='ocrx_word' id='word_1_621' title='bbox 2189 3868 2326 3910; x_wconf 66' lang='lat' dir='ltr'><strong>mete</strong></span> <span class='ocrx_word' id='word_1_622' title='bbox 2355 3855 2672 3922; x_wconf 90' lang='lat' dir='ltr'><strong>senectutis,</strong></span> <span class='ocrx_word' id='word_1_623' title='bbox 2723 3863 2778 3911; x_wconf 93' lang='lat' dir='ltr'><strong>et</strong></span> <span class='ocrx_word' id='word_1_624' title='bbox 2817 3856 3041 3913; x_wconf 89' lang='lat' dir='ltr'><strong>unicum</strong></span> <span class='ocrx_word' id='word_1_625' title='bbox 3077 3858 3278 3930; x_wconf 81' lang='lat' dir='ltr'><strong>pignus</strong></span> 
     </span>
    </p>
   </div>
   <div class='ocr_carea' id='block_1_84' title="bbox 1690 3945 3280 4024">
    <p class='ocr_par' dir='ltr' id='par_1_84' title="bbox 1690 3945 3280 4024">
     <span class='ocr_line' id='line_1_84' title="bbox 1690 3945 3280 4024; baseline 0.005 -24"><span class='ocrx_word' id='word_1_626' title='bbox 1690 3945 1859 4001; x_wconf 89' lang='lat' dir='ltr'><strong>totius</strong></span> <span class='ocrx_word' id='word_1_627' title='bbox 1892 3959 2029 4000; x_wconf 74' lang='lat' dir='ltr'><strong>meae</strong></span> <span class='ocrx_word' id='word_1_628' title='bbox 2053 3945 2384 4014; x_wconf 91' lang='lat' dir='ltr'><strong>dilectionis,</strong></span> <span class='ocrx_word' id='word_1_629' title='bbox 2417 3945 2488 4001; x_wconf 84' lang='lat' dir='ltr'><strong>ad</strong></span> <span class='ocrx_word' id='word_1_630' title='bbox 2517 3955 2570 4003; x_wconf 89' lang='lat' dir='ltr'><strong>te</strong></span> <span class='ocrx_word' id='word_1_631' title='bbox 2599 3945 2798 4003; x_wconf 87' lang='lat' dir='ltr'><strong>festina</strong></span> <span class='ocrx_word' id='word_1_632' title='bbox 2823 3949 3006 4020; x_wconf 91' lang='lat' dir='ltr'><strong>venio,</strong></span> <span class='ocrx_word' id='word_1_633' title='bbox 3051 3948 3280 4024; x_wconf 79' lang='lat' dir='ltr'><strong>fatigata</strong></span> 
     </span>
    </p>
   </div>
   <div class='ocr_carea' id='block_1_85' title="bbox 1688 4035 3280 4111">
    <p class='ocr_par' dir='ltr' id='par_1_85' title="bbox 1688 4035 3280 4111">
     <span class='ocr_line' id='line_1_85' title="bbox 1688 4035 3280 4111; baseline 0.005 -21"><span class='ocrx_word' id='word_1_634' title='bbox 1688 4035 2087 4108; x_wconf 83' lang='lat' dir='ltr'><strong>longinquitate</strong></span> <span class='ocrx_word' id='word_1_635' title='bbox 2129 4035 2362 4093; x_wconf 87' lang='lat' dir='ltr'><strong>itineris.</strong></span> <span class='ocrx_word' id='word_1_636' title='bbox 2407 4035 2524 4109; x_wconf 89' lang='lat' dir='ltr'><strong>Ego</strong></span> <span class='ocrx_word' id='word_1_637' title='bbox 2563 4052 2714 4093; x_wconf 84' lang='lat' dir='ltr'><strong>eram</strong></span> <span class='ocrx_word' id='word_1_638' title='bbox 2743 4037 2798 4093; x_wconf 89' lang='lat' dir='ltr'><strong>in</strong></span> <span class='ocrx_word' id='word_1_639' title='bbox 2841 4037 3014 4111; x_wconf 81' lang='lat' dir='ltr'><strong>Aleph</strong></span> <span class='ocrx_word' id='word_1_640' title='bbox 3057 4040 3280 4098; x_wconf 86' lang='lat' dir='ltr'><strong>civitate</strong></span> 
     </span>
    </p>
   </div>
   <div class='ocr_carea' id='block_1_86' title="bbox 1691 4126 3281 4203">
    <p class='ocr_par' dir='ltr' id='par_1_86' title="bbox 1691 4126 3281 4203">
     <span class='ocr_line' id='line_1_86' title="bbox 1691 4126 3281 4203; baseline 0.004 -22"><span class='ocrx_word' id='word_1_641' title='bbox 1691 4141 1909 4198; x_wconf 81' lang='lat' dir='ltr'><strong>magna,</strong></span> <span class='ocrx_word' id='word_1_642' title='bbox 1953 4141 2079 4184; x_wconf 91' lang='lat' dir='ltr'><strong>cum</strong></span> <span class='ocrx_word' id='word_1_643' title='bbox 2107 4126 2175 4182; x_wconf 91' lang='lat' dir='ltr'><strong>de</strong></span> <span class='ocrx_word' id='word_1_644' title='bbox 2199 4134 2254 4182; x_wconf 91' lang='lat' dir='ltr'><strong>te</strong></span> <span class='ocrx_word' id='word_1_645' title='bbox 2281 4127 2462 4199; x_wconf 86' lang='lat' dir='ltr'><strong>gravis</strong></span> <span class='ocrx_word' id='word_1_646' title='bbox 2496 4142 2678 4184; x_wconf 89' lang='lat' dir='ltr'><strong>sermo</strong></span> <span class='ocrx_word' id='word_1_647' title='bbox 2708 4143 2872 4186; x_wconf 91' lang='lat' dir='ltr'><strong>aures</strong></span> <span class='ocrx_word' id='word_1_648' title='bbox 2897 4145 3049 4188; x_wconf 87' lang='lat' dir='ltr'><strong>meas</strong></span> <span class='ocrx_word' id='word_1_649' title='bbox 3082 4147 3281 4203; x_wconf 82' lang='lat' dir='ltr'><strong>percu-</strong></span> 
     </span>
    </p>
   </div>
   <div class='ocr_carea' id='block_1_87' title="bbox 1687 4219 3277 4292">
    <p class='ocr_par' dir='ltr' id='par_1_87' title="bbox 1687 4219 3277 4292">
     <span class='ocr_line' id='line_1_87' title="bbox 1687 4219 3277 4292; baseline 0.004 -16"><span class='ocrx_word' id='word_1_650' title='bbox 1687 4221 1772 4288; x_wconf 92' lang='lat' dir='ltr'><strong>lit,</strong></span> <span class='ocrx_word' id='word_1_651' title='bbox 1800 4236 2010 4292; x_wconf 87' lang='lat' dir='ltr'><strong>suoque</strong></span> <span class='ocrx_word' id='word_1_652' title='bbox 2049 4219 2288 4292; x_wconf 85' lang='lat' dir='ltr'><strong>impulsu</strong></span> <span class='ocrx_word' id='word_1_653' title='bbox 2336 4221 2642 4278; x_wconf 84' lang='lat' dir='ltr'><strong>maximum</strong></span> <span class='ocrx_word' id='word_1_654' title='bbox 2685 4223 2838 4279; x_wconf 90' lang='lat' dir='ltr'><strong>cordi</strong></span> <span class='ocrx_word' id='word_1_655' title='bbox 2879 4239 3004 4280; x_wconf 90' lang='lat' dir='ltr'><strong>meo</strong></span> <span class='ocrx_word' id='word_1_656' title='bbox 3033 4224 3277 4283; x_wconf 86' lang='lat' dir='ltr'><strong>dolorem</strong></span> 
     </span>
    </p>
   </div>
   <div class='ocr_carea' id='block_1_88' title="bbox 1690 4309 3278 4386">
    <p class='ocr_par' dir='ltr' id='par_1_88' title="bbox 1690 4309 3278 4386">
     <span class='ocr_line' id='line_1_88' title="bbox 1690 4309 3278 4386; baseline 0.003 -19"><span class='ocrx_word' id='word_1_657' title='bbox 1690 4311 1925 4384; x_wconf 81' lang='lat' dir='ltr'><strong>impulit.</strong></span> <span class='ocrx_word' id='word_1_658' title='bbox 1968 4309 2187 4366; x_wconf 89' lang='lat' dir='ltr'><strong>Dictum</strong></span> <span class='ocrx_word' id='word_1_659' title='bbox 2220 4318 2306 4367; x_wconf 89' lang='lat' dir='ltr'><strong>est</strong></span> <span class='ocrx_word' id='word_1_660' title='bbox 2337 4310 2484 4366; x_wconf 89' lang='lat' dir='ltr'><strong>enim</strong></span> <span class='ocrx_word' id='word_1_661' title='bbox 2514 4311 2662 4383; x_wconf 90' lang='lat' dir='ltr'><strong>quod</strong></span> <span class='ocrx_word' id='word_1_662' title='bbox 2705 4321 2798 4368; x_wconf 91' lang='lat' dir='ltr'><strong>tua</strong></span> <span class='ocrx_word' id='word_1_663' title='bbox 2837 4313 3058 4386; x_wconf 87' lang='lat' dir='ltr'><strong>agmina</strong></span> <span class='ocrx_word' id='word_1_664' title='bbox 3086 4315 3278 4386; x_wconf 91' lang='lat' dir='ltr'><strong>dispo-</strong></span> 
     </span>
    </p>
   </div>
   <div class='ocr_carea' id='block_1_89' title="bbox 1691 4399 3283 4477">
    <p class='ocr_par' dir='ltr' id='par_1_89' title="bbox 1691 4399 3283 4477">
     <span class='ocr_line' id='line_1_89' title="bbox 1691 4399 3283 4477; baseline 0.003 -19"><span class='ocrx_word' id='word_1_665' title='bbox 1691 4403 1883 4471; x_wconf 82' lang='lat' dir='ltr'><strong>nebas,</strong></span> <span class='ocrx_word' id='word_1_666' title='bbox 1913 4411 1967 4458; x_wconf 91' lang='lat' dir='ltr'><strong>et</strong></span> <span class='ocrx_word' id='word_1_667' title='bbox 1992 4411 2182 4459; x_wconf 76' lang='lat' dir='ltr'><strong>contra</strong></span> <span class='ocrx_word' id='word_1_668' title='bbox 2209 4400 2560 4459; x_wconf 86' lang='lat' dir='ltr'><strong>Christianos</strong></span> <span class='ocrx_word' id='word_1_669' title='bbox 2599 4399 2846 4477; x_wconf 85' lang='lat' dir='ltr'><strong>pugnare</strong></span> <span class='ocrx_word' id='word_1_670' title='bbox 2872 4405 3113 4464; x_wconf 88' lang='lat' dir='ltr'><strong>volebas.</strong></span> <span class='ocrx_word' id='word_1_671' title='bbox 3145 4405 3283 4463; x_wconf 79' lang='lat' dir='ltr'><strong>Pro-</strong></span> 
     </span>
    </p>
   </div>
   <div class='ocr_carea' id='block_1_90' title="bbox 1689 4493 3279 4568">
    <p class='ocr_par' dir='ltr' id='par_1_90' title="bbox 1689 4493 3279 4568">
     <span class='ocr_line' id='line_1_90' title="bbox 1689 4493 3279 4568; baseline 0.004 -17"><span class='ocrx_word' id='word_1_672' title='bbox 1689 4503 1873 4566; x_wconf 86' lang='lat' dir='ltr'><strong>pterea</strong></span> <span class='ocrx_word' id='word_1_673' title='bbox 1900 4493 2100 4551; x_wconf 89' lang='lat' dir='ltr'><strong>festina</strong></span> <span class='ocrx_word' id='word_1_674' title='bbox 2127 4495 2271 4564; x_wconf 91' lang='lat' dir='ltr'><strong>veni,</strong></span> <span class='ocrx_word' id='word_1_675' title='bbox 2303 4509 2334 4551; x_wconf 87' lang='lat' dir='ltr'><strong>a</strong></span> <span class='ocrx_word' id='word_1_676' title='bbox 2360 4495 2648 4568; x_wconf 87' lang='lat' dir='ltr'><strong>temetipso</strong></span> <span class='ocrx_word' id='word_1_677' title='bbox 2691 4497 2833 4554; x_wconf 89' lang='lat' dir='ltr'><strong>scire</strong></span> <span class='ocrx_word' id='word_1_678' title='bbox 2875 4500 3064 4557; x_wconf 82' lang='lat' dir='ltr'><strong>volens</strong></span> <span class='ocrx_word' id='word_1_679' title='bbox 3093 4509 3279 4557; x_wconf 91' lang='lat' dir='ltr'><strong>utrum</strong></span> 
     </span>
    </p>
   </div>
   <div class='ocr_carea' id='block_1_91' title="bbox 33 4585 3275 4661">
    <p class='ocr_par' dir='ltr' id='par_1_91' title="bbox 33 4585 3275 4661">
     <span class='ocr_line' id='line_1_91' title="bbox 33 4585 3275 4661; baseline 0.004 -27"><span class='ocrx_word' id='word_1_680' title='bbox 33 4596 109 4636; x_wconf 79' lang='lat' dir='ltr'><strong>sua</strong></span> <span class='ocrx_word' id='word_1_681' title='bbox 133 4585 445 4656; x_wconf 83' lang='lat' dir='ltr'><strong>abiectione,</strong></span> <span class='ocrx_word' id='word_1_682' title='bbox 475 4602 667 4644; x_wconf 87' lang='lat' dir='ltr'><strong>ensem</strong></span> <span class='ocrx_word' id='word_1_683' title='bbox 711 4586 948 4644; x_wconf 89' lang='lat' dir='ltr'><strong>faciebat</strong></span> <span class='ocrx_word' id='word_1_684' title='bbox 979 4587 1406 4658; x_wconf 68' lang='lat' dir='ltr'><strong>praepollentem.</strong></span> <span class='ocrx_word' id='word_1_685' title='bbox 1454 4587 1588 4656; x_wconf 66' lang='lat' dir='ltr'><strong>Quae</strong></span> <span class='ocrx_word' id='word_1_686' title='bbox 1621 4606 1664 4661; x_wconf 78' lang='grc' dir='ltr'>υ</span> <span class='ocrx_word' id='word_1_687' title='bbox 1689 4606 1749 4648; x_wconf 91' lang='lat' dir='ltr'><strong>se</strong></span> <span class='ocrx_word' id='word_1_688' title='bbox 1775 4606 1865 4648; x_wconf 89' lang='lat' dir='ltr'><strong>res</strong></span> <span class='ocrx_word' id='word_1_689' title='bbox 1893 4591 1968 4646; x_wconf 88' lang='lat' dir='ltr'><strong>ita</strong></span> <span class='ocrx_word' id='word_1_690' title='bbox 1995 4591 2214 4658; x_wconf 88' lang='lat' dir='ltr'><strong>habeat,</strong></span> <span class='ocrx_word' id='word_1_691' title='bbox 2244 4605 2312 4645; x_wconf 91' lang='lat' dir='ltr'><strong>an</strong></span> <span class='ocrx_word' id='word_1_692' title='bbox 2342 4605 2474 4646; x_wconf 92' lang='lat' dir='ltr'><strong>non.</strong></span> <span class='ocrx_word' id='word_1_693' title='bbox 2505 4609 2524 4644; x_wconf 74' lang='grc' dir='ltr'><strong><em>ι</em></strong></span> <span class='ocrx_word' id='word_1_694' title='bbox 2570 4590 2662 4646; x_wconf 85' lang='lat' dir='ltr'><strong>Ait</strong></span> <span class='ocrx_word' id='word_1_695' title='bbox 2705 4593 2772 4648; x_wconf 88' lang='lat' dir='ltr'><strong>ad</strong></span> <span class='ocrx_word' id='word_1_696' title='bbox 2801 4601 3035 4650; x_wconf 90' lang='lat' dir='ltr'><strong>matrem</strong></span> <span class='ocrx_word' id='word_1_697' title='bbox 3084 4594 3230 4651; x_wconf 82' lang='lat' dir='ltr'><strong>ﬁlius</strong></span> <span class='ocrx_word' id='word_1_698' title='bbox 3263 4614 3275 4648; x_wconf 91' lang='lat'>:</span> 
     </span>
    </p>
   </div>
   <div class='ocr_carea' id='block_1_92' title="bbox 31 4676 1585 4749">
    <p class='ocr_par' dir='ltr' id='par_1_92' title="bbox 31 4676 1585 4749">
     <span class='ocr_line' id='line_1_92' title="bbox 31 4676 1585 4749; baseline 0.006 -22"><span class='ocrx_word' id='word_1_699' title='bbox 31 4688 131 4730; x_wconf 82' lang='lat' dir='ltr'><strong>cum</strong></span> <span class='ocrx_word' id='word_1_700' title='bbox 153 4676 432 4736; x_wconf 79' lang='lat' dir='ltr'><strong>Corbanau</strong></span> <span class='ocrx_word' id='word_1_701' title='bbox 463 4680 713 4748; x_wconf 87' lang='lat' dir='ltr'><strong>vidisset,</strong></span> <span class='ocrx_word' id='word_1_702' title='bbox 741 4680 820 4736; x_wconf 86' lang='lat' dir='ltr'><strong>ait</strong></span> <span class='ocrx_word' id='word_1_703' title='bbox 844 4699 860 4736; x_wconf 87' lang='lat'><strong>:</strong></span> <span class='ocrx_word' id='word_1_704' title='bbox 907 4700 926 4734; x_wconf 85' lang='grc'>‹</span> <span class='ocrx_word' id='word_1_705' title='bbox 959 4679 1093 4749; x_wconf 86' lang='lat' dir='ltr'><strong>Quis</strong></span> <span class='ocrx_word' id='word_1_706' title='bbox 1121 4681 1266 4737; x_wconf 85' lang='lat' dir='ltr'><strong>dicet</strong></span> <span class='ocrx_word' id='word_1_707' title='bbox 1302 4681 1462 4738; x_wconf 88' lang='lat' dir='ltr'><strong>nobis</strong></span> <span class='ocrx_word' id='word_1_708' title='bbox 1491 4682 1585 4737; x_wconf 88' lang='lat' dir='ltr'><strong>ubi</strong></span> 
     </span>
    </p>
   </div>
   <div class='ocr_carea' id='block_1_93' title="bbox 31 4772 1586 4845">
    <p class='ocr_par' dir='ltr' id='par_1_93' title="bbox 31 4772 1586 4845">
     <span class='ocr_line' id='line_1_93' title="bbox 31 4772 1586 4845; baseline 0.007 -27"><span class='ocrx_word' id='word_1_709' title='bbox 31 4777 135 4822; x_wconf 83' lang='lat' dir='ltr'><strong>sunt</strong></span> <span class='ocrx_word' id='word_1_710' title='bbox 157 4787 296 4826; x_wconf 86' lang='lat' dir='ltr'><strong>arma</strong></span> <span class='ocrx_word' id='word_1_711' title='bbox 344 4774 466 4830; x_wconf 72' lang='lat' dir='ltr'><strong>haec</strong></span> <span class='ocrx_word' id='word_1_712' title='bbox 508 4775 759 4844; x_wconf 86' lang='lat' dir='ltr'><strong>reperta?</strong></span> <span class='ocrx_word' id='word_1_713' title='bbox 799 4772 910 4828; x_wconf 85' lang='lat' dir='ltr'><strong>Aut</strong></span> <span class='ocrx_word' id='word_1_714' title='bbox 953 4789 1060 4845; x_wconf 86' lang='lat' dir='ltr'><strong>qua</strong></span> <span class='ocrx_word' id='word_1_715' title='bbox 1098 4773 1166 4830; x_wconf 90' lang='lat' dir='ltr'><strong>de</strong></span> <span class='ocrx_word' id='word_1_716' title='bbox 1193 4789 1358 4830; x_wconf 87' lang='lat' dir='ltr'><strong>causa</strong></span> <span class='ocrx_word' id='word_1_717' title='bbox 1397 4783 1586 4830; x_wconf 88' lang='lat' dir='ltr'><strong>nostro</strong></span> 
     </span>
    </p>
   </div>
   <div class='ocr_carea' id='block_1_94' title="bbox 31 4863 1583 4936">
    <p class='ocr_par' dir='ltr' id='par_1_94' title="bbox 31 4863 1583 4936">
     <span class='ocr_line' id='line_1_94' title="bbox 31 4863 1583 4936; baseline 0.007 -27"><span class='ocrx_word' id='word_1_718' title='bbox 31 4863 310 4930; x_wconf 81' lang='lat' dir='ltr'><strong>conspectui</strong></span> <span class='ocrx_word' id='word_1_719' title='bbox 356 4872 490 4920; x_wconf 88' lang='lat' dir='ltr'><strong>sunt</strong></span> <span class='ocrx_word' id='word_1_720' title='bbox 535 4865 899 4936; x_wconf 73' lang='lat' dir='ltr'><strong>praesentum?</strong></span> <span class='ocrx_word' id='word_1_721' title='bbox 925 4885 946 4918; x_wconf 70' lang='grc' dir='ltr'><strong>ι</strong></span> <span class='ocrx_word' id='word_1_722' title='bbox 985 4865 1126 4921; x_wconf 92' lang='lat' dir='ltr'><strong>Cum</strong></span> <span class='ocrx_word' id='word_1_723' title='bbox 1156 4865 1232 4920; x_wconf 93' lang='lat' dir='ltr'><strong>illi</strong></span> <span class='ocrx_word' id='word_1_724' title='bbox 1259 4865 1354 4936; x_wconf 90' lang='lat' dir='ltr'><strong>qui</strong></span> <span class='ocrx_word' id='word_1_725' title='bbox 1385 4865 1583 4921; x_wconf 86' lang='lat' dir='ltr'><strong>attule-</strong></span> 
     </span>
    </p>
   </div>
   <div class='ocr_carea' id='block_1_95' title="bbox 32 4951 1584 5028">
    <p class='ocr_par' dir='ltr' id='par_1_95' title="bbox 32 4951 1584 5028">
     <span class='ocr_line' id='line_1_95' title="bbox 32 4951 1584 5028; baseline 0.01 -29"><span class='ocrx_word' id='word_1_726' title='bbox 32 4957 134 5003; x_wconf 86' lang='lat' dir='ltr'><strong>rant</strong></span> <span class='ocrx_word' id='word_1_727' title='bbox 152 4951 395 5009; x_wconf 79' lang='lat' dir='ltr'><strong>dixerunt</strong></span> <span class='ocrx_word' id='word_1_728' title='bbox 435 4973 450 5009; x_wconf 88' lang='lat'><strong>:</strong></span> <span class='ocrx_word' id='word_1_729' title='bbox 487 4974 506 5007; x_wconf 75' lang='grc' dir='ltr'>ι</span> <span class='ocrx_word' id='word_1_730' title='bbox 529 4954 777 5012; x_wconf 86' lang='lat' dir='ltr'><strong>Gloriose</strong></span> <span class='ocrx_word' id='word_1_731' title='bbox 812 4957 1088 5027; x_wconf 86' lang='lat' dir='ltr'><strong>princeps,</strong></span> <span class='ocrx_word' id='word_1_732' title='bbox 1135 4964 1191 5012; x_wconf 87' lang='lat' dir='ltr'><strong>et</strong></span> <span class='ocrx_word' id='word_1_733' title='bbox 1225 4957 1394 5012; x_wconf 90' lang='lat' dir='ltr'><strong>decus</strong></span> <span class='ocrx_word' id='word_1_734' title='bbox 1431 4956 1584 5028; x_wconf 85' lang='lat' dir='ltr'><strong>regni</strong></span> 
     </span>
    </p>
   </div>
   <div class='ocr_carea' id='block_1_96' title="bbox 32 5033 1585 5120">
    <p class='ocr_par' dir='ltr' id='par_1_96' title="bbox 32 5033 1585 5120">
     <span class='ocr_line' id='line_1_96' title="bbox 32 5033 1585 5120; baseline 0.003 -25"><span class='ocrx_word' id='word_1_735' title='bbox 32 5033 314 5112; x_wconf 78' lang='lat' dir='ltr'><strong>Persarum,</strong></span> <span class='ocrx_word' id='word_1_736' title='bbox 357 5046 481 5102; x_wconf 70' lang='lat' dir='ltr'><strong>haec</strong></span> <span class='ocrx_word' id='word_1_737' title='bbox 522 5061 674 5102; x_wconf 88' lang='lat' dir='ltr'><strong>arma</strong></span> <span class='ocrx_word' id='word_1_738' title='bbox 715 5046 934 5104; x_wconf 84' lang='lat' dir='ltr'><strong>cuidam</strong></span> <span class='ocrx_word' id='word_1_739' title='bbox 977 5046 1332 5120; x_wconf 65' lang='lat' dir='ltr'><strong>Francigenat</strong></span> <span class='ocrx_word' id='word_1_740' title='bbox 1357 5047 1585 5104; x_wconf 86' lang='lat' dir='ltr'><strong>abstuli-</strong></span> 
     </span>
    </p>
   </div>
   <div class='ocr_carea' id='block_1_97' title="bbox 34 5137 1582 5212">
    <p class='ocr_par' dir='ltr' id='par_1_97' title="bbox 34 5137 1582 5212">
     <span class='ocr_line' id='line_1_97' title="bbox 34 5137 1582 5212; baseline 0.008 -30"><span class='ocrx_word' id='word_1_741' title='bbox 34 5143 151 5198; x_wconf 88' lang='lat' dir='ltr'><strong>mus,</strong></span> <span class='ocrx_word' id='word_1_742' title='bbox 179 5141 229 5191; x_wconf 89' lang='lat' dir='ltr'><strong>et</strong></span> <span class='ocrx_word' id='word_1_743' title='bbox 251 5137 346 5193; x_wconf 84' lang='lat' dir='ltr'><strong>tibi</strong></span> <span class='ocrx_word' id='word_1_744' title='bbox 371 5139 676 5207; x_wconf 88' lang='lat' dir='ltr'><strong>attulimus,</strong></span> <span class='ocrx_word' id='word_1_745' title='bbox 709 5149 770 5196; x_wconf 93' lang='lat' dir='ltr'><strong>ut</strong></span> <span class='ocrx_word' id='word_1_746' title='bbox 794 5139 984 5196; x_wconf 84' lang='lat' dir='ltr'><strong>videas</strong></span> <span class='ocrx_word' id='word_1_747' title='bbox 1007 5149 1062 5196; x_wconf 91' lang='lat' dir='ltr'><strong>et</strong></span> <span class='ocrx_word' id='word_1_748' title='bbox 1089 5154 1357 5212; x_wconf 82' lang='lat' dir='ltr'><strong>agnoscas</strong></span> <span class='ocrx_word' id='word_1_749' title='bbox 1383 5139 1582 5210; x_wconf 87' lang='lat' dir='ltr'><strong>quibus</strong></span> 
     </span>
    </p>
   </div>
   <div class='ocr_carea' id='block_1_98' title="bbox 35 5224 1585 5304">
    <p class='ocr_par' dir='ltr' id='par_1_98' title="bbox 35 5224 1585 5304">
     <span class='ocr_line' id='line_1_98' title="bbox 35 5224 1585 5304; baseline 0.008 -30"><span class='ocrx_word' id='word_1_750' title='bbox 35 5224 175 5280; x_wconf 81' lang='lat' dir='ltr'><strong>armis</strong></span> <span class='ocrx_word' id='word_1_751' title='bbox 199 5227 284 5283; x_wconf 86' lang='lat' dir='ltr'><strong>illa</strong></span> <span class='ocrx_word' id='word_1_752' title='bbox 310 5246 556 5300; x_wconf 86' lang='lat' dir='ltr'><strong>paunosa</strong></span> <span class='ocrx_word' id='word_1_753' title='bbox 587 5247 720 5304; x_wconf 87' lang='lat' dir='ltr'><strong>gens</strong></span> <span class='ocrx_word' id='word_1_754' title='bbox 743 5241 974 5288; x_wconf 88' lang='lat' dir='ltr'><strong>conetur</strong></span> <span class='ocrx_word' id='word_1_755' title='bbox 995 5248 1098 5289; x_wconf 91' lang='lat' dir='ltr'><strong>nos</strong></span> <span class='ocrx_word' id='word_1_756' title='bbox 1126 5239 1183 5288; x_wconf 89' lang='lat' dir='ltr'><strong>et</strong></span> <span class='ocrx_word' id='word_1_757' title='bbox 1204 5233 1339 5288; x_wconf 76' lang='lat' dir='ltr'><strong>[lues</strong></span> <span class='ocrx_word' id='word_1_758' title='bbox 1365 5239 1585 5287; x_wconf 87' lang='lat' dir='ltr'><strong>nostros</strong></span> 
     </span>
    </p>
   </div>
   <div class='ocr_carea' id='block_1_99' title="bbox 37 5312 1585 5396">
    <p class='ocr_par' dir='ltr' id='par_1_99' title="bbox 37 5312 1585 5396">
     <span class='ocr_line' id='line_1_99' title="bbox 37 5312 1585 5396; baseline 0.004 -22"><span class='ocrx_word' id='word_1_759' title='bbox 37 5312 315 5388; x_wconf 57' lang='grc' dir='ltr'><strong>θερί-κάπὶ,</strong></span> <span class='ocrx_word' id='word_1_760' title='bbox 340 5323 452 5378; x_wconf 91' lang='lat' dir='ltr'><strong>imo</strong></span> <span class='ocrx_word' id='word_1_761' title='bbox 476 5331 528 5379; x_wconf 90' lang='lat' dir='ltr'><strong>et</strong></span> <span class='ocrx_word' id='word_1_762' title='bbox 549 5338 767 5381; x_wconf 85' lang='lat' dir='ltr'><strong>omnem</strong></span> <span class='ocrx_word' id='word_1_763' title='bbox 794 5325 982 5381; x_wconf 84' lang='lat' dir='ltr'><strong>Asiam</strong></span> <span class='ocrx_word' id='word_1_764' title='bbox 1010 5325 1351 5396; x_wconf 86' lang='lat' dir='ltr'><strong>depopulari.</strong></span> <span class='ocrx_word' id='word_1_765' title='bbox 1378 5343 1396 5375; x_wconf 71' lang='grc' dir='ltr'><strong><em>ι</em></strong></span> <span class='ocrx_word' id='word_1_766' title='bbox 1429 5322 1585 5380; x_wconf 88' lang='lat' dir='ltr'><strong>Tunc</strong></span> 
     </span>
    </p>
   </div>
   <div class='ocr_carea' id='block_1_100' title="bbox 36 5401 1585 5488">
    <p class='ocr_par' dir='ltr' id='par_1_100' title="bbox 36 5401 1585 5488">
     <span class='ocr_line' id='line_1_100' title="bbox 36 5401 1585 5488; baseline 0.007 -27"><span class='ocrx_word' id='word_1_767' title='bbox 36 5401 288 5467; x_wconf 83' lang='lat' dir='ltr'><strong>Corbanau</strong></span> <span class='ocrx_word' id='word_1_768' title='bbox 331 5415 621 5473; x_wconf 86' lang='lat' dir='ltr'><strong>subridens</strong></span> <span class='ocrx_word' id='word_1_769' title='bbox 665 5417 781 5472; x_wconf 88' lang='lat' dir='ltr'><strong>ait:</strong></span> <span class='ocrx_word' id='word_1_770' title='bbox 835 5437 855 5470; x_wconf 74' lang='grc' dir='ltr'>ι</span> <span class='ocrx_word' id='word_1_771' title='bbox 884 5417 1100 5488; x_wconf 90' lang='lat' dir='ltr'><strong>Liquet,</strong></span> <span class='ocrx_word' id='word_1_772' title='bbox 1147 5418 1278 5487; x_wconf 88' lang='lat' dir='ltr'><strong>quia</strong></span> <span class='ocrx_word' id='word_1_773' title='bbox 1319 5417 1455 5473; x_wconf 90' lang='lat' dir='ltr'><strong>satis</strong></span> <span class='ocrx_word' id='word_1_774' title='bbox 1501 5425 1585 5472; x_wconf 85' lang='lat' dir='ltr'><strong>est</strong></span> 
     </span>
    </p>
   </div>
   <div class='ocr_carea' id='block_1_101' title="bbox 41 5503 1583 5581">
    <p class='ocr_par' dir='ltr' id='par_1_101' title="bbox 41 5503 1583 5581">
     <span class='ocr_line' id='line_1_101' title="bbox 41 5503 1583 5581; baseline 0.005 -25"><span class='ocrx_word' id='word_1_775' title='bbox 41 5513 148 5565; x_wconf 72' lang='lat' dir='ltr'><strong>gens</strong></span> <span class='ocrx_word' id='word_1_776' title='bbox 184 5503 268 5561; x_wconf 89' lang='lat' dir='ltr'><strong>illa</strong></span> <span class='ocrx_word' id='word_1_777' title='bbox 311 5506 606 5576; x_wconf 88' lang='lat' dir='ltr'><strong>insensata,</strong></span> <span class='ocrx_word' id='word_1_778' title='bbox 647 5518 704 5566; x_wconf 91' lang='lat' dir='ltr'><strong>et</strong></span> <span class='ocrx_word' id='word_1_779' title='bbox 742 5511 955 5566; x_wconf 87' lang='lat' dir='ltr'><strong>ratione</strong></span> <span class='ocrx_word' id='word_1_780' title='bbox 988 5523 1188 5581; x_wconf 89' lang='lat' dir='ltr'><strong>parum</strong></span> <span class='ocrx_word' id='word_1_781' title='bbox 1219 5508 1410 5575; x_wconf 90' lang='lat' dir='ltr'><strong>utitur,</strong></span> <span class='ocrx_word' id='word_1_782' title='bbox 1459 5523 1583 5578; x_wconf 68' lang='lat' dir='ltr'><strong>quat</strong></span> 
     </span>
    </p>
   </div>
   <div class='ocr_carea' id='block_1_102' title="bbox 41 5590 1580 5674">
    <p class='ocr_par' dir='ltr' id='par_1_102' title="bbox 41 5590 1580 5674">
     <span class='ocr_line' id='line_1_102' title="bbox 41 5590 1580 5674; baseline 0.01 -34"><span class='ocrx_word' id='word_1_783' title='bbox 41 5590 209 5650; x_wconf 85' lang='lat' dir='ltr'><strong>talibus</strong></span> <span class='ocrx_word' id='word_1_784' title='bbox 233 5599 400 5655; x_wconf 89' lang='lat' dir='ltr'><strong>armis</strong></span> <span class='ocrx_word' id='word_1_785' title='bbox 429 5601 662 5658; x_wconf 69' lang='lat' dir='ltr'><strong>aestimat</strong></span> <span class='ocrx_word' id='word_1_786' title='bbox 684 5616 848 5674; x_wconf 89' lang='lat' dir='ltr'><strong>posse</strong></span> <span class='ocrx_word' id='word_1_787' title='bbox 875 5603 1170 5674; x_wconf 87' lang='lat' dir='ltr'><strong>subiugare</strong></span> <span class='ocrx_word' id='word_1_788' title='bbox 1213 5601 1316 5658; x_wconf 89' lang='lat' dir='ltr'><strong>sibi</strong></span> <span class='ocrx_word' id='word_1_789' title='bbox 1349 5616 1580 5673; x_wconf 87' lang='lat' dir='ltr'><strong>regnum</strong></span> 
     </span>
    </p>
   </div>
   <div class='ocr_carea' id='block_1_103' title="bbox 42 5677 1582 5767">
    <p class='ocr_par' dir='ltr' id='par_1_103' title="bbox 42 5677 1582 5767">
     <span class='ocr_line' id='line_1_103' title="bbox 42 5677 1582 5767; baseline 0.006 -27"><span class='ocrx_word' id='word_1_790' title='bbox 42 5677 313 5746; x_wconf 79' lang='lat' dir='ltr'><strong>Persarum.</strong></span> <span class='ocrx_word' id='word_1_791' title='bbox 348 5690 496 5748; x_wconf 85' lang='lat' dir='ltr'><strong>Gens</strong></span> <span class='ocrx_word' id='word_1_792' title='bbox 518 5697 718 5767; x_wconf 90' lang='lat' dir='ltr'><strong>quippe</strong></span> <span class='ocrx_word' id='word_1_793' title='bbox 757 5704 842 5751; x_wconf 92' lang='lat' dir='ltr'><strong>est</strong></span> <span class='ocrx_word' id='word_1_794' title='bbox 871 5702 1332 5766; x_wconf 65' lang='lat' dir='ltr'><strong>praesumptuosa,</strong></span> <span class='ocrx_word' id='word_1_795' title='bbox 1367 5703 1424 5749; x_wconf 92' lang='lat' dir='ltr'><strong>et</strong></span> <span class='ocrx_word' id='word_1_796' title='bbox 1450 5695 1582 5749; x_wconf 90' lang='lat' dir='ltr'><strong>alte-</strong></span> 
     </span>
    </p>
   </div>
   <div class='ocr_carea' id='block_1_104' title="bbox 45 5773 1583 5858">
    <p class='ocr_par' dir='ltr' id='par_1_104' title="bbox 45 5773 1583 5858">
     <span class='ocr_line' id='line_1_104' title="bbox 45 5773 1583 5858; baseline 0.005 -24"><span class='ocrx_word' id='word_1_797' title='bbox 45 5773 140 5829; x_wconf 70' lang='lat' dir='ltr'><strong>rius</strong></span> <span class='ocrx_word' id='word_1_798' title='bbox 160 5776 288 5846; x_wconf 87' lang='lat' dir='ltr'><strong>juris</strong></span> <span class='ocrx_word' id='word_1_799' title='bbox 313 5783 542 5840; x_wconf 91' lang='lat' dir='ltr'><strong>nimium</strong></span> <span class='ocrx_word' id='word_1_800' title='bbox 569 5788 880 5844; x_wconf 88' lang='lat' dir='ltr'><strong>ambitiosa.</strong></span> <span class='ocrx_word' id='word_1_801' title='bbox 913 5787 1068 5844; x_wconf 82' lang='lat' dir='ltr'><strong>Ceus</strong></span> <span class='ocrx_word' id='word_1_802' title='bbox 1087 5786 1340 5845; x_wconf 85' lang='lat' dir='ltr'><strong>videlicet</strong></span> <span class='ocrx_word' id='word_1_803' title='bbox 1373 5801 1495 5858; x_wconf 63' lang='lat' dir='ltr'><strong>quae</strong></span> <span class='ocrx_word' id='word_1_804' title='bbox 1526 5787 1583 5842; x_wconf 90' lang='lat' dir='ltr'><strong>in</strong></span> 
     </span>
    </p>
   </div>
   <div class='ocr_carea' id='block_1_105' title="bbox 47 5872 1582 5951">
    <p class='ocr_par' dir='ltr' id='par_1_105' title="bbox 47 5872 1582 5951">
     <span class='ocr_line' id='line_1_105' title="bbox 47 5872 1582 5951; baseline 0.016 -35"><span class='ocrx_word' id='word_1_805' title='bbox 47 5877 129 5920; x_wconf 80' lang='lat' dir='ltr'><strong>sua</strong></span> <span class='ocrx_word' id='word_1_806' title='bbox 155 5872 359 5929; x_wconf 83' lang='lat' dir='ltr'><strong>conlidit</strong></span> <span class='ocrx_word' id='word_1_807' title='bbox 383 5876 754 5944; x_wconf 87' lang='lat' dir='ltr'><strong>animositate,</strong></span> <span class='ocrx_word' id='word_1_808' title='bbox 786 5880 879 5937; x_wconf 85' lang='lat' dir='ltr'><strong>sed</strong></span> <span class='ocrx_word' id='word_1_809' title='bbox 908 5896 1006 5951; x_wconf 86' lang='lat' dir='ltr'><strong>per</strong></span> <span class='ocrx_word' id='word_1_810' title='bbox 1033 5879 1404 5950; x_wconf 80' lang='lat' dir='ltr'><strong>Machomum,</strong></span> <span class='ocrx_word' id='word_1_811' title='bbox 1439 5879 1582 5938; x_wconf 79' lang='lat' dir='ltr'><strong>male</strong></span> 
     </span>
    </p>
   </div>
   <div class='ocr_carea' id='block_1_106' title="bbox 1693 4682 3278 4752">
    <p class='ocr_par' dir='ltr' id='par_1_106' title="bbox 1693 4682 3278 4752">
     <span class='ocr_line' id='line_1_106' title="bbox 1693 4682 3278 4752; baseline 0.001 -16"><span class='ocrx_word' id='word_1_812' title='bbox 1693 4703 1711 4736; x_wconf 75' lang='grc' dir='ltr'>ι</span> <span class='ocrx_word' id='word_1_813' title='bbox 1739 4682 1931 4750; x_wconf 82' lang='lat' dir='ltr'><strong>Mater,</strong></span> <span class='ocrx_word' id='word_1_814' title='bbox 1958 4682 2096 4738; x_wconf 91' lang='lat' dir='ltr'><strong>nihil</strong></span> <span class='ocrx_word' id='word_1_815' title='bbox 2122 4696 2367 4752; x_wconf 90' lang='lat' dir='ltr'><strong>unquam</strong></span> <span class='ocrx_word' id='word_1_816' title='bbox 2395 4682 2578 4738; x_wconf 88' lang='lat' dir='ltr'><strong>verius</strong></span> <span class='ocrx_word' id='word_1_817' title='bbox 2608 4682 2828 4739; x_wconf 83' lang='lat' dir='ltr'><strong>audisti.</strong></span> <span class='ocrx_word' id='word_1_818' title='bbox 2859 4703 2878 4736; x_wconf 74' lang='grc' dir='ltr'><strong>ο</strong></span> <span class='ocrx_word' id='word_1_819' title='bbox 2916 4683 2982 4739; x_wconf 88' lang='lat' dir='ltr'><strong>Et</strong></span> <span class='ocrx_word' id='word_1_820' title='bbox 3011 4690 3185 4739; x_wconf 86' lang='lat' dir='ltr'><strong>mater</strong></span> <span class='ocrx_word' id='word_1_821' title='bbox 3209 4683 3278 4738; x_wconf 90' lang='lat' dir='ltr'><strong>ad</strong></span> 
     </span>
    </p>
   </div>
   <div class='ocr_carea' id='block_1_107' title="bbox 1685 4772 3276 4846">
    <p class='ocr_par' dir='ltr' id='par_1_107' title="bbox 1685 4772 3276 4846">
     <span class='ocr_line' id='line_1_107' title="bbox 1685 4772 3276 4846; baseline 0.001 -17"><span class='ocrx_word' id='word_1_822' title='bbox 1685 4775 1855 4830; x_wconf 80' lang='lat' dir='ltr'><strong>tilium</strong></span> <span class='ocrx_word' id='word_1_823' title='bbox 1885 4773 2064 4845; x_wconf 89' lang='lat' dir='ltr'><strong>inquit</strong></span> <span class='ocrx_word' id='word_1_824' title='bbox 2089 4793 2103 4828; x_wconf 92' lang='lat'><strong>:</strong></span> <span class='ocrx_word' id='word_1_825' title='bbox 2137 4792 2156 4826; x_wconf 84' lang='grc'><strong>‹</strong></span> <span class='ocrx_word' id='word_1_826' title='bbox 2175 4772 2333 4842; x_wconf 92' lang='lat' dir='ltr'><strong>Quis,</strong></span> <span class='ocrx_word' id='word_1_827' title='bbox 2362 4773 2459 4840; x_wconf 81' lang='lat' dir='ltr'><strong>fili,</strong></span> <span class='ocrx_word' id='word_1_828' title='bbox 2481 4774 2588 4830; x_wconf 92' lang='lat' dir='ltr'><strong>tale</strong></span> <span class='ocrx_word' id='word_1_829' title='bbox 2613 4775 2906 4831; x_wconf 90' lang='lat' dir='ltr'><strong>consilium</strong></span> <span class='ocrx_word' id='word_1_830' title='bbox 2930 4773 3154 4846; x_wconf 87' lang='lat' dir='ltr'><strong>iniquus</strong></span> <span class='ocrx_word' id='word_1_831' title='bbox 3177 4774 3276 4830; x_wconf 90' lang='lat' dir='ltr'><strong>tibi</strong></span> 
     </span>
    </p>
   </div>
   <div class='ocr_carea' id='block_1_108' title="bbox 1685 4863 3270 4935">
    <p class='ocr_par' dir='ltr' id='par_1_108' title="bbox 1685 4863 3270 4935">
     <span class='ocr_line' id='line_1_108' title="bbox 1685 4863 3270 4935; baseline -0.002 -12"><span class='ocrx_word' id='word_1_832' title='bbox 1685 4866 1864 4923; x_wconf 83' lang='lat' dir='ltr'><strong>dedit?</strong></span> <span class='ocrx_word' id='word_1_833' title='bbox 1891 4864 2143 4922; x_wconf 87' lang='lat' dir='ltr'><strong>Nondum</strong></span> <span class='ocrx_word' id='word_1_834' title='bbox 2163 4881 2224 4922; x_wconf 86' lang='lat' dir='ltr'><strong>es</strong></span> <span class='ocrx_word' id='word_1_835' title='bbox 2245 4873 2502 4935; x_wconf 71' lang='lat' dir='ltr'><strong>espertus</strong></span> <span class='ocrx_word' id='word_1_836' title='bbox 2526 4864 2783 4921; x_wconf 89' lang='lat' dir='ltr'><strong>virtutem</strong></span> <span class='ocrx_word' id='word_1_837' title='bbox 2807 4863 3270 4931; x_wconf 89' lang='lat' dir='ltr'><strong>Christianorum,</strong></span> 
     </span>
    </p>
   </div>
   <div class='ocr_carea' id='block_1_109' title="bbox 1683 4954 3273 5030">
    <p class='ocr_par' dir='ltr' id='par_1_109' title="bbox 1683 4954 3273 5030">
     <span class='ocr_line' id='line_1_109' title="bbox 1683 4954 3273 5030; baseline -0.001 -16"><span class='ocrx_word' id='word_1_838' title='bbox 1683 4967 1740 5014; x_wconf 87' lang='lat' dir='ltr'><strong>et</strong></span> <span class='ocrx_word' id='word_1_839' title='bbox 1774 4957 2043 5030; x_wconf 67' lang='lat' dir='ltr'><strong>prmeipue</strong></span> <span class='ocrx_word' id='word_1_840' title='bbox 2077 4956 2256 5029; x_wconf 89' lang='lat' dir='ltr'><strong>gentis</strong></span> <span class='ocrx_word' id='word_1_841' title='bbox 2297 4955 2658 5012; x_wconf 88' lang='lat' dir='ltr'><strong>Francorum.</strong></span> <span class='ocrx_word' id='word_1_842' title='bbox 2706 4954 2764 5010; x_wconf 91' lang='lat' dir='ltr'><strong>Si</strong></span> <span class='ocrx_word' id='word_1_843' title='bbox 2801 4955 3028 5029; x_wconf 87' lang='lat' dir='ltr'><strong>legisses</strong></span> <span class='ocrx_word' id='word_1_844' title='bbox 3071 4955 3273 5026; x_wconf 86' lang='lat' dir='ltr'><strong>scripta</strong></span> 
     </span>
    </p>
   </div>
   <div class='ocr_carea' id='block_1_110' title="bbox 1684 5046 3277 5120">
    <p class='ocr_par' dir='ltr' id='par_1_110' title="bbox 1684 5046 3277 5120">
     <span class='ocr_line' id='line_1_110' title="bbox 1684 5046 3277 5120; baseline -0.003 -14"><span class='ocrx_word' id='word_1_845' title='bbox 1684 5049 1932 5106; x_wconf 92' lang='lat' dir='ltr'><strong>omnium</strong></span> <span class='ocrx_word' id='word_1_846' title='bbox 1973 5047 2496 5120; x_wconf 64' lang='lat' dir='ltr'><strong>prophetarum,{et</strong></span> <span class='ocrx_word' id='word_1_847' title='bbox 2535 5049 2889 5118; x_wconf 86' lang='lat' dir='ltr'><strong>antiquorum</strong></span> <span class='ocrx_word' id='word_1_848' title='bbox 2933 5046 3277 5118; x_wconf 89' lang='lat' dir='ltr'><strong>sapientum,</strong></span> 
     </span>
    </p>
   </div>
   <div class='ocr_carea' id='block_1_111' title="bbox 1684 5138 3314 5212">
    <p class='ocr_par' dir='ltr' id='par_1_111' title="bbox 1684 5138 3314 5212">
     <span class='ocr_line' id='line_1_111' title="bbox 1684 5138 3314 5212; baseline -0.001 -15"><span class='ocrx_word' id='word_1_849' title='bbox 1684 5140 1930 5212; x_wconf 89' lang='lat' dir='ltr'><strong>profecto</strong></span> <span class='ocrx_word' id='word_1_850' title='bbox 1959 5154 2069 5196; x_wconf 89' lang='lat' dir='ltr'><strong>non</strong></span> <span class='ocrx_word' id='word_1_851' title='bbox 2097 5140 2400 5212; x_wconf 87' lang='lat' dir='ltr'><strong>ignorares,</strong></span> <span class='ocrx_word' id='word_1_852' title='bbox 2441 5140 2573 5211; x_wconf 89' lang='lat' dir='ltr'><strong>quia</strong></span> <span class='ocrx_word' id='word_1_853' title='bbox 2600 5141 2717 5210; x_wconf 89' lang='lat' dir='ltr'><strong>ipse</strong></span> <span class='ocrx_word' id='word_1_854' title='bbox 2743 5147 2830 5196; x_wconf 89' lang='lat' dir='ltr'><strong>est</strong></span> <span class='ocrx_word' id='word_1_855' title='bbox 2859 5138 3205 5210; x_wconf 87' lang='lat' dir='ltr'><strong>omnipotens</strong></span> <span class='ocrx_word' id='word_1_856' title='bbox 3225 5149 3281 5202; x_wconf 89' lang='lat' dir='ltr'><strong>et</strong></span> <span class='ocrx_word' id='word_1_857' title='bbox 3311 5195 3314 5209; x_wconf 33' lang='grc' dir='ltr'>ε</span> 
     </span>
    </p>
   </div>
   <div class='ocr_carea' id='block_1_112' title="bbox 1686 5230 3278 5304">
    <p class='ocr_par' dir='ltr' id='par_1_112' title="bbox 1686 5230 3278 5304">
     <span class='ocr_line' id='line_1_112' title="bbox 1686 5230 3278 5304; baseline -0.003 -13"><span class='ocrx_word' id='word_1_858' title='bbox 1686 5234 1830 5292; x_wconf 88' lang='lat' dir='ltr'><strong>Deus</strong></span> <span class='ocrx_word' id='word_1_859' title='bbox 1857 5235 2087 5290; x_wconf 91' lang='lat' dir='ltr'><strong>deorum</strong></span> <span class='ocrx_word' id='word_1_860' title='bbox 2117 5233 2385 5290; x_wconf 92' lang='lat' dir='ltr'><strong>omnium.</strong></span> <span class='ocrx_word' id='word_1_861' title='bbox 2422 5231 2482 5288; x_wconf 91' lang='lat' dir='ltr'><strong>Si</strong></span> <span class='ocrx_word' id='word_1_862' title='bbox 2509 5231 2778 5304; x_wconf 86' lang='lat' dir='ltr'><strong>pugnabis</strong></span> <span class='ocrx_word' id='word_1_863' title='bbox 2818 5230 3084 5288; x_wconf 87' lang='lat' dir='ltr'><strong>adversus</strong></span> <span class='ocrx_word' id='word_1_864' title='bbox 3115 5231 3278 5288; x_wconf 80' lang='lat' dir='ltr'><strong>Chri-</strong></span> 
     </span>
    </p>
   </div>
   <div class='ocr_carea' id='block_1_113' title="bbox 1685 5320 3273 5395">
    <p class='ocr_par' dir='ltr' id='par_1_113' title="bbox 1685 5320 3273 5395">
     <span class='ocr_line' id='line_1_113' title="bbox 1685 5320 3273 5395; baseline 0 -15"><span class='ocrx_word' id='word_1_865' title='bbox 1685 5325 1914 5391; x_wconf 81' lang='lat' dir='ltr'><strong>stianos,</strong></span> <span class='ocrx_word' id='word_1_866' title='bbox 1941 5324 2213 5395; x_wconf 88' lang='lat' dir='ltr'><strong>pugnabis</strong></span> <span class='ocrx_word' id='word_1_867' title='bbox 2244 5333 2435 5379; x_wconf 88' lang='lat' dir='ltr'><strong>contra</strong></span> <span class='ocrx_word' id='word_1_868' title='bbox 2462 5323 2642 5394; x_wconf 91' lang='lat' dir='ltr'><strong>ipsum</strong></span> <span class='ocrx_word' id='word_1_869' title='bbox 2668 5330 2725 5378; x_wconf 93' lang='lat' dir='ltr'><strong>et</strong></span> <span class='ocrx_word' id='word_1_870' title='bbox 2749 5323 2972 5394; x_wconf 84' lang='lat' dir='ltr'><strong>angelos</strong></span> <span class='ocrx_word' id='word_1_871' title='bbox 2994 5322 3136 5394; x_wconf 83' lang='lat' dir='ltr'><strong>eius.</strong></span> <span class='ocrx_word' id='word_1_872' title='bbox 3163 5320 3273 5380; x_wconf 85' lang='lat' dir='ltr'><strong>Sed</strong></span> 
     </span>
    </p>
   </div>
   <div class='ocr_carea' id='block_1_114' title="bbox 1684 5413 3278 5487">
    <p class='ocr_par' dir='ltr' id='par_1_114' title="bbox 1684 5413 3278 5487">
     <span class='ocr_line' id='line_1_114' title="bbox 1684 5413 3278 5487; baseline -0.001 -15"><span class='ocrx_word' id='word_1_873' title='bbox 1684 5415 2159 5472; x_wconf 89' lang='lat' dir='ltr'><strong>dementissimum</strong></span> <span class='ocrx_word' id='word_1_874' title='bbox 2185 5422 2272 5470; x_wconf 87' lang='lat' dir='ltr'><strong>est</strong></span> <span class='ocrx_word' id='word_1_875' title='bbox 2291 5424 2482 5471; x_wconf 88' lang='lat' dir='ltr'><strong>contra</strong></span> <span class='ocrx_word' id='word_1_876' title='bbox 2514 5415 2695 5485; x_wconf 91' lang='lat' dir='ltr'><strong>ipsum</strong></span> <span class='ocrx_word' id='word_1_877' title='bbox 2717 5413 3146 5486; x_wconf 88' lang='lat' dir='ltr'><strong>omnipotentem</strong></span> <span class='ocrx_word' id='word_1_878' title='bbox 3173 5429 3278 5487; x_wconf 89' lang='lat' dir='ltr'><strong>pu-</strong></span> 
     </span>
    </p>
   </div>
   <div class='ocr_carea' id='block_1_115' title="bbox 1684 5504 3276 5579">
    <p class='ocr_par' dir='ltr' id='par_1_115' title="bbox 1684 5504 3276 5579">
     <span class='ocr_line' id='line_1_115' title="bbox 1684 5504 3276 5579; baseline -0.001 -17"><span class='ocrx_word' id='word_1_879' title='bbox 1684 5521 1884 5579; x_wconf 88' lang='lat' dir='ltr'><strong>gnare;</strong></span> <span class='ocrx_word' id='word_1_880' title='bbox 1924 5506 2188 5578; x_wconf 88' lang='lat' dir='ltr'><strong>quoniam</strong></span> <span class='ocrx_word' id='word_1_881' title='bbox 2238 5505 2294 5562; x_wconf 91' lang='lat' dir='ltr'><strong>id</strong></span> <span class='ocrx_word' id='word_1_882' title='bbox 2340 5504 2522 5577; x_wconf 91' lang='lat' dir='ltr'><strong>ipsum</strong></span> <span class='ocrx_word' id='word_1_883' title='bbox 2568 5514 2653 5562; x_wconf 89' lang='lat' dir='ltr'><strong>est</strong></span> <span class='ocrx_word' id='word_1_884' title='bbox 2689 5507 2828 5563; x_wconf 89' lang='lat' dir='ltr'><strong>velle</strong></span> <span class='ocrx_word' id='word_1_885' title='bbox 2867 5521 2928 5563; x_wconf 90' lang='lat' dir='ltr'><strong>se</strong></span> <span class='ocrx_word' id='word_1_886' title='bbox 2969 5507 3276 5564; x_wconf 74' lang='lat' dir='ltr'><strong>destruere.</strong></span> 
     </span>
    </p>
   </div>
   <div class='ocr_carea' id='block_1_116' title="bbox 1685 5595 3279 5668">
    <p class='ocr_par' dir='ltr' id='par_1_116' title="bbox 1685 5595 3279 5668">
     <span class='ocr_line' id='line_1_116' title="bbox 1685 5595 3279 5668; baseline 0 -18"><span class='ocrx_word' id='word_1_887' title='bbox 1685 5597 1764 5652; x_wconf 89' lang='lat' dir='ltr'><strong>De</strong></span> <span class='ocrx_word' id='word_1_888' title='bbox 1807 5595 1931 5667; x_wconf 91' lang='lat' dir='ltr'><strong>ipso</strong></span> <span class='ocrx_word' id='word_1_889' title='bbox 1979 5596 2200 5666; x_wconf 90' lang='lat' dir='ltr'><strong>quidem</strong></span> <span class='ocrx_word' id='word_1_890' title='bbox 2241 5595 2603 5654; x_wconf 87' lang='lat' dir='ltr'><strong>invictissimo</strong></span> <span class='ocrx_word' id='word_1_891' title='bbox 2648 5595 2760 5652; x_wconf 89' lang='lat' dir='ltr'><strong>Deo</strong></span> <span class='ocrx_word' id='word_1_892' title='bbox 2795 5596 2930 5652; x_wconf 83' lang='lat' dir='ltr'><strong>dicit</strong></span> <span class='ocrx_word' id='word_1_893' title='bbox 2971 5596 3279 5668; x_wconf 79' lang='lat' dir='ltr'><strong>propheta:</strong></span> 
     </span>
    </p>
   </div>
   <div class='ocr_carea' id='block_1_117' title="bbox 1661 5689 3277 5762">
    <p class='ocr_par' dir='ltr' id='par_1_117' title="bbox 1661 5689 3277 5762">
     <span class='ocr_line' id='line_1_117' title="bbox 1661 5689 3277 5762; baseline -0.003 -18"><span class='ocrx_word' id='word_1_894' title='bbox 1661 5689 1799 5762; x_wconf 82' lang='lat' dir='ltr'><strong>Ego</strong></span> <span class='ocrx_word' id='word_1_895' title='bbox 1820 5689 2080 5758; x_wconf 82' lang='lat' dir='ltr'><strong>occidam,</strong></span> <span class='ocrx_word' id='word_1_896' title='bbox 2101 5697 2153 5743; x_wconf 85' lang='lat' dir='ltr'><strong>et</strong></span> <span class='ocrx_word' id='word_1_897' title='bbox 2177 5705 2270 5758; x_wconf 88' lang='lat' dir='ltr'><strong>ego</strong></span> <span class='ocrx_word' id='word_1_898' title='bbox 2294 5689 2462 5744; x_wconf 80' lang='lat' dir='ltr'><strong>vivere</strong></span> <span class='ocrx_word' id='word_1_899' title='bbox 2491 5690 2722 5760; x_wconf 77' lang='lat' dir='ltr'><strong>faciam;</strong></span> <span class='ocrx_word' id='word_1_900' title='bbox 2750 5698 3068 5760; x_wconf 72' lang='lat' dir='ltr'><strong>percutiam,</strong></span> <span class='ocrx_word' id='word_1_901' title='bbox 3102 5696 3151 5742; x_wconf 86' lang='lat' dir='ltr'><strong>et</strong></span> <span class='ocrx_word' id='word_1_902' title='bbox 3183 5703 3277 5758; x_wconf 81' lang='lat' dir='ltr'><strong>ego</strong></span> 
     </span>
    </p>
   </div>
   <div class='ocr_carea' id='block_1_118' title="bbox 1684 5779 3277 5856">
    <p class='ocr_par' dir='ltr' id='par_1_118' title="bbox 1684 5779 3277 5856">
     <span class='ocr_line' id='line_1_118' title="bbox 1684 5779 3277 5856; baseline -0.003 -17"><span class='ocrx_word' id='word_1_903' title='bbox 1684 5785 1883 5839; x_wconf 76' lang='lat' dir='ltr'><strong>sanabo</strong></span> <span class='ocrx_word' id='word_1_904' title='bbox 1904 5799 1922 5839; x_wconf 89' lang='lat'><strong><em>:</em></strong></span> <span class='ocrx_word' id='word_1_905' title='bbox 1945 5785 1997 5840; x_wconf 79' lang='lat' dir='ltr'><strong>et</strong></span> <span class='ocrx_word' id='word_1_906' title='bbox 2023 5800 2125 5840; x_wconf 84' lang='lat' dir='ltr'><strong>non</strong></span> <span class='ocrx_word' id='word_1_907' title='bbox 2152 5793 2230 5838; x_wconf 80' lang='lat' dir='ltr'><strong>est</strong></span> <span class='ocrx_word' id='word_1_908' title='bbox 2268 5785 2360 5856; x_wconf 83' lang='lat' dir='ltr'><strong>qui</strong></span> <span class='ocrx_word' id='word_1_909' title='bbox 2381 5785 2446 5839; x_wconf 84' lang='lat' dir='ltr'><strong>de</strong></span> <span class='ocrx_word' id='word_1_910' title='bbox 2471 5801 2632 5839; x_wconf 85' lang='lat' dir='ltr'><strong>manu</strong></span> <span class='ocrx_word' id='word_1_911' title='bbox 2655 5801 2772 5839; x_wconf 87' lang='lat' dir='ltr'><strong>mea</strong></span> <span class='ocrx_word' id='word_1_912' title='bbox 2791 5785 2959 5856; x_wconf 78' lang='lat' dir='ltr'><strong>possit</strong></span> <span class='ocrx_word' id='word_1_913' title='bbox 2978 5796 3177 5838; x_wconf 84' lang='lat' dir='ltr'><strong>eruere.</strong></span> <span class='ocrx_word' id='word_1_914' title='bbox 3214 5779 3277 5835; x_wconf 85' lang='lat' dir='ltr'><strong>Si</strong></span> 
     </span>
    </p>
   </div>
   <div class='ocr_carea' id='block_1_119' title="bbox 1683 5873 3276 5960">
    <p class='ocr_par' dir='ltr' id='par_1_119' title="bbox 1683 5873 3276 5960">
     <span class='ocr_line' id='line_1_119' title="bbox 1683 5873 3276 5960; baseline -0.006 -24"><span class='ocrx_word' id='word_1_915' title='bbox 1683 5895 1875 5936; x_wconf 81' lang='lat' dir='ltr'><strong>acuere</strong></span> <span class='ocrx_word' id='word_1_916' title='bbox 1905 5888 1961 5936; x_wconf 82' lang='lat' dir='ltr'><strong>ut</strong></span> <span class='ocrx_word' id='word_1_917' title='bbox 1989 5878 2174 5958; x_wconf 74' lang='lat' dir='ltr'><strong>fulgur</strong></span> <span class='ocrx_word' id='word_1_918' title='bbox 2218 5878 2462 5960; x_wconf 55' lang='lat' dir='ltr'><strong>gladium</strong></span> <span class='ocrx_word' id='word_1_919' title='bbox 2491 5895 2681 5958; x_wconf 71' lang='lat' dir='ltr'><strong>meum,</strong></span> <span class='ocrx_word' id='word_1_920' title='bbox 2712 5887 2763 5932; x_wconf 79' lang='lat' dir='ltr'><strong>et</strong></span> <span class='ocrx_word' id='word_1_921' title='bbox 2799 5877 3085 5946; x_wconf 78' lang='lat' dir='ltr'><strong>arripuerit</strong></span> <span class='ocrx_word' id='word_1_922' title='bbox 3120 5873 3276 5945; x_wconf 83' lang='lat' dir='ltr'><strong>judi-</strong></span> 
     </span>
    </p>
   </div>
  </div>
