3846 6306
138 390 208 443 Μ

131 499 431 572 deponebant;
455 497 554 556 sed
590 498 653 555 in
686 499 954 571 procinctu
990 501 1195 558 militiae
1220 518 1437 574 semper
1452 513 1631 561 erant.
1665 507 1709 568 Α

131 593 242 649 'l'elis
274 598 320 646 et
355 589 563 661 sagittis
604 591 803 660 plateae
840 591 1070 647 civitatis
1100 593 1556 662 impediebantur,
1580 604 1636 651 et

131 693 238 739 tecta
260 681 515 735 domorum
546 682 937 739 oncrabantur.
966 681 1125 737 Omni
1167 683 1258 740 die
1283 694 1411 741 ante
1435 686 1636 741 castel—

126 777 211 829 lum
233 771 285 826 lit
308 785 432 825 nova
466 771 807 841 congressio,
834 772 1214 845 multotiesque
1236 774 1400 829 fiebat
1420 784 1636 831 nostro-

127 881 220 921 rum
235 873 283 919 et
318 863 547 933 ipsorum
578 880 692 918 una
725 862 1053 930 commistio;
1100 865 1166 920 de
1203 866 1407 922 nostris
1454 875 1636 921 tamen

124 956 210 1011 Deo
228 963 512 1026 protegente
539 956 703 1025 pauci
732 955 1137 1024 moriebantur;
1167 956 1235 1014 de
1262 957 1368 1014 illis
1390 974 1519 1015 vero
1543 974 1637 1014 ca-

122 1048 322 1102 tervatim
334 1047 756 1117 perimebantur.
784 1048 849 1105 Et
879 1049 1009 1105 dum
1034 1050 1117 1105 sic
1143 1057 1361 1121 tempus
1402 1051 1639 1122 prolabi-

121 1147 204 1202 tur,
226 1134 377 1191 fames
401 1136 547 1190 omni
573 1136 735 1193 hoste
763 1139 1033 1194 crudelior
1055 1148 1279 1195 nostros
1301 1140 1532 1209 invadit,
1557 1140 1628 1195 vi-

117 1245 273 1300 resque
308 1244 487 1284 eorum
515 1228 583 1285 de
630 1230 720 1286 die
761 1230 818 1286 in
869 1232 1012 1288 diem
1067 1232 1389 1289 attenuavit.
1440 1231 1638 1291 Vultus

116 1330 425 1389 marcescunt,
469 1323 694 1379 brachia
739 1324 1018 1391 deﬁciunt,
1054 1333 1112 1381 et
1158 1325 1390 1383 tremula
1440 1339 1638 1385 manus

116 1418 179 1472 vix
203 1429 340 1472 terra:
371 1415 582 1473 vellicat
621 1416 842 1486 herbas,
893 1428 948 1475 et
993 1418 1218 1476 fmndes
1255 1422 1542 1488 arborum,
1582 1430 1638 1478 et

111 1511 282 1567 radices
311 1525 565 1580 vapon
590 1512 947 1573 silvestrium.
974 1513 1107 1581 Huic,
1120 1516 1308 1572 omnia
1324 1517 1639 1587 coqueban-

109 1609 260 1667 tenet
284 1600 721 1658 comedebautur.
762 1602 909 1663 Crus
944 1604 1088 1660 asini
1121 1606 1408 1679 sexaginta
1444 1606 1639 1665 solidis

108 1695 496 1766 wmparabatur,
530 1706 585 1753 et
614 1697 711 1768 qui
736 1697 952 1753 emebat
974 1698 1275 1769 dissipator
1318 1699 1638 1756 substantia:

104 1787 567 1849 consestimahatur
595 1809 610 1844 :
638 1786 807 1844 Panis
836 1804 1038 1859 parvus
1077 1791 1486 1862 appretiahatur
1524 1807 1637 1848 uno

107 1877 328 1948 bysantio.
355 1877 565 1935 Carnes
602 1856 919 1950 asinorum,
960 1856 1252 1951 equorum,
1273 1883 1632 1951 camelorum,
1667 1856 1711 1912 Β

102 1972 252 2035 lnam,
276 1972 596 2028 bubalorum
638 1975 1128 2045 consumebantur,
1174 1976 1402 2048 insuper
1441 1994 1634 2035 eorum

102 2061 223 2116 coria
244 2064 739 2133 concoquebantur.
765 2064 968 2124 Matres
990 2067 1135 2125 ﬁlios
1172 2083 1307 2125 suos
1333 2067 1479 2126 fame
1505 2084 1634 2141 per-

100 2165 274 2222 euntes,
317 2157 381 2213 ad
407 2158 581 2215 ubera
621 2160 1052 2231 suspendebant,
1083 2162 1183 2218 sed
1226 2163 1383 2233 pueri
1421 2163 1478 2218 in
1518 2179 1637 2220 ma-

103 2249 237 2305 ternis
260 2249 515 2308 uberibus
543 2252 683 2308 nihil
704 2252 1075 2321 inveniebant,
1099 2263 1153 2312 et
1182 2269 1297 2326 prae
1334 2253 1519 2328 inopia
1556 2256 1637 2313 la-

99 2343 179 2400 ctis
195 2343 382 2401 clausis
408 2345 593 2402 oculis
620 2345 979 2418 palpitabant.
1012 2346 1259 2415 Quadam
1299 2347 1387 2405 die
1427 2348 1637 2407 Corbao

97 2451 181 2491 nan
200 2436 427 2493 incitavit
456 2447 685 2496 nostros
713 2439 785 2495 ad
807 2439 1081 2510 praelium,
1104 2441 1318 2498 scilicet
1342 2450 1500 2498 extra
1538 2458 1637 2499 ur-

98 2528 210 2596 bem,
230 2529 291 2585 ab
312 2529 397 2585 illa
416 2539 577 2600 parte
600 2531 655 2586 in
687 2547 799 2602 qua
818 2541 941 2588 erat
962 2532 1245 2589 castellum
1270 2551 1286 2601 ;
1314 2534 1414 2590 sed
1435 2534 1639 2592 milites

95 2627 139 2672 el
156 2617 262 2688 equi
290 2617 429 2676 fame
467 2622 730 2690 cruciati,
768 2622 865 2679 diu
918 2637 1026 2678 non
1069 2632 1368 2694 potuerunt
1409 2624 1640 2682 sull'erre

96 2711 270 2768 veloces
294 2713 529 2784 impetus
554 2729 775 2772 eorum.
803 2714 1128 2789 Conglobati
1162 2717 1332 2789 igitur
1355 2718 1413 2775 in
1438 2735 1636 2786 unum,

96 2803 233 2857 nostri
251 2804 315 2875 ad
337 2805 623 2867 civitatem
660 2809 877 2880 regredi
904 2810 1183 2867 salubrius
1202 2826 1326 2869 esse
1355 2813 1637 2869 Melicae-

93 2904 211 2961 runt,
227 2896 314 2952 sed
333 2899 593 2968 oppressi
612 2916 646 2954 a
673 2898 890 2968 Turcis,
916 2912 1133 2972 portam
1158 2903 1325 2960 nimis
1348 2914 1639 2977 angustam

97 2996 384 3054 repererunt,
422 2988 487 3051 in.
520 2998 743 3048 tantum
774 2993 923 3062 quod
962 2994 1186 3064 quidam
1216 2995 1307 3066 ,ibi
1350 3012 1527 3068 usque
1571 2998 1641 3054 ad

95 3087 282 3133 mortem
323 3080 499 3137 attriti
530 3090 686 3141 sunt.
721 3081 925 3154 Sicque
967 3084 1132 3142 fiebat
1170 3098 1354 3158 pugna
1399 3087 1549 3144 intus
1587 3096 1643 3145 et

92 3170 312 3239 exterius,
353 3189 458 3230 nec
500 3173 746 3231 dabatur
765 3175 875 3233 ulla
918 3177 1076 3247 quies
1115 3178 1321 3235 nostris
1350 3177 1493 3235 fame
1514 3196 1640 3250 per.
1668 3203 1711 3261 (ι

92 3264 323 3323 euntibus.
353 3265 592 3339 Propter
639 3268 758 3326 hac
781 3278 838 3325 et
875 3269 964 3327 his
1003 3270 1203 3328 similia
1242 3271 1413 3342 aliqui
1444 3272 1515 3328 de
1546 3286 1642 3327 no-

93 3358 471 3417 strismilitibus
498 3361 1208 3433 immoderatc'perterriti,
1250 3363 1378 3437 fuga
1421 3364 1479 3421 in
1520 3364 1640 3435 ipsa

92 3460 219 3507 nocte
237 3452 401 3524 elapsi
428 3462 590 3522 sunt,
614 3453 844 3512 funibus
879 3456 949 3513 ad
984 3458 1395 3530 prepugnacala
1434 3457 1638 3528 ligatis,

91 3540 253 3608 quibus
271 3559 466 3601 manus
490 3561 635 3602 suas
663 3546 890 3603 omnino
909 3545 1351 3615 deeoriaveruut,
1378 3556 1436 3604 et
1463 3548 1549 3604 sic
1570 3548 1640 3604 ad

92 3643 211 3686 mare
231 3632 455 3702 pedibus
488 3634 865 3695 tetenderunt.
891 3634 1015 3703 Quo
1058 3637 1437 3707 pervenientes
1483 3637 1640 3693 dixe-

92 3732 191 3779 runt
212 3727 404 3795 nautis,
429 3736 493 3783 ut
512 3726 796 3800 fugerent,
819 3730 1080 3799 quoniam
1119 3744 1313 3787 omnes
1338 3728 1641 3787 Christiani

88 3828 165 3875 aut
183 3823 371 3879 mortui
406 3834 509 3880 aut
545 3824 723 3880 vincti
759 3834 964 3882 essent.
994 3825 1077 3881 Illi
1097 3838 1280 3883 autem
1307 3826 1558 3883 dolentes
1585 3828 1642 3884 in

91 3929 210 3970 mare
237 3931 293 3972 se
316 3918 623 3985 miserunt,
658 3926 717 3974 et
745 3916 1049 3975 Turcarum
1095 3935 1156 3975 se
1187 3920 1491 3990 potentatui
1519 3920 1646 3976 sub-

88 4015 347 4067 traxerunt.
395 4009 728 4083 Stephants
750 4011 1105 4068 Carnotensis
1133 4028 1339 4080 comes,
1370 4015 1466 4085 qui
1502 4014 1645 4069 inter

89 4098 194 4156 alios
214 4103 482 4175 principes
507 4104 805 4160 videbatur
828 4120 1081 4176 magnus,
1107 4105 1341 4162 consilio
1361 4106 1642 4176 providus,

92 4203 267 4248 morum
310 4196 609 4255 honestate
650 4200 978 4270 praeclarus,
1021 4210 1318 4273 antequam
1358 4212 1645 4274 caperetur

88 4278 356 4355 Antiochia,
408 4290 573 4362 gravi
618 4289 935 4349 inﬁrmitate
981 4293 1235 4351 detentus
1297 4303 1410 4360 est;
1469 4305 1524 4352 et
1575 4297 1645 4352 ad

88 4376 321 4444 «notitiam
358 4391 642 4451 castrum,
683 4385 831 4454 quod
876 4401 1039 4441 suum
1084 4396 1225 4455 erat,
1255 4389 1508 4455 secessit,
1552 4389 1645 4445 cui

90 4472 652 4530 mmAlexandreta
683 4474 808 4531 fuit.
853 4473 956 4532 llic
983 4493 1014 4532 a
1057 4474 1397 4548 fugientibus
1432 4480 1647 4536 audivit

883 386 1174 446 ROBEBT!
1206 388 1518 449 HONMilil
1551 390 1731 449 HlST.

1773 391 2147 459 HIEROSOL.
2163 423 2234 436 -——
2268 392 2400 453 ΗΒ.
2439 392 2529 451 VI.
3218 402 3325 459 722

1739 504 1967 572 invenit,
1999 504 2157 576 eique
2203 515 2414 562 secreta
2467 504 2800 563 allocutione
2825 505 2961 563 dixit
2998 527 3011 562 :
3045 529 3063 561 ι
3094 508 3329 569 Domine

1738 595 2056 665 imperator,
2085 596 2259 652 nostri
2290 611 2484 652 revera
2535 595 2888 653 Antiochiam
2921 598 3199 668 obtinent;
3231 601 3327 663 sed

1738 688 2026 744 castellum
2046 687 2193 758 quod
2239 686 2292 742 ei
2321 695 2585 761 superest
2612 687 2795 744 adhuc
2825 686 2992 744 Turci
3022 691 3326 761 possident,

1738 780 2026 835 innumera
2048 778 2359 835 Turcorum
2394 779 2617 851 agmina
2646 795 2745 836 eos
2776 780 2845 836 de
2889 779 3027 836 foris
3049 782 3327 851 obsident,

1736 878 1793 926 et
1817 868 1914 941 qui
1941 870 1996 923 in
2039 871 2265 927 castello
2296 879 2426 927 sunt
2468 870 2621 927 intus
2660 880 2996 942 oppugnant.
3046 869 3156 927 Sed
3196 874 3333 944 quid

1737 976 1904 1032 super
1937 960 2025 1017 bis
2046 970 2237 1029 restat,
2270 961 2380 1017 nisi
2409 961 2544 1032 quia
2571 970 2668 1017 aut
2694 962 2898 1018 mortui
2915 961 3031 1033 jam
3055 972 3204 1031 sunt,
3233 973 3333 1021 aut

1738 1054 1793 1109 in
1826 1053 2076 1125 proximo
2102 1070 2297 1112 omnes
2324 1054 2635 1111 morientur
2654 1055 2678 1110 ?
2697 1054 2783 1111 Tu
2805 1064 3011 1124 autem,
3034 1056 3331 1112 reverenda
3424 1044 3427 1045 ⁷

1736 1146 2057 1217 imperator,
2105 1147 2154 1202 si
2209 1153 2399 1203 nmiro
2433 1146 2615 1205 credis
2648 1146 2908 1215 consilio,
2958 1147 3188 1203 ulterius
3216 1162 3332 1202 non

1738 1237 2125 1309 progredicris,
2156 1238 2253 1295 sed
2289 1238 2360 1295 ad
2392 1239 2586 1296 urbem
2628 1249 2781 1295 tuam
2828 1240 3144 1297 reverteris.
3184 1237 3331 1302 Nam

1734 1342 1853 1385 non
1882 1337 2065 1399 potest
2092 1329 2336 1389 humana
2364 1330 2446 1386 eis
2467 1341 2711 1401 potestas
2733 1332 2839 1387 ulla
2876 1330 3202 1397 subvenire;
3231 1329 3330 1385 sed

1736 1421 1786 1479 si
1814 1420 1943 1477 illuc
1971 1421 2102 1477 ieris
2122 1436 2247 1479 eum
2273 1431 2371 1477 tuo
2396 1422 2641 1483 exercitu
2667 1424 2873 1494 poteris
2900 1422 3142 1480 interire.
3182 1441 3201 1474 ι
3233 1420 3332 1479 liis

1734 1513 1940 1569 auditis
1970 1512 2318 1591 sermonibus
2341 1513 2638 1584 imperator
2671 1515 2828 1570 valde
2856 1504 3030 1571 tristis
3073 1513 3326 1581 edicitur,

1738 1615 1793 1662 et
1818 1605 1969 1677 quod
2013 1605 2064 1661 ei
2096 1604 2315 1663 dixerat
2360 1604 2415 1661 in
2465 1616 2699 1675 secreto,
2726 1606 3068 1678 principibus
3095 1607 3217 1662 suis
3263 1622 3330 1662 ac

1740 1698 2164 1770 magistratibus
2188 1699 2496 1769 propalavit
2538 1700 2596 1755 in
2627 1708 2837 1771 aperto.
2880 1698 3086 1755 Omnes
3116 1698 3328 1754 contri-

1738 1799 1980 1857 stantur,
2007 1800 2435 1862 nostrorumque
2456 1790 2653 1847 funera
2677 1791 3071 1867 lacrymantur.
3101 1788 3234 1853 Erat
3254 1788 3329 1845 ibi

1734 1879 1956 1950 quidam
1980 1879 2159 1947 miles,
2191 1880 2412 1937 nomine
2434 1880 2619 1949 Wido,
2641 1880 2739 1952 qui
2766 1894 2864 1951 per
2893 1878 3148 1935 militiam
3170 1878 3317 1936 cele—

1736 1971 1835 2029 bre
1857 1972 1961 2029 sibi
2003 1987 2202 2035 nomen
2233 1972 2589 2044 aequisicrat,
2621 1971 2970 2045 multumque
3004 1968 3358 2027 Boamundo.

1737 2063 2025 2123 familiaris
2051 2064 2356 2120 exstiterat.
2383 2062 2489 2131 Qui
2520 2079 2646 2119 cum
2675 2063 2783 2120 hoc
2827 2062 3094 2131 audisset,
3122 2062 3201 2118 ita
3243 2062 3331 2118 in—

1736 2157 1936 2225 doluit,
1963 2158 2111 2230 quod
2143 2172 2209 2213 ac
2253 2157 2303 2213 si
2349 2164 2606 2213 mortuus
2628 2163 2797 2221 esset,
2828 2155 2884 2210 in
2909 2163 3056 2211 terra
3094 2155 3328 2213 corruit.

1738 2247 1807 2311 Et
1826 2263 1954 2311 cum
1984 2256 2266 2320 resumpto
2289 2247 2487 2319 spiritu
2509 2246 2581 2302 ab
2620 2246 2713 2302 illa
2760 2246 2962 2303 mentis
2998 2246 3335 2305 alienatione

1739 2348 2127 2407 reverteretur,
2159 2338 2288 2395 ﬂere
2311 2337 2671 2405 immoderate
2700 2335 3199 2408 ccepit,gcnasque
3226 2351 3333 2390 un-

1739 2430 1939 2503 guibus
1965 2431 2248 2499 sulcando,
2264 2431 2448 2488 crines
2472 2430 2729 2486 manibus
2755 2427 3120 2499 decerpendo,
3139 2442 3334 2484 omnes

1739 2523 1969 2594 cogebat
1990 2522 2059 2578 ad
2087 2523 2316 2589 luctum,
2350 2521 2676 2593 dicebatque
2703 2520 2819 2594 (50)
2848 2538 2862 2574 :
2900 2538 2921 2572 ι
2950 2516 2996 2574 0
3038 2516 3185 2585 Deus
3208 2533 3332 2575 om-

1741 2613 2016 2685 nipotens,
2049 2612 2141 2669 ubi
2161 2621 2247 2669 est
2265 2614 2444 2670 virtus
2473 2612 2611 2668 tua?
2644 2610 2705 2666 Si
2722 2610 3085 2681 omnipotens
3113 2624 3198 2675 es,
3227 2624 3331 2665 cur

1740 2704 1856 2762 haec
1869 2705 1984 2763 fieri
2006 2705 2370 2762 consensisti?
2391 2719 2574 2769 nomne
2592 2712 2751 2761 erant
2772 2711 2828 2759 et
2855 2701 3059 2758 milites
3080 2700 3159 2755 tui
3171 2707 3227 2756 et
3238 2715 3333 2770 pc-

1743 2797 1978 2870 regrini?
2000 2797 2136 2864 Quis
2157 2812 2401 2868 unquam
2424 2812 2541 2864 rex,
2561 2804 2660 2855 aut
2683 2795 3000 2866 imperator,
3023 2801 3335 2864 autpotens

1742 2889 2010 2951 Dominus
2033 2886 2299 2945 familiam
2324 2904 2484 2944 suam
2530 2887 2607 2943 ita
2636 2885 2888 2957 permisit
2910 2882 3110 2950 occidi,
3138 2884 3185 2939 si
3219 2882 3331 2938 ulla

1742 2981 1911 3038 modo
1938 2980 2114 3052 potuit
2141 2980 2400 3051 adjuvare
2418 2980 2441 3034 ?
2460 2978 2598 3046 Quis
2611 2979 2718 3034 erit
2740 2992 2986 3048 unquam
3015 2977 3176 3033 miles
3200 2984 3329 3032 tuus

1742 3085 1838 3135 aut
1871 3074 2235 3148 peregrinus?
2262 3072 2309 3129 0
2360 3072 2698 3139 Boamunde,
2743 3072 2920 3127 honor
2956 3070 3191 3126 aliorum
3229 3068 3332 3124 du-

1743 3184 1893 3235 cum,
1924 3183 2129 3225 corona
2164 3166 2502 3237 sapientum,
2543 3165 2718 3239 gloria
2772 3163 3039 3233 militum,
3083 3161 3332 3218 solamen

1743 3258 2139 3326 desolatorum,
2174 3257 2347 3312 robur
2390 3255 2619 3322 militiae,
2649 3264 2705 3310 et
2734 3254 2903 3311 totius
2929 3251 3121 3309 mundi
3161 3250 3331 3307 decus

1743 3350 1978 3423 insigne,
2000 3366 2100 3406 cur
2125 3349 2224 3406 tibi
2260 3348 2369 3407 tale
2404 3348 2770 3404 infortunium
2795 3346 3044 3434 contigit)
3086 3353 3147 3401 ut
3185 3342 3331 3398 Tur-

1742 3459 1933 3502 eorum
1961 3442 2203 3501 ludibrio
2224 3442 2581 3514 subjueeres?
2606 3439 2746 3508 lien,
2771 3440 2899 3496 heu!
2921 3454 3022 3494 cur
3042 3436 3178 3492 mihi
3199 3450 3334 3492 con-

1742 3550 1962 3593 cessum
2004 3544 2092 3592 est
2120 3534 2303 3591 vivere
2331 3543 2455 3605 post
2490 3535 2577 3590 te?
2614 3549 2739 3604 qua:
2774 3531 2909 3588 mihi
2953 3530 3185 3601 posthac
3238 3529 3334 3584 lux

1742 3634 1921 3698 grata,
1944 3641 2069 3697 quae
2092 3626 2307 3697 species
2335 3640 2575 3693 amcena,
2603 3640 2730 3695 quae
2761 3622 2932 3695 gloria
2967 3618 3329 3684 delectabilis.

1742 3736 1871 3791 quae
1905 3719 2016 3777 vita
2035 3719 2304 3791 jucunda,
2327 3728 2382 3776 te
2404 3719 2633 3779 minime
2653 3715 2985 3788 superstite?
3012 3712 3057 3770 0
3082 3712 3249 3780 Deus,
3284 3711 3337 3769 si

1743 3826 1936 3869 verum
1958 3820 2044 3869 est
2064 3811 2212 3882 quod
2240 3812 2344 3868 iste
2365 3810 2773 3884 nugacissimus
2784 3818 2838 3865 et
2862 3808 3125 3879 fugitivus
3142 3818 3334 3861 eomes

1743 3903 1949 3970 attulit,
1975 3901 2109 3973 quid
2132 3902 2372 3973 amplius
2417 3918 2524 3960 erit
2549 3902 2619 3958 de
2665 3900 2754 3956 via
2787 3898 3027 3971 sepulcri
3059 3897 3163 3964 tui,
3206 3910 3333 3966 qua

1744 4011 1913 4053 causa
1938 3995 2012 4052 ita
2033 3995 2206 4055 occisi
2240 4003 2389 4061 sunt,
2411 3996 2573 4067 quasi
2599 3994 2886 4050 dominum
2912 4003 3023 4051 non
3070 3991 3336 4047 haberent

1744 4085 1890 4147 servi
1914 4084 2034 4145 tui?
2058 4083 2107 4139 Ο
2133 4083 2471 4152 Boamunde,
2500 4085 2595 4141 ubi
2624 4093 2711 4140 est
2731 4085 2821 4143 illa
2860 4083 2995 4139 ﬁdes
3021 4091 3136 4148 tua,
3161 4094 3330 4151 quam

1745 4192 1963 4248 semper
2002 4175 2244 4233 habuisti
2292 4176 2348 4231 in
2400 4175 2685 4232 Salvatore
2737 4184 2832 4230 tuo
2880 4173 3114 4229 Domino
3142 4180 3334 4228 nostro

1744 4270 1876 4330 Iesu
1896 4269 2142 4327 Christo.
2162 4268 2209 4326 0
2233 4269 2534 4341 imperator
2553 4277 2607 4327 et
2625 4267 2829 4340 egregii
2850 4266 3073 4331 milites,
3097 4263 3194 4335 qui
3218 4278 3334 4318 me-

1745 4380 1873 4420 cum
1896 4372 2050 4420 tanta
2079 4369 2468 4431 tantorumque
2488 4359 2683 4419 funera
2707 4358 2924 4431 lugetis,
2949 4357 3076 4428 quis
3094 4353 3336 4427 perfecte

1746 4455 1972 4513 credere
1998 4460 2198 4525 potest,
2230 4452 2379 4523 quod
2408 4460 2562 4508 tanta
2604 4450 2802 4507 militia
2827 4450 2907 4505 sic
2934 4445 3198 4519 perierit?
3226 4443 3337 4502 Pro

90 4556 205 4617 hanc
218 4562 281 4619 de
300 4567 515 4624 nostris
533 4567 885 4635 relationem,
925 4538 1189 4627 ωοηωιῖι
1235 4570 1359 4625 ιιι-ω
1388 4571 1644 4641 praemi.
1676 4576 1721 4634 ι)
1744 4556 1899 4605 certo
1920 4547 1968 4604 si
2010 4547 2067 4603 in
2089 4545 2280 4641 medio
2308 4558 2509 4615 campo
2538 4543 2609 4600 ab
2652 4542 2804 4600 omni
2848 4540 3106 4641 orientali
3132 4538 3337 4641 populo

89 4656 532 4728 nentiaascendit,
560 4668 629 4717 ιιι
665 4632 1157 4731 γίιίετεινφιίάηιω
1185 4671 1351 4729 εδει,
1384 4632 1643 4721 Quamne
1679 4632 1692 4634 “
1751 4638 2105 4731 circumsepti
2126 4636 2533 4731 fuissent,_non
2555 4644 2684 4692 ante
2719 4650 2913 4731 omnes
2948 4632 3335 4731 occiderentur

90 4745 249 4804 relatio
286 4765 414 4807 vera
466 4751 652 4807 ﬂeret.
699 4750 806 4807 Sed
859 4751 1281 4809 innumerabilia
1332 4752 1640 4811 Turcorum

88 4840 270 4904 agmina
292 4858 324 4898 a
356 4845 524 4916 longe
550 4844 861 4915 conspexit,
899 4854 1229 4915 nostrosque
1257 4845 1401 4902 intra
1452 4844 1644 4903 urbem

91 4929 297 4991 inclusos
327 4950 455 4992 esse
495 4935 900 5007 deprehendit;
944 4945 1002 4993 et
1050 4938 1376 5008 perterritus
1423 4939 1641 5007 timore,

88 5024 266 5096 aufugit
286 5030 424 5101 (49),
454 5039 515 5086 et
534 5028 613 5085 ad
642 5039 888 5086 castrum
926 5046 1091 5087 suum
1108 5044 1370 5089 remeans
1392 5031 1642 5088 funditus

86 5117 393 5189 exspoliavit,
419 5127 479 5177 et
509 5121 602 5177 sic
627 5134 819 5177 versu
841 5120 1375 5193 Constantinopolim
1396 5123 1648 5194 equitare

88 5208 240 5276 urpit.
276 5210 354 5267 1111
383 5228 522 5270 vero
551 5212 657 5284 qui
707 5213 765 5268 in
794 5213 929 5269 urbe
965 5213 1378 5284 obsidebantur,
1429 5229 1649 5272 summo

88 5297 322 5361 desiderio
341 5305 655 5362 adventum
702 5307 823 5378 eius
872 5308 1347 5378 praestolabantur,
1395 5317 1650 5380 putantes

88 5395 207 5459 quod
230 5396 626 5470 imperatorem
649 5414 836 5457 secum
876 5402 1187 5470 adduceret,
1208 5411 1267 5459 et
1301 5417 1428 5458 cum
1463 5416 1531 5458 eo
1564 5417 1651 5459 re-

92 5482 526 5548 busnecessariis'
550 5502 924 5551 succurreret.
971 5494 1043 5549 At
1091 5494 1211 5565 ipse
1255 5494 1312 5549 in
1366 5493 1649 5551 diversum

88 5578 305 5652 tandem,
325 5594 389 5641 ut
430 5585 506 5643 ad
528 5584 917 5642 Philumenam
940 5588 1111 5656 venit,
1150 5588 1535 5659 imperator-em
1574 5589 1652 5644 ibi

1749 4745 1916 4801 quam
1946 4727 2359 4783 ulciscerentur.
2388 4723 2545 4781 Nunc
2569 4733 2750 4783 autem
2781 4731 2837 4779 et
2855 4722 3132 4778 civitatem
3164 4719 3333 4774 habe-

1752 4819 1904 4886 bant,
1945 4818 2000 4872 in
2029 4832 2138 4887 qua
2165 4832 2226 4873 se
2260 4815 2555 4872 defendere
2572 4823 2849 4887 poterant,
2878 4822 2934 4869 et
2971 4812 3048 4867 ita
3076 4811 3339 4866 intereme

1748 4908 1831 4979 pti
1877 4908 2048 4965 sunt?
2091 4905 2136 4965 0
2178 4891 2511 4979 imperator,
2557 4904 2867 4962 certissime
2907 4902 3075 4968 scias,
3112 4899 3240 4971 quia
3288 4899 3336 4955 si

1755 4999 1923 5056 Turci
1958 5008 2192 5078 nostros
2212 4999 2552 5066 occiderunt,
2582 4997 2742 5068 pauci
2769 4996 2838 5052 de
2886 4994 3024 5065 ipsis
3056 5006 3337 5048 remanse-

1750 5105 1898 5151 runt.
1914 5092 2206 5165 Propterea
2232 5108 2299 5148 ne
2322 5108 2356 5163 p
2372 5106 2536 5147 aveas
2552 5090 2682 5145 illuc
2706 5088 2805 5154 ire,
2836 5085 2964 5158 quia
2986 5082 3347 5143 Antiochiam.

1750 5184 1994 5255 recipere
2045 5181 2270 5255 poteris.
2309 5200 2329 5232 ι
2356 5179 2659 5250 Imperator
2694 5176 2929 5233 consilio
2969 5174 3115 5229 illius
3165 5172 3334 5227 noluit

1751 5291 2045 5333 assensum
2077 5274 2339 5345 praebere,
2385 5270 2569 5328 verbis
2612 5269 2857 5342 nugacis,
2895 5256 3220 5340 fugitivique
3252 5280 3320 5322 co

1756 5378 1911 5435 mitis
1935 5375 2168 5435 nimium
2206 5373 2487 5441 credulus,
2520 5371 2615 5429 sed
2662 5379 2810 5427 retro
2834 5369 3135 5431 destinavit
3162 5369 3336 5434 abire,

1746 5479 2137 5551 Bulgariucque
2163 5476 2283 5532 loca
2308 5473 2573 5546 pmcepit
2588 5473 2892 5540 devastarc,
2916 5479 2978 5527 ut
3009 5471 3058 5527 si
3088 5468 3255 5525 Turci
3282 5468 3336 5523 iu

1756 5595 1939 5658 partes
1982 5585 2106 5639 illas
2149 5579 2516 5654 pervenirent,
2567 5579 2713 5635 nihil
2751 5577 2969 5650 penitus
3010 5575 3333 5632 invenirent.

1133 5700 1442 5758 NOTULIE
1482 5698 1933 5760 MARGIN'ALES
1969 5697 2080 5753 MS.
2116 5692 2271 5752 COD.

98 5781 187 5856 (i9)
215 5785 411 5865 gensul
434 5788 726 5865 Carnotis,
757 5790 885 5865 urbs
912 5792 1109 5865 inclyta
1141 5792 1419 5862 charaque
1445 5784 1589 5851 notis

219 5854 458 5927 Territus
481 5860 730 5935 aufugit,
758 5862 948 5919 bellum
976 5854 1265 5940 sociosque
1297 5854 1531 5943 reliquit.

1762 5790 1876 5863 (50)
1913 5790 2089 5847 Guido
2128 5787 2290 5845 nimis
2345 5787 2550 5862 plorat,
2606 5784 2897 5844 Dominum
2949 5797 3073 5840 cum
3095 5778 3333 5929 [salsus
