  <div class='ocr_page' id='page_1' title='image "/cluster/home/n/w/nwhite01/storage/ocr_20150623/155/hvd.32044015473838/367.png"; bbox 0 0 3846 6306; ppageno 0'>
   <div class='ocr_carea' id='block_1_1' title="bbox 512 391 622 449">
    <p class='ocr_par' dir='ltr' id='par_1_1' title="bbox 512 391 622 449">
     <span class='ocr_line' id='line_1_1' title="bbox 512 391 622 449; baseline 0 0"><span class='ocrx_word' id='word_1_1' title='bbox 512 391 622 449; x_wconf 65' lang='lat'><strong>735</strong></span> 
     </span>
    </p>
   </div>
   <div class='ocr_carea' id='block_1_2' title="bbox 1119 357 3719 445">
    <p class='ocr_par' dir='ltr' id='par_1_2' title="bbox 1119 357 3719 445">
     <span class='ocr_line' id='line_1_2' title="bbox 1119 357 3719 445; baseline -0.008 -3"><span class='ocrx_word' id='word_1_2' title='bbox 1119 387 1208 442; x_wconf 83' lang='lat' dir='ltr'><strong>AD</strong></span> <span class='ocrx_word' id='word_1_3' title='bbox 1245 381 1690 445; x_wconf 78' lang='lat' dir='ltr'><strong>GODEFRIDUM</strong></span> <span class='ocrx_word' id='word_1_4' title='bbox 1727 377 2015 435; x_wconf 81' lang='lat' dir='ltr'><strong>APPEND.</strong></span> <span class='ocrx_word' id='word_1_5' title='bbox 2057 375 2118 433; x_wconf 82' lang='grc' dir='ltr'><strong>ιι.</strong></span> <span class='ocrx_word' id='word_1_6' title='bbox 2158 408 2226 415; x_wconf 90' lang='grc'><strong><em>-</em></strong></span> <span class='ocrx_word' id='word_1_7' title='bbox 2262 373 2532 434; x_wconf 75' lang='lat' dir='ltr'><strong>norunt.</strong></span> <span class='ocrx_word' id='word_1_8' title='bbox 2574 373 2663 429; x_wconf 88' lang='lat' dir='ltr'><strong>DE</strong></span> <span class='ocrx_word' id='word_1_9' title='bbox 2697 371 2924 430; x_wconf 82' lang='lat' dir='ltr'><strong>BELLO</strong></span> <span class='ocrx_word' id='word_1_10' title='bbox 2957 357 3198 428; x_wconf 62' lang='lat' dir='ltr'><strong>saeuo:</strong></span> <span class='ocrx_word' id='word_1_11' title='bbox 3629 360 3719 420; x_wconf 56' lang='grc' dir='ltr'><strong>τίς</strong></span> 
     </span>
    </p>
   </div>
   <div class='ocr_carea' id='block_1_3' title="bbox 511 467 3721 578">
    <p class='ocr_par' dir='ltr' id='par_1_3' title="bbox 511 467 3721 578">
     <span class='ocr_line' id='line_1_3' title="bbox 511 467 3721 578; baseline -0.011 -15"><span class='ocrx_word' id='word_1_12' title='bbox 511 508 653 563; x_wconf 84' lang='lat' dir='ltr'><strong>Cum</strong></span> <span class='ocrx_word' id='word_1_13' title='bbox 683 505 803 578; x_wconf 83' lang='lat' dir='ltr'><strong>ipso</strong></span> <span class='ocrx_word' id='word_1_14' title='bbox 828 503 1028 575; x_wconf 88' lang='lat' dir='ltr'><strong>pariter</strong></span> <span class='ocrx_word' id='word_1_15' title='bbox 1055 509 1109 557; x_wconf 91' lang='lat' dir='ltr'><strong>et</strong></span> <span class='ocrx_word' id='word_1_16' title='bbox 1128 502 1244 573; x_wconf 87' lang='lat' dir='ltr'><strong>ipse</strong></span> <span class='ocrx_word' id='word_1_17' title='bbox 1275 499 1458 567; x_wconf 86' lang='lat' dir='ltr'><strong>Wido,</strong></span> <span class='ocrx_word' id='word_1_18' title='bbox 1481 507 1534 554; x_wconf 89' lang='lat' dir='ltr'><strong>et</strong></span> <span class='ocrx_word' id='word_1_19' title='bbox 1563 496 1640 552; x_wconf 82' lang='lat' dir='ltr'><strong>illi</strong></span> <span class='ocrx_word' id='word_1_20' title='bbox 1675 493 1772 566; x_wconf 86' lang='lat' dir='ltr'><strong>qui</strong></span> <span class='ocrx_word' id='word_1_21' title='bbox 1814 509 1938 550; x_wconf 89' lang='lat' dir='ltr'><strong>cum</strong></span> <span class='ocrx_word' id='word_1_22' title='bbox 1973 493 2093 564; x_wconf 91' lang='lat' dir='ltr'><strong>ipso</strong></span> <span class='ocrx_word' id='word_1_23' title='bbox 2122 500 2169 558; x_wconf 77' lang='grc' dir='ltr'><strong>Α</strong></span> <span class='ocrx_word' id='word_1_24' title='bbox 2194 491 2326 548; x_wconf 91' lang='lat' dir='ltr'><strong>latio</strong></span> <span class='ocrx_word' id='word_1_25' title='bbox 2349 488 2593 544; x_wconf 72' lang='lat' dir='ltr'><strong>destituti</strong></span> <span class='ocrx_word' id='word_1_26' title='bbox 2619 497 2776 554; x_wconf 90' lang='lat' dir='ltr'><strong>sunt;</strong></span> <span class='ocrx_word' id='word_1_27' title='bbox 2819 495 2874 542; x_wconf 90' lang='lat' dir='ltr'><strong>et</strong></span> <span class='ocrx_word' id='word_1_28' title='bbox 2921 502 3019 578; x_wconf 84' lang='lat' dir='ltr'><strong>per</strong></span> <span class='ocrx_word' id='word_1_29' title='bbox 3052 482 3241 555; x_wconf 77' lang='lat' dir='ltr'><strong>viginti</strong></span> <span class='ocrx_word' id='word_1_30' title='bbox 3279 467 3584 578; x_wconf 29' lang='lat' dir='ltr'><strong>fere‘diesf</strong></span> <span class='ocrx_word' id='word_1_31' title='bbox 3623 488 3721 530; x_wconf 77' lang='lat' dir='ltr'><strong>cum</strong></span> 
     </span>
    </p>
   </div>
   <div class='ocr_carea' id='block_1_4' title="bbox 515 585 2093 668">
    <p class='ocr_par' dir='ltr' id='par_1_4' title="bbox 515 585 2093 668">
     <span class='ocr_line' id='line_1_4' title="bbox 515 585 2093 668; baseline -0.011 -13"><span class='ocrx_word' id='word_1_32' title='bbox 515 602 848 668; x_wconf 81' lang='lat' dir='ltr'><strong>imperatore</strong></span> <span class='ocrx_word' id='word_1_33' title='bbox 885 597 1078 660; x_wconf 86' lang='lat' dir='ltr'><strong>ierant,</strong></span> <span class='ocrx_word' id='word_1_34' title='bbox 1107 593 1311 649; x_wconf 81' lang='lat' dir='ltr'><strong>reversi</strong></span> <span class='ocrx_word' id='word_1_35' title='bbox 1338 598 1496 657; x_wconf 90' lang='lat' dir='ltr'><strong>sunt;</strong></span> <span class='ocrx_word' id='word_1_36' title='bbox 1527 587 1655 659; x_wconf 86' lang='lat' dir='ltr'><strong>quia</strong></span> <span class='ocrx_word' id='word_1_37' title='bbox 1694 587 1835 642; x_wconf 90' lang='lat' dir='ltr'><strong>ultra</strong></span> <span class='ocrx_word' id='word_1_38' title='bbox 1871 585 1953 640; x_wconf 89' lang='lat' dir='ltr'><strong>ire</strong></span> <span class='ocrx_word' id='word_1_39' title='bbox 1979 599 2093 639; x_wconf 85' lang='lat' dir='ltr'><strong>non</strong></span> 
     </span>
    </p>
   </div>
   <div class='ocr_carea' id='block_1_5' title="bbox 514 679 2092 761">
    <p class='ocr_par' dir='ltr' id='par_1_5' title="bbox 514 679 2092 761">
     <span class='ocr_line' id='line_1_5' title="bbox 514 679 2092 761; baseline -0.01 -14"><span class='ocrx_word' id='word_1_40' title='bbox 514 696 1004 761; x_wconf 63' lang='lat' dir='ltr'><strong>praesumpserunt.</strong></span> <span class='ocrx_word' id='word_1_41' title='bbox 1027 685 1118 741; x_wconf 85' lang='lat' dir='ltr'><strong>Sic</strong></span> <span class='ocrx_word' id='word_1_42' title='bbox 1143 685 1306 755; x_wconf 81' lang='lat' dir='ltr'><strong>igitur</strong></span> <span class='ocrx_word' id='word_1_43' title='bbox 1336 682 1508 739; x_wconf 86' lang='lat' dir='ltr'><strong>nostri</strong></span> <span class='ocrx_word' id='word_1_44' title='bbox 1547 679 1696 736; x_wconf 88' lang='lat' dir='ltr'><strong>omni</strong></span> <span class='ocrx_word' id='word_1_45' title='bbox 1728 679 1970 733; x_wconf 83' lang='lat' dir='ltr'><strong>humano</strong></span> <span class='ocrx_word' id='word_1_46' title='bbox 2000 690 2092 731; x_wconf 58' lang='lat' dir='ltr'><strong>so.</strong></span> 
     </span>
    </p>
   </div>
   <div class='ocr_carea' id='block_1_6' title="bbox 2196 572 3726 649">
    <p class='ocr_par' dir='ltr' id='par_1_6' title="bbox 2196 572 3726 649">
     <span class='ocr_line' id='line_1_6' title="bbox 2196 572 3726 649; baseline -0.006 -10"><span class='ocrx_word' id='word_1_47' title='bbox 2196 582 2448 639; x_wconf 89' lang='lat' dir='ltr'><strong>hostibus</strong></span> <span class='ocrx_word' id='word_1_48' title='bbox 2469 589 2523 636; x_wconf 91' lang='lat' dir='ltr'><strong>et</strong></span> <span class='ocrx_word' id='word_1_49' title='bbox 2549 579 2713 648; x_wconf 84' lang='lat' dir='ltr'><strong>fame,</strong></span> <span class='ocrx_word' id='word_1_50' title='bbox 2737 593 2861 636; x_wconf 89' lang='lat' dir='ltr'><strong>cum</strong></span> <span class='ocrx_word' id='word_1_51' title='bbox 2885 577 3064 649; x_wconf 74' lang='lat' dir='ltr'><strong>gladio</strong></span> <span class='ocrx_word' id='word_1_52' title='bbox 3087 584 3141 632; x_wconf 91' lang='lat' dir='ltr'><strong>et</strong></span> <span class='ocrx_word' id='word_1_53' title='bbox 3161 574 3380 648; x_wconf 83' lang='lat' dir='ltr'><strong>penuria</strong></span> <span class='ocrx_word' id='word_1_54' title='bbox 3404 572 3726 630; x_wconf 72' lang='lat' dir='ltr'><strong>indesinenter</strong></span> 
     </span>
    </p>
   </div>
   <div class='ocr_carea' id='block_1_7' title="bbox 2198 673 2633 729">
    <p class='ocr_par' dir='ltr' id='par_1_7' title="bbox 2198 673 2633 729">
     <span class='ocr_line' id='line_1_7' title="bbox 2198 673 2633 729; baseline -0.011 0"><span class='ocrx_word' id='word_1_55' title='bbox 2198 673 2633 729; x_wconf 90' lang='lat' dir='ltr'><strong>decertaverunt.</strong></span> 
     </span>
    </p>
   </div>
   <div class='ocr_carea' id='block_1_8' title="bbox 1711 803 2607 866">
    <p class='ocr_par' dir='ltr' id='par_1_8' title="bbox 1711 803 2607 866">
     <span class='ocr_line' id='line_1_8' title="bbox 1711 803 2607 866; baseline -0.008 0"><span class='ocrx_word' id='word_1_56' title='bbox 1711 808 2028 866; x_wconf 80' lang='lat' dir='ltr'><strong>EXPLICIT</strong></span> <span class='ocrx_word' id='word_1_57' title='bbox 2069 805 2274 861; x_wconf 80' lang='lat' dir='ltr'><strong>LIBER</strong></span> <span class='ocrx_word' id='word_1_58' title='bbox 2313 803 2607 861; x_wconf 81' lang='lat' dir='ltr'><strong>SEXTUS.</strong></span> 
     </span>
    </p>
   </div>
   <div class='ocr_carea' id='block_1_9' title="bbox 1360 974 2948 1072">
    <p class='ocr_par' dir='ltr' id='par_1_9' title="bbox 1360 974 2948 1072">
     <span class='ocr_line' id='line_1_9' title="bbox 1360 974 2948 1072; baseline -0.006 1"><span class='ocrx_word' id='word_1_59' title='bbox 1360 980 1821 1072; x_wconf 84' lang='lat' dir='ltr'><strong>INCIPIT</strong></span> <span class='ocrx_word' id='word_1_60' title='bbox 1891 975 2250 1065; x_wconf 76' lang='lat' dir='ltr'><strong>LIBER</strong></span> <span class='ocrx_word' id='word_1_61' title='bbox 2321 974 2948 1066; x_wconf 84' lang='lat' dir='ltr'><strong>SEPTIMUS.</strong></span> 
     </span>
    </p>
   </div>
   <div class='ocr_carea' id='block_1_10' title="bbox 1017 1130 1579 1193">
    <p class='ocr_par' dir='ltr' id='par_1_10' title="bbox 1017 1130 1579 1193">
     <span class='ocr_line' id='line_1_10' title="bbox 1017 1130 1579 1193; baseline -0.014 0"><span class='ocrx_word' id='word_1_62' title='bbox 1017 1136 1246 1193; x_wconf 83' lang='lat' dir='ltr'><strong>CAPUT</strong></span> <span class='ocrx_word' id='word_1_63' title='bbox 1285 1130 1579 1190; x_wconf 72' lang='lat' dir='ltr'><strong>PRIMUM.</strong></span> 
     </span>
    </p>
   </div>
   <div class='ocr_carea' id='block_1_11' title="bbox 591 1215 2098 1303">
    <p class='ocr_par' dir='ltr' id='par_1_11' title="bbox 591 1215 2098 1303">
     <span class='ocr_line' id='line_1_11' title="bbox 591 1215 2098 1303; baseline -0.013 -15"><span class='ocrx_word' id='word_1_64' title='bbox 591 1233 838 1303; x_wconf 75' lang='lat' dir='ltr'><strong>Superba</strong></span> <span class='ocrx_word' id='word_1_65' title='bbox 880 1231 1054 1302; x_wconf 87' lang='lat' dir='ltr'><strong>pietas</strong></span> <span class='ocrx_word' id='word_1_66' title='bbox 1107 1229 1357 1284; x_wconf 87' lang='lat' dir='ltr'><strong>humano</strong></span> <span class='ocrx_word' id='word_1_67' title='bbox 1408 1222 1688 1282; x_wconf 83' lang='lat' dir='ltr'><strong>destitutis</strong></span> <span class='ocrx_word' id='word_1_68' title='bbox 1743 1218 1950 1275; x_wconf 83' lang='lat' dir='ltr'><strong>auxilio</strong></span> <span class='ocrx_word' id='word_1_69' title='bbox 1991 1215 2098 1270; x_wconf 89' lang='lat' dir='ltr'><strong>nisi</strong></span> 
     </span>
    </p>
   </div>
   <div class='ocr_carea' id='block_1_12' title="bbox 519 1308 2099 1396">
    <p class='ocr_par' dir='ltr' id='par_1_12' title="bbox 519 1308 2099 1396">
     <span class='ocr_line' id='line_1_12' title="bbox 519 1308 2099 1396; baseline -0.01 -20"><span class='ocrx_word' id='word_1_70' title='bbox 519 1322 875 1396; x_wconf 71' lang='lat' dir='ltr'><strong>prmvidisset,</strong></span> <span class='ocrx_word' id='word_1_71' title='bbox 909 1337 973 1378; x_wconf 90' lang='lat' dir='ltr'><strong>ex</strong></span> <span class='ocrx_word' id='word_1_72' title='bbox 1004 1320 1378 1391; x_wconf 82' lang='lat' dir='ltr'><strong>Francigenis,</strong></span> <span class='ocrx_word' id='word_1_73' title='bbox 1412 1317 1525 1389; x_wconf 90' lang='lat' dir='ltr'><strong>jam</strong></span> <span class='ocrx_word' id='word_1_74' title='bbox 1562 1314 1774 1372; x_wconf 78' lang='lat' dir='ltr'><strong>civibus</strong></span> <span class='ocrx_word' id='word_1_75' title='bbox 1809 1308 2099 1363; x_wconf 82' lang='lat' dir='ltr'><strong>Antioche-</strong></span> 
     </span>
    </p>
   </div>
   <div class='ocr_carea' id='block_1_13' title="bbox 519 1401 2099 1483">
    <p class='ocr_par' dir='ltr' id='par_1_13' title="bbox 519 1401 2099 1483">
     <span class='ocr_line' id='line_1_13' title="bbox 519 1401 2099 1483; baseline -0.007 -15"><span class='ocrx_word' id='word_1_76' title='bbox 519 1401 624 1480; x_wconf 85' lang='lat' dir='ltr'><strong>uis,</strong></span> <span class='ocrx_word' id='word_1_77' title='bbox 659 1413 843 1469; x_wconf 91' lang='lat' dir='ltr'><strong>nullus</strong></span> <span class='ocrx_word' id='word_1_78' title='bbox 866 1420 1200 1483; x_wconf 79' lang='lat' dir='ltr'><strong>superesset.</strong></span> <span class='ocrx_word' id='word_1_79' title='bbox 1238 1408 1344 1474; x_wconf 82' lang='lat' dir='ltr'><strong>Sed</strong></span> <span class='ocrx_word' id='word_1_80' title='bbox 1376 1423 1501 1464; x_wconf 92' lang='lat' dir='ltr'><strong>cum</strong></span> <span class='ocrx_word' id='word_1_81' title='bbox 1519 1407 1633 1478; x_wconf 90' lang='lat' dir='ltr'><strong>jam</strong></span> <span class='ocrx_word' id='word_1_82' title='bbox 1665 1406 1776 1461; x_wconf 90' lang='lat' dir='ltr'><strong>vita</strong></span> <span class='ocrx_word' id='word_1_83' title='bbox 1799 1404 2099 1460; x_wconf 74' lang='lat' dir='ltr'><strong>diuiderent</strong></span> 
     </span>
    </p>
   </div>
   <div class='ocr_carea' id='block_1_14' title="bbox 512 1493 2100 1574">
    <p class='ocr_par' dir='ltr' id='par_1_14' title="bbox 512 1493 2100 1574">
     <span class='ocr_line' id='line_1_14' title="bbox 512 1493 2100 1574; baseline -0.007 -16"><span class='ocrx_word' id='word_1_84' title='bbox 512 1502 810 1574; x_wconf 85' lang='lat' dir='ltr'><strong>omniaque</strong></span> <span class='ocrx_word' id='word_1_85' title='bbox 860 1511 1092 1558; x_wconf 89' lang='lat' dir='ltr'><strong>mortem</strong></span> <span class='ocrx_word' id='word_1_86' title='bbox 1142 1501 1496 1566; x_wconf 86' lang='lat' dir='ltr'><strong>intentarent,</strong></span> <span class='ocrx_word' id='word_1_87' title='bbox 1525 1497 1730 1569; x_wconf 82' lang='lat' dir='ltr'><strong>placuit</strong></span> <span class='ocrx_word' id='word_1_88' title='bbox 1777 1495 1890 1551; x_wconf 91' lang='lat' dir='ltr'><strong>Deo</strong></span> <span class='ocrx_word' id='word_1_89' title='bbox 1911 1493 2100 1549; x_wconf 86' lang='lat' dir='ltr'><strong>Salva-</strong></span> 
     </span>
    </p>
   </div>
   <div class='ocr_carea' id='block_1_15' title="bbox 513 1586 2094 1668">
    <p class='ocr_par' dir='ltr' id='par_1_15' title="bbox 513 1586 2094 1668">
     <span class='ocr_line' id='line_1_15' title="bbox 513 1586 2094 1668; baseline -0.007 -17"><span class='ocrx_word' id='word_1_90' title='bbox 513 1595 620 1652; x_wconf 89' lang='lat' dir='ltr'><strong>tori</strong></span> <span class='ocrx_word' id='word_1_91' title='bbox 646 1595 781 1666; x_wconf 79' lang='lat' dir='ltr'><strong>Regi</strong></span> <span class='ocrx_word' id='word_1_92' title='bbox 832 1610 1022 1668; x_wconf 88' lang='lat' dir='ltr'><strong>regum</strong></span> <span class='ocrx_word' id='word_1_93' title='bbox 1061 1593 1191 1650; x_wconf 84' lang='lat' dir='ltr'><strong>Jesu</strong></span> <span class='ocrx_word' id='word_1_94' title='bbox 1223 1592 1465 1658; x_wconf 76' lang='lat' dir='ltr'><strong>Christo,</strong></span> <span class='ocrx_word' id='word_1_95' title='bbox 1500 1598 1560 1646; x_wconf 92' lang='lat' dir='ltr'><strong>ut</strong></span> <span class='ocrx_word' id='word_1_96' title='bbox 1583 1588 1800 1646; x_wconf 82' lang='lat' dir='ltr'><strong>cuidam</strong></span> <span class='ocrx_word' id='word_1_97' title='bbox 1824 1586 2094 1644; x_wconf 82' lang='lat' dir='ltr'><strong>sacerdoti</strong></span> 
     </span>
    </p>
   </div>
   <div class='ocr_carea' id='block_1_16' title="bbox 517 1678 2094 1760">
    <p class='ocr_par' dir='ltr' id='par_1_16' title="bbox 517 1678 2094 1760">
     <span class='ocr_line' id='line_1_16' title="bbox 517 1678 2094 1760; baseline -0.008 -16"><span class='ocrx_word' id='word_1_98' title='bbox 517 1703 621 1744; x_wconf 89' lang='lat' dir='ltr'><strong>suo</strong></span> <span class='ocrx_word' id='word_1_99' title='bbox 642 1696 931 1760; x_wconf 88' lang='lat' dir='ltr'><strong>appareret</strong></span> <span class='ocrx_word' id='word_1_100' title='bbox 968 1686 1108 1757; x_wconf 80' lang='lat' dir='ltr'><strong>(5i),</strong></span> <span class='ocrx_word' id='word_1_101' title='bbox 1145 1686 1274 1742; x_wconf 89' lang='lat' dir='ltr'><strong>dum</strong></span> <span class='ocrx_word' id='word_1_102' title='bbox 1303 1685 1540 1755; x_wconf 90' lang='lat' dir='ltr'><strong>quadam</strong></span> <span class='ocrx_word' id='word_1_103' title='bbox 1571 1691 1730 1737; x_wconf 91' lang='lat' dir='ltr'><strong>nocte</strong></span> <span class='ocrx_word' id='word_1_104' title='bbox 1772 1681 1829 1735; x_wconf 89' lang='lat' dir='ltr'><strong>in</strong></span> <span class='ocrx_word' id='word_1_105' title='bbox 1863 1678 2094 1735; x_wconf 84' lang='lat' dir='ltr'><strong>ecclesia</strong></span> 
     </span>
    </p>
   </div>
   <div class='ocr_carea' id='block_1_17' title="bbox 507 1773 2094 1836">
    <p class='ocr_par' dir='ltr' id='par_1_17' title="bbox 507 1773 2094 1836">
     <span class='ocr_line' id='line_1_17' title="bbox 507 1773 2094 1836; baseline -0.007 0"><span class='ocrx_word' id='word_1_106' title='bbox 507 1796 625 1836; x_wconf 74' lang='lat' dir='ltr'><strong>sua:</strong></span> <span class='ocrx_word' id='word_1_107' title='bbox 649 1789 854 1836; x_wconf 72' lang='lat' dir='ltr'><strong>sancta:</strong></span> <span class='ocrx_word' id='word_1_108' title='bbox 885 1787 1050 1836; x_wconf 72' lang='lat' dir='ltr'><strong>casta:</strong></span> <span class='ocrx_word' id='word_1_109' title='bbox 1083 1777 1376 1834; x_wconf 85' lang='lat' dir='ltr'><strong>Genitricis</strong></span> <span class='ocrx_word' id='word_1_110' title='bbox 1405 1776 1685 1832; x_wconf 85' lang='lat' dir='ltr'><strong>dormiret.</strong></span> <span class='ocrx_word' id='word_1_111' title='bbox 1718 1773 1888 1828; x_wconf 86' lang='lat' dir='ltr'><strong>Erant</strong></span> <span class='ocrx_word' id='word_1_112' title='bbox 1911 1780 2094 1827; x_wconf 88' lang='lat' dir='ltr'><strong>autem</strong></span> 
     </span>
    </p>
   </div>
   <div class='ocr_carea' id='block_1_18' title="bbox 511 1861 2098 1940">
    <p class='ocr_par' dir='ltr' id='par_1_18' title="bbox 511 1861 2098 1940">
     <span class='ocr_line' id='line_1_18' title="bbox 511 1861 2098 1940; baseline -0.005 -14"><span class='ocrx_word' id='word_1_113' title='bbox 511 1886 640 1926; x_wconf 89' lang='lat' dir='ltr'><strong>eum</strong></span> <span class='ocrx_word' id='word_1_114' title='bbox 677 1885 779 1938; x_wconf 86' lang='lat' dir='ltr'><strong>eo,</strong></span> <span class='ocrx_word' id='word_1_115' title='bbox 816 1870 932 1940; x_wconf 90' lang='lat' dir='ltr'><strong>ipsa</strong></span> <span class='ocrx_word' id='word_1_116' title='bbox 962 1869 1134 1925; x_wconf 82' lang='lat' dir='ltr'><strong>Mater</strong></span> <span class='ocrx_word' id='word_1_117' title='bbox 1166 1878 1222 1924; x_wconf 92' lang='lat' dir='ltr'><strong>et</strong></span> <span class='ocrx_word' id='word_1_118' title='bbox 1262 1867 1429 1940; x_wconf 81' lang='lat' dir='ltr'><strong>Virgo</strong></span> <span class='ocrx_word' id='word_1_119' title='bbox 1459 1865 1649 1934; x_wconf 77' lang='lat' dir='ltr'><strong>Maria,</strong></span> <span class='ocrx_word' id='word_1_120' title='bbox 1682 1874 1737 1920; x_wconf 91' lang='lat' dir='ltr'><strong>et</strong></span> <span class='ocrx_word' id='word_1_121' title='bbox 1767 1865 1963 1920; x_wconf 90' lang='lat' dir='ltr'><strong>beatus</strong></span> <span class='ocrx_word' id='word_1_122' title='bbox 1995 1861 2098 1918; x_wconf 83' lang='lat' dir='ltr'><strong>Pe-</strong></span> 
     </span>
    </p>
   </div>
   <div class='ocr_carea' id='block_1_19' title="bbox 2202 1122 3733 1193">
    <p class='ocr_par' dir='ltr' id='par_1_19' title="bbox 2202 1122 3733 1193">
     <span class='ocr_line' id='line_1_19' title="bbox 2202 1122 3733 1193; baseline 0.007 -17"><span class='ocrx_word' id='word_1_123' title='bbox 2202 1131 2326 1178; x_wconf 86' lang='lat' dir='ltr'><strong>ante</strong></span> <span class='ocrx_word' id='word_1_124' title='bbox 2369 1122 2651 1177; x_wconf 85' lang='lat' dir='ltr'><strong>castellum</strong></span> <span class='ocrx_word' id='word_1_125' title='bbox 2691 1123 2999 1193; x_wconf 60' lang='lat' dir='ltr'><strong>pradiantes</strong></span> <span class='ocrx_word' id='word_1_126' title='bbox 3027 1131 3218 1180; x_wconf 88' lang='lat' dir='ltr'><strong>contra</strong></span> <span class='ocrx_word' id='word_1_127' title='bbox 3263 1124 3531 1192; x_wconf 90' lang='lat' dir='ltr'><strong>inimicos,</strong></span> <span class='ocrx_word' id='word_1_128' title='bbox 3561 1135 3608 1182; x_wconf 89' lang='lat' dir='ltr'><strong>et</strong></span> <span class='ocrx_word' id='word_1_129' title='bbox 3634 1143 3733 1187; x_wconf 61' lang='lat' dir='ltr'><strong>tunc</strong></span> 
     </span>
    </p>
   </div>
   <div class='ocr_carea' id='block_1_20' title="bbox 2200 1214 3734 1283">
    <p class='ocr_par' dir='ltr' id='par_1_20' title="bbox 2200 1214 3734 1283">
     <span class='ocr_line' id='line_1_20' title="bbox 2200 1214 3734 1283; baseline 0.006 -15"><span class='ocrx_word' id='word_1_130' title='bbox 2200 1222 2387 1269; x_wconf 89' lang='lat' dir='ltr'><strong>ventes</strong></span> <span class='ocrx_word' id='word_1_131' title='bbox 2416 1215 2648 1270; x_wconf 85' lang='lat' dir='ltr'><strong>invicem</strong></span> <span class='ocrx_word' id='word_1_132' title='bbox 2690 1214 2914 1270; x_wconf 82' lang='lat' dir='ltr'><strong>bellum.</strong></span> <span class='ocrx_word' id='word_1_133' title='bbox 2952 1214 3164 1282; x_wconf 80' lang='lat' dir='ltr'><strong>Quibus</strong></span> <span class='ocrx_word' id='word_1_134' title='bbox 3201 1218 3532 1283; x_wconf 84' lang='lat' dir='ltr'><strong>convocatis,</strong></span> <span class='ocrx_word' id='word_1_135' title='bbox 3566 1219 3668 1276; x_wconf 64' lang='lat' dir='ltr'><strong>laeto</strong></span> <span class='ocrx_word' id='word_1_136' title='bbox 3693 1231 3734 1276; x_wconf 80' lang='lat' dir='ltr'><strong>et</strong></span> 
     </span>
    </p>
   </div>
   <div class='ocr_carea' id='block_1_21' title="bbox 2201 1307 3732 1380">
    <p class='ocr_par' dir='ltr' id='par_1_21' title="bbox 2201 1307 3732 1380">
     <span class='ocr_line' id='line_1_21' title="bbox 2201 1307 3732 1380; baseline 0.003 -18"><span class='ocrx_word' id='word_1_137' title='bbox 2201 1307 2362 1362; x_wconf 84' lang='lat' dir='ltr'><strong>hilari</strong></span> <span class='ocrx_word' id='word_1_138' title='bbox 2401 1307 2552 1363; x_wconf 88' lang='lat' dir='ltr'><strong>vultu</strong></span> <span class='ocrx_word' id='word_1_139' title='bbox 2596 1308 2736 1364; x_wconf 90' lang='lat' dir='ltr'><strong>dixit</strong></span> <span class='ocrx_word' id='word_1_140' title='bbox 2763 1326 2777 1362; x_wconf 91' lang='lat'><strong>:</strong></span> <span class='ocrx_word' id='word_1_141' title='bbox 2813 1327 2831 1362; x_wconf 75' lang='grc' dir='ltr'>ι</span> <span class='ocrx_word' id='word_1_142' title='bbox 2857 1307 2904 1364; x_wconf 90' lang='grc' dir='ltr'>Ο</span> <span class='ocrx_word' id='word_1_143' title='bbox 2931 1308 3337 1380; x_wconf 74' lang='lat' dir='ltr'><strong>belligeratores</strong></span> <span class='ocrx_word' id='word_1_144' title='bbox 3371 1308 3531 1380; x_wconf 73' lang='lat' dir='ltr'><strong>Regis</strong></span> <span class='ocrx_word' id='word_1_145' title='bbox 3558 1314 3732 1378; x_wconf 65' lang='lat' dir='ltr'><strong>aeterni,</strong></span> 
     </span>
    </p>
   </div>
   <div class='ocr_carea' id='block_1_22' title="bbox 2198 1398 3734 1472">
    <p class='ocr_par' dir='ltr' id='par_1_22' title="bbox 2198 1398 3734 1472">
     <span class='ocr_line' id='line_1_22' title="bbox 2198 1398 3734 1472; baseline 0.005 -21"><span class='ocrx_word' id='word_1_146' title='bbox 2198 1398 2466 1454; x_wconf 85' lang='lat' dir='ltr'><strong>annuntio</strong></span> <span class='ocrx_word' id='word_1_147' title='bbox 2495 1398 2650 1454; x_wconf 87' lang='lat' dir='ltr'><strong>vobis</strong></span> <span class='ocrx_word' id='word_1_148' title='bbox 2678 1414 2744 1454; x_wconf 89' lang='lat' dir='ltr'><strong>ex</strong></span> <span class='ocrx_word' id='word_1_149' title='bbox 2773 1408 2928 1470; x_wconf 89' lang='lat' dir='ltr'><strong>parte</strong></span> <span class='ocrx_word' id='word_1_150' title='bbox 2977 1398 3282 1457; x_wconf 85' lang='lat' dir='ltr'><strong>Salvatoris</strong></span> <span class='ocrx_word' id='word_1_151' title='bbox 3320 1401 3494 1456; x_wconf 89' lang='lat' dir='ltr'><strong>nostri</strong></span> <span class='ocrx_word' id='word_1_152' title='bbox 3523 1403 3734 1472; x_wconf 82' lang='lat' dir='ltr'><strong>gaudium</strong></span> 
     </span>
    </p>
   </div>
   <div class='ocr_carea' id='block_1_23' title="bbox 2197 1488 3737 1562">
    <p class='ocr_par' dir='ltr' id='par_1_23' title="bbox 2197 1488 3737 1562">
     <span class='ocr_line' id='line_1_23' title="bbox 2197 1488 3737 1562; baseline 0.005 -18"><span class='ocrx_word' id='word_1_153' title='bbox 2197 1498 2252 1544; x_wconf 93' lang='lat' dir='ltr'><strong>et</strong></span> <span class='ocrx_word' id='word_1_154' title='bbox 2277 1488 2729 1558; x_wconf 81' lang='lat' dir='ltr'><strong>exsultationem;</strong></span> <span class='ocrx_word' id='word_1_155' title='bbox 2779 1506 3047 1562; x_wconf 88' lang='lat' dir='ltr'><strong>suamque</strong></span> <span class='ocrx_word' id='word_1_156' title='bbox 3071 1507 3238 1562; x_wconf 85' lang='lat' dir='ltr'><strong>quam</strong></span> <span class='ocrx_word' id='word_1_157' title='bbox 3281 1492 3593 1548; x_wconf 87' lang='lat' dir='ltr'><strong>transmittit</strong></span> <span class='ocrx_word' id='word_1_158' title='bbox 3613 1495 3737 1552; x_wconf 85' lang='lat' dir='ltr'><strong>vobis</strong></span> 
     </span>
    </p>
   </div>
   <div class='ocr_carea' id='block_1_24' title="bbox 2194 1584 3740 1656">
    <p class='ocr_par' dir='ltr' id='par_1_24' title="bbox 2194 1584 3740 1656">
     <span class='ocr_line' id='line_1_24' title="bbox 2194 1584 3740 1656; baseline 0.003 -18"><span class='ocrx_word' id='word_1_159' title='bbox 2194 1584 2650 1652; x_wconf 87' lang='lat' dir='ltr'><strong>benedictionem,</strong></span> <span class='ocrx_word' id='word_1_160' title='bbox 2692 1595 2746 1641; x_wconf 91' lang='lat' dir='ltr'><strong>et</strong></span> <span class='ocrx_word' id='word_1_161' title='bbox 2774 1585 2819 1642; x_wconf 90' lang='lat' dir='ltr'><strong>si</strong></span> <span class='ocrx_word' id='word_1_162' title='bbox 2852 1586 2904 1641; x_wconf 89' lang='lat' dir='ltr'><strong>ei</strong></span> <span class='ocrx_word' id='word_1_163' title='bbox 2933 1585 3266 1652; x_wconf 85' lang='lat' dir='ltr'><strong>obedieritis,</strong></span> <span class='ocrx_word' id='word_1_164' title='bbox 3296 1587 3676 1656; x_wconf 82' lang='lat' dir='ltr'><strong>consequimini</strong></span> <span class='ocrx_word' id='word_1_165' title='bbox 3698 1597 3740 1643; x_wconf 86' lang='lat' dir='ltr'><strong>et</strong></span> 
     </span>
    </p>
   </div>
   <div class='ocr_carea' id='block_1_25' title="bbox 2197 1675 3738 1748">
    <p class='ocr_par' dir='ltr' id='par_1_25' title="bbox 2197 1675 3738 1748">
     <span class='ocr_line' id='line_1_25' title="bbox 2197 1675 3738 1748; baseline 0.001 -19"><span class='ocrx_word' id='word_1_166' title='bbox 2197 1675 2448 1748; x_wconf 90' lang='lat' dir='ltr'><strong>gratiam.</strong></span> <span class='ocrx_word' id='word_1_167' title='bbox 2471 1695 2492 1728; x_wconf 71' lang='grc' dir='ltr'><strong><em>ι</em></strong></span> <span class='ocrx_word' id='word_1_168' title='bbox 2520 1675 2674 1731; x_wconf 89' lang='lat' dir='ltr'><strong>Tunc</strong></span> <span class='ocrx_word' id='word_1_169' title='bbox 2698 1677 2956 1732; x_wconf 87' lang='lat' dir='ltr'><strong>omnibus</strong></span> <span class='ocrx_word' id='word_1_170' title='bbox 2984 1683 3188 1732; x_wconf 89' lang='lat' dir='ltr'><strong>attente</strong></span> <span class='ocrx_word' id='word_1_171' title='bbox 3216 1676 3562 1731; x_wconf 84' lang='lat' dir='ltr'><strong>audientibus</strong></span> <span class='ocrx_word' id='word_1_172' title='bbox 3589 1685 3639 1732; x_wconf 88' lang='lat' dir='ltr'><strong>et</strong></span> <span class='ocrx_word' id='word_1_173' title='bbox 3660 1692 3738 1731; x_wconf 86' lang='lat' dir='ltr'><strong>uu-</strong></span> 
     </span>
    </p>
   </div>
   <div class='ocr_carea' id='block_1_26' title="bbox 2195 1767 3742 1840">
    <p class='ocr_par' dir='ltr' id='par_1_26' title="bbox 2195 1767 3742 1840">
     <span class='ocr_line' id='line_1_26' title="bbox 2195 1767 3742 1840; baseline 0.003 -17"><span class='ocrx_word' id='word_1_174' title='bbox 2195 1767 2361 1839; x_wconf 83' lang='lat' dir='ltr'><strong>dique</strong></span> <span class='ocrx_word' id='word_1_175' title='bbox 2381 1767 2803 1836; x_wconf 85' lang='lat' dir='ltr'><strong>conlluentibus,</strong></span> <span class='ocrx_word' id='word_1_176' title='bbox 2829 1784 3049 1824; x_wconf 90' lang='lat' dir='ltr'><strong>omnem</strong></span> <span class='ocrx_word' id='word_1_177' title='bbox 3071 1769 3313 1825; x_wconf 89' lang='lat' dir='ltr'><strong>seriatim</strong></span> <span class='ocrx_word' id='word_1_178' title='bbox 3341 1771 3588 1840; x_wconf 79' lang='lat' dir='ltr'><strong>exposuit</strong></span> <span class='ocrx_word' id='word_1_179' title='bbox 3607 1771 3742 1827; x_wconf 82' lang='lat' dir='ltr'><strong>visio-</strong></span> 
     </span>
    </p>
   </div>
   <div class='ocr_carea' id='block_1_27' title="bbox 2197 1859 3743 1932">
    <p class='ocr_par' dir='ltr' id='par_1_27' title="bbox 2197 1859 3743 1932">
     <span class='ocr_line' id='line_1_27' title="bbox 2197 1859 3743 1932; baseline 0.003 -17"><span class='ocrx_word' id='word_1_180' title='bbox 2197 1876 2343 1916; x_wconf 89' lang='lat' dir='ltr'><strong>nem.</strong></span> <span class='ocrx_word' id='word_1_181' title='bbox 2379 1859 2497 1928; x_wconf 85' lang='lat' dir='ltr'><strong>Qua</strong></span> <span class='ocrx_word' id='word_1_182' title='bbox 2528 1862 2797 1932; x_wconf 85' lang='lat' dir='ltr'><strong>exposita,</strong></span> <span class='ocrx_word' id='word_1_183' title='bbox 2827 1861 3061 1932; x_wconf 84' lang='lat' dir='ltr'><strong>subjecit</strong></span> <span class='ocrx_word' id='word_1_184' title='bbox 3088 1869 3145 1916; x_wconf 90' lang='lat' dir='ltr'><strong>et</strong></span> <span class='ocrx_word' id='word_1_185' title='bbox 3181 1861 3258 1916; x_wconf 88' lang='lat' dir='ltr'><strong>ait</strong></span> <span class='ocrx_word' id='word_1_186' title='bbox 3283 1880 3299 1916; x_wconf 90' lang='lat'><strong>:</strong></span> <span class='ocrx_word' id='word_1_187' title='bbox 3328 1881 3347 1914; x_wconf 71' lang='grc' dir='ltr'><strong><em>ι</em></strong></span> <span class='ocrx_word' id='word_1_188' title='bbox 3369 1860 3430 1917; x_wconf 87' lang='lat' dir='ltr'><strong>Si</strong></span> <span class='ocrx_word' id='word_1_189' title='bbox 3453 1863 3571 1917; x_wconf 87' lang='lat' dir='ltr'><strong>huic</strong></span> <span class='ocrx_word' id='word_1_190' title='bbox 3591 1863 3743 1919; x_wconf 82' lang='lat' dir='ltr'><strong>decre-</strong></span> 
     </span>
    </p>
   </div>
   <div class='ocr_carea' id='block_1_28' title="bbox 514 1953 3744 2031">
    <p class='ocr_par' dir='ltr' id='par_1_28' title="bbox 514 1953 3744 2031">
     <span class='ocr_line' id='line_1_28' title="bbox 514 1953 3744 2031; baseline -0.001 -15"><span class='ocrx_word' id='word_1_191' title='bbox 514 1969 634 2016; x_wconf 88' lang='lat' dir='ltr'><strong>trus</strong></span> <span class='ocrx_word' id='word_1_192' title='bbox 657 1961 961 2031; x_wconf 85' lang='lat' dir='ltr'><strong>apostolus,</strong></span> <span class='ocrx_word' id='word_1_193' title='bbox 992 1960 1082 2016; x_wconf 81' lang='lat' dir='ltr'><strong>cui</strong></span> <span class='ocrx_word' id='word_1_194' title='bbox 1116 1967 1454 2030; x_wconf 86' lang='lat' dir='ltr'><strong>pastoratum</strong></span> <span class='ocrx_word' id='word_1_195' title='bbox 1485 1957 1670 2012; x_wconf 86' lang='lat' dir='ltr'><strong>ovium</strong></span> <span class='ocrx_word' id='word_1_196' title='bbox 1694 1971 1920 2011; x_wconf 90' lang='lat' dir='ltr'><strong>suarum</strong></span> <span class='ocrx_word' id='word_1_197' title='bbox 1946 1953 2096 2009; x_wconf 87' lang='lat' dir='ltr'><strong>dedit</strong></span> <span class='ocrx_word' id='word_1_198' title='bbox 2127 1969 2168 2028; x_wconf 71' lang='grc' dir='ltr'><strong>Β</strong></span> <span class='ocrx_word' id='word_1_199' title='bbox 2196 1955 2325 2012; x_wconf 77' lang='lat' dir='ltr'><strong>ditis</strong></span> <span class='ocrx_word' id='word_1_200' title='bbox 2346 1956 2564 2024; x_wconf 78' lang='lat' dir='ltr'><strong>visioni,</strong></span> <span class='ocrx_word' id='word_1_201' title='bbox 2602 1955 2911 2025; x_wconf 81' lang='lat' dir='ltr'><strong>falsamque</strong></span> <span class='ocrx_word' id='word_1_202' title='bbox 2931 1970 3052 2010; x_wconf 89' lang='lat' dir='ltr'><strong>eam</strong></span> <span class='ocrx_word' id='word_1_203' title='bbox 3085 1956 3470 2026; x_wconf 85' lang='lat' dir='ltr'><strong>suspicamini,</strong></span> <span class='ocrx_word' id='word_1_204' title='bbox 3501 1956 3618 2026; x_wconf 90' lang='lat' dir='ltr'><strong>quia</strong></span> <span class='ocrx_word' id='word_1_205' title='bbox 3638 1973 3744 2013; x_wconf 85' lang='lat' dir='ltr'><strong>vera</strong></span> 
     </span>
    </p>
   </div>
   <div class='ocr_carea' id='block_1_29' title="bbox 434 2043 2098 2124">
    <p class='ocr_par' dir='ltr' id='par_1_29' title="bbox 434 2043 2098 2124">
     <span class='ocr_line' id='line_1_29' title="bbox 434 2043 2098 2124; baseline -0.005 -15"><span class='ocrx_word' id='word_1_206' title='bbox 434 2098 442 2102; x_wconf 81' lang='grc'><strong><em>-</em></strong></span> <span class='ocrx_word' id='word_1_207' title='bbox 511 2053 632 2124; x_wconf 83' lang='lat' dir='ltr'><strong>ipse</strong></span> <span class='ocrx_word' id='word_1_208' title='bbox 676 2051 963 2111; x_wconf 86' lang='lat' dir='ltr'><strong>Dominus.</strong></span> <span class='ocrx_word' id='word_1_209' title='bbox 1005 2051 1108 2107; x_wconf 87' lang='lat' dir='ltr'><strong>Cui</strong></span> <span class='ocrx_word' id='word_1_210' title='bbox 1148 2060 1203 2108; x_wconf 94' lang='lat' dir='ltr'><strong>et</strong></span> <span class='ocrx_word' id='word_1_211' title='bbox 1239 2052 1314 2106; x_wconf 88' lang='lat' dir='ltr'><strong>ait</strong></span> <span class='ocrx_word' id='word_1_212' title='bbox 1346 2070 1360 2106; x_wconf 92' lang='lat'><strong>:</strong></span> <span class='ocrx_word' id='word_1_213' title='bbox 1398 2069 1418 2102; x_wconf 68' lang='grc' dir='ltr'>ε</span> <span class='ocrx_word' id='word_1_214' title='bbox 1455 2049 1724 2121; x_wconf 77' lang='lat' dir='ltr'><strong>Agnoscis</strong></span> <span class='ocrx_word' id='word_1_215' title='bbox 1766 2048 1888 2102; x_wconf 89' lang='lat' dir='ltr'><strong>me?</strong></span> <span class='ocrx_word' id='word_1_216' title='bbox 1941 2067 1960 2098; x_wconf 75' lang='grc' dir='ltr'><strong><em>ι</em></strong></span> <span class='ocrx_word' id='word_1_217' title='bbox 1992 2043 2098 2101; x_wconf 87' lang='lat' dir='ltr'><strong>Cui</strong></span> 
     </span>
    </p>
   </div>
   <div class='ocr_carea' id='block_1_30' title="bbox 513 2139 2096 2215">
    <p class='ocr_par' dir='ltr' id='par_1_30' title="bbox 513 2139 2096 2215">
     <span class='ocr_line' id='line_1_30' title="bbox 513 2139 2096 2215; baseline -0.003 -15"><span class='ocrx_word' id='word_1_218' title='bbox 513 2144 775 2202; x_wconf 82' lang='lat' dir='ltr'><strong>sacerdos</strong></span> <span class='ocrx_word' id='word_1_219' title='bbox 799 2162 815 2200; x_wconf 94' lang='lat'><strong>:</strong></span> <span class='ocrx_word' id='word_1_220' title='bbox 849 2165 867 2196; x_wconf 73' lang='grc' dir='ltr'><strong><em>ι</em></strong></span> <span class='ocrx_word' id='word_1_221' title='bbox 898 2143 1038 2199; x_wconf 84' lang='grc' dir='ltr'><strong>Νοη.</strong></span> <span class='ocrx_word' id='word_1_222' title='bbox 1063 2143 1143 2198; x_wconf 89' lang='lat' dir='ltr'><strong>Tu</strong></span> <span class='ocrx_word' id='word_1_223' title='bbox 1167 2145 1365 2215; x_wconf 90' lang='lat' dir='ltr'><strong>quies,</strong></span> <span class='ocrx_word' id='word_1_224' title='bbox 1393 2142 1660 2197; x_wconf 87' lang='lat' dir='ltr'><strong>Domine?</strong></span> <span class='ocrx_word' id='word_1_225' title='bbox 1694 2160 1712 2192; x_wconf 77' lang='grc' dir='ltr'><strong><em>ι</em></strong></span> <span class='ocrx_word' id='word_1_226' title='bbox 1743 2139 1898 2196; x_wconf 90' lang='lat' dir='ltr'><strong>Tunc</strong></span> <span class='ocrx_word' id='word_1_227' title='bbox 1921 2139 1976 2194; x_wconf 91' lang='lat' dir='ltr'><strong>in</strong></span> <span class='ocrx_word' id='word_1_228' title='bbox 2000 2153 2096 2195; x_wconf 85' lang='lat' dir='ltr'><strong>ca-</strong></span> 
     </span>
    </p>
   </div>
   <div class='ocr_carea' id='block_1_31' title="bbox 510 2231 2096 2308">
    <p class='ocr_par' dir='ltr' id='par_1_31' title="bbox 510 2231 2096 2308">
     <span class='ocr_line' id='line_1_31' title="bbox 510 2231 2096 2308; baseline -0.004 -18"><span class='ocrx_word' id='word_1_229' title='bbox 510 2237 624 2308; x_wconf 86' lang='lat' dir='ltr'><strong>pite</strong></span> <span class='ocrx_word' id='word_1_230' title='bbox 671 2235 971 2292; x_wconf 88' lang='lat' dir='ltr'><strong>Salvatoris</strong></span> <span class='ocrx_word' id='word_1_231' title='bbox 1017 2252 1153 2292; x_wconf 87' lang='lat' dir='ltr'><strong>crux</strong></span> <span class='ocrx_word' id='word_1_232' title='bbox 1197 2235 1363 2306; x_wconf 66' lang='lat' dir='ltr'><strong>coepit</strong></span> <span class='ocrx_word' id='word_1_233' title='bbox 1401 2247 1684 2305; x_wconf 86' lang='lat' dir='ltr'><strong>apparere.</strong></span> <span class='ocrx_word' id='word_1_234' title='bbox 1743 2232 1842 2287; x_wconf 84' lang='lat' dir='ltr'><strong>Cui</strong></span> <span class='ocrx_word' id='word_1_235' title='bbox 1898 2231 2096 2286; x_wconf 71' lang='lat' dir='ltr'><strong>iterum</strong></span> 
     </span>
    </p>
   </div>
   <div class='ocr_carea' id='block_1_32' title="bbox 505 2321 2094 2398">
    <p class='ocr_par' dir='ltr' id='par_1_32' title="bbox 505 2321 2094 2398">
     <span class='ocr_line' id='line_1_32' title="bbox 505 2321 2094 2398; baseline -0.003 -18"><span class='ocrx_word' id='word_1_236' title='bbox 505 2325 779 2386; x_wconf 78' lang='lat' dir='ltr'><strong>Dominus</strong></span> <span class='ocrx_word' id='word_1_237' title='bbox 812 2345 827 2383; x_wconf 92' lang='lat'><strong>:</strong></span> <span class='ocrx_word' id='word_1_238' title='bbox 865 2347 886 2381; x_wconf 75' lang='grc' dir='ltr'>ι</span> <span class='ocrx_word' id='word_1_239' title='bbox 912 2326 1034 2384; x_wconf 67' lang='lat' dir='ltr'><strong>iam</strong></span> <span class='ocrx_word' id='word_1_240' title='bbox 1065 2342 1134 2382; x_wconf 89' lang='lat' dir='ltr'><strong>ne</strong></span> <span class='ocrx_word' id='word_1_241' title='bbox 1160 2326 1417 2398; x_wconf 81' lang='lat' dir='ltr'><strong>agnoscis</strong></span> <span class='ocrx_word' id='word_1_242' title='bbox 1457 2325 1589 2380; x_wconf 86' lang='lat' dir='ltr'><strong>me?</strong></span> <span class='ocrx_word' id='word_1_243' title='bbox 1622 2343 1644 2378; x_wconf 79' lang='grc'>›</span> <span class='ocrx_word' id='word_1_244' title='bbox 1677 2321 1878 2379; x_wconf 90' lang='lat' dir='ltr'><strong>Iterum</strong></span> <span class='ocrx_word' id='word_1_245' title='bbox 1909 2336 2094 2378; x_wconf 84' lang='lat' dir='ltr'><strong>sacer—</strong></span> 
     </span>
    </p>
   </div>
   <div class='ocr_carea' id='block_1_33' title="bbox 509 2415 2096 2492">
    <p class='ocr_par' dir='ltr' id='par_1_33' title="bbox 509 2415 2096 2492">
     <span class='ocr_line' id='line_1_33' title="bbox 509 2415 2096 2492; baseline -0.004 -16"><span class='ocrx_word' id='word_1_246' title='bbox 509 2420 613 2476; x_wconf 88' lang='lat' dir='ltr'><strong>dos</strong></span> <span class='ocrx_word' id='word_1_247' title='bbox 642 2420 967 2492; x_wconf 75' lang='lat' dir='ltr'><strong>respondit:</strong></span> <span class='ocrx_word' id='word_1_248' title='bbox 1013 2439 1034 2473; x_wconf 79' lang='lat'><strong>¢</strong></span> <span class='ocrx_word' id='word_1_249' title='bbox 1076 2419 1196 2476; x_wconf 83' lang='lat' dir='ltr'><strong>Non</strong></span> <span class='ocrx_word' id='word_1_250' title='bbox 1221 2420 1379 2476; x_wconf 86' lang='lat' dir='ltr'><strong>aliter</strong></span> <span class='ocrx_word' id='word_1_251' title='bbox 1410 2433 1653 2492; x_wconf 89' lang='lat' dir='ltr'><strong>agnosco</strong></span> <span class='ocrx_word' id='word_1_252' title='bbox 1697 2425 1775 2484; x_wconf 89' lang='lat' dir='ltr'><strong>te,</strong></span> <span class='ocrx_word' id='word_1_253' title='bbox 1823 2415 1928 2472; x_wconf 89' lang='lat' dir='ltr'><strong>nisi</strong></span> <span class='ocrx_word' id='word_1_254' title='bbox 1964 2415 2096 2486; x_wconf 88' lang='lat' dir='ltr'><strong>quia</strong></span> 
     </span>
    </p>
   </div>
   <div class='ocr_carea' id='block_1_34' title="bbox 510 2505 2094 2581">
    <p class='ocr_par' dir='ltr' id='par_1_34' title="bbox 510 2505 2094 2581">
     <span class='ocr_line' id='line_1_34' title="bbox 510 2505 2094 2581; baseline -0.004 -15"><span class='ocrx_word' id='word_1_255' title='bbox 510 2525 733 2566; x_wconf 87' lang='lat' dir='ltr'><strong>erucem</strong></span> <span class='ocrx_word' id='word_1_256' title='bbox 779 2511 837 2565; x_wconf 92' lang='lat' dir='ltr'><strong>in</strong></span> <span class='ocrx_word' id='word_1_257' title='bbox 882 2511 1060 2581; x_wconf 88' lang='lat' dir='ltr'><strong>capite</strong></span> <span class='ocrx_word' id='word_1_258' title='bbox 1095 2519 1192 2566; x_wconf 90' lang='lat' dir='ltr'><strong>tuo</strong></span> <span class='ocrx_word' id='word_1_259' title='bbox 1233 2510 1412 2576; x_wconf 91' lang='lat' dir='ltr'><strong>video,</strong></span> <span class='ocrx_word' id='word_1_260' title='bbox 1455 2508 1599 2566; x_wconf 82' lang='lat' dir='ltr'><strong>sicut</strong></span> <span class='ocrx_word' id='word_1_261' title='bbox 1639 2507 1696 2562; x_wconf 93' lang='lat' dir='ltr'><strong>in</strong></span> <span class='ocrx_word' id='word_1_262' title='bbox 1741 2505 2094 2577; x_wconf 83' lang='lat' dir='ltr'><strong>imaginibus,</strong></span> 
     </span>
    </p>
   </div>
   <div class='ocr_carea' id='block_1_35' title="bbox 508 2597 2095 2672">
    <p class='ocr_par' dir='ltr' id='par_1_35' title="bbox 508 2597 2095 2672">
     <span class='ocr_line' id='line_1_35' title="bbox 508 2597 2095 2672; baseline -0.004 -15"><span class='ocrx_word' id='word_1_263' title='bbox 508 2617 632 2672; x_wconf 71' lang='lat' dir='ltr'><strong>qua:</strong></span> <span class='ocrx_word' id='word_1_264' title='bbox 664 2609 796 2658; x_wconf 89' lang='lat' dir='ltr'><strong>sunt</strong></span> <span class='ocrx_word' id='word_1_265' title='bbox 823 2601 879 2656; x_wconf 87' lang='lat' dir='ltr'><strong>in</strong></span> <span class='ocrx_word' id='word_1_266' title='bbox 901 2602 1115 2660; x_wconf 83' lang='lat' dir='ltr'><strong>honore</strong></span> <span class='ocrx_word' id='word_1_267' title='bbox 1140 2601 1359 2658; x_wconf 88' lang='lat' dir='ltr'><strong>Domini</strong></span> <span class='ocrx_word' id='word_1_268' title='bbox 1393 2600 1570 2656; x_wconf 84' lang='lat' dir='ltr'><strong>nostri</strong></span> <span class='ocrx_word' id='word_1_269' title='bbox 1595 2598 1728 2656; x_wconf 80' lang='lat' dir='ltr'><strong>Jesu</strong></span> <span class='ocrx_word' id='word_1_270' title='bbox 1755 2597 1983 2665; x_wconf 87' lang='lat' dir='ltr'><strong>Christi,</strong></span> <span class='ocrx_word' id='word_1_271' title='bbox 2010 2597 2095 2652; x_wconf 85' lang='lat' dir='ltr'><strong>vi-</strong></span> 
     </span>
    </p>
   </div>
   <div class='ocr_carea' id='block_1_36' title="bbox 507 2683 2097 2762">
    <p class='ocr_par' dir='ltr' id='par_1_36' title="bbox 507 2683 2097 2762">
     <span class='ocr_line' id='line_1_36' title="bbox 507 2683 2097 2762; baseline -0.003 -14"><span class='ocrx_word' id='word_1_272' title='bbox 507 2695 638 2750; x_wconf 91' lang='lat' dir='ltr'><strong>dere</strong></span> <span class='ocrx_word' id='word_1_273' title='bbox 667 2694 839 2750; x_wconf 86' lang='lat' dir='ltr'><strong>soleo.</strong></span> <span class='ocrx_word' id='word_1_274' title='bbox 883 2713 901 2747; x_wconf 73' lang='grc' dir='ltr'><strong><em>ι</em></strong></span> <span class='ocrx_word' id='word_1_275' title='bbox 934 2693 1002 2750; x_wconf 85' lang='lat' dir='ltr'><strong>Et</strong></span> <span class='ocrx_word' id='word_1_276' title='bbox 1023 2683 1292 2751; x_wconf 83' lang='lat' dir='ltr'><strong>Dominus</strong></span> <span class='ocrx_word' id='word_1_277' title='bbox 1322 2694 1390 2750; x_wconf 86' lang='lat' dir='ltr'><strong>ad</strong></span> <span class='ocrx_word' id='word_1_278' title='bbox 1415 2708 1581 2749; x_wconf 84' lang='lat' dir='ltr'><strong>eum:</strong></span> <span class='ocrx_word' id='word_1_279' title='bbox 1611 2711 1630 2744; x_wconf 73' lang='grc' dir='ltr'>ι</span> <span class='ocrx_word' id='word_1_280' title='bbox 1669 2690 1832 2759; x_wconf 85' lang='lat' dir='ltr'><strong>Ecce,</strong></span> <span class='ocrx_word' id='word_1_281' title='bbox 1855 2705 1956 2762; x_wconf 85' lang='lat' dir='ltr'><strong>ego</strong></span> <span class='ocrx_word' id='word_1_282' title='bbox 1979 2689 2097 2760; x_wconf 90' lang='lat' dir='ltr'><strong>ipse</strong></span> 
     </span>
    </p>
   </div>
   <div class='ocr_carea' id='block_1_37' title="bbox 509 2782 2094 2856">
    <p class='ocr_par' dir='ltr' id='par_1_37' title="bbox 509 2782 2094 2856">
     <span class='ocr_line' id='line_1_37' title="bbox 509 2782 2094 2856; baseline -0.003 -15"><span class='ocrx_word' id='word_1_283' title='bbox 509 2801 654 2841; x_wconf 91' lang='lat' dir='ltr'><strong>sum.</strong></span> <span class='ocrx_word' id='word_1_284' title='bbox 693 2806 713 2840; x_wconf 74' lang='grc' dir='ltr'><strong><em>ι</em></strong></span> <span class='ocrx_word' id='word_1_285' title='bbox 757 2785 1030 2843; x_wconf 88' lang='lat' dir='ltr'><strong>Sacerdos</strong></span> <span class='ocrx_word' id='word_1_286' title='bbox 1053 2803 1185 2844; x_wconf 90' lang='lat' dir='ltr'><strong>vero</strong></span> <span class='ocrx_word' id='word_1_287' title='bbox 1208 2798 1270 2844; x_wconf 89' lang='lat' dir='ltr'><strong>ut</strong></span> <span class='ocrx_word' id='word_1_288' title='bbox 1295 2787 1502 2842; x_wconf 85' lang='lat' dir='ltr'><strong>audivit</strong></span> <span class='ocrx_word' id='word_1_289' title='bbox 1525 2784 1674 2856; x_wconf 93' lang='lat' dir='ltr'><strong>quod</strong></span> <span class='ocrx_word' id='word_1_290' title='bbox 1695 2782 1962 2839; x_wconf 86' lang='lat' dir='ltr'><strong>Dominus</strong></span> <span class='ocrx_word' id='word_1_291' title='bbox 1989 2791 2094 2848; x_wconf 90' lang='lat' dir='ltr'><strong>est,</strong></span> 
     </span>
    </p>
   </div>
   <div class='ocr_carea' id='block_1_38' title="bbox 509 2872 2098 2948">
    <p class='ocr_par' dir='ltr' id='par_1_38' title="bbox 509 2872 2098 2948">
     <span class='ocr_line' id='line_1_38' title="bbox 509 2872 2098 2948; baseline -0.002 -17"><span class='ocrx_word' id='word_1_292' title='bbox 509 2875 696 2931; x_wconf 79' lang='lat' dir='ltr'><strong>statim</strong></span> <span class='ocrx_word' id='word_1_293' title='bbox 728 2877 1110 2947; x_wconf 88' lang='lat' dir='ltr'><strong>prosternebat</strong></span> <span class='ocrx_word' id='word_1_294' title='bbox 1137 2893 1196 2933; x_wconf 88' lang='lat' dir='ltr'><strong>se</strong></span> <span class='ocrx_word' id='word_1_295' title='bbox 1217 2877 1284 2933; x_wconf 87' lang='lat' dir='ltr'><strong>ad</strong></span> <span class='ocrx_word' id='word_1_296' title='bbox 1309 2876 1474 2948; x_wconf 84' lang='lat' dir='ltr'><strong>pedes</strong></span> <span class='ocrx_word' id='word_1_297' title='bbox 1494 2875 1634 2946; x_wconf 88' lang='lat' dir='ltr'><strong>ejus,</strong></span> <span class='ocrx_word' id='word_1_298' title='bbox 1661 2872 1979 2944; x_wconf 83' lang='lat' dir='ltr'><strong>suppliciter</strong></span> <span class='ocrx_word' id='word_1_299' title='bbox 1999 2872 2098 2928; x_wconf 92' lang='lat' dir='ltr'><strong>ob-</strong></span> 
     </span>
    </p>
   </div>
   <div class='ocr_carea' id='block_1_39' title="bbox 509 2965 2098 3033">
    <p class='ocr_par' dir='ltr' id='par_1_39' title="bbox 509 2965 2098 3033">
     <span class='ocr_line' id='line_1_39' title="bbox 509 2965 2098 3033; baseline -0.002 -11"><span class='ocrx_word' id='word_1_300' title='bbox 509 2982 735 3023; x_wconf 83' lang='lat' dir='ltr'><strong>secrans</strong></span> <span class='ocrx_word' id='word_1_301' title='bbox 758 2976 820 3023; x_wconf 89' lang='lat' dir='ltr'><strong>ut</strong></span> <span class='ocrx_word' id='word_1_302' title='bbox 840 2967 957 3025; x_wconf 91' lang='lat' dir='ltr'><strong>suis</strong></span> <span class='ocrx_word' id='word_1_303' title='bbox 987 2967 1315 3025; x_wconf 89' lang='lat' dir='ltr'><strong>Christianis</strong></span> <span class='ocrx_word' id='word_1_304' title='bbox 1353 2967 1693 3033; x_wconf 83' lang='lat' dir='ltr'><strong>subveniret,</strong></span> <span class='ocrx_word' id='word_1_305' title='bbox 1740 2965 1886 3020; x_wconf 79' lang='lat' dir='ltr'><strong>fame</strong></span> <span class='ocrx_word' id='word_1_306' title='bbox 1915 2973 1970 3020; x_wconf 90' lang='lat' dir='ltr'><strong>et</strong></span> <span class='ocrx_word' id='word_1_307' title='bbox 1995 2965 2098 3019; x_wconf 88' lang='lat' dir='ltr'><strong>bo-</strong></span> 
     </span>
    </p>
   </div>
   <div class='ocr_carea' id='block_1_40' title="bbox 509 3055 2092 3131">
    <p class='ocr_par' dir='ltr' id='par_1_40' title="bbox 509 3055 2092 3131">
     <span class='ocr_line' id='line_1_40' title="bbox 509 3055 2092 3131; baseline -0.002 -17"><span class='ocrx_word' id='word_1_308' title='bbox 509 3057 678 3114; x_wconf 82' lang='lat' dir='ltr'><strong>stium</strong></span> <span class='ocrx_word' id='word_1_309' title='bbox 705 3059 1060 3131; x_wconf 87' lang='lat' dir='ltr'><strong>oppressione</strong></span> <span class='ocrx_word' id='word_1_310' title='bbox 1084 3060 1482 3116; x_wconf 88' lang='lat' dir='ltr'><strong>laborantibus.</strong></span> <span class='ocrx_word' id='word_1_311' title='bbox 1501 3058 1604 3114; x_wconf 92' lang='lat' dir='ltr'><strong>Cui</strong></span> <span class='ocrx_word' id='word_1_312' title='bbox 1634 3058 1710 3113; x_wconf 87' lang='lat' dir='ltr'><strong>ait</strong></span> <span class='ocrx_word' id='word_1_313' title='bbox 1735 3077 1748 3112; x_wconf 90' lang='lat'><strong>:</strong></span> <span class='ocrx_word' id='word_1_314' title='bbox 1791 3077 1810 3111; x_wconf 85' lang='grc'><strong>‹</strong></span> <span class='ocrx_word' id='word_1_315' title='bbox 1838 3055 1960 3113; x_wconf 86' lang='lat' dir='ltr'><strong>Non</strong></span> <span class='ocrx_word' id='word_1_316' title='bbox 1990 3055 2092 3113; x_wconf 89' lang='lat' dir='ltr'><strong>tibi</strong></span> 
     </span>
    </p>
   </div>
   <div class='ocr_carea' id='block_1_41' title="bbox 511 3151 2096 3224">
    <p class='ocr_par' dir='ltr' id='par_1_41' title="bbox 511 3151 2096 3224">
     <span class='ocr_line' id='line_1_41' title="bbox 511 3151 2096 3224; baseline 0 -18"><span class='ocrx_word' id='word_1_317' title='bbox 511 3151 728 3208; x_wconf 87' lang='lat' dir='ltr'><strong>videtur</strong></span> <span class='ocrx_word' id='word_1_318' title='bbox 757 3153 904 3223; x_wconf 91' lang='lat' dir='ltr'><strong>quod</strong></span> <span class='ocrx_word' id='word_1_319' title='bbox 934 3153 1072 3208; x_wconf 88' lang='lat' dir='ltr'><strong>bene</strong></span> <span class='ocrx_word' id='word_1_320' title='bbox 1109 3167 1204 3210; x_wconf 90' lang='lat' dir='ltr'><strong>eos</strong></span> <span class='ocrx_word' id='word_1_321' title='bbox 1235 3153 1542 3224; x_wconf 89' lang='lat' dir='ltr'><strong>adjuverim</strong></span> <span class='ocrx_word' id='word_1_322' title='bbox 1583 3153 1692 3207; x_wconf 89' lang='lat' dir='ltr'><strong>huc</strong></span> <span class='ocrx_word' id='word_1_323' title='bbox 1741 3167 1938 3222; x_wconf 91' lang='lat' dir='ltr'><strong>usque,</strong></span> <span class='ocrx_word' id='word_1_324' title='bbox 1965 3151 2096 3222; x_wconf 90' lang='lat' dir='ltr'><strong>quia</strong></span> 
     </span>
    </p>
   </div>
   <div class='ocr_carea' id='block_1_42' title="bbox 513 3243 2095 3316">
    <p class='ocr_par' dir='ltr' id='par_1_42' title="bbox 513 3243 2095 3316">
     <span class='ocr_line' id='line_1_42' title="bbox 513 3243 2095 3316; baseline -0.001 -16"><span class='ocrx_word' id='word_1_325' title='bbox 513 3244 626 3300; x_wconf 91' lang='lat' dir='ltr'><strong>illis</strong></span> <span class='ocrx_word' id='word_1_326' title='bbox 647 3253 702 3301; x_wconf 92' lang='lat' dir='ltr'><strong>et</strong></span> <span class='ocrx_word' id='word_1_327' title='bbox 730 3243 966 3302; x_wconf 72' lang='lat' dir='ltr'><strong>Nicaeam</strong></span> <span class='ocrx_word' id='word_1_328' title='bbox 1004 3245 1527 3316; x_wconf 55' lang='lat' dir='ltr'><strong>tradidigcivitatem,</strong></span> <span class='ocrx_word' id='word_1_329' title='bbox 1550 3253 1604 3300; x_wconf 91' lang='lat' dir='ltr'><strong>et</strong></span> <span class='ocrx_word' id='word_1_330' title='bbox 1641 3245 1826 3300; x_wconf 89' lang='lat' dir='ltr'><strong>omnia</strong></span> <span class='ocrx_word' id='word_1_331' title='bbox 1863 3259 1986 3315; x_wconf 75' lang='lat' dir='ltr'><strong>qua:</strong></span> <span class='ocrx_word' id='word_1_332' title='bbox 2013 3244 2095 3299; x_wconf 89' lang='lat' dir='ltr'><strong>eis</strong></span> 
     </span>
    </p>
   </div>
   <div class='ocr_carea' id='block_1_43' title="bbox 2196 2047 3747 2120">
    <p class='ocr_par' dir='ltr' id='par_1_43' title="bbox 2196 2047 3747 2120">
     <span class='ocr_line' id='line_1_43' title="bbox 2196 2047 3747 2120; baseline 0.001 -16"><span class='ocrx_word' id='word_1_333' title='bbox 2196 2057 2281 2104; x_wconf 86' lang='lat' dir='ltr'><strong>est</strong></span> <span class='ocrx_word' id='word_1_334' title='bbox 2323 2047 2524 2104; x_wconf 80' lang='lat' dir='ltr'><strong>faciam</strong></span> <span class='ocrx_word' id='word_1_335' title='bbox 2575 2049 2732 2104; x_wconf 87' lang='lat' dir='ltr'><strong>vobis</strong></span> <span class='ocrx_word' id='word_1_336' title='bbox 2777 2049 2923 2120; x_wconf 87' lang='lat' dir='ltr'><strong>quod</strong></span> <span class='ocrx_word' id='word_1_337' title='bbox 2979 2048 3201 2104; x_wconf 85' lang='lat' dir='ltr'><strong>libuerit</strong></span> <span class='ocrx_word' id='word_1_338' title='bbox 3248 2049 3747 2119; x_wconf 82' lang='lat' dir='ltr'><strong>experimentum,et</strong></span> 
     </span>
    </p>
   </div>
   <div class='ocr_carea' id='block_1_44' title="bbox 2196 2140 3749 2212">
    <p class='ocr_par' dir='ltr' id='par_1_44' title="bbox 2196 2140 3749 2212">
     <span class='ocr_line' id='line_1_44' title="bbox 2196 2140 3749 2212; baseline 0 -15"><span class='ocrx_word' id='word_1_339' title='bbox 2196 2141 2244 2197; x_wconf 86' lang='lat' dir='ltr'><strong>si</strong></span> <span class='ocrx_word' id='word_1_340' title='bbox 2299 2141 2534 2196; x_wconf 85' lang='lat' dir='ltr'><strong>mendax</strong></span> <span class='ocrx_word' id='word_1_341' title='bbox 2591 2141 2859 2206; x_wconf 81' lang='lat' dir='ltr'><strong>inveniar,</strong></span> <span class='ocrx_word' id='word_1_342' title='bbox 2905 2140 3058 2195; x_wconf 73' lang='lat' dir='ltr'><strong>omni</strong></span> <span class='ocrx_word' id='word_1_343' title='bbox 3099 2140 3301 2211; x_wconf 79' lang='lat' dir='ltr'><strong>injuria</strong></span> <span class='ocrx_word' id='word_1_344' title='bbox 3336 2140 3531 2196; x_wconf 76' lang='lat' dir='ltr'><strong>aﬂicite</strong></span> <span class='ocrx_word' id='word_1_345' title='bbox 3585 2157 3749 2212; x_wconf 85' lang='lat' dir='ltr'><strong>corpus</strong></span> 
     </span>
    </p>
   </div>
   <div class='ocr_carea' id='block_1_45' title="bbox 2197 2228 3746 2301">
    <p class='ocr_par' dir='ltr' id='par_1_45' title="bbox 2197 2228 3746 2301">
     <span class='ocr_line' id='line_1_45' title="bbox 2197 2228 3746 2301; baseline 0.001 -17"><span class='ocrx_word' id='word_1_346' title='bbox 2197 2245 2442 2286; x_wconf 61' lang='lat' dir='ltr'><strong>meum.»</strong></span> <span class='ocrx_word' id='word_1_347' title='bbox 2503 2228 2657 2286; x_wconf 84' lang='lat' dir='ltr'><strong>Tunc</strong></span> <span class='ocrx_word' id='word_1_348' title='bbox 2704 2229 2990 2286; x_wconf 84' lang='lat' dir='ltr'><strong>Podiensis</strong></span> <span class='ocrx_word' id='word_1_349' title='bbox 3042 2230 3341 2301; x_wconf 83' lang='lat' dir='ltr'><strong>episcopus</strong></span> <span class='ocrx_word' id='word_1_350' title='bbox 3385 2231 3550 2301; x_wconf 86' lang='lat' dir='ltr'><strong>jussit</strong></span> <span class='ocrx_word' id='word_1_351' title='bbox 3593 2232 3746 2286; x_wconf 65' lang='lat' dir='ltr'><strong>alieni</strong></span> 
     </span>
    </p>
   </div>
   <div class='ocr_carea' id='block_1_46' title="bbox 2195 2321 3751 2393">
    <p class='ocr_par' dir='ltr' id='par_1_46' title="bbox 2195 2321 3751 2393">
     <span class='ocr_line' id='line_1_46' title="bbox 2195 2321 3751 2393; baseline -0.001 -14"><span class='ocrx_word' id='word_1_352' title='bbox 2195 2337 2436 2388; x_wconf 84' lang='lat' dir='ltr'><strong>crucem,</strong></span> <span class='ocrx_word' id='word_1_353' title='bbox 2479 2331 2534 2378; x_wconf 89' lang='lat' dir='ltr'><strong>et</strong></span> <span class='ocrx_word' id='word_1_354' title='bbox 2572 2331 2822 2379; x_wconf 89' lang='lat' dir='ltr'><strong>sanctum</strong></span> <span class='ocrx_word' id='word_1_355' title='bbox 2847 2321 3224 2393; x_wconf 84' lang='lat' dir='ltr'><strong>Evangelium,</strong></span> <span class='ocrx_word' id='word_1_356' title='bbox 3271 2331 3328 2376; x_wconf 88' lang='lat' dir='ltr'><strong>ut</strong></span> <span class='ocrx_word' id='word_1_357' title='bbox 3358 2337 3540 2376; x_wconf 87' lang='lat' dir='ltr'><strong>coram</strong></span> <span class='ocrx_word' id='word_1_358' title='bbox 3570 2325 3751 2378; x_wconf 81' lang='lat' dir='ltr'><strong>eunetis</strong></span> 
     </span>
    </p>
   </div>
   <div class='ocr_carea' id='block_1_47' title="bbox 2192 2415 3748 2487">
    <p class='ocr_par' dir='ltr' id='par_1_47' title="bbox 2192 2415 3748 2487">
     <span class='ocr_line' id='line_1_47' title="bbox 2192 2415 3748 2487; baseline 0 -17"><span class='ocrx_word' id='word_1_359' title='bbox 2192 2415 2405 2487; x_wconf 86' lang='lat' dir='ltr'><strong>juraret</strong></span> <span class='ocrx_word' id='word_1_360' title='bbox 2428 2416 2530 2471; x_wconf 89' lang='lat' dir='ltr'><strong>hoc</strong></span> <span class='ocrx_word' id='word_1_361' title='bbox 2561 2431 2752 2472; x_wconf 90' lang='lat' dir='ltr'><strong>verum</strong></span> <span class='ocrx_word' id='word_1_362' title='bbox 2785 2430 2907 2471; x_wconf 87' lang='lat' dir='ltr'><strong>esse</strong></span> <span class='ocrx_word' id='word_1_363' title='bbox 2934 2416 3115 2485; x_wconf 84' lang='lat' dir='ltr'><strong>:quod</strong></span> <span class='ocrx_word' id='word_1_364' title='bbox 3156 2415 3227 2470; x_wconf 86' lang='lat' dir='ltr'><strong>ita</strong></span> <span class='ocrx_word' id='word_1_365' title='bbox 3268 2416 3476 2470; x_wconf 71' lang='lat' dir='ltr'><strong>factum</strong></span> <span class='ocrx_word' id='word_1_366' title='bbox 3507 2426 3601 2471; x_wconf 90' lang='lat' dir='ltr'><strong>est.</strong></span> <span class='ocrx_word' id='word_1_367' title='bbox 3627 2416 3682 2471; x_wconf 83' lang='lat' dir='ltr'><strong>Et</strong></span> <span class='ocrx_word' id='word_1_368' title='bbox 3705 2427 3748 2470; x_wconf 80' lang='lat' dir='ltr'><strong>ut</strong></span> 
     </span>
    </p>
   </div>
   <div class='ocr_carea' id='block_1_48' title="bbox 2196 2506 3752 2578">
    <p class='ocr_par' dir='ltr' id='par_1_48' title="bbox 2196 2506 3752 2578">
     <span class='ocr_line' id='line_1_48' title="bbox 2196 2506 3752 2578; baseline -0.001 -13"><span class='ocrx_word' id='word_1_369' title='bbox 2196 2506 2381 2565; x_wconf 86' lang='lat' dir='ltr'><strong>divina</strong></span> <span class='ocrx_word' id='word_1_370' title='bbox 2436 2508 2654 2565; x_wconf 89' lang='lat' dir='ltr'><strong>bonitas</strong></span> <span class='ocrx_word' id='word_1_371' title='bbox 2730 2507 2873 2562; x_wconf 89' lang='lat' dir='ltr'><strong>bona</strong></span> <span class='ocrx_word' id='word_1_372' title='bbox 2916 2507 3076 2563; x_wconf 88' lang='lat' dir='ltr'><strong>bonis</strong></span> <span class='ocrx_word' id='word_1_373' title='bbox 3115 2507 3514 2574; x_wconf 85' lang='lat' dir='ltr'><strong>accumularct,</strong></span> <span class='ocrx_word' id='word_1_374' title='bbox 3547 2523 3752 2578; x_wconf 82' lang='lat' dir='ltr'><strong>suosque</strong></span> 
     </span>
    </p>
   </div>
   <div class='ocr_carea' id='block_1_49' title="bbox 2197 2599 3755 2672">
    <p class='ocr_par' dir='ltr' id='par_1_49' title="bbox 2197 2599 3755 2672">
     <span class='ocr_line' id='line_1_49' title="bbox 2197 2599 3755 2672; baseline 0 -17"><span class='ocrx_word' id='word_1_375' title='bbox 2197 2599 2459 2672; x_wconf 82' lang='lat' dir='ltr'><strong>lugubres</strong></span> <span class='ocrx_word' id='word_1_376' title='bbox 2507 2615 2695 2656; x_wconf 89' lang='lat' dir='ltr'><strong>servos</strong></span> <span class='ocrx_word' id='word_1_377' title='bbox 2727 2599 2904 2670; x_wconf 90' lang='lat' dir='ltr'><strong>magis</strong></span> <span class='ocrx_word' id='word_1_378' title='bbox 2934 2599 3218 2671; x_wconf 90' lang='lat' dir='ltr'><strong>magisque</strong></span> <span class='ocrx_word' id='word_1_379' title='bbox 3267 2601 3591 2667; x_wconf 70' lang='lat' dir='ltr'><strong>lmtilicaret;</strong></span> <span class='ocrx_word' id='word_1_380' title='bbox 3632 2601 3755 2655; x_wconf 71' lang='lat' dir='ltr'><strong>aﬂult</strong></span> 
     </span>
    </p>
   </div>
   <div class='ocr_carea' id='block_1_50' title="bbox 2197 2693 3753 2765">
    <p class='ocr_par' dir='ltr' id='par_1_50' title="bbox 2197 2693 3753 2765">
     <span class='ocr_line' id='line_1_50' title="bbox 2197 2693 3753 2765; baseline 0 -15"><span class='ocrx_word' id='word_1_381' title='bbox 2197 2694 2272 2750; x_wconf 88' lang='lat' dir='ltr'><strong>ibi</strong></span> <span class='ocrx_word' id='word_1_382' title='bbox 2318 2693 2542 2765; x_wconf 89' lang='lat' dir='ltr'><strong>quidam</strong></span> <span class='ocrx_word' id='word_1_383' title='bbox 2589 2694 2931 2764; x_wconf 81' lang='lat' dir='ltr'><strong>peregrinus,</strong></span> <span class='ocrx_word' id='word_1_384' title='bbox 2980 2694 3201 2750; x_wconf 89' lang='lat' dir='ltr'><strong>nomine</strong></span> <span class='ocrx_word' id='word_1_385' title='bbox 3257 2693 3477 2762; x_wconf 74' lang='lat' dir='ltr'><strong>Petrus,</strong></span> <span class='ocrx_word' id='word_1_386' title='bbox 3507 2695 3596 2765; x_wconf 89' lang='lat' dir='ltr'><strong>qui</strong></span> <span class='ocrx_word' id='word_1_387' title='bbox 3639 2694 3753 2750; x_wconf 83' lang='lat' dir='ltr'><strong>hanc</strong></span> 
     </span>
    </p>
   </div>
   <div class='ocr_carea' id='block_1_51' title="bbox 2197 2783 3753 2855">
    <p class='ocr_par' dir='ltr' id='par_1_51' title="bbox 2197 2783 3753 2855">
     <span class='ocr_line' id='line_1_51' title="bbox 2197 2783 3753 2855; baseline -0.001 -15"><span class='ocrx_word' id='word_1_388' title='bbox 2197 2784 2464 2841; x_wconf 84' lang='lat' dir='ltr'><strong>visionem</strong></span> <span class='ocrx_word' id='word_1_389' title='bbox 2493 2783 2679 2840; x_wconf 85' lang='lat' dir='ltr'><strong>retulit</strong></span> <span class='ocrx_word' id='word_1_390' title='bbox 2706 2798 2891 2839; x_wconf 89' lang='lat' dir='ltr'><strong>coram</strong></span> <span class='ocrx_word' id='word_1_391' title='bbox 2919 2784 3176 2840; x_wconf 90' lang='lat' dir='ltr'><strong>omnibus</strong></span> <span class='ocrx_word' id='word_1_392' title='bbox 3208 2803 3221 2840; x_wconf 93' lang='lat'><strong>:</strong></span> <span class='ocrx_word' id='word_1_393' title='bbox 3258 2803 3276 2836; x_wconf 72' lang='grc' dir='ltr'><strong>ε</strong></span> <span class='ocrx_word' id='word_1_394' title='bbox 3301 2785 3524 2852; x_wconf 83' lang='lat' dir='ltr'><strong>Audite,</strong></span> <span class='ocrx_word' id='word_1_395' title='bbox 3553 2786 3753 2855; x_wconf 74' lang='lat' dir='ltr'><strong>p0pulus</strong></span> 
     </span>
    </p>
   </div>
   <div class='ocr_carea' id='block_1_52' title="bbox 2198 2875 3756 2944">
    <p class='ocr_par' dir='ltr' id='par_1_52' title="bbox 2198 2875 3756 2944">
     <span class='ocr_line' id='line_1_52' title="bbox 2198 2875 3756 2944; baseline -0.001 -11"><span class='ocrx_word' id='word_1_396' title='bbox 2198 2876 2418 2933; x_wconf 85' lang='lat' dir='ltr'><strong>Domini</strong></span> <span class='ocrx_word' id='word_1_397' title='bbox 2437 2886 2491 2932; x_wconf 91' lang='lat' dir='ltr'><strong>et</strong></span> <span class='ocrx_word' id='word_1_398' title='bbox 2518 2877 2662 2933; x_wconf 82' lang='lat' dir='ltr'><strong>servi</strong></span> <span class='ocrx_word' id='word_1_399' title='bbox 2691 2875 2786 2932; x_wconf 89' lang='lat' dir='ltr'><strong>Dei</strong></span> <span class='ocrx_word' id='word_1_400' title='bbox 2808 2877 3032 2944; x_wconf 87' lang='lat' dir='ltr'><strong>excelsi,</strong></span> <span class='ocrx_word' id='word_1_401' title='bbox 3060 2891 3251 2933; x_wconf 88' lang='lat' dir='ltr'><strong>vocem</strong></span> <span class='ocrx_word' id='word_1_402' title='bbox 3273 2893 3478 2944; x_wconf 89' lang='lat' dir='ltr'><strong>meam,</strong></span> <span class='ocrx_word' id='word_1_403' title='bbox 3501 2885 3554 2932; x_wconf 76' lang='lat' dir='ltr'><strong>et</strong></span> <span class='ocrx_word' id='word_1_404' title='bbox 3578 2891 3756 2932; x_wconf 79' lang='lat' dir='ltr'><strong>sermo-</strong></span> 
     </span>
    </p>
   </div>
   <div class='ocr_carea' id='block_1_53' title="bbox 2198 2967 3744 3026">
    <p class='ocr_par' dir='ltr' id='par_1_53' title="bbox 2198 2967 3744 3026">
     <span class='ocr_line' id='line_1_53' title="bbox 2198 2967 3744 3026; baseline -0.003 -1"><span class='ocrx_word' id='word_1_405' title='bbox 2198 2970 2365 3026; x_wconf 84' lang='lat' dir='ltr'><strong>nibus</strong></span> <span class='ocrx_word' id='word_1_406' title='bbox 2389 2970 2530 3025; x_wconf 84' lang='lat' dir='ltr'><strong>meis</strong></span> <span class='ocrx_word' id='word_1_407' title='bbox 2566 2969 2826 3026; x_wconf 87' lang='lat' dir='ltr'><strong>inclinate</strong></span> <span class='ocrx_word' id='word_1_408' title='bbox 2859 2984 3048 3025; x_wconf 86' lang='lat' dir='ltr'><strong>aurem</strong></span> <span class='ocrx_word' id='word_1_409' title='bbox 3087 2979 3351 3026; x_wconf 84' lang='lat' dir='ltr'><strong>vestram.</strong></span> <span class='ocrx_word' id='word_1_410' title='bbox 3380 2967 3522 3024; x_wconf 89' lang='lat' dir='ltr'><strong>Dum</strong></span> <span class='ocrx_word' id='word_1_411' title='bbox 3553 2969 3606 3023; x_wconf 93' lang='lat' dir='ltr'><strong>in</strong></span> <span class='ocrx_word' id='word_1_412' title='bbox 3629 2968 3744 3023; x_wconf 50' lang='lat' dir='ltr'><strong>obsiv</strong></span> 
     </span>
    </p>
   </div>
   <div class='ocr_carea' id='block_1_54' title="bbox 2199 3062 3761 3134">
    <p class='ocr_par' dir='ltr' id='par_1_54' title="bbox 2199 3062 3761 3134">
     <span class='ocr_line' id='line_1_54' title="bbox 2199 3062 3761 3134; baseline -0.003 -14"><span class='ocrx_word' id='word_1_413' title='bbox 2199 3063 2363 3120; x_wconf 90' lang='lat' dir='ltr'><strong>dione</strong></span> <span class='ocrx_word' id='word_1_414' title='bbox 2408 3063 2574 3134; x_wconf 89' lang='lat' dir='ltr'><strong>hujus</strong></span> <span class='ocrx_word' id='word_1_415' title='bbox 2615 3062 2854 3120; x_wconf 87' lang='lat' dir='ltr'><strong>civitatis</strong></span> <span class='ocrx_word' id='word_1_416' title='bbox 2884 3079 3124 3130; x_wconf 87' lang='lat' dir='ltr'><strong>eramus,</strong></span> <span class='ocrx_word' id='word_1_417' title='bbox 3151 3064 3391 3134; x_wconf 86' lang='lat' dir='ltr'><strong>quadam</strong></span> <span class='ocrx_word' id='word_1_418' title='bbox 3432 3074 3594 3120; x_wconf 85' lang='lat' dir='ltr'><strong>nocte</strong></span> <span class='ocrx_word' id='word_1_419' title='bbox 3620 3063 3761 3118; x_wconf 81' lang='lat' dir='ltr'><strong>astitit</strong></span> 
     </span>
    </p>
   </div>
   <div class='ocr_carea' id='block_1_55' title="bbox 2199 3153 3756 3223">
    <p class='ocr_par' dir='ltr' id='par_1_55' title="bbox 2199 3153 3756 3223">
     <span class='ocr_line' id='line_1_55' title="bbox 2199 3153 3756 3223; baseline -0.004 -13"><span class='ocrx_word' id='word_1_420' title='bbox 2199 3155 2334 3210; x_wconf 88' lang='lat' dir='ltr'><strong>mibi</strong></span> <span class='ocrx_word' id='word_1_421' title='bbox 2362 3154 2418 3209; x_wconf 90' lang='lat' dir='ltr'><strong>in</strong></span> <span class='ocrx_word' id='word_1_422' title='bbox 2453 3153 2664 3210; x_wconf 86' lang='lat' dir='ltr'><strong>visione</strong></span> <span class='ocrx_word' id='word_1_423' title='bbox 2691 3161 2916 3208; x_wconf 88' lang='lat' dir='ltr'><strong>sanctus</strong></span> <span class='ocrx_word' id='word_1_424' title='bbox 2951 3153 3197 3208; x_wconf 79' lang='lat' dir='ltr'><strong>Andreas</strong></span> <span class='ocrx_word' id='word_1_425' title='bbox 3226 3153 3533 3223; x_wconf 80' lang='lat' dir='ltr'><strong>apostolos,</strong></span> <span class='ocrx_word' id='word_1_426' title='bbox 3565 3153 3756 3207; x_wconf 79' lang='lat' dir='ltr'><strong>dicens:</strong></span> 
     </span>
    </p>
   </div>
   <div class='ocr_carea' id='block_1_56' title="bbox 2200 3244 3758 3316">
    <p class='ocr_par' dir='ltr' id='par_1_56' title="bbox 2200 3244 3758 3316">
     <span class='ocr_line' id='line_1_56' title="bbox 2200 3244 3758 3316; baseline -0.006 -12"><span class='ocrx_word' id='word_1_427' title='bbox 2200 3247 2350 3304; x_wconf 89' lang='lat' dir='ltr'><strong>Bone</strong></span> <span class='ocrx_word' id='word_1_428' title='bbox 2380 3247 2486 3314; x_wconf 83' lang='lat' dir='ltr'><strong>vir,</strong></span> <span class='ocrx_word' id='word_1_429' title='bbox 2529 3247 2657 3302; x_wconf 87' lang='lat' dir='ltr'><strong>audi</strong></span> <span class='ocrx_word' id='word_1_430' title='bbox 2694 3255 2750 3303; x_wconf 91' lang='lat' dir='ltr'><strong>et</strong></span> <span class='ocrx_word' id='word_1_431' title='bbox 2788 3245 3028 3316; x_wconf 91' lang='lat' dir='ltr'><strong>intellige</strong></span> <span class='ocrx_word' id='word_1_432' title='bbox 3069 3260 3178 3300; x_wconf 89' lang='lat' dir='ltr'><strong>me.</strong></span> <span class='ocrx_word' id='word_1_433' title='bbox 3215 3264 3235 3296; x_wconf 70' lang='grc' dir='ltr'>ι</span> <span class='ocrx_word' id='word_1_434' title='bbox 3259 3244 3326 3298; x_wconf 86' lang='lat' dir='ltr'><strong>Et</strong></span> <span class='ocrx_word' id='word_1_435' title='bbox 3354 3245 3445 3300; x_wconf 90' lang='lat' dir='ltr'><strong>aio</strong></span> <span class='ocrx_word' id='word_1_436' title='bbox 3474 3245 3543 3299; x_wconf 91' lang='lat' dir='ltr'><strong>ad</strong></span> <span class='ocrx_word' id='word_1_437' title='bbox 3570 3259 3683 3299; x_wconf 88' lang='lat' dir='ltr'><strong>eum</strong></span> <span class='ocrx_word' id='word_1_438' title='bbox 3707 3261 3758 3297; x_wconf 71' lang='grc' dir='ltr'><strong>τι</strong></span> 
     </span>
    </p>
   </div>
   <div class='ocr_carea' id='block_1_57' title="bbox 513 3325 3762 3412">
    <p class='ocr_par' dir='ltr' id='par_1_57' title="bbox 513 3325 3762 3412">
     <span class='ocr_line' id='line_1_57' title="bbox 513 3325 3762 3412; baseline -0 -21"><span class='ocrx_word' id='word_1_439' title='bbox 513 3349 882 3406; x_wconf 84' lang='lat' dir='ltr'><strong>supervenere</strong></span> <span class='ocrx_word' id='word_1_440' title='bbox 904 3335 1066 3404; x_wconf 91' lang='lat' dir='ltr'><strong>bella,</strong></span> <span class='ocrx_word' id='word_1_441' title='bbox 1095 3335 1317 3392; x_wconf 89' lang='lat' dir='ltr'><strong>vincere</strong></span> <span class='ocrx_word' id='word_1_442' title='bbox 1342 3334 1446 3391; x_wconf 86' lang='lat' dir='ltr'><strong>l&#39;eci</strong></span> <span class='ocrx_word' id='word_1_443' title='bbox 1465 3335 1488 3389; x_wconf 83' lang='lat'><strong>?</strong></span> <span class='ocrx_word' id='word_1_444' title='bbox 1509 3333 1567 3390; x_wconf 90' lang='lat' dir='ltr'><strong>In</strong></span> <span class='ocrx_word' id='word_1_445' title='bbox 1591 3333 1876 3392; x_wconf 90' lang='lat' dir='ltr'><strong>obsidione</strong></span> <span class='ocrx_word' id='word_1_446' title='bbox 1903 3333 2097 3390; x_wconf 84' lang='lat' dir='ltr'><strong>Antio-</strong></span> <span class='ocrx_word' id='word_1_447' title='bbox 2123 3325 2165 3385; x_wconf 89' lang='lat' dir='ltr'><strong>C</strong></span> <span class='ocrx_word' id='word_1_448' title='bbox 2199 3339 2281 3396; x_wconf 90' lang='lat' dir='ltr'><strong>Tu</strong></span> <span class='ocrx_word' id='word_1_449' title='bbox 2310 3341 2436 3412; x_wconf 83' lang='lat' dir='ltr'><strong>quis</strong></span> <span class='ocrx_word' id='word_1_450' title='bbox 2470 3355 2551 3407; x_wconf 89' lang='lat' dir='ltr'><strong>es,</strong></span> <span class='ocrx_word' id='word_1_451' title='bbox 2593 3339 2884 3395; x_wconf 66' lang='lat' dir='ltr'><strong>domine?»</strong></span> <span class='ocrx_word' id='word_1_452' title='bbox 2916 3337 2983 3394; x_wconf 86' lang='lat' dir='ltr'><strong>Et</strong></span> <span class='ocrx_word' id='word_1_453' title='bbox 3014 3338 3104 3393; x_wconf 91' lang='lat' dir='ltr'><strong>ille</strong></span> <span class='ocrx_word' id='word_1_454' title='bbox 3129 3356 3142 3392; x_wconf 92' lang='lat'><strong>:</strong></span> <span class='ocrx_word' id='word_1_455' title='bbox 3195 3357 3213 3390; x_wconf 74' lang='grc' dir='ltr'>ι</span> <span class='ocrx_word' id='word_1_456' title='bbox 3235 3335 3349 3410; x_wconf 86' lang='lat' dir='ltr'><strong>Ego</strong></span> <span class='ocrx_word' id='word_1_457' title='bbox 3383 3353 3508 3393; x_wconf 88' lang='lat' dir='ltr'><strong>sum</strong></span> <span class='ocrx_word' id='word_1_458' title='bbox 3547 3338 3762 3392; x_wconf 75' lang='lat' dir='ltr'><strong>Andreas</strong></span> 
     </span>
    </p>
   </div>
   <div class='ocr_carea' id='block_1_58' title="bbox 513 3425 2095 3495">
    <p class='ocr_par' dir='ltr' id='par_1_58' title="bbox 513 3425 2095 3495">
     <span class='ocr_line' id='line_1_58' title="bbox 513 3425 2095 3495; baseline -0.002 -11"><span class='ocrx_word' id='word_1_459' title='bbox 513 3427 652 3484; x_wconf 74' lang='lat' dir='ltr'><strong>chize</strong></span> <span class='ocrx_word' id='word_1_460' title='bbox 683 3441 876 3482; x_wconf 89' lang='lat' dir='ltr'><strong>eorum</strong></span> <span class='ocrx_word' id='word_1_461' title='bbox 901 3427 1138 3484; x_wconf 73' lang='lat' dir='ltr'><strong>miseria:</strong></span> <span class='ocrx_word' id='word_1_462' title='bbox 1165 3427 1450 3495; x_wconf 86' lang='lat' dir='ltr'><strong>condolui;</strong></span> <span class='ocrx_word' id='word_1_463' title='bbox 1482 3443 1630 3482; x_wconf 91' lang='lat' dir='ltr'><strong>nunc</strong></span> <span class='ocrx_word' id='word_1_464' title='bbox 1651 3441 1783 3482; x_wconf 91' lang='lat' dir='ltr'><strong>vero</strong></span> <span class='ocrx_word' id='word_1_465' title='bbox 1813 3425 1881 3480; x_wconf 91' lang='lat' dir='ltr'><strong>ad</strong></span> <span class='ocrx_word' id='word_1_466' title='bbox 1911 3434 2095 3481; x_wconf 89' lang='lat' dir='ltr'><strong>extre-</strong></span> 
     </span>
    </p>
   </div>
   <div class='ocr_carea' id='block_1_59' title="bbox 512 3515 2095 3590">
    <p class='ocr_par' dir='ltr' id='par_1_59' title="bbox 512 3515 2095 3590">
     <span class='ocr_line' id='line_1_59' title="bbox 512 3515 2095 3590; baseline 0 -18"><span class='ocrx_word' id='word_1_467' title='bbox 512 3533 688 3585; x_wconf 91' lang='lat' dir='ltr'><strong>mum,</strong></span> <span class='ocrx_word' id='word_1_468' title='bbox 719 3518 958 3574; x_wconf 87' lang='lat' dir='ltr'><strong>civitatis</strong></span> <span class='ocrx_word' id='word_1_469' title='bbox 985 3518 1293 3590; x_wconf 89' lang='lat' dir='ltr'><strong>ingressum</strong></span> <span class='ocrx_word' id='word_1_470' title='bbox 1315 3518 1481 3574; x_wconf 87' lang='lat' dir='ltr'><strong>tribui</strong></span> <span class='ocrx_word' id='word_1_471' title='bbox 1511 3537 1526 3586; x_wconf 92' lang='lat'><strong>;</strong></span> <span class='ocrx_word' id='word_1_472' title='bbox 1563 3533 1760 3574; x_wconf 90' lang='lat' dir='ltr'><strong>omnes</strong></span> <span class='ocrx_word' id='word_1_473' title='bbox 1786 3515 2095 3572; x_wconf 86' lang='lat' dir='ltr'><strong>tribulatio-</strong></span> 
     </span>
    </p>
   </div>
   <div class='ocr_carea' id='block_1_60' title="bbox 512 3609 2096 3684">
    <p class='ocr_par' dir='ltr' id='par_1_60' title="bbox 512 3609 2096 3684">
     <span class='ocr_line' id='line_1_60' title="bbox 512 3609 2096 3684; baseline 0 -18"><span class='ocrx_word' id='word_1_474' title='bbox 512 3626 612 3667; x_wconf 88' lang='lat' dir='ltr'><strong>nes</strong></span> <span class='ocrx_word' id='word_1_475' title='bbox 653 3619 709 3666; x_wconf 91' lang='lat' dir='ltr'><strong>et</strong></span> <span class='ocrx_word' id='word_1_476' title='bbox 763 3611 1174 3682; x_wconf 90' lang='lat' dir='ltr'><strong>impedimenta,</strong></span> <span class='ocrx_word' id='word_1_477' title='bbox 1199 3628 1323 3684; x_wconf 69' lang='lat' dir='ltr'><strong>qua:</strong></span> <span class='ocrx_word' id='word_1_478' title='bbox 1343 3611 1517 3682; x_wconf 83' lang='lat' dir='ltr'><strong>.passi</strong></span> <span class='ocrx_word' id='word_1_479' title='bbox 1546 3620 1695 3678; x_wconf 92' lang='lat' dir='ltr'><strong>sunt,</strong></span> <span class='ocrx_word' id='word_1_480' title='bbox 1719 3610 1844 3666; x_wconf 92' lang='lat' dir='ltr'><strong>ideo</strong></span> <span class='ocrx_word' id='word_1_481' title='bbox 1877 3609 2096 3666; x_wconf 89' lang='lat' dir='ltr'><strong>evenire</strong></span> 
     </span>
    </p>
   </div>
   <div class='ocr_carea' id='block_1_61' title="bbox 509 3700 2095 3773">
    <p class='ocr_par' dir='ltr' id='par_1_61' title="bbox 509 3700 2095 3773">
     <span class='ocr_line' id='line_1_61' title="bbox 509 3700 2095 3773; baseline -0.001 -17"><span class='ocrx_word' id='word_1_482' title='bbox 509 3700 759 3770; x_wconf 82' lang='lat' dir='ltr'><strong>permisi,</strong></span> <span class='ocrx_word' id='word_1_483' title='bbox 784 3701 1048 3773; x_wconf 90' lang='lat' dir='ltr'><strong>quoniam</strong></span> <span class='ocrx_word' id='word_1_484' title='bbox 1080 3703 1252 3758; x_wconf 89' lang='lat' dir='ltr'><strong>multa</strong></span> <span class='ocrx_word' id='word_1_485' title='bbox 1292 3700 1525 3758; x_wconf 80' lang='lat' dir='ltr'><strong>nefanda</strong></span> <span class='ocrx_word' id='word_1_486' title='bbox 1553 3709 1681 3756; x_wconf 87' lang='lat' dir='ltr'><strong>sunt</strong></span> <span class='ocrx_word' id='word_1_487' title='bbox 1704 3701 1936 3772; x_wconf 90' lang='lat' dir='ltr'><strong>operati,</strong></span> <span class='ocrx_word' id='word_1_488' title='bbox 1967 3715 2095 3756; x_wconf 92' lang='lat' dir='ltr'><strong>cum</strong></span> 
     </span>
    </p>
   </div>
   <div class='ocr_carea' id='block_1_62' title="bbox 507 3791 2098 3867">
    <p class='ocr_par' dir='ltr' id='par_1_62' title="bbox 507 3791 2098 3867">
     <span class='ocr_line' id='line_1_62' title="bbox 507 3791 2098 3867; baseline -0.001 -19"><span class='ocrx_word' id='word_1_489' title='bbox 507 3791 841 3851; x_wconf 89' lang='lat' dir='ltr'><strong>Christianis</strong></span> <span class='ocrx_word' id='word_1_490' title='bbox 876 3795 1203 3852; x_wconf 88' lang='lat' dir='ltr'><strong>mulieribus</strong></span> <span class='ocrx_word' id='word_1_491' title='bbox 1226 3805 1281 3850; x_wconf 88' lang='lat' dir='ltr'><strong>et</strong></span> <span class='ocrx_word' id='word_1_492' title='bbox 1303 3795 1554 3867; x_wconf 87' lang='lat' dir='ltr'><strong>paganis,</strong></span> <span class='ocrx_word' id='word_1_493' title='bbox 1578 3810 1702 3866; x_wconf 77' lang='lat' dir='ltr'><strong>qua:</strong></span> <span class='ocrx_word' id='word_1_494' title='bbox 1730 3794 1886 3849; x_wconf 89' lang='lat' dir='ltr'><strong>valde</strong></span> <span class='ocrx_word' id='word_1_495' title='bbox 1910 3792 2098 3863; x_wconf 86' lang='lat' dir='ltr'><strong>displi-</strong></span> 
     </span>
    </p>
   </div>
   <div class='ocr_carea' id='block_1_63' title="bbox 507 3885 2097 3943">
    <p class='ocr_par' dir='ltr' id='par_1_63' title="bbox 507 3885 2097 3943">
     <span class='ocr_line' id='line_1_63' title="bbox 507 3885 2097 3943; baseline -0.001 -3"><span class='ocrx_word' id='word_1_496' title='bbox 507 3893 633 3940; x_wconf 80' lang='lat' dir='ltr'><strong>cent</strong></span> <span class='ocrx_word' id='word_1_497' title='bbox 667 3885 723 3939; x_wconf 87' lang='lat' dir='ltr'><strong>in</strong></span> <span class='ocrx_word' id='word_1_498' title='bbox 750 3886 928 3942; x_wconf 91' lang='lat' dir='ltr'><strong>oculis</strong></span> <span class='ocrx_word' id='word_1_499' title='bbox 956 3887 1114 3943; x_wconf 90' lang='lat' dir='ltr'><strong>meis.</strong></span> <span class='ocrx_word' id='word_1_500' title='bbox 1161 3905 1180 3938; x_wconf 72' lang='grc' dir='ltr'><strong><em>ι</em></strong></span> <span class='ocrx_word' id='word_1_501' title='bbox 1209 3887 1290 3942; x_wconf 86' lang='lat' dir='ltr'><strong>Ad</strong></span> <span class='ocrx_word' id='word_1_502' title='bbox 1334 3887 1450 3942; x_wconf 64' lang='lat' dir='ltr'><strong>baro</strong></span> <span class='ocrx_word' id='word_1_503' title='bbox 1501 3894 1678 3941; x_wconf 85' lang='lat' dir='ltr'><strong>mater</strong></span> <span class='ocrx_word' id='word_1_504' title='bbox 1706 3885 2097 3941; x_wconf 69' lang='lat' dir='ltr'><strong>misericordia:</strong></span> 
     </span>
    </p>
   </div>
   <div class='ocr_carea' id='block_1_64' title="bbox 509 3977 2095 4052">
    <p class='ocr_par' dir='ltr' id='par_1_64' title="bbox 509 3977 2095 4052">
     <span class='ocr_line' id='line_1_64' title="bbox 509 3977 2095 4052; baseline -0.001 -20"><span class='ocrx_word' id='word_1_505' title='bbox 509 3978 760 4050; x_wconf 89' lang='lat' dir='ltr'><strong>piissima</strong></span> <span class='ocrx_word' id='word_1_506' title='bbox 790 3977 959 4052; x_wconf 81' lang='lat' dir='ltr'><strong>Virgo</strong></span> <span class='ocrx_word' id='word_1_507' title='bbox 986 3989 1041 4036; x_wconf 93' lang='lat' dir='ltr'><strong>et</strong></span> <span class='ocrx_word' id='word_1_508' title='bbox 1076 3979 1268 4036; x_wconf 87' lang='lat' dir='ltr'><strong>beatus</strong></span> <span class='ocrx_word' id='word_1_509' title='bbox 1309 3978 1506 4035; x_wconf 83' lang='lat' dir='ltr'><strong>Petrus</strong></span> <span class='ocrx_word' id='word_1_510' title='bbox 1537 3979 1852 4034; x_wconf 88' lang='lat' dir='ltr'><strong>ceciderunt</strong></span> <span class='ocrx_word' id='word_1_511' title='bbox 1894 3978 1961 4032; x_wconf 91' lang='lat' dir='ltr'><strong>ad</strong></span> <span class='ocrx_word' id='word_1_512' title='bbox 1997 3993 2095 4048; x_wconf 89' lang='lat' dir='ltr'><strong>pe-</strong></span> 
     </span>
    </p>
   </div>
   <div class='ocr_carea' id='block_1_65' title="bbox 511 4069 2097 4146">
    <p class='ocr_par' dir='ltr' id='par_1_65' title="bbox 511 4069 2097 4146">
     <span class='ocr_line' id='line_1_65' title="bbox 511 4069 2097 4146; baseline -0.002 -19"><span class='ocrx_word' id='word_1_513' title='bbox 511 4073 612 4129; x_wconf 71' lang='lat' dir='ltr'><strong>des</strong></span> <span class='ocrx_word' id='word_1_514' title='bbox 645 4071 766 4144; x_wconf 88' lang='lat' dir='ltr'><strong>ejus</strong></span> <span class='ocrx_word' id='word_1_515' title='bbox 817 4083 1072 4146; x_wconf 88' lang='lat' dir='ltr'><strong>rogantes</strong></span> <span class='ocrx_word' id='word_1_516' title='bbox 1107 4082 1166 4128; x_wconf 90' lang='lat' dir='ltr'><strong>ut</strong></span> <span class='ocrx_word' id='word_1_517' title='bbox 1215 4072 1400 4144; x_wconf 86' lang='lat' dir='ltr'><strong>populi</strong></span> <span class='ocrx_word' id='word_1_518' title='bbox 1448 4072 1535 4128; x_wconf 92' lang='lat' dir='ltr'><strong>sui</strong></span> <span class='ocrx_word' id='word_1_519' title='bbox 1587 4071 1958 4126; x_wconf 88' lang='lat' dir='ltr'><strong>misereretur.</strong></span> <span class='ocrx_word' id='word_1_520' title='bbox 1987 4069 2097 4124; x_wconf 85' lang='lat' dir='ltr'><strong>Ad-</strong></span> 
     </span>
    </p>
   </div>
   <div class='ocr_carea' id='block_1_66' title="bbox 505 4161 2093 4236">
    <p class='ocr_par' dir='ltr' id='par_1_66' title="bbox 505 4161 2093 4236">
     <span class='ocr_line' id='line_1_66' title="bbox 505 4161 2093 4236; baseline -0.004 -15"><span class='ocrx_word' id='word_1_521' title='bbox 505 4165 642 4236; x_wconf 88' lang='lat' dir='ltr'><strong>jecit</strong></span> <span class='ocrx_word' id='word_1_522' title='bbox 693 4174 877 4221; x_wconf 90' lang='lat' dir='ltr'><strong>autem</strong></span> <span class='ocrx_word' id='word_1_523' title='bbox 911 4164 1105 4221; x_wconf 89' lang='lat' dir='ltr'><strong>beatus</strong></span> <span class='ocrx_word' id='word_1_524' title='bbox 1127 4164 1412 4236; x_wconf 88' lang='lat' dir='ltr'><strong>apostolus</strong></span> <span class='ocrx_word' id='word_1_525' title='bbox 1428 4161 1728 4234; x_wconf 85' lang='lat' dir='ltr'><strong>precationi</strong></span> <span class='ocrx_word' id='word_1_526' title='bbox 1752 4176 1886 4227; x_wconf 65' lang='lat' dir='ltr'><strong>suae,</strong></span> <span class='ocrx_word' id='word_1_527' title='bbox 1906 4169 1961 4215; x_wconf 89' lang='lat' dir='ltr'><strong>et</strong></span> <span class='ocrx_word' id='word_1_528' title='bbox 1985 4161 2093 4215; x_wconf 89' lang='lat' dir='ltr'><strong>ait:</strong></span> 
     </span>
    </p>
   </div>
   <div class='ocr_carea' id='block_1_67' title="bbox 513 4253 2095 4329">
    <p class='ocr_par' dir='ltr' id='par_1_67' title="bbox 513 4253 2095 4329">
     <span class='ocr_line' id='line_1_67' title="bbox 513 4253 2095 4329; baseline -0.003 -19"><span class='ocrx_word' id='word_1_529' title='bbox 513 4276 534 4310; x_wconf 73' lang='grc' dir='ltr'><strong><em>ο</em></strong></span> <span class='ocrx_word' id='word_1_530' title='bbox 563 4256 1001 4329; x_wconf 87' lang='lat' dir='ltr'><strong>Domine,gratia</strong></span> <span class='ocrx_word' id='word_1_531' title='bbox 1033 4256 1127 4311; x_wconf 91' lang='lat' dir='ltr'><strong>tibi</strong></span> <span class='ocrx_word' id='word_1_532' title='bbox 1157 4272 1277 4328; x_wconf 90' lang='lat' dir='ltr'><strong>ago,</strong></span> <span class='ocrx_word' id='word_1_533' title='bbox 1303 4255 1564 4326; x_wconf 89' lang='lat' dir='ltr'><strong>quoniam</strong></span> <span class='ocrx_word' id='word_1_534' title='bbox 1590 4253 1887 4308; x_wconf 86' lang='lat' dir='ltr'><strong>Ecclesiam</strong></span> <span class='ocrx_word' id='word_1_535' title='bbox 1919 4267 2095 4306; x_wconf 88' lang='lat' dir='ltr'><strong>meam</strong></span> 
     </span>
    </p>
   </div>
   <div class='ocr_carea' id='block_1_68' title="bbox 511 4345 2088 4421">
    <p class='ocr_par' dir='ltr' id='par_1_68' title="bbox 511 4345 2088 4421">
     <span class='ocr_line' id='line_1_68' title="bbox 511 4345 2088 4421; baseline -0.004 -17"><span class='ocrx_word' id='word_1_536' title='bbox 511 4350 568 4405; x_wconf 92' lang='lat' dir='ltr'><strong>in</strong></span> <span class='ocrx_word' id='word_1_537' title='bbox 595 4359 868 4421; x_wconf 86' lang='lat' dir='ltr'><strong>potestate</strong></span> <span class='ocrx_word' id='word_1_538' title='bbox 905 4365 1189 4406; x_wconf 90' lang='lat' dir='ltr'><strong>servorum</strong></span> <span class='ocrx_word' id='word_1_539' title='bbox 1225 4359 1451 4404; x_wconf 88' lang='lat' dir='ltr'><strong>tuorum</strong></span> <span class='ocrx_word' id='word_1_540' title='bbox 1480 4345 1704 4409; x_wconf 90' lang='lat' dir='ltr'><strong>dedisti,</strong></span> <span class='ocrx_word' id='word_1_541' title='bbox 1743 4359 1910 4416; x_wconf 89' lang='lat' dir='ltr'><strong>quam</strong></span> <span class='ocrx_word' id='word_1_542' title='bbox 1957 4359 2088 4415; x_wconf 85' lang='lat' dir='ltr'><strong>pro-</strong></span> 
     </span>
    </p>
   </div>
   <div class='ocr_carea' id='block_1_69' title="bbox 504 4438 2096 4513">
    <p class='ocr_par' dir='ltr' id='par_1_69' title="bbox 504 4438 2096 4513">
     <span class='ocr_line' id='line_1_69' title="bbox 504 4438 2096 4513; baseline -0.004 -15"><span class='ocrx_word' id='word_1_543' title='bbox 504 4450 627 4513; x_wconf 89' lang='lat' dir='ltr'><strong>pter</strong></span> <span class='ocrx_word' id='word_1_544' title='bbox 674 4441 944 4498; x_wconf 88' lang='lat' dir='ltr'><strong>malitiam</strong></span> <span class='ocrx_word' id='word_1_545' title='bbox 998 4439 1426 4497; x_wconf 86' lang='lat' dir='ltr'><strong>inhabitantium</strong></span> <span class='ocrx_word' id='word_1_546' title='bbox 1474 4438 1529 4492; x_wconf 93' lang='lat' dir='ltr'><strong>in</strong></span> <span class='ocrx_word' id='word_1_547' title='bbox 1573 4452 1636 4492; x_wconf 89' lang='lat' dir='ltr'><strong>ea</strong></span> <span class='ocrx_word' id='word_1_548' title='bbox 1687 4443 1769 4491; x_wconf 94' lang='lat' dir='ltr'><strong>tot</strong></span> <span class='ocrx_word' id='word_1_549' title='bbox 1823 4451 2096 4491; x_wconf 89' lang='lat' dir='ltr'><strong>annorum</strong></span> 
     </span>
    </p>
   </div>
   <div class='ocr_carea' id='block_1_70' title="bbox 507 4527 2097 4607">
    <p class='ocr_par' dir='ltr' id='par_1_70' title="bbox 507 4527 2097 4607">
     <span class='ocr_line' id='line_1_70' title="bbox 507 4527 2097 4607; baseline -0.006 -17"><span class='ocrx_word' id='word_1_550' title='bbox 507 4533 801 4590; x_wconf 82' lang='lat' dir='ltr'><strong>curriculis</strong></span> <span class='ocrx_word' id='word_1_551' title='bbox 827 4549 1166 4607; x_wconf 88' lang='lat' dir='ltr'><strong>paganorum</strong></span> <span class='ocrx_word' id='word_1_552' title='bbox 1205 4530 1547 4598; x_wconf 66' lang='lat' dir='ltr'><strong>fosditatibus</strong></span> <span class='ocrx_word' id='word_1_553' title='bbox 1582 4527 1852 4585; x_wconf 88' lang='lat' dir='ltr'><strong>sordidari</strong></span> <span class='ocrx_word' id='word_1_554' title='bbox 1895 4527 2097 4598; x_wconf 90' lang='lat' dir='ltr'><strong>permi-</strong></span> 
     </span>
    </p>
   </div>
   <div class='ocr_carea' id='block_1_71' title="bbox 512 4619 2097 4692">
    <p class='ocr_par' dir='ltr' id='par_1_71' title="bbox 512 4619 2097 4692">
     <span class='ocr_line' id='line_1_71' title="bbox 512 4619 2097 4692; baseline -0.005 -10"><span class='ocrx_word' id='word_1_555' title='bbox 512 4625 690 4682; x_wconf 83' lang='lat' dir='ltr'><strong>seris:</strong></span> <span class='ocrx_word' id='word_1_556' title='bbox 723 4624 883 4683; x_wconf 88' lang='lat' dir='ltr'><strong>Unde</strong></span> <span class='ocrx_word' id='word_1_557' title='bbox 905 4626 963 4682; x_wconf 90' lang='lat' dir='ltr'><strong>in</strong></span> <span class='ocrx_word' id='word_1_558' title='bbox 991 4626 1146 4683; x_wconf 58' lang='lat' dir='ltr'><strong>curiis</strong></span> <span class='ocrx_word' id='word_1_559' title='bbox 1191 4625 1448 4680; x_wconf 57' lang='lat' dir='ltr'><strong>laetantur</strong></span> <span class='ocrx_word' id='word_1_560' title='bbox 1484 4620 1661 4678; x_wconf 89' lang='lat' dir='ltr'><strong>sancti</strong></span> <span class='ocrx_word' id='word_1_561' title='bbox 1695 4619 1873 4692; x_wconf 89' lang='lat' dir='ltr'><strong>angeli</strong></span> <span class='ocrx_word' id='word_1_562' title='bbox 1910 4619 2009 4687; x_wconf 92' lang='lat' dir='ltr'><strong>tui,</strong></span> <span class='ocrx_word' id='word_1_563' title='bbox 2041 4627 2097 4676; x_wconf 91' lang='lat' dir='ltr'><strong>et</strong></span> 
     </span>
    </p>
   </div>
   <div class='ocr_carea' id='block_1_72' title="bbox 509 4713 2095 4789">
    <p class='ocr_par' dir='ltr' id='par_1_72' title="bbox 509 4713 2095 4789">
     <span class='ocr_line' id='line_1_72' title="bbox 509 4713 2095 4789; baseline -0.003 -15"><span class='ocrx_word' id='word_1_564' title='bbox 509 4727 797 4776; x_wconf 82' lang='lat' dir='ltr'><strong>consortes</strong></span> <span class='ocrx_word' id='word_1_565' title='bbox 857 4719 963 4775; x_wconf 90' lang='lat' dir='ltr'><strong>mei</strong></span> <span class='ocrx_word' id='word_1_566' title='bbox 1018 4718 1272 4789; x_wconf 89' lang='lat' dir='ltr'><strong>apostoli.</strong></span> <span class='ocrx_word' id='word_1_567' title='bbox 1310 4737 1330 4769; x_wconf 72' lang='grc' dir='ltr'><strong><em>ι</em></strong></span> <span class='ocrx_word' id='word_1_568' title='bbox 1367 4715 1522 4771; x_wconf 91' lang='lat' dir='ltr'><strong>Tunc</strong></span> <span class='ocrx_word' id='word_1_569' title='bbox 1575 4713 1842 4770; x_wconf 87' lang='lat' dir='ltr'><strong>Dominus</strong></span> <span class='ocrx_word' id='word_1_570' title='bbox 1886 4714 1961 4769; x_wconf 90' lang='lat' dir='ltr'><strong>ait</strong></span> <span class='ocrx_word' id='word_1_571' title='bbox 2001 4729 2095 4770; x_wconf 87' lang='lat' dir='ltr'><strong>sa-</strong></span> 
     </span>
    </p>
   </div>
   <div class='ocr_carea' id='block_1_73' title="bbox 507 4804 2097 4879">
    <p class='ocr_par' dir='ltr' id='par_1_73' title="bbox 507 4804 2097 4879">
     <span class='ocr_line' id='line_1_73' title="bbox 507 4804 2097 4879; baseline -0.002 -16"><span class='ocrx_word' id='word_1_572' title='bbox 507 4808 718 4865; x_wconf 81' lang='lat' dir='ltr'><strong>cerdoti</strong></span> <span class='ocrx_word' id='word_1_573' title='bbox 749 4825 895 4867; x_wconf 90' lang='lat' dir='ltr'><strong>suo:</strong></span> <span class='ocrx_word' id='word_1_574' title='bbox 921 4829 939 4861; x_wconf 76' lang='grc' dir='ltr'>ι</span> <span class='ocrx_word' id='word_1_575' title='bbox 961 4807 1234 4876; x_wconf 79' lang='lat' dir='ltr'><strong>Vade,dic</strong></span> <span class='ocrx_word' id='word_1_576' title='bbox 1257 4807 1460 4879; x_wconf 91' lang='lat' dir='ltr'><strong>populo</strong></span> <span class='ocrx_word' id='word_1_577' title='bbox 1484 4821 1606 4860; x_wconf 87' lang='lat' dir='ltr'><strong>meo</strong></span> <span class='ocrx_word' id='word_1_578' title='bbox 1628 4813 1688 4860; x_wconf 91' lang='lat' dir='ltr'><strong>ut</strong></span> <span class='ocrx_word' id='word_1_579' title='bbox 1709 4815 2013 4860; x_wconf 89' lang='lat' dir='ltr'><strong>revertatur</strong></span> <span class='ocrx_word' id='word_1_580' title='bbox 2027 4804 2097 4860; x_wconf 89' lang='lat' dir='ltr'><strong>ad</strong></span> 
     </span>
    </p>
   </div>
   <div class='ocr_carea' id='block_1_74' title="bbox 515 4896 2098 4974">
    <p class='ocr_par' dir='ltr' id='par_1_74' title="bbox 515 4896 2098 4974">
     <span class='ocr_line' id='line_1_74' title="bbox 515 4896 2098 4974; baseline -0.001 -19"><span class='ocrx_word' id='word_1_581' title='bbox 515 4915 623 4968; x_wconf 91' lang='lat' dir='ltr'><strong>me,</strong></span> <span class='ocrx_word' id='word_1_582' title='bbox 663 4910 719 4957; x_wconf 88' lang='lat' dir='ltr'><strong>et</strong></span> <span class='ocrx_word' id='word_1_583' title='bbox 755 4917 858 4974; x_wconf 90' lang='lat' dir='ltr'><strong>ego</strong></span> <span class='ocrx_word' id='word_1_584' title='bbox 904 4910 1147 4957; x_wconf 88' lang='lat' dir='ltr'><strong>revertar</strong></span> <span class='ocrx_word' id='word_1_585' title='bbox 1195 4899 1262 4954; x_wconf 89' lang='lat' dir='ltr'><strong>ad</strong></span> <span class='ocrx_word' id='word_1_586' title='bbox 1309 4914 1434 4954; x_wconf 86' lang='lat' dir='ltr'><strong>eum</strong></span> <span class='ocrx_word' id='word_1_587' title='bbox 1463 4940 1478 4964; x_wconf 93' lang='lat'><strong>,</strong></span> <span class='ocrx_word' id='word_1_588' title='bbox 1539 4904 1593 4951; x_wconf 89' lang='lat' dir='ltr'><strong>et</strong></span> <span class='ocrx_word' id='word_1_589' title='bbox 1654 4896 1796 4952; x_wconf 80' lang='lat' dir='ltr'><strong>infra</strong></span> <span class='ocrx_word' id='word_1_590' title='bbox 1853 4897 2098 4969; x_wconf 89' lang='lat' dir='ltr'><strong>quinque</strong></span> 
     </span>
    </p>
   </div>
   <div class='ocr_carea' id='block_1_75' title="bbox 507 4990 2098 5060">
    <p class='ocr_par' dir='ltr' id='par_1_75' title="bbox 507 4990 2098 5060">
     <span class='ocr_line' id='line_1_75' title="bbox 507 4990 2098 5060; baseline -0.002 -13"><span class='ocrx_word' id='word_1_591' title='bbox 507 4993 626 5049; x_wconf 91' lang='lat' dir='ltr'><strong>dies</strong></span> <span class='ocrx_word' id='word_1_592' title='bbox 670 4995 882 5050; x_wconf 91' lang='lat' dir='ltr'><strong>mittam</strong></span> <span class='ocrx_word' id='word_1_593' title='bbox 915 4993 996 5049; x_wconf 85' lang='lat' dir='ltr'><strong>eis</strong></span> <span class='ocrx_word' id='word_1_594' title='bbox 1045 4991 1320 5048; x_wconf 82' lang='lat' dir='ltr'><strong>suiliciens</strong></span> <span class='ocrx_word' id='word_1_595' title='bbox 1365 4991 1656 5056; x_wconf 79' lang='lat' dir='ltr'><strong>auxilium,</strong></span> <span class='ocrx_word' id='word_1_596' title='bbox 1704 4990 1922 5044; x_wconf 86' lang='lat' dir='ltr'><strong>interim</strong></span> <span class='ocrx_word' id='word_1_597' title='bbox 1959 5005 2098 5060; x_wconf 86' lang='lat' dir='ltr'><strong>quo-</strong></span> 
     </span>
    </p>
   </div>
   <div class='ocr_carea' id='block_1_76' title="bbox 508 5082 2100 5156">
    <p class='ocr_par' dir='ltr' id='par_1_76' title="bbox 508 5082 2100 5156">
     <span class='ocr_line' id='line_1_76' title="bbox 508 5082 2100 5156; baseline -0.003 -16"><span class='ocrx_word' id='word_1_598' title='bbox 508 5085 640 5142; x_wconf 85' lang='lat' dir='ltr'><strong>tidie</strong></span> <span class='ocrx_word' id='word_1_599' title='bbox 691 5095 876 5143; x_wconf 90' lang='lat' dir='ltr'><strong>cantet</strong></span> <span class='ocrx_word' id='word_1_600' title='bbox 932 5087 1037 5141; x_wconf 90' lang='lat' dir='ltr'><strong>hoc</strong></span> <span class='ocrx_word' id='word_1_601' title='bbox 1093 5084 1506 5155; x_wconf 89' lang='lat' dir='ltr'><strong>rcsponsorium</strong></span> <span class='ocrx_word' id='word_1_602' title='bbox 1547 5102 1559 5138; x_wconf 91' lang='lat'><strong>:</strong></span> <span class='ocrx_word' id='word_1_603' title='bbox 1594 5082 1916 5156; x_wconf 82' lang='lat' dir='ltr'><strong>Congregati</strong></span> <span class='ocrx_word' id='word_1_604' title='bbox 1971 5089 2100 5138; x_wconf 92' lang='lat' dir='ltr'><strong>sunt</strong></span> 
     </span>
    </p>
   </div>
   <div class='ocr_carea' id='block_1_77' title="bbox 506 5177 2097 5249">
    <p class='ocr_par' dir='ltr' id='par_1_77' title="bbox 506 5177 2097 5249">
     <span class='ocr_line' id='line_1_77' title="bbox 506 5177 2097 5249; baseline -0.002 -16"><span class='ocrx_word' id='word_1_605' title='bbox 506 5177 717 5233; x_wconf 87' lang='lat' dir='ltr'><strong>inimici</strong></span> <span class='ocrx_word' id='word_1_606' title='bbox 749 5178 923 5235; x_wconf 89' lang='lat' dir='ltr'><strong>nostri</strong></span> <span class='ocrx_word' id='word_1_607' title='bbox 952 5187 1006 5233; x_wconf 88' lang='lat' dir='ltr'><strong>et</strong></span> <span class='ocrx_word' id='word_1_608' title='bbox 1046 5177 1348 5249; x_wconf 81' lang='lat' dir='ltr'><strong>gloriantur</strong></span> <span class='ocrx_word' id='word_1_609' title='bbox 1396 5177 1448 5232; x_wconf 91' lang='lat' dir='ltr'><strong>in</strong></span> <span class='ocrx_word' id='word_1_610' title='bbox 1477 5177 1678 5232; x_wconf 90' lang='lat' dir='ltr'><strong>virtute</strong></span> <span class='ocrx_word' id='word_1_611' title='bbox 1727 5192 1826 5232; x_wconf 90' lang='lat' dir='ltr'><strong>sua</strong></span> <span class='ocrx_word' id='word_1_612' title='bbox 1858 5194 1870 5230; x_wconf 90' lang='lat'><strong>:</strong></span> <span class='ocrx_word' id='word_1_613' title='bbox 1922 5184 2097 5230; x_wconf 90' lang='lat' dir='ltr'><strong>totum</strong></span> 
     </span>
    </p>
   </div>
   <div class='ocr_carea' id='block_1_78' title="bbox 505 5266 2096 5339">
    <p class='ocr_par' dir='ltr' id='par_1_78' title="bbox 505 5266 2096 5339">
     <span class='ocr_line' id='line_1_78' title="bbox 505 5266 2096 5339; baseline -0.003 -13"><span class='ocrx_word' id='word_1_614' title='bbox 505 5285 633 5326; x_wconf 86' lang='lat' dir='ltr'><strong>cum</strong></span> <span class='ocrx_word' id='word_1_615' title='bbox 664 5286 847 5326; x_wconf 87' lang='lat' dir='ltr'><strong>versu.</strong></span> <span class='ocrx_word' id='word_1_616' title='bbox 871 5288 890 5321; x_wconf 77' lang='grc' dir='ltr'><strong>ι</strong></span> <span class='ocrx_word' id='word_1_617' title='bbox 932 5267 1045 5325; x_wconf 89' lang='lat' dir='ltr'><strong>IIac</strong></span> <span class='ocrx_word' id='word_1_618' title='bbox 1082 5270 1155 5324; x_wconf 90' lang='lat' dir='ltr'><strong>ita</strong></span> <span class='ocrx_word' id='word_1_619' title='bbox 1198 5269 1409 5326; x_wconf 90' lang='lat' dir='ltr'><strong>visione</strong></span> <span class='ocrx_word' id='word_1_620' title='bbox 1443 5268 1732 5339; x_wconf 87' lang='lat' dir='ltr'><strong>completa,</strong></span> <span class='ocrx_word' id='word_1_621' title='bbox 1770 5266 2096 5323; x_wconf 77' lang='lat' dir='ltr'><strong>venerabilis</strong></span> 
     </span>
    </p>
   </div>
   <div class='ocr_carea' id='block_1_79' title="bbox 503 5359 2097 5433">
    <p class='ocr_par' dir='ltr' id='par_1_79' title="bbox 503 5359 2097 5433">
     <span class='ocr_line' id='line_1_79' title="bbox 503 5359 2097 5433; baseline 0 -18"><span class='ocrx_word' id='word_1_622' title='bbox 503 5361 791 5433; x_wconf 81' lang='lat' dir='ltr'><strong>presbyter</strong></span> <span class='ocrx_word' id='word_1_623' title='bbox 835 5377 1032 5416; x_wconf 89' lang='lat' dir='ltr'><strong>somno</strong></span> <span class='ocrx_word' id='word_1_624' title='bbox 1087 5363 1356 5419; x_wconf 82' lang='lat' dir='ltr'><strong>excitatus</strong></span> <span class='ocrx_word' id='word_1_625' title='bbox 1410 5361 1682 5426; x_wconf 81' lang='lat' dir='ltr'><strong>surrexit,</strong></span> <span class='ocrx_word' id='word_1_626' title='bbox 1729 5359 2097 5430; x_wconf 85' lang='lat' dir='ltr'><strong>expansisque</strong></span> 
     </span>
    </p>
   </div>
   <div class='ocr_carea' id='block_1_80' title="bbox 506 5451 2098 5525">
    <p class='ocr_par' dir='ltr' id='par_1_80' title="bbox 506 5451 2098 5525">
     <span class='ocr_line' id='line_1_80' title="bbox 506 5451 2098 5525; baseline 0 -18"><span class='ocrx_word' id='word_1_627' title='bbox 506 5451 766 5508; x_wconf 89' lang='lat' dir='ltr'><strong>manibus</strong></span> <span class='ocrx_word' id='word_1_628' title='bbox 807 5452 1005 5519; x_wconf 84' lang='lat' dir='ltr'><strong>oravit,</strong></span> <span class='ocrx_word' id='word_1_629' title='bbox 1053 5462 1217 5524; x_wconf 90' lang='lat' dir='ltr'><strong>prout</strong></span> <span class='ocrx_word' id='word_1_630' title='bbox 1263 5453 1497 5525; x_wconf 81' lang='lat' dir='ltr'><strong>Spiritus</strong></span> <span class='ocrx_word' id='word_1_631' title='bbox 1528 5461 1754 5509; x_wconf 88' lang='lat' dir='ltr'><strong>sanctus</strong></span> <span class='ocrx_word' id='word_1_632' title='bbox 1779 5452 1945 5506; x_wconf 87' lang='lat' dir='ltr'><strong>dabat</strong></span> <span class='ocrx_word' id='word_1_633' title='bbox 1983 5451 2098 5507; x_wconf 92' lang='lat' dir='ltr'><strong>elo-</strong></span> 
     </span>
    </p>
   </div>
   <div class='ocr_carea' id='block_1_81' title="bbox 505 5541 2096 5612">
    <p class='ocr_par' dir='ltr' id='par_1_81' title="bbox 505 5541 2096 5612">
     <span class='ocr_line' id='line_1_81' title="bbox 505 5541 2096 5612; baseline 0.001 -15"><span class='ocrx_word' id='word_1_634' title='bbox 505 5541 604 5612; x_wconf 85' lang='lat' dir='ltr'><strong>qui</strong></span> <span class='ocrx_word' id='word_1_635' title='bbox 638 5541 737 5599; x_wconf 89' lang='lat' dir='ltr'><strong>illi.</strong></span> <span class='ocrx_word' id='word_1_636' title='bbox 783 5542 913 5598; x_wconf 88' lang='lat' dir='ltr'><strong>Inde</strong></span> <span class='ocrx_word' id='word_1_637' title='bbox 955 5545 1143 5601; x_wconf 88' lang='lat' dir='ltr'><strong>eadem</strong></span> <span class='ocrx_word' id='word_1_638' title='bbox 1171 5545 1260 5601; x_wconf 92' lang='lat' dir='ltr'><strong>die</strong></span> <span class='ocrx_word' id='word_1_639' title='bbox 1307 5547 1441 5602; x_wconf 79' lang='lat' dir='ltr'><strong>liora</strong></span> <span class='ocrx_word' id='word_1_640' title='bbox 1492 5545 1650 5600; x_wconf 88' lang='lat' dir='ltr'><strong>tertia</strong></span> <span class='ocrx_word' id='word_1_641' title='bbox 1683 5544 1996 5600; x_wconf 87' lang='lat' dir='ltr'><strong>immediate</strong></span> <span class='ocrx_word' id='word_1_642' title='bbox 2027 5543 2096 5600; x_wconf 92' lang='lat' dir='ltr'><strong>ad</strong></span> 
     </span>
    </p>
   </div>
   <div class='ocr_carea' id='block_1_82' title="bbox 504 5634 2092 5710">
    <p class='ocr_par' dir='ltr' id='par_1_82' title="bbox 504 5634 2092 5710">
     <span class='ocr_line' id='line_1_82' title="bbox 504 5634 2092 5710; baseline 0.004 -23"><span class='ocrx_word' id='word_1_643' title='bbox 504 5634 781 5706; x_wconf 86' lang='lat' dir='ltr'><strong>principes</strong></span> <span class='ocrx_word' id='word_1_644' title='bbox 814 5638 1088 5694; x_wconf 88' lang='lat' dir='ltr'><strong>exercitus</strong></span> <span class='ocrx_word' id='word_1_645' title='bbox 1115 5639 1372 5710; x_wconf 85' lang='lat' dir='ltr'><strong>perrexit,</strong></span> <span class='ocrx_word' id='word_1_646' title='bbox 1403 5639 1719 5709; x_wconf 85' lang='lat' dir='ltr'><strong>invenitque</strong></span> <span class='ocrx_word' id='word_1_647' title='bbox 1744 5654 1842 5695; x_wconf 92' lang='lat' dir='ltr'><strong>eos</strong></span> <span class='ocrx_word' id='word_1_648' title='bbox 1873 5655 2092 5696; x_wconf 89' lang='lat' dir='ltr'><strong>sursum</strong></span> 
     </span>
    </p>
   </div>
   <div class='ocr_carea' id='block_1_83' title="bbox 2197 3427 3761 3502">
    <p class='ocr_par' dir='ltr' id='par_1_83' title="bbox 2197 3427 3761 3502">
     <span class='ocr_line' id='line_1_83' title="bbox 2197 3427 3761 3502; baseline -0.005 -14"><span class='ocrx_word' id='word_1_649' title='bbox 2197 3432 2498 3502; x_wconf 87' lang='lat' dir='ltr'><strong>apostolus.</strong></span> <span class='ocrx_word' id='word_1_650' title='bbox 2533 3431 2917 3502; x_wconf 72' lang='lat' dir='ltr'><strong>«Adjecitquc:</strong></span> <span class='ocrx_word' id='word_1_651' title='bbox 2940 3450 2958 3481; x_wconf 77' lang='grc' dir='ltr'><strong><em>ι</em></strong></span> <span class='ocrx_word' id='word_1_652' title='bbox 2992 3429 3116 3496; x_wconf 86' lang='lat' dir='ltr'><strong>Fili,</strong></span> <span class='ocrx_word' id='word_1_653' title='bbox 3147 3446 3273 3486; x_wconf 94' lang='lat' dir='ltr'><strong>cum</strong></span> <span class='ocrx_word' id='word_1_654' title='bbox 3299 3430 3495 3485; x_wconf 90' lang='lat' dir='ltr'><strong>urbem</strong></span> <span class='ocrx_word' id='word_1_655' title='bbox 3526 3430 3661 3484; x_wconf 86' lang='lat' dir='ltr'><strong>hanc</strong></span> <span class='ocrx_word' id='word_1_656' title='bbox 3695 3427 3761 3480; x_wconf 89' lang='lat' dir='ltr'><strong>in-</strong></span> 
     </span>
    </p>
   </div>
   <div class='ocr_carea' id='block_1_84' title="bbox 2198 3520 3762 3592">
    <p class='ocr_par' dir='ltr' id='par_1_84' title="bbox 2198 3520 3762 3592">
     <span class='ocr_line' id='line_1_84' title="bbox 2198 3520 3762 3592; baseline -0.002 -14"><span class='ocrx_word' id='word_1_657' title='bbox 2198 3523 2492 3590; x_wconf 87' lang='lat' dir='ltr'><strong>traveritis,</strong></span> <span class='ocrx_word' id='word_1_658' title='bbox 2525 3531 2580 3578; x_wconf 93' lang='lat' dir='ltr'><strong>et</strong></span> <span class='ocrx_word' id='word_1_659' title='bbox 2603 3537 2724 3578; x_wconf 89' lang='lat' dir='ltr'><strong>eam</strong></span> <span class='ocrx_word' id='word_1_660' title='bbox 2765 3523 2822 3577; x_wconf 90' lang='lat' dir='ltr'><strong>in</strong></span> <span class='ocrx_word' id='word_1_661' title='bbox 2849 3531 3114 3592; x_wconf 89' lang='lat' dir='ltr'><strong>potestate</strong></span> <span class='ocrx_word' id='word_1_662' title='bbox 3141 3521 3470 3588; x_wconf 87' lang='lat' dir='ltr'><strong>habueritis,</strong></span> <span class='ocrx_word' id='word_1_663' title='bbox 3514 3521 3582 3576; x_wconf 88' lang='lat' dir='ltr'><strong>ad</strong></span> <span class='ocrx_word' id='word_1_664' title='bbox 3613 3520 3762 3576; x_wconf 85' lang='lat' dir='ltr'><strong>eccle-</strong></span> 
     </span>
    </p>
   </div>
   <div class='ocr_carea' id='block_1_85' title="bbox 2197 3613 3762 3682">
    <p class='ocr_par' dir='ltr' id='par_1_85' title="bbox 2197 3613 3762 3682">
     <span class='ocr_line' id='line_1_85' title="bbox 2197 3613 3762 3682; baseline -0.003 -12"><span class='ocrx_word' id='word_1_665' title='bbox 2197 3616 2336 3671; x_wconf 90' lang='lat' dir='ltr'><strong>siam</strong></span> <span class='ocrx_word' id='word_1_666' title='bbox 2383 3614 2534 3670; x_wconf 86' lang='lat' dir='ltr'><strong>Bcati</strong></span> <span class='ocrx_word' id='word_1_667' title='bbox 2578 3613 2725 3670; x_wconf 87' lang='lat' dir='ltr'><strong>Petri</strong></span> <span class='ocrx_word' id='word_1_668' title='bbox 2767 3614 3019 3670; x_wconf 84' lang='lat' dir='ltr'><strong>celeriter</strong></span> <span class='ocrx_word' id='word_1_669' title='bbox 3053 3614 3212 3681; x_wconf 89' lang='lat' dir='ltr'><strong>vade,</strong></span> <span class='ocrx_word' id='word_1_670' title='bbox 3261 3622 3316 3669; x_wconf 89' lang='lat' dir='ltr'><strong>et</strong></span> <span class='ocrx_word' id='word_1_671' title='bbox 3366 3614 3422 3668; x_wconf 90' lang='lat' dir='ltr'><strong>in</strong></span> <span class='ocrx_word' id='word_1_672' title='bbox 3473 3614 3602 3669; x_wconf 82' lang='lat' dir='ltr'><strong>loco</strong></span> <span class='ocrx_word' id='word_1_673' title='bbox 3625 3627 3762 3682; x_wconf 80' lang='lat' dir='ltr'><strong>quem</strong></span> 
     </span>
    </p>
   </div>
   <div class='ocr_carea' id='block_1_86' title="bbox 2196 3706 3763 3777">
    <p class='ocr_par' dir='ltr' id='par_1_86' title="bbox 2196 3706 3763 3777">
     <span class='ocr_line' id='line_1_86' title="bbox 2196 3706 3763 3777; baseline -0.004 -13"><span class='ocrx_word' id='word_1_674' title='bbox 2196 3717 2575 3764; x_wconf 86' lang='lat' dir='ltr'><strong>monstravero</strong></span> <span class='ocrx_word' id='word_1_675' title='bbox 2596 3707 2716 3774; x_wconf 90' lang='lat' dir='ltr'><strong>tibi,</strong></span> <span class='ocrx_word' id='word_1_676' title='bbox 2747 3707 2995 3764; x_wconf 89' lang='lat' dir='ltr'><strong>invenies</strong></span> <span class='ocrx_word' id='word_1_677' title='bbox 3018 3707 3286 3773; x_wconf 88' lang='lat' dir='ltr'><strong>lanceam,</strong></span> <span class='ocrx_word' id='word_1_678' title='bbox 3311 3722 3423 3777; x_wconf 74' lang='lat' dir='ltr'><strong>qua</strong></span> <span class='ocrx_word' id='word_1_679' title='bbox 3455 3706 3763 3777; x_wconf 69' lang='lat' dir='ltr'><strong>perforatum</strong></span> 
     </span>
    </p>
   </div>
   <div class='ocr_carea' id='block_1_87' title="bbox 2196 3796 3764 3856">
    <p class='ocr_par' dir='ltr' id='par_1_87' title="bbox 2196 3796 3764 3856">
     <span class='ocr_line' id='line_1_87' title="bbox 2196 3796 3764 3856; baseline -0.004 0"><span class='ocrx_word' id='word_1_680' title='bbox 2196 3809 2280 3856; x_wconf 92' lang='lat' dir='ltr'><strong>est</strong></span> <span class='ocrx_word' id='word_1_681' title='bbox 2319 3800 2462 3855; x_wconf 91' lang='lat' dir='ltr'><strong>latus</strong></span> <span class='ocrx_word' id='word_1_682' title='bbox 2501 3799 2800 3855; x_wconf 90' lang='lat' dir='ltr'><strong>Salvatoris</strong></span> <span class='ocrx_word' id='word_1_683' title='bbox 2850 3799 3043 3854; x_wconf 90' lang='lat' dir='ltr'><strong>nostri.</strong></span> <span class='ocrx_word' id='word_1_684' title='bbox 3082 3817 3100 3850; x_wconf 83' lang='grc'>‹</span> <span class='ocrx_word' id='word_1_685' title='bbox 3125 3797 3240 3854; x_wconf 79' lang='lat' dir='ltr'><strong>Hoc</strong></span> <span class='ocrx_word' id='word_1_686' title='bbox 3269 3806 3402 3854; x_wconf 91' lang='lat' dir='ltr'><strong>tunc</strong></span> <span class='ocrx_word' id='word_1_687' title='bbox 3443 3796 3764 3854; x_wconf 81' lang='lat' dir='ltr'><strong>solummodo</strong></span> 
     </span>
    </p>
   </div>
   <div class='ocr_carea' id='block_1_88' title="bbox 2197 3887 3762 3963">
    <p class='ocr_par' dir='ltr' id='par_1_88' title="bbox 2197 3887 3762 3963">
     <span class='ocr_line' id='line_1_88' title="bbox 2197 3887 3762 3963; baseline -0.003 -17"><span class='ocrx_word' id='word_1_688' title='bbox 2197 3892 2494 3963; x_wconf 84' lang='lat' dir='ltr'><strong>Apostolus</strong></span> <span class='ocrx_word' id='word_1_689' title='bbox 2534 3891 2672 3946; x_wconf 89' lang='lat' dir='ltr'><strong>dixit</strong></span> <span class='ocrx_word' id='word_1_690' title='bbox 2701 3891 2856 3946; x_wconf 91' lang='lat' dir='ltr'><strong>mihi.</strong></span> <span class='ocrx_word' id='word_1_691' title='bbox 2887 3890 3000 3963; x_wconf 85' lang='lat' dir='ltr'><strong>Ego</strong></span> <span class='ocrx_word' id='word_1_692' title='bbox 3041 3905 3175 3946; x_wconf 91' lang='lat' dir='ltr'><strong>vero</strong></span> <span class='ocrx_word' id='word_1_693' title='bbox 3204 3899 3334 3946; x_wconf 91' lang='lat' dir='ltr'><strong>tunc</strong></span> <span class='ocrx_word' id='word_1_694' title='bbox 3367 3905 3545 3946; x_wconf 91' lang='lat' dir='ltr'><strong>ausus</strong></span> <span class='ocrx_word' id='word_1_695' title='bbox 3574 3905 3674 3944; x_wconf 90' lang='lat' dir='ltr'><strong>non</strong></span> <span class='ocrx_word' id='word_1_696' title='bbox 3702 3887 3762 3943; x_wconf 82' lang='lat' dir='ltr'><strong>lui</strong></span> 
     </span>
    </p>
   </div>
   <div class='ocr_carea' id='block_1_89' title="bbox 2198 3983 3759 4050">
    <p class='ocr_par' dir='ltr' id='par_1_89' title="bbox 2198 3983 3759 4050">
     <span class='ocr_line' id='line_1_89' title="bbox 2198 3983 3759 4050; baseline -0.003 -11"><span class='ocrx_word' id='word_1_697' title='bbox 2198 3985 2302 4041; x_wconf 89' lang='lat' dir='ltr'><strong>hoc</strong></span> <span class='ocrx_word' id='word_1_698' title='bbox 2331 3985 2493 4041; x_wconf 88' lang='lat' dir='ltr'><strong>alicui</strong></span> <span class='ocrx_word' id='word_1_699' title='bbox 2521 3984 2784 4050; x_wconf 89' lang='lat' dir='ltr'><strong>indicare,</strong></span> <span class='ocrx_word' id='word_1_700' title='bbox 2817 3983 3141 4040; x_wconf 84' lang='lat' dir='ltr'><strong>existimans</strong></span> <span class='ocrx_word' id='word_1_701' title='bbox 3172 3998 3260 4038; x_wconf 89' lang='lat' dir='ltr'><strong>me</strong></span> <span class='ocrx_word' id='word_1_702' title='bbox 3290 3998 3494 4038; x_wconf 90' lang='lat' dir='ltr'><strong>vanam</strong></span> <span class='ocrx_word' id='word_1_703' title='bbox 3519 3983 3759 4038; x_wconf 83' lang='lat' dir='ltr'><strong>visionem</strong></span> 
     </span>
    </p>
   </div>
   <div class='ocr_carea' id='block_1_90' title="bbox 2199 4074 3766 4154">
    <p class='ocr_par' dir='ltr' id='par_1_90' title="bbox 2199 4074 3766 4154">
     <span class='ocr_line' id='line_1_90' title="bbox 2199 4074 3766 4154; baseline -0.003 -23"><span class='ocrx_word' id='word_1_704' title='bbox 2199 4077 2419 4134; x_wconf 90' lang='lat' dir='ltr'><strong>vidisse.</strong></span> <span class='ocrx_word' id='word_1_705' title='bbox 2465 4075 2622 4132; x_wconf 87' lang='lat' dir='ltr'><strong>Nunc</strong></span> <span class='ocrx_word' id='word_1_706' title='bbox 2647 4091 2778 4131; x_wconf 90' lang='lat' dir='ltr'><strong>vero</strong></span> <span class='ocrx_word' id='word_1_707' title='bbox 2807 4076 2912 4131; x_wconf 88' lang='lat' dir='ltr'><strong>ista</strong></span> <span class='ocrx_word' id='word_1_708' title='bbox 2939 4084 3100 4130; x_wconf 91' lang='lat' dir='ltr'><strong>nocte</strong></span> <span class='ocrx_word' id='word_1_709' title='bbox 3141 4075 3341 4130; x_wconf 89' lang='lat' dir='ltr'><strong>iterum</strong></span> <span class='ocrx_word' id='word_1_710' title='bbox 3374 4075 3635 4154; x_wconf 87' lang='lat' dir='ltr'><strong>apparuit</strong></span> <span class='ocrx_word' id='word_1_711' title='bbox 3657 4074 3766 4128; x_wconf 83' lang='lat' dir='ltr'><strong>mihi</strong></span> 
     </span>
    </p>
   </div>
   <div class='ocr_carea' id='block_1_91' title="bbox 2197 4165 3768 4226">
    <p class='ocr_par' dir='ltr' id='par_1_91' title="bbox 2197 4165 3768 4226">
     <span class='ocr_line' id='line_1_91' title="bbox 2197 4165 3768 4226; baseline -0.006 0"><span class='ocrx_word' id='word_1_712' title='bbox 2197 4169 2416 4226; x_wconf 88' lang='lat' dir='ltr'><strong>dicens:</strong></span> <span class='ocrx_word' id='word_1_713' title='bbox 2450 4188 2470 4222; x_wconf 77' lang='grc' dir='ltr'><strong><em>ι</em></strong></span> <span class='ocrx_word' id='word_1_714' title='bbox 2504 4167 2641 4224; x_wconf 80' lang='lat' dir='ltr'><strong>Veni</strong></span> <span class='ocrx_word' id='word_1_715' title='bbox 2668 4176 2724 4222; x_wconf 94' lang='lat' dir='ltr'><strong>et</strong></span> <span class='ocrx_word' id='word_1_716' title='bbox 2771 4167 3057 4222; x_wconf 89' lang='lat' dir='ltr'><strong>ostendam</strong></span> <span class='ocrx_word' id='word_1_717' title='bbox 3100 4165 3196 4221; x_wconf 90' lang='lat' dir='ltr'><strong>tibi</strong></span> <span class='ocrx_word' id='word_1_718' title='bbox 3231 4165 3416 4220; x_wconf 89' lang='lat' dir='ltr'><strong>locum</strong></span> <span class='ocrx_word' id='word_1_719' title='bbox 3465 4165 3561 4220; x_wconf 87' lang='lat' dir='ltr'><strong>ubi</strong></span> <span class='ocrx_word' id='word_1_720' title='bbox 3609 4165 3768 4218; x_wconf 83' lang='lat' dir='ltr'><strong>lancea</strong></span> 
     </span>
    </p>
   </div>
   <div class='ocr_carea' id='block_1_92' title="bbox 2198 4255 3770 4329">
    <p class='ocr_par' dir='ltr' id='par_1_92' title="bbox 2198 4255 3770 4329">
     <span class='ocr_line' id='line_1_92' title="bbox 2198 4255 3770 4329; baseline -0.006 -12"><span class='ocrx_word' id='word_1_721' title='bbox 2198 4261 2516 4318; x_wconf 81' lang='lat' dir='ltr'><strong>abscondita</strong></span> <span class='ocrx_word' id='word_1_722' title='bbox 2549 4267 2654 4324; x_wconf 90' lang='lat' dir='ltr'><strong>est,</strong></span> <span class='ocrx_word' id='word_1_723' title='bbox 2686 4258 2834 4314; x_wconf 89' lang='lat' dir='ltr'><strong>sicut</strong></span> <span class='ocrx_word' id='word_1_724' title='bbox 2858 4257 3086 4329; x_wconf 86' lang='lat' dir='ltr'><strong>promisi</strong></span> <span class='ocrx_word' id='word_1_725' title='bbox 3119 4257 3235 4312; x_wconf 86' lang='lat' dir='ltr'><strong>tibi.</strong></span> <span class='ocrx_word' id='word_1_726' title='bbox 3272 4255 3506 4312; x_wconf 82' lang='lat' dir='ltr'><strong>Festina</strong></span> <span class='ocrx_word' id='word_1_727' title='bbox 3553 4258 3707 4328; x_wconf 86' lang='lat' dir='ltr'><strong>igitur</strong></span> <span class='ocrx_word' id='word_1_728' title='bbox 3724 4263 3770 4308; x_wconf 92' lang='lat' dir='ltr'><strong>ut</strong></span> 
     </span>
    </p>
   </div>
   <div class='ocr_carea' id='block_1_93' title="bbox 2197 4349 3770 4422">
    <p class='ocr_par' dir='ltr' id='par_1_93' title="bbox 2197 4349 3770 4422">
     <span class='ocr_line' id='line_1_93' title="bbox 2197 4349 3770 4422; baseline -0.006 -13"><span class='ocrx_word' id='word_1_729' title='bbox 2197 4354 2455 4409; x_wconf 87' lang='lat' dir='ltr'><strong>extrahas</strong></span> <span class='ocrx_word' id='word_1_730' title='bbox 2480 4368 2625 4418; x_wconf 90' lang='lat' dir='ltr'><strong>eam,</strong></span> <span class='ocrx_word' id='word_1_731' title='bbox 2673 4351 2937 4422; x_wconf 87' lang='lat' dir='ltr'><strong>quoniam</strong></span> <span class='ocrx_word' id='word_1_732' title='bbox 2967 4349 3315 4420; x_wconf 88' lang='lat' dir='ltr'><strong>portantibus</strong></span> <span class='ocrx_word' id='word_1_733' title='bbox 3363 4365 3494 4404; x_wconf 86' lang='lat' dir='ltr'><strong>eam</strong></span> <span class='ocrx_word' id='word_1_734' title='bbox 3537 4355 3770 4420; x_wconf 82' lang='lat' dir='ltr'><strong>sequetur</strong></span> 
     </span>
    </p>
   </div>
   <div class='ocr_carea' id='block_1_94' title="bbox 2197 4442 3769 4512">
    <p class='ocr_par' dir='ltr' id='par_1_94' title="bbox 2197 4442 3769 4512">
     <span class='ocr_line' id='line_1_94' title="bbox 2197 4442 3769 4512; baseline -0.003 -13"><span class='ocrx_word' id='word_1_735' title='bbox 2197 4445 2446 4502; x_wconf 91' lang='lat' dir='ltr'><strong>victoria.</strong></span> <span class='ocrx_word' id='word_1_736' title='bbox 2475 4463 2494 4496; x_wconf 75' lang='grc' dir='ltr'>ι</span> <span class='ocrx_word' id='word_1_737' title='bbox 2513 4443 2580 4500; x_wconf 87' lang='lat' dir='ltr'><strong>Et</strong></span> <span class='ocrx_word' id='word_1_738' title='bbox 2605 4442 2845 4500; x_wconf 89' lang='lat' dir='ltr'><strong>ostendit</strong></span> <span class='ocrx_word' id='word_1_739' title='bbox 2866 4443 2998 4498; x_wconf 91' lang='lat' dir='ltr'><strong>mibi</strong></span> <span class='ocrx_word' id='word_1_740' title='bbox 3023 4451 3247 4498; x_wconf 90' lang='lat' dir='ltr'><strong>sanctus</strong></span> <span class='ocrx_word' id='word_1_741' title='bbox 3275 4442 3570 4512; x_wconf 77' lang='lat' dir='ltr'><strong>apostolus</strong></span> <span class='ocrx_word' id='word_1_742' title='bbox 3597 4443 3769 4502; x_wconf 87' lang='lat' dir='ltr'><strong>locum,</strong></span> 
     </span>
    </p>
   </div>
   <div class='ocr_carea' id='block_1_95' title="bbox 2198 4535 3767 4609">
    <p class='ocr_par' dir='ltr' id='par_1_95' title="bbox 2198 4535 3767 4609">
     <span class='ocr_line' id='line_1_95' title="bbox 2198 4535 3767 4609; baseline -0.006 -15"><span class='ocrx_word' id='word_1_743' title='bbox 2198 4554 2362 4609; x_wconf 84' lang='lat' dir='ltr'><strong>quem</strong></span> <span class='ocrx_word' id='word_1_744' title='bbox 2383 4539 2562 4595; x_wconf 89' lang='lat' dir='ltr'><strong>venite</strong></span> <span class='ocrx_word' id='word_1_745' title='bbox 2575 4546 2630 4593; x_wconf 88' lang='lat' dir='ltr'><strong>et</strong></span> <span class='ocrx_word' id='word_1_746' title='bbox 2650 4537 2917 4604; x_wconf 82' lang='lat' dir='ltr'><strong>videte,et</strong></span> <span class='ocrx_word' id='word_1_747' title='bbox 2935 4536 3060 4592; x_wconf 88' lang='lat' dir='ltr'><strong>inde</strong></span> <span class='ocrx_word' id='word_1_748' title='bbox 3074 4551 3196 4591; x_wconf 90' lang='lat' dir='ltr'><strong>eam</strong></span> <span class='ocrx_word' id='word_1_749' title='bbox 3224 4550 3444 4590; x_wconf 88' lang='lat' dir='ltr'><strong>meeum</strong></span> <span class='ocrx_word' id='word_1_750' title='bbox 3465 4535 3767 4590; x_wconf 68' lang='lat' dir='ltr'><strong>extrahite.»</strong></span> 
     </span>
    </p>
   </div>
   <div class='ocr_carea' id='block_1_96' title="bbox 2197 4625 3774 4699">
    <p class='ocr_par' dir='ltr' id='par_1_96' title="bbox 2197 4625 3774 4699">
     <span class='ocr_line' id='line_1_96' title="bbox 2197 4625 3774 4699; baseline -0.004 -15"><span class='ocrx_word' id='word_1_751' title='bbox 2197 4630 2447 4699; x_wconf 88' lang='lat' dir='ltr'><strong>Cumque</strong></span> <span class='ocrx_word' id='word_1_752' title='bbox 2500 4644 2692 4684; x_wconf 91' lang='lat' dir='ltr'><strong>omnes</strong></span> <span class='ocrx_word' id='word_1_753' title='bbox 2738 4627 2806 4682; x_wconf 92' lang='lat' dir='ltr'><strong>ad</strong></span> <span class='ocrx_word' id='word_1_754' title='bbox 2852 4627 3140 4683; x_wconf 89' lang='lat' dir='ltr'><strong>ecclesiam</strong></span> <span class='ocrx_word' id='word_1_755' title='bbox 3184 4625 3336 4681; x_wconf 87' lang='lat' dir='ltr'><strong>Beati</strong></span> <span class='ocrx_word' id='word_1_756' title='bbox 3374 4625 3530 4682; x_wconf 87' lang='lat' dir='ltr'><strong>Petri</strong></span> <span class='ocrx_word' id='word_1_757' title='bbox 3580 4641 3774 4683; x_wconf 79' lang='lat' dir='ltr'><strong>currere</strong></span> 
     </span>
    </p>
   </div>
   <div class='ocr_carea' id='block_1_97' title="bbox 2202 4717 3774 4790">
    <p class='ocr_par' dir='ltr' id='par_1_97' title="bbox 2202 4717 3774 4790">
     <span class='ocr_line' id='line_1_97' title="bbox 2202 4717 3774 4790; baseline -0.004 -14"><span class='ocrx_word' id='word_1_758' title='bbox 2202 4722 2422 4786; x_wconf 90' lang='lat' dir='ltr'><strong>vellent,</strong></span> <span class='ocrx_word' id='word_1_759' title='bbox 2465 4720 2662 4790; x_wconf 90' lang='lat' dir='ltr'><strong>adjecit</strong></span> <span class='ocrx_word' id='word_1_760' title='bbox 2683 4719 2883 4783; x_wconf 86' lang='lat' dir='ltr'><strong>adhuc,</strong></span> <span class='ocrx_word' id='word_1_761' title='bbox 2914 4731 2970 4774; x_wconf 90' lang='lat' dir='ltr'><strong>et</strong></span> <span class='ocrx_word' id='word_1_762' title='bbox 2989 4718 3102 4772; x_wconf 90' lang='lat' dir='ltr'><strong>ait:</strong></span> <span class='ocrx_word' id='word_1_763' title='bbox 3133 4717 3355 4773; x_wconf 81' lang='lat' dir='ltr'><strong>Mandat</strong></span> <span class='ocrx_word' id='word_1_764' title='bbox 3391 4719 3556 4774; x_wconf 90' lang='lat' dir='ltr'><strong>vobis</strong></span> <span class='ocrx_word' id='word_1_765' title='bbox 3576 4727 3774 4773; x_wconf 84' lang='lat' dir='ltr'><strong>sanctus</strong></span> 
     </span>
    </p>
   </div>
   <div class='ocr_carea' id='block_1_98' title="bbox 2202 4807 3776 4881">
    <p class='ocr_par' dir='ltr' id='par_1_98' title="bbox 2202 4807 3776 4881">
     <span class='ocr_line' id='line_1_98' title="bbox 2202 4807 3776 4881; baseline -0.004 -15"><span class='ocrx_word' id='word_1_766' title='bbox 2202 4812 2452 4867; x_wconf 87' lang='lat' dir='ltr'><strong>Andreas</strong></span> <span class='ocrx_word' id='word_1_767' title='bbox 2483 4811 2764 4881; x_wconf 90' lang='lat' dir='ltr'><strong>apostolus</strong></span> <span class='ocrx_word' id='word_1_768' title='bbox 2796 4828 2810 4864; x_wconf 91' lang='lat'><strong>:</strong></span> <span class='ocrx_word' id='word_1_769' title='bbox 2838 4807 2918 4864; x_wconf 87' lang='lat' dir='ltr'><strong>Ne</strong></span> <span class='ocrx_word' id='word_1_770' title='bbox 2957 4807 3199 4864; x_wconf 88' lang='lat' dir='ltr'><strong>timcatis</strong></span> <span class='ocrx_word' id='word_1_771' title='bbox 3235 4807 3334 4863; x_wconf 91' lang='lat' dir='ltr'><strong>sed</strong></span> <span class='ocrx_word' id='word_1_772' title='bbox 3374 4807 3708 4863; x_wconf 82' lang='lat' dir='ltr'><strong>conﬁtemini</strong></span> <span class='ocrx_word' id='word_1_773' title='bbox 3733 4815 3776 4859; x_wconf 82' lang='lat' dir='ltr'><strong>rt</strong></span> 
     </span>
    </p>
   </div>
   <div class='ocr_carea' id='block_1_99' title="bbox 2201 4900 3773 4976">
    <p class='ocr_par' dir='ltr' id='par_1_99' title="bbox 2201 4900 3773 4976">
     <span class='ocr_line' id='line_1_99' title="bbox 2201 4900 3773 4976; baseline -0.007 -15"><span class='ocrx_word' id='word_1_774' title='bbox 2201 4904 2576 4976; x_wconf 59' lang='lat' dir='ltr'><strong>penitentiam</strong></span> <span class='ocrx_word' id='word_1_775' title='bbox 2605 4903 2747 4975; x_wconf 89' lang='lat' dir='ltr'><strong>agite</strong></span> <span class='ocrx_word' id='word_1_776' title='bbox 2767 4917 2797 4958; x_wconf 90' lang='lat' dir='ltr'><strong>a</strong></span> <span class='ocrx_word' id='word_1_777' title='bbox 2820 4902 2979 4958; x_wconf 90' lang='lat' dir='ltr'><strong>malis</strong></span> <span class='ocrx_word' id='word_1_778' title='bbox 3006 4901 3264 4971; x_wconf 87' lang='lat' dir='ltr'><strong>operibus</strong></span> <span class='ocrx_word' id='word_1_779' title='bbox 3286 4901 3514 4968; x_wconf 87' lang='lat' dir='ltr'><strong>vestris,</strong></span> <span class='ocrx_word' id='word_1_780' title='bbox 3540 4900 3773 4972; x_wconf 85' lang='lat' dir='ltr'><strong>quoniam</strong></span> 
     </span>
    </p>
   </div>
   <div class='ocr_carea' id='block_1_100' title="bbox 2203 4993 3775 5067">
    <p class='ocr_par' dir='ltr' id='par_1_100' title="bbox 2203 4993 3775 5067">
     <span class='ocr_line' id='line_1_100' title="bbox 2203 4993 3775 5067; baseline -0.007 -13"><span class='ocrx_word' id='word_1_781' title='bbox 2203 4998 2348 5054; x_wconf 78' lang='lat' dir='ltr'><strong>infra</strong></span> <span class='ocrx_word' id='word_1_782' title='bbox 2399 4998 2641 5067; x_wconf 90' lang='lat' dir='ltr'><strong>quinque</strong></span> <span class='ocrx_word' id='word_1_783' title='bbox 2685 4996 2804 5051; x_wconf 90' lang='lat' dir='ltr'><strong>dies</strong></span> <span class='ocrx_word' id='word_1_784' title='bbox 2855 5010 3019 5065; x_wconf 83' lang='lat' dir='ltr'><strong>super</strong></span> <span class='ocrx_word' id='word_1_785' title='bbox 3052 4993 3307 5049; x_wconf 88' lang='lat' dir='ltr'><strong>inimicos</strong></span> <span class='ocrx_word' id='word_1_786' title='bbox 3341 5003 3567 5050; x_wconf 87' lang='lat' dir='ltr'><strong>vestros</strong></span> <span class='ocrx_word' id='word_1_787' title='bbox 3604 4994 3775 5048; x_wconf 79' lang='lat' dir='ltr'><strong>iterum</strong></span> 
     </span>
    </p>
   </div>
   <div class='ocr_carea' id='block_1_101' title="bbox 2202 5083 3779 5158">
    <p class='ocr_par' dir='ltr' id='par_1_101' title="bbox 2202 5083 3779 5158">
     <span class='ocr_line' id='line_1_101' title="bbox 2202 5083 3779 5158; baseline -0.006 -15"><span class='ocrx_word' id='word_1_788' title='bbox 2202 5086 2631 5158; x_wconf 81' lang='lat' dir='ltr'><strong>triumpliabitis.</strong></span> <span class='ocrx_word' id='word_1_789' title='bbox 2654 5105 2672 5138; x_wconf 71' lang='grc' dir='ltr'><strong><em>ι</em></strong></span> <span class='ocrx_word' id='word_1_790' title='bbox 2707 5084 2863 5141; x_wconf 90' lang='lat' dir='ltr'><strong>Tunc</strong></span> <span class='ocrx_word' id='word_1_791' title='bbox 2886 5100 3080 5140; x_wconf 90' lang='lat' dir='ltr'><strong>omnes</strong></span> <span class='ocrx_word' id='word_1_792' title='bbox 3101 5083 3441 5140; x_wconf 88' lang='lat' dir='ltr'><strong>unanimiter</strong></span> <span class='ocrx_word' id='word_1_793' title='bbox 3465 5085 3779 5156; x_wconf 63' lang='lat' dir='ltr'><strong>gloriﬁcare</strong></span> 
     </span>
    </p>
   </div>
   <div class='ocr_carea' id='block_1_102' title="bbox 2201 5174 3778 5248">
    <p class='ocr_par' dir='ltr' id='par_1_102' title="bbox 2201 5174 3778 5248">
     <span class='ocr_line' id='line_1_102' title="bbox 2201 5174 3778 5248; baseline -0.004 -14"><span class='ocrx_word' id='word_1_794' title='bbox 2201 5188 2334 5234; x_wconf 90' lang='lat' dir='ltr'><strong>runt</strong></span> <span class='ocrx_word' id='word_1_795' title='bbox 2377 5179 2572 5244; x_wconf 87' lang='lat' dir='ltr'><strong>Deum,</strong></span> <span class='ocrx_word' id='word_1_796' title='bbox 2607 5177 2703 5248; x_wconf 90' lang='lat' dir='ltr'><strong>qui</strong></span> <span class='ocrx_word' id='word_1_797' title='bbox 2729 5177 3056 5248; x_wconf 85' lang='lat' dir='ltr'><strong>dignabatur</strong></span> <span class='ocrx_word' id='word_1_798' title='bbox 3087 5176 3364 5232; x_wconf 89' lang='lat' dir='ltr'><strong>consolari</strong></span> <span class='ocrx_word' id='word_1_799' title='bbox 3397 5177 3630 5233; x_wconf 86' lang='lat' dir='ltr'><strong>dolores</strong></span> <span class='ocrx_word' id='word_1_800' title='bbox 3655 5174 3778 5246; x_wconf 80' lang='lat' dir='ltr'><strong>ipso-</strong></span> 
     </span>
    </p>
   </div>
   <div class='ocr_carea' id='block_1_103' title="bbox 2204 5265 3775 5326">
    <p class='ocr_par' dir='ltr' id='par_1_103' title="bbox 2204 5265 3775 5326">
     <span class='ocr_line' id='line_1_103' title="bbox 2204 5265 3775 5326; baseline -0.006 0"><span class='ocrx_word' id='word_1_801' title='bbox 2204 5287 2348 5326; x_wconf 90' lang='lat' dir='ltr'><strong>rum.</strong></span> <span class='ocrx_word' id='word_1_802' title='bbox 2389 5269 2584 5326; x_wconf 86' lang='lat' dir='ltr'><strong>Statim</strong></span> <span class='ocrx_word' id='word_1_803' title='bbox 2631 5284 2761 5325; x_wconf 87' lang='lat' dir='ltr'><strong>vero</strong></span> <span class='ocrx_word' id='word_1_804' title='bbox 2805 5277 3170 5324; x_wconf 85' lang='lat' dir='ltr'><strong>cucurrerunt</strong></span> <span class='ocrx_word' id='word_1_805' title='bbox 3215 5268 3282 5324; x_wconf 90' lang='lat' dir='ltr'><strong>ad</strong></span> <span class='ocrx_word' id='word_1_806' title='bbox 3322 5269 3623 5325; x_wconf 87' lang='lat' dir='ltr'><strong>ecclesiam</strong></span> <span class='ocrx_word' id='word_1_807' title='bbox 3653 5265 3775 5320; x_wconf 81' lang='lat' dir='ltr'><strong>Beati</strong></span> 
     </span>
    </p>
   </div>
   <div class='ocr_carea' id='block_1_104' title="bbox 2201 5361 3776 5434">
    <p class='ocr_par' dir='ltr' id='par_1_104' title="bbox 2201 5361 3776 5434">
     <span class='ocr_line' id='line_1_104' title="bbox 2201 5361 3776 5434; baseline -0.003 -17"><span class='ocrx_word' id='word_1_808' title='bbox 2201 5361 2348 5418; x_wconf 90' lang='lat' dir='ltr'><strong>Petri</strong></span> <span class='ocrx_word' id='word_1_809' title='bbox 2394 5363 2673 5434; x_wconf 89' lang='lat' dir='ltr'><strong>cupientes</strong></span> <span class='ocrx_word' id='word_1_810' title='bbox 2701 5362 2882 5416; x_wconf 91' lang='lat' dir='ltr'><strong>locum</strong></span> <span class='ocrx_word' id='word_1_811' title='bbox 2933 5361 3136 5427; x_wconf 90' lang='lat' dir='ltr'><strong>videre,</strong></span> <span class='ocrx_word' id='word_1_812' title='bbox 3181 5361 3274 5416; x_wconf 91' lang='lat' dir='ltr'><strong>ubi</strong></span> <span class='ocrx_word' id='word_1_813' title='bbox 3326 5361 3574 5418; x_wconf 88' lang='lat' dir='ltr'><strong>debebat</strong></span> <span class='ocrx_word' id='word_1_814' title='bbox 3613 5361 3776 5416; x_wconf 76' lang='lat' dir='ltr'><strong>lancea</strong></span> 
     </span>
    </p>
   </div>
   <div class='ocr_carea' id='block_1_105' title="bbox 2202 5453 3777 5522">
    <p class='ocr_par' dir='ltr' id='par_1_105' title="bbox 2202 5453 3777 5522">
     <span class='ocr_line' id='line_1_105' title="bbox 2202 5453 3777 5522; baseline -0.005 -10"><span class='ocrx_word' id='word_1_815' title='bbox 2202 5456 2458 5522; x_wconf 89' lang='lat' dir='ltr'><strong>inveniri,</strong></span> <span class='ocrx_word' id='word_1_816' title='bbox 2509 5454 2765 5512; x_wconf 81' lang='lat' dir='ltr'><strong>foderunt</strong></span> <span class='ocrx_word' id='word_1_817' title='bbox 2797 5462 2978 5516; x_wconf 90' lang='lat' dir='ltr'><strong>autem</strong></span> <span class='ocrx_word' id='word_1_818' title='bbox 3010 5453 3082 5508; x_wconf 89' lang='lat' dir='ltr'><strong>ibi</strong></span> <span class='ocrx_word' id='word_1_819' title='bbox 3121 5453 3383 5510; x_wconf 89' lang='lat' dir='ltr'><strong>tredecim</strong></span> <span class='ocrx_word' id='word_1_820' title='bbox 3436 5455 3706 5516; x_wconf 83' lang='lat' dir='ltr'><strong>homines,</strong></span> <span class='ocrx_word' id='word_1_821' title='bbox 3753 5465 3777 5504; x_wconf 87' lang='lat' dir='ltr'><strong>a</strong></span> 
     </span>
    </p>
   </div>
   <div class='ocr_carea' id='block_1_106' title="bbox 2202 5544 3780 5621">
    <p class='ocr_par' dir='ltr' id='par_1_106' title="bbox 2202 5544 3780 5621">
     <span class='ocr_line' id='line_1_106' title="bbox 2202 5544 3780 5621; baseline -0.004 -16"><span class='ocrx_word' id='word_1_822' title='bbox 2202 5566 2362 5605; x_wconf 88' lang='lat' dir='ltr'><strong>mane</strong></span> <span class='ocrx_word' id='word_1_823' title='bbox 2391 5566 2566 5621; x_wconf 89' lang='lat' dir='ltr'><strong>usque</strong></span> <span class='ocrx_word' id='word_1_824' title='bbox 2595 5549 2664 5604; x_wconf 90' lang='lat' dir='ltr'><strong>ad</strong></span> <span class='ocrx_word' id='word_1_825' title='bbox 2689 5563 2995 5619; x_wconf 86' lang='lat' dir='ltr'><strong>vesperam,</strong></span> <span class='ocrx_word' id='word_1_826' title='bbox 3034 5548 3224 5619; x_wconf 86' lang='lat' dir='ltr'><strong>sicque</strong></span> <span class='ocrx_word' id='word_1_827' title='bbox 3251 5563 3401 5615; x_wconf 87' lang='lat' dir='ltr'><strong>eam,</strong></span> <span class='ocrx_word' id='word_1_828' title='bbox 3425 5547 3666 5604; x_wconf 88' lang='lat' dir='ltr'><strong>Domino</strong></span> <span class='ocrx_word' id='word_1_829' title='bbox 3687 5544 3780 5600; x_wconf 87' lang='lat' dir='ltr'><strong>dis-</strong></span> 
     </span>
    </p>
   </div>
   <div class='ocr_carea' id='block_1_107' title="bbox 2200 5633 3778 5716">
    <p class='ocr_par' dir='ltr' id='par_1_107' title="bbox 2200 5633 3778 5716">
     <span class='ocr_line' id='line_1_107' title="bbox 2200 5633 3778 5716; baseline -0.002 -21"><span class='ocrx_word' id='word_1_830' title='bbox 2200 5649 2436 5712; x_wconf 87' lang='lat' dir='ltr'><strong>ponente</strong></span> <span class='ocrx_word' id='word_1_831' title='bbox 2461 5648 2806 5711; x_wconf 88' lang='lat' dir='ltr'><strong>repererunt;</strong></span> <span class='ocrx_word' id='word_1_832' title='bbox 2841 5637 3051 5710; x_wconf 85' lang='lat' dir='ltr'><strong>fuitque</strong></span> <span class='ocrx_word' id='word_1_833' title='bbox 3088 5654 3287 5716; x_wconf 69' lang='lat' dir='ltr'><strong>magna</strong></span> <span class='ocrx_word' id='word_1_834' title='bbox 3341 5639 3540 5698; x_wconf 59' lang='lat' dir='ltr'><strong>laetitia</strong></span> <span class='ocrx_word' id='word_1_835' title='bbox 3575 5638 3632 5696; x_wconf 87' lang='lat' dir='ltr'><strong>in</strong></span> <span class='ocrx_word' id='word_1_836' title='bbox 3651 5633 3778 5694; x_wconf 84' lang='lat' dir='ltr'><strong>omni</strong></span> 
     </span>
    </p>
   </div>
   <div class='ocr_carea' id='block_1_108' title="bbox 1581 5747 2724 5811">
    <p class='ocr_par' dir='ltr' id='par_1_108' title="bbox 1581 5747 2724 5811">
     <span class='ocr_line' id='line_1_108' title="bbox 1581 5747 2724 5811; baseline 0.003 -7"><span class='ocrx_word' id='word_1_837' title='bbox 1581 5747 1888 5806; x_wconf 63' lang='lat' dir='ltr'><strong>NOTUL/E</strong></span> <span class='ocrx_word' id='word_1_838' title='bbox 1923 5750 2376 5811; x_wconf 73' lang='lat' dir='ltr'><strong>MARGINALES</strong></span> <span class='ocrx_word' id='word_1_839' title='bbox 2417 5753 2528 5809; x_wconf 81' lang='lat' dir='ltr'><strong>MS.</strong></span> <span class='ocrx_word' id='word_1_840' title='bbox 2571 5753 2724 5810; x_wconf 84' lang='lat' dir='ltr'><strong>COD.</strong></span> 
     </span>
    </p>
   </div>
   <div class='ocr_carea' id='block_1_109' title="bbox 511 5840 2094 5914">
    <p class='ocr_par' dir='ltr' id='par_1_109' title="bbox 511 5840 2094 5914">
     <span class='ocr_line' id='line_1_109' title="bbox 511 5840 2094 5914; baseline 0.003 -17"><span class='ocrx_word' id='word_1_841' title='bbox 511 5840 627 5909; x_wconf 67' lang='lat' dir='ltr'><strong>(Si)</strong></span> <span class='ocrx_word' id='word_1_842' title='bbox 667 5841 771 5904; x_wconf 82' lang='lat' dir='ltr'><strong>Cui</strong></span> <span class='ocrx_word' id='word_1_843' title='bbox 793 5840 940 5899; x_wconf 88' lang='lat' dir='ltr'><strong>Deus</strong></span> <span class='ocrx_word' id='word_1_844' title='bbox 969 5855 1207 5911; x_wconf 71' lang='lat' dir='ltr'><strong>apparet,</strong></span> <span class='ocrx_word' id='word_1_845' title='bbox 1235 5845 1364 5914; x_wconf 84' lang='lat' dir='ltr'><strong>quia</strong></span> <span class='ocrx_word' id='word_1_846' title='bbox 1396 5844 1474 5901; x_wconf 81' lang='lat' dir='ltr'><strong>sic</strong></span> <span class='ocrx_word' id='word_1_847' title='bbox 1513 5845 1630 5903; x_wconf 82' lang='lat' dir='ltr'><strong>sine</strong></span> <span class='ocrx_word' id='word_1_848' title='bbox 1665 5844 1894 5903; x_wconf 85' lang='lat' dir='ltr'><strong>crimine</strong></span> <span class='ocrx_word' id='word_1_849' title='bbox 1923 5856 2094 5914; x_wconf 81' lang='lat' dir='ltr'><strong>paret.</strong></span> 
     </span>
    </p>
   </div>
  </div>
