  <div class='ocr_page' id='page_1' title='image "/cluster/home/n/w/nwhite01/storage/ocr_20150623/155/hvd.32044015473838/368.png"; bbox 0 0 3846 6306; ppageno 0'>
   <div class='ocr_carea' id='block_1_1' title="bbox 132 379 215 434">
    <p class='ocr_par' dir='ltr' id='par_1_1' title="bbox 132 379 215 434">
     <span class='ocr_line' id='line_1_1' title="bbox 132 379 215 434; baseline 0.024 -2"><span class='ocrx_word' id='word_1_1' title='bbox 132 379 215 434; x_wconf 67' lang='lat'><strong>7‘25</strong></span> 
     </span>
    </p>
   </div>
   <div class='ocr_carea' id='block_1_2' title="bbox 129 489 1737 568">
    <p class='ocr_par' dir='ltr' id='par_1_2' title="bbox 129 489 1737 568">
     <span class='ocr_line' id='line_1_2' title="bbox 129 489 1737 568; baseline -0.004 -20"><span class='ocrx_word' id='word_1_2' title='bbox 129 493 317 568; x_wconf 80' lang='lat' dir='ltr'><strong>populo,</strong></span> <span class='ocrx_word' id='word_1_3' title='bbox 337 493 656 562; x_wconf 79' lang='lat' dir='ltr'><strong>magnisque</strong></span> <span class='ocrx_word' id='word_1_4' title='bbox 715 494 936 549; x_wconf 79' lang='lat' dir='ltr'><strong>vocibus</strong></span> <span class='ocrx_word' id='word_1_5' title='bbox 964 489 1466 562; x_wconf 79' lang='lat' dir='ltr'><strong>personabant&#39;:-Te</strong></span> <span class='ocrx_word' id='word_1_6' title='bbox 1494 489 1663 543; x_wconf 85' lang='lat' dir='ltr'><strong>Deum</strong></span> <span class='ocrx_word' id='word_1_7' title='bbox 1695 494 1737 550; x_wconf 77' lang='grc' dir='ltr'><strong>Α</strong></span> 
     </span>
    </p>
   </div>
   <div class='ocr_carea' id='block_1_3' title="bbox 127 583 1657 643">
    <p class='ocr_par' dir='ltr' id='par_1_3' title="bbox 127 583 1657 643">
     <span class='ocr_line' id='line_1_3' title="bbox 127 583 1657 643; baseline -0.004 -1"><span class='ocrx_word' id='word_1_8' title='bbox 127 588 389 643; x_wconf 73' lang='lat' dir='ltr'><strong>laudamus.</strong></span> <span class='ocrx_word' id='word_1_9' title='bbox 432 583 617 638; x_wconf 80' lang='lat' dir='ltr'><strong>Gloria</strong></span> <span class='ocrx_word' id='word_1_10' title='bbox 660 586 720 638; x_wconf 80' lang='lat' dir='ltr'><strong>in</strong></span> <span class='ocrx_word' id='word_1_11' title='bbox 764 585 974 640; x_wconf 70' lang='lat' dir='ltr'><strong>excelsis</strong></span> <span class='ocrx_word' id='word_1_12' title='bbox 1024 585 1152 639; x_wconf 79' lang='lat' dir='ltr'><strong>Deo.</strong></span> <span class='ocrx_word' id='word_1_13' title='bbox 1182 583 1335 639; x_wconf 89' lang='lat' dir='ltr'><strong>Tunc</strong></span> <span class='ocrx_word' id='word_1_14' title='bbox 1380 599 1570 638; x_wconf 84' lang='lat' dir='ltr'><strong>omnes</strong></span> <span class='ocrx_word' id='word_1_15' title='bbox 1602 583 1657 637; x_wconf 87' lang='lat' dir='ltr'><strong>in</strong></span> 
     </span>
    </p>
   </div>
   <div class='ocr_carea' id='block_1_4' title="bbox 126 675 1658 746">
    <p class='ocr_par' dir='ltr' id='par_1_4' title="bbox 126 675 1658 746">
     <span class='ocr_line' id='line_1_4' title="bbox 126 675 1658 746; baseline -0.004 -12"><span class='ocrx_word' id='word_1_16' title='bbox 126 677 262 734; x_wconf 80' lang='lat' dir='ltr'><strong>simul</strong></span> <span class='ocrx_word' id='word_1_17' title='bbox 299 675 643 744; x_wconf 85' lang='lat' dir='ltr'><strong>juraveruut,</strong></span> <span class='ocrx_word' id='word_1_18' title='bbox 697 686 758 732; x_wconf 91' lang='lat' dir='ltr'><strong>ut</strong></span> <span class='ocrx_word' id='word_1_19' title='bbox 787 676 962 731; x_wconf 91' lang='lat' dir='ltr'><strong>nullus</strong></span> <span class='ocrx_word' id='word_1_20' title='bbox 1003 690 1192 730; x_wconf 90' lang='lat' dir='ltr'><strong>eorum</strong></span> <span class='ocrx_word' id='word_1_21' title='bbox 1244 684 1464 746; x_wconf 75' lang='lat' dir='ltr'><strong>propter</strong></span> <span class='ocrx_word' id='word_1_22' title='bbox 1494 675 1658 729; x_wconf 85' lang='lat' dir='ltr'><strong>ullam</strong></span> 
     </span>
    </p>
   </div>
   <div class='ocr_carea' id='block_1_5' title="bbox 124 766 1662 838">
    <p class='ocr_par' dir='ltr' id='par_1_5' title="bbox 124 766 1662 838">
     <span class='ocr_line' id='line_1_5' title="bbox 124 766 1662 838; baseline -0.003 -14"><span class='ocrx_word' id='word_1_23' title='bbox 124 769 487 824; x_wconf 70' lang='lat' dir='ltr'><strong>tribulationem</strong></span> <span class='ocrx_word' id='word_1_24' title='bbox 538 783 638 822; x_wconf 90' lang='lat' dir='ltr'><strong>seu</strong></span> <span class='ocrx_word' id='word_1_25' title='bbox 680 776 907 822; x_wconf 90' lang='lat' dir='ltr'><strong>mortem</strong></span> <span class='ocrx_word' id='word_1_26' title='bbox 947 766 1176 838; x_wconf 82' lang='lat' dir='ltr'><strong>fugeret,</strong></span> <span class='ocrx_word' id='word_1_27' title='bbox 1216 782 1316 822; x_wconf 89' lang='lat' dir='ltr'><strong>nec</strong></span> <span class='ocrx_word' id='word_1_28' title='bbox 1348 767 1418 821; x_wconf 91' lang='lat' dir='ltr'><strong>ab</strong></span> <span class='ocrx_word' id='word_1_29' title='bbox 1450 766 1662 836; x_wconf 91' lang='lat' dir='ltr'><strong>incepto</strong></span> 
     </span>
    </p>
   </div>
   <div class='ocr_carea' id='block_1_6' title="bbox 122 858 1662 930">
    <p class='ocr_par' dir='ltr' id='par_1_6' title="bbox 122 858 1662 930">
     <span class='ocr_line' id='line_1_6' title="bbox 122 858 1662 930; baseline -0.005 -9"><span class='ocrx_word' id='word_1_30' title='bbox 122 863 286 922; x_wconf 89' lang='lat' dir='ltr'><strong>itinere</strong></span> <span class='ocrx_word' id='word_1_31' title='bbox 307 859 476 915; x_wconf 87' lang='lat' dir='ltr'><strong>sancti</strong></span> <span class='ocrx_word' id='word_1_32' title='bbox 506 861 747 930; x_wconf 86' lang='lat' dir='ltr'><strong>sepulcri</strong></span> <span class='ocrx_word' id='word_1_33' title='bbox 773 860 1088 916; x_wconf 75' lang='lat' dir='ltr'><strong>discederet.</strong></span> <span class='ocrx_word' id='word_1_34' title='bbox 1123 858 1314 916; x_wconf 83' lang='lat' dir='ltr'><strong>Omnis</strong></span> <span class='ocrx_word' id='word_1_35' title='bbox 1343 861 1526 930; x_wconf 90' lang='lat' dir='ltr'><strong>itaque</strong></span> <span class='ocrx_word' id='word_1_36' title='bbox 1549 859 1662 930; x_wconf 92' lang='lat' dir='ltr'><strong>ple-</strong></span> 
     </span>
    </p>
   </div>
   <div class='ocr_carea' id='block_1_7' title="bbox 121 950 1664 1029">
    <p class='ocr_par' dir='ltr' id='par_1_7' title="bbox 121 950 1664 1029">
     <span class='ocr_line' id='line_1_7' title="bbox 121 950 1664 1029; baseline -0.003 -19"><span class='ocrx_word' id='word_1_37' title='bbox 121 954 218 1010; x_wconf 77' lang='lat' dir='ltr'><strong>beia</strong></span> <span class='ocrx_word' id='word_1_38' title='bbox 251 950 536 1007; x_wconf 85' lang='lat' dir='ltr'><strong>multitudo</strong></span> <span class='ocrx_word' id='word_1_39' title='bbox 574 951 766 1029; x_wconf 87' lang='lat' dir='ltr'><strong>gavisa</strong></span> <span class='ocrx_word' id='word_1_40' title='bbox 801 961 903 1018; x_wconf 91' lang='lat' dir='ltr'><strong>est,</strong></span> <span class='ocrx_word' id='word_1_41' title='bbox 951 967 1076 1006; x_wconf 89' lang='lat' dir='ltr'><strong>cum</strong></span> <span class='ocrx_word' id='word_1_42' title='bbox 1121 959 1525 1007; x_wconf 85' lang='lat' dir='ltr'><strong>sacramentum</strong></span> <span class='ocrx_word' id='word_1_43' title='bbox 1559 950 1664 1006; x_wconf 91' lang='lat' dir='ltr'><strong>hoc</strong></span> 
     </span>
    </p>
   </div>
   <div class='ocr_carea' id='block_1_8' title="bbox 115 1042 1664 1118">
    <p class='ocr_par' dir='ltr' id='par_1_8' title="bbox 115 1042 1664 1118">
     <span class='ocr_line' id='line_1_8' title="bbox 115 1042 1664 1118; baseline -0.004 -16"><span class='ocrx_word' id='word_1_44' title='bbox 115 1046 326 1118; x_wconf 85' lang='lat' dir='ltr'><strong>jurarent</strong></span> <span class='ocrx_word' id='word_1_45' title='bbox 369 1043 641 1114; x_wconf 84' lang='lat' dir='ltr'><strong>majores;</strong></span> <span class='ocrx_word' id='word_1_46' title='bbox 689 1051 743 1098; x_wconf 91' lang='lat' dir='ltr'><strong>et</strong></span> <span class='ocrx_word' id='word_1_47' title='bbox 771 1044 907 1099; x_wconf 84' lang='lat' dir='ltr'><strong>alter</strong></span> <span class='ocrx_word' id='word_1_48' title='bbox 946 1043 1179 1099; x_wconf 86' lang='lat' dir='ltr'><strong>alterum</strong></span> <span class='ocrx_word' id='word_1_49' title='bbox 1213 1042 1282 1098; x_wconf 91' lang='lat' dir='ltr'><strong>ad</strong></span> <span class='ocrx_word' id='word_1_50' title='bbox 1313 1043 1468 1098; x_wconf 78' lang='lat' dir='ltr'><strong>virile</strong></span> <span class='ocrx_word' id='word_1_51' title='bbox 1496 1043 1664 1099; x_wconf 88' lang='lat' dir='ltr'><strong>robur</strong></span> 
     </span>
    </p>
   </div>
   <div class='ocr_carea' id='block_1_9' title="bbox 117 1134 1665 1208">
    <p class='ocr_par' dir='ltr' id='par_1_9' title="bbox 117 1134 1665 1208">
     <span class='ocr_line' id='line_1_9' title="bbox 117 1134 1665 1208; baseline -0.001 -15"><span class='ocrx_word' id='word_1_52' title='bbox 117 1137 416 1201; x_wconf 79' lang='lat' dir='ltr'><strong>hortabatur,</strong></span> <span class='ocrx_word' id='word_1_53' title='bbox 441 1144 497 1190; x_wconf 91' lang='lat' dir='ltr'><strong>et</strong></span> <span class='ocrx_word' id='word_1_54' title='bbox 526 1134 597 1191; x_wconf 91' lang='lat' dir='ltr'><strong>de</strong></span> <span class='ocrx_word' id='word_1_55' title='bbox 623 1135 808 1192; x_wconf 85' lang='lat' dir='ltr'><strong>divino</strong></span> <span class='ocrx_word' id='word_1_56' title='bbox 837 1136 1132 1207; x_wconf 86' lang='lat' dir='ltr'><strong>adjutorio,</strong></span> <span class='ocrx_word' id='word_1_57' title='bbox 1159 1136 1308 1208; x_wconf 90' lang='lat' dir='ltr'><strong>quod</strong></span> <span class='ocrx_word' id='word_1_58' title='bbox 1339 1135 1665 1192; x_wconf 87' lang='lat' dir='ltr'><strong>ﬂducialiter</strong></span> 
     </span>
    </p>
   </div>
   <div class='ocr_carea' id='block_1_10' title="bbox 116 1227 1666 1302">
    <p class='ocr_par' dir='ltr' id='par_1_10' title="bbox 116 1227 1666 1302">
     <span class='ocr_line' id='line_1_10' title="bbox 116 1227 1666 1302; baseline -0.001 -17"><span class='ocrx_word' id='word_1_59' title='bbox 116 1229 454 1300; x_wconf 73' lang='lat' dir='ltr'><strong>unusquisque</strong></span> <span class='ocrx_word' id='word_1_60' title='bbox 475 1229 914 1298; x_wconf 66' lang='lat' dir='ltr'><strong>praestolabatur,</strong></span> <span class='ocrx_word' id='word_1_61' title='bbox 949 1228 1332 1299; x_wconf 87' lang='lat' dir='ltr'><strong>applaudebat.</strong></span> <span class='ocrx_word' id='word_1_62' title='bbox 1365 1227 1533 1285; x_wconf 84' lang='lat' dir='ltr'><strong>Nocte</strong></span> <span class='ocrx_word' id='word_1_63' title='bbox 1562 1229 1666 1302; x_wconf 92' lang='lat' dir='ltr'><strong>igi-</strong></span> 
     </span>
    </p>
   </div>
   <div class='ocr_carea' id='block_1_11' title="bbox 114 1315 1664 1390">
    <p class='ocr_par' dir='ltr' id='par_1_11' title="bbox 114 1315 1664 1390">
     <span class='ocr_line' id='line_1_11' title="bbox 114 1315 1664 1390; baseline -0.001 -13"><span class='ocrx_word' id='word_1_64' title='bbox 114 1315 186 1378; x_wconf 82' lang='lat' dir='ltr'><strong>tur</strong></span> <span class='ocrx_word' id='word_1_65' title='bbox 210 1322 438 1376; x_wconf 83' lang='lat' dir='ltr'><strong>insecuta</strong></span> <span class='ocrx_word' id='word_1_66' title='bbox 466 1319 616 1390; x_wconf 80' lang='lat' dir='ltr'><strong>ignis</strong></span> <span class='ocrx_word' id='word_1_67' title='bbox 638 1318 704 1374; x_wconf 91' lang='lat' dir='ltr'><strong>de</strong></span> <span class='ocrx_word' id='word_1_68' title='bbox 729 1320 870 1375; x_wconf 83' lang='lat' dir='ltr'><strong>ccelo</strong></span> <span class='ocrx_word' id='word_1_69' title='bbox 898 1319 1123 1374; x_wconf 88' lang='lat' dir='ltr'><strong>veniens</strong></span> <span class='ocrx_word' id='word_1_70' title='bbox 1160 1318 1230 1374; x_wconf 88' lang='lat' dir='ltr'><strong>ab</strong></span> <span class='ocrx_word' id='word_1_71' title='bbox 1258 1318 1543 1376; x_wconf 89' lang='lat' dir='ltr'><strong>occidente</strong></span> <span class='ocrx_word' id='word_1_72' title='bbox 1568 1335 1664 1390; x_wconf 87' lang='lat' dir='ltr'><strong>ap-</strong></span> 
     </span>
    </p>
   </div>
   <div class='ocr_carea' id='block_1_12' title="bbox 111 1409 1664 1485">
    <p class='ocr_par' dir='ltr' id='par_1_12' title="bbox 111 1409 1664 1485">
     <span class='ocr_line' id='line_1_12' title="bbox 111 1409 1664 1485; baseline 0 -17"><span class='ocrx_word' id='word_1_73' title='bbox 111 1413 279 1485; x_wconf 61' lang='lat' dir='ltr'><strong>paruit,</strong></span> <span class='ocrx_word' id='word_1_74' title='bbox 314 1420 364 1466; x_wconf 90' lang='lat' dir='ltr'><strong>et</strong></span> <span class='ocrx_word' id='word_1_75' title='bbox 392 1411 537 1466; x_wconf 89' lang='lat' dir='ltr'><strong>inter</strong></span> <span class='ocrx_word' id='word_1_76' title='bbox 567 1409 873 1467; x_wconf 86' lang='lat' dir='ltr'><strong>Turcorum</strong></span> <span class='ocrx_word' id='word_1_77' title='bbox 907 1410 1209 1467; x_wconf 89' lang='lat' dir='ltr'><strong>exercitum</strong></span> <span class='ocrx_word' id='word_1_78' title='bbox 1256 1412 1486 1478; x_wconf 89' lang='lat' dir='ltr'><strong>corruit,</strong></span> <span class='ocrx_word' id='word_1_79' title='bbox 1517 1413 1664 1483; x_wconf 91' lang='lat' dir='ltr'><strong>quod</strong></span> 
     </span>
    </p>
   </div>
   <div class='ocr_carea' id='block_1_13' title="bbox 109 1501 1666 1575">
    <p class='ocr_par' dir='ltr' id='par_1_13' title="bbox 109 1501 1666 1575">
     <span class='ocr_line' id='line_1_13' title="bbox 109 1501 1666 1575; baseline 0.001 -17"><span class='ocrx_word' id='word_1_80' title='bbox 109 1503 289 1575; x_wconf 85' lang='lat' dir='ltr'><strong>signum</strong></span> <span class='ocrx_word' id='word_1_81' title='bbox 329 1503 495 1558; x_wconf 90' lang='lat' dir='ltr'><strong>corda</strong></span> <span class='ocrx_word' id='word_1_82' title='bbox 548 1502 797 1560; x_wconf 79' lang='lat' dir='ltr'><strong>omnium</strong></span> <span class='ocrx_word' id='word_1_83' title='bbox 826 1503 1174 1558; x_wconf 82' lang='lat' dir='ltr'><strong>vehementer</strong></span> <span class='ocrx_word' id='word_1_84' title='bbox 1203 1501 1586 1574; x_wconf 81' lang='lat' dir='ltr'><strong>obstupefecit,</strong></span> <span class='ocrx_word' id='word_1_85' title='bbox 1611 1512 1666 1560; x_wconf 89' lang='lat' dir='ltr'><strong>et</strong></span> 
     </span>
    </p>
   </div>
   <div class='ocr_carea' id='block_1_14' title="bbox 108 1593 1664 1666">
    <p class='ocr_par' dir='ltr' id='par_1_14' title="bbox 108 1593 1664 1666">
     <span class='ocr_line' id='line_1_14' title="bbox 108 1593 1664 1666; baseline 0.001 -16"><span class='ocrx_word' id='word_1_86' title='bbox 108 1596 308 1650; x_wconf 80' lang='lat' dir='ltr'><strong>maxime</strong></span> <span class='ocrx_word' id='word_1_87' title='bbox 335 1593 651 1650; x_wconf 82' lang='lat' dir='ltr'><strong>Turcorum</strong></span> <span class='ocrx_word' id='word_1_88' title='bbox 683 1595 737 1652; x_wconf 72' lang='lat' dir='ltr'><strong>in</strong></span> <span class='ocrx_word' id='word_1_89' title='bbox 760 1611 995 1666; x_wconf 83' lang='lat' dir='ltr'><strong>quorum</strong></span> <span class='ocrx_word' id='word_1_90' title='bbox 1017 1596 1254 1652; x_wconf 87' lang='lat' dir='ltr'><strong>tentoria</strong></span> <span class='ocrx_word' id='word_1_91' title='bbox 1275 1595 1492 1654; x_wconf 84' lang='lat' dir='ltr'><strong>cecidit.</strong></span> <span class='ocrx_word' id='word_1_92' title='bbox 1517 1594 1664 1652; x_wconf 87' lang='lat' dir='ltr'><strong>Inter</strong></span> 
     </span>
    </p>
   </div>
   <div class='ocr_carea' id='block_1_15' title="bbox 106 1689 1660 1762">
    <p class='ocr_par' dir='ltr' id='par_1_15' title="bbox 106 1689 1660 1762">
     <span class='ocr_line' id='line_1_15' title="bbox 106 1689 1660 1762; baseline 0 -16"><span class='ocrx_word' id='word_1_93' title='bbox 106 1690 304 1746; x_wconf 64' lang='lat' dir='ltr'><strong>securim</strong></span> <span class='ocrx_word' id='word_1_94' title='bbox 332 1689 626 1745; x_wconf 85' lang='lat' dir='ltr'><strong>vaticinari</strong></span> <span class='ocrx_word' id='word_1_95' title='bbox 667 1698 972 1762; x_wconf 64' lang='lat' dir='ltr'><strong>coeperunt,</strong></span> <span class='ocrx_word' id='word_1_96' title='bbox 1003 1691 1150 1760; x_wconf 89' lang='lat' dir='ltr'><strong>quod</strong></span> <span class='ocrx_word' id='word_1_97' title='bbox 1189 1700 1377 1762; x_wconf 90' lang='lat' dir='ltr'><strong>postea</strong></span> <span class='ocrx_word' id='word_1_98' title='bbox 1410 1691 1660 1762; x_wconf 80' lang='lat' dir='ltr'><strong>contigit,</strong></span> 
     </span>
    </p>
   </div>
   <div class='ocr_carea' id='block_1_16' title="bbox 106 1781 1661 1857">
    <p class='ocr_par' dir='ltr' id='par_1_16' title="bbox 106 1781 1661 1857">
     <span class='ocr_line' id='line_1_16' title="bbox 106 1781 1661 1857; baseline 0.003 -20"><span class='ocrx_word' id='word_1_99' title='bbox 106 1783 208 1853; x_wconf 83' lang='lat' dir='ltr'><strong>quia</strong></span> <span class='ocrx_word' id='word_1_100' title='bbox 237 1801 255 1834; x_wconf 73' lang='grc' dir='ltr'><strong><em>ι</em></strong></span> <span class='ocrx_word' id='word_1_101' title='bbox 275 1782 411 1853; x_wconf 91' lang='lat' dir='ltr'><strong>ignis</strong></span> <span class='ocrx_word' id='word_1_102' title='bbox 440 1781 512 1837; x_wconf 89' lang='lat' dir='ltr'><strong>de</strong></span> <span class='ocrx_word' id='word_1_103' title='bbox 535 1783 679 1839; x_wconf 69' lang='lat' dir='ltr'><strong>coelo</strong></span> <span class='ocrx_word' id='word_1_104' title='bbox 701 1783 1060 1852; x_wconf 89' lang='lat' dir='ltr'><strong>descendens,</strong></span> <span class='ocrx_word' id='word_1_105' title='bbox 1084 1783 1165 1839; x_wconf 88' lang='lat' dir='ltr'><strong>ira</strong></span> <span class='ocrx_word' id='word_1_106' title='bbox 1196 1783 1291 1840; x_wconf 88' lang='lat' dir='ltr'><strong>Dei</strong></span> <span class='ocrx_word' id='word_1_107' title='bbox 1319 1793 1458 1852; x_wconf 88' lang='lat' dir='ltr'><strong>erat,</strong></span> <span class='ocrx_word' id='word_1_108' title='bbox 1482 1804 1501 1837; x_wconf 78' lang='grc' dir='ltr'><strong><em>ι</em></strong></span> <span class='ocrx_word' id='word_1_109' title='bbox 1532 1785 1661 1857; x_wconf 86' lang='lat' dir='ltr'><strong>quia</strong></span> 
     </span>
    </p>
   </div>
   <div class='ocr_carea' id='block_1_17' title="bbox 107 1874 1664 1948">
    <p class='ocr_par' dir='ltr' id='par_1_17' title="bbox 107 1874 1664 1948">
     <span class='ocr_line' id='line_1_17' title="bbox 107 1874 1664 1948; baseline 0.001 -18"><span class='ocrx_word' id='word_1_110' title='bbox 107 1891 209 1932; x_wconf 80' lang='lat' dir='ltr'><strong>vero</strong></span> <span class='ocrx_word' id='word_1_111' title='bbox 227 1875 289 1930; x_wconf 89' lang='lat' dir='ltr'><strong>ab</strong></span> <span class='ocrx_word' id='word_1_112' title='bbox 310 1874 602 1930; x_wconf 78' lang='lat' dir='ltr'><strong>occidente</strong></span> <span class='ocrx_word' id='word_1_113' title='bbox 645 1883 891 1942; x_wconf 84' lang='lat' dir='ltr'><strong>venerat,</strong></span> <span class='ocrx_word' id='word_1_114' title='bbox 933 1875 1273 1932; x_wconf 82' lang='lat' dir='ltr'><strong>Francorum</strong></span> <span class='ocrx_word' id='word_1_115' title='bbox 1310 1877 1528 1948; x_wconf 89' lang='lat' dir='ltr'><strong>agmina</strong></span> <span class='ocrx_word' id='word_1_116' title='bbox 1568 1877 1664 1932; x_wconf 88' lang='lat' dir='ltr'><strong>de-</strong></span> 
     </span>
    </p>
   </div>
   <div class='ocr_carea' id='block_1_18' title="bbox 104 1967 1662 2040">
    <p class='ocr_par' dir='ltr' id='par_1_18' title="bbox 104 1967 1662 2040">
     <span class='ocr_line' id='line_1_18' title="bbox 104 1967 1662 2040; baseline 0.001 -16"><span class='ocrx_word' id='word_1_117' title='bbox 104 1967 334 2040; x_wconf 83' lang='lat' dir='ltr'><strong>signabat,</strong></span> <span class='ocrx_word' id='word_1_118' title='bbox 364 1983 461 2036; x_wconf 77' lang='lat' dir='ltr'><strong>per</strong></span> <span class='ocrx_word' id='word_1_119' title='bbox 482 1982 632 2038; x_wconf 90' lang='lat' dir='ltr'><strong>quos</strong></span> <span class='ocrx_word' id='word_1_120' title='bbox 659 1967 757 2024; x_wconf 72' lang='lat' dir='ltr'><strong>ira:</strong></span> <span class='ocrx_word' id='word_1_121' title='bbox 801 1983 916 2023; x_wconf 69' lang='lat' dir='ltr'><strong>sua:</strong></span> <span class='ocrx_word' id='word_1_122' title='bbox 944 1968 1473 2025; x_wconf 82' lang='lat' dir='ltr'><strong>animadversionem</strong></span> <span class='ocrx_word' id='word_1_123' title='bbox 1500 1985 1662 2025; x_wconf 83' lang='lat' dir='ltr'><strong>exer—</strong></span> 
     </span>
    </p>
   </div>
   <div class='ocr_carea' id='block_1_19' title="bbox 105 2055 1662 2133">
    <p class='ocr_par' dir='ltr' id='par_1_19' title="bbox 105 2055 1662 2133">
     <span class='ocr_line' id='line_1_19' title="bbox 105 2055 1662 2133; baseline 0.003 -19"><span class='ocrx_word' id='word_1_124' title='bbox 105 2058 245 2115; x_wconf 84' lang='lat' dir='ltr'><strong>cebat.</strong></span> <span class='ocrx_word' id='word_1_125' title='bbox 276 2055 391 2112; x_wconf 87' lang='lat' dir='ltr'><strong>Jam</strong></span> <span class='ocrx_word' id='word_1_126' title='bbox 421 2074 559 2115; x_wconf 91' lang='lat' dir='ltr'><strong>vero</strong></span> <span class='ocrx_word' id='word_1_127' title='bbox 599 2060 698 2130; x_wconf 90' lang='lat' dir='ltr'><strong>qui</strong></span> <span class='ocrx_word' id='word_1_128' title='bbox 725 2061 974 2116; x_wconf 88' lang='lat' dir='ltr'><strong>seniores</strong></span> <span class='ocrx_word' id='word_1_129' title='bbox 1000 2068 1178 2129; x_wconf 88' lang='lat' dir='ltr'><strong>erant,</strong></span> <span class='ocrx_word' id='word_1_130' title='bbox 1209 2071 1494 2133; x_wconf 83' lang='lat' dir='ltr'><strong>coeperunt</strong></span> <span class='ocrx_word' id='word_1_131' title='bbox 1522 2080 1554 2118; x_wconf 90' lang='lat' dir='ltr'><strong>a</strong></span> <span class='ocrx_word' id='word_1_132' title='bbox 1581 2063 1662 2119; x_wconf 78' lang='lat' dir='ltr'><strong>l‘e-</strong></span> 
     </span>
    </p>
   </div>
   <div class='ocr_carea' id='block_1_20' title="bbox 104 2151 1664 2224">
    <p class='ocr_par' dir='ltr' id='par_1_20' title="bbox 104 2151 1664 2224">
     <span class='ocr_line' id='line_1_20' title="bbox 104 2151 1664 2224; baseline 0.006 -19"><span class='ocrx_word' id='word_1_133' title='bbox 104 2151 293 2205; x_wconf 85' lang='lat' dir='ltr'><strong>rocitate</strong></span> <span class='ocrx_word' id='word_1_134' title='bbox 321 2166 420 2206; x_wconf 87' lang='lat' dir='ltr'><strong>sua</strong></span> <span class='ocrx_word' id='word_1_135' title='bbox 450 2153 1010 2224; x_wconf 84' lang='lat' dir='ltr'><strong>quantulumcunque</strong></span> <span class='ocrx_word' id='word_1_136' title='bbox 1042 2170 1446 2222; x_wconf 88' lang='lat' dir='ltr'><strong>mansuescere,</strong></span> <span class='ocrx_word' id='word_1_137' title='bbox 1477 2167 1532 2212; x_wconf 90' lang='lat' dir='ltr'><strong>et</strong></span> <span class='ocrx_word' id='word_1_138' title='bbox 1592 2159 1664 2214; x_wconf 91' lang='lat' dir='ltr'><strong>ab</strong></span> 
     </span>
    </p>
   </div>
   <div class='ocr_carea' id='block_1_21' title="bbox 105 2244 1660 2319">
    <p class='ocr_par' dir='ltr' id='par_1_21' title="bbox 105 2244 1660 2319">
     <span class='ocr_line' id='line_1_21' title="bbox 105 2244 1660 2319; baseline 0.005 -21"><span class='ocrx_word' id='word_1_139' title='bbox 105 2258 154 2298; x_wconf 81' lang='lat' dir='ltr'><strong>ea</strong></span> <span class='ocrx_word' id='word_1_140' title='bbox 183 2259 332 2314; x_wconf 85' lang='lat' dir='ltr'><strong>quam</strong></span> <span class='ocrx_word' id='word_1_141' title='bbox 377 2244 539 2315; x_wconf 90' lang='lat' dir='ltr'><strong>prius</strong></span> <span class='ocrx_word' id='word_1_142' title='bbox 590 2245 900 2301; x_wconf 83' lang='lat' dir='ltr'><strong>habuerant</strong></span> <span class='ocrx_word' id='word_1_143' title='bbox 946 2245 1296 2303; x_wconf 85' lang='lat' dir='ltr'><strong>animositate</strong></span> <span class='ocrx_word' id='word_1_144' title='bbox 1331 2255 1660 2319; x_wconf 86' lang='lat' dir='ltr'><strong>torpescere.</strong></span> 
     </span>
    </p>
   </div>
   <div class='ocr_carea' id='block_1_22' title="bbox 105 2331 1664 2406">
    <p class='ocr_par' dir='ltr' id='par_1_22' title="bbox 105 2331 1664 2406">
     <span class='ocr_line' id='line_1_22' title="bbox 105 2331 1664 2406; baseline 0.005 -18"><span class='ocrx_word' id='word_1_145' title='bbox 105 2331 189 2388; x_wconf 85' lang='lat' dir='ltr'><strong>Sed</strong></span> <span class='ocrx_word' id='word_1_146' title='bbox 212 2335 329 2404; x_wconf 83' lang='lat' dir='ltr'><strong>quia</strong></span> <span class='ocrx_word' id='word_1_147' title='bbox 350 2335 656 2391; x_wconf 87' lang='lat' dir='ltr'><strong>stultorum</strong></span> <span class='ocrx_word' id='word_1_148' title='bbox 681 2335 928 2393; x_wconf 81' lang='lat' dir='ltr'><strong>inﬁnitus</strong></span> <span class='ocrx_word' id='word_1_149' title='bbox 952 2348 1070 2392; x_wconf 88' lang='lat' dir='ltr'><strong>erat</strong></span> <span class='ocrx_word' id='word_1_150' title='bbox 1097 2353 1383 2406; x_wconf 88' lang='lat' dir='ltr'><strong>numerus,</strong></span> <span class='ocrx_word' id='word_1_151' title='bbox 1414 2349 1664 2396; x_wconf 72' lang='lat' dir='ltr'><strong>nostros-</strong></span> 
     </span>
    </p>
   </div>
   <div class='ocr_carea' id='block_1_23' title="bbox 103 2427 1666 2499">
    <p class='ocr_par' dir='ltr' id='par_1_23' title="bbox 103 2427 1666 2499">
     <span class='ocr_line' id='line_1_23' title="bbox 103 2427 1666 2499; baseline 0.004 -16"><span class='ocrx_word' id='word_1_152' title='bbox 103 2443 188 2498; x_wconf 87' lang='lat' dir='ltr'><strong>que</strong></span> <span class='ocrx_word' id='word_1_153' title='bbox 233 2427 294 2483; x_wconf 87' lang='lat' dir='ltr'><strong>ad</strong></span> <span class='ocrx_word' id='word_1_154' title='bbox 341 2429 600 2499; x_wconf 62' lang='lat' dir='ltr'><strong>praelium</strong></span> <span class='ocrx_word' id='word_1_155' title='bbox 659 2430 1033 2498; x_wconf 88' lang='lat' dir='ltr'><strong>concitabant,</strong></span> <span class='ocrx_word' id='word_1_156' title='bbox 1077 2444 1184 2486; x_wconf 88' lang='lat' dir='ltr'><strong>nec</strong></span> <span class='ocrx_word' id='word_1_157' title='bbox 1227 2432 1317 2488; x_wconf 92' lang='lat' dir='ltr'><strong>die</strong></span> <span class='ocrx_word' id='word_1_158' title='bbox 1365 2449 1468 2488; x_wconf 90' lang='lat' dir='ltr'><strong>nec</strong></span> <span class='ocrx_word' id='word_1_159' title='bbox 1505 2441 1666 2490; x_wconf 90' lang='lat' dir='ltr'><strong>nocte</strong></span> 
     </span>
    </p>
   </div>
   <div class='ocr_carea' id='block_1_24' title="bbox 103 2517 1667 2592">
    <p class='ocr_par' dir='ltr' id='par_1_24' title="bbox 103 2517 1667 2592">
     <span class='ocr_line' id='line_1_24' title="bbox 103 2517 1667 2592; baseline 0.006 -21"><span class='ocrx_word' id='word_1_160' title='bbox 103 2518 496 2588; x_wconf 87' lang='lat' dir='ltr'><strong>requiesccbant,</strong></span> <span class='ocrx_word' id='word_1_161' title='bbox 521 2520 738 2592; x_wconf 87' lang='lat' dir='ltr'><strong>placuit</strong></span> <span class='ocrx_word' id='word_1_162' title='bbox 763 2517 1076 2578; x_wconf 89' lang='lat' dir='ltr'><strong>senioribus</strong></span> <span class='ocrx_word' id='word_1_163' title='bbox 1104 2539 1324 2579; x_wconf 88' lang='lat' dir='ltr'><strong>murum</strong></span> <span class='ocrx_word' id='word_1_164' title='bbox 1358 2523 1499 2579; x_wconf 90' lang='lat' dir='ltr'><strong>inter</strong></span> <span class='ocrx_word' id='word_1_165' title='bbox 1526 2541 1584 2580; x_wconf 91' lang='lat' dir='ltr'><strong>sc</strong></span> <span class='ocrx_word' id='word_1_166' title='bbox 1612 2535 1667 2581; x_wconf 92' lang='lat' dir='ltr'><strong>ct</strong></span> 
     </span>
    </p>
   </div>
   <div class='ocr_carea' id='block_1_25' title="bbox 105 2610 1666 2681">
    <p class='ocr_par' dir='ltr' id='par_1_25' title="bbox 105 2610 1666 2681">
     <span class='ocr_line' id='line_1_25' title="bbox 105 2610 1666 2681; baseline 0.006 -17"><span class='ocrx_word' id='word_1_167' title='bbox 105 2610 202 2666; x_wconf 87' lang='lat' dir='ltr'><strong>illos</strong></span> <span class='ocrx_word' id='word_1_168' title='bbox 229 2619 565 2681; x_wconf 81' lang='lat' dir='ltr'><strong>construere,</strong></span> <span class='ocrx_word' id='word_1_169' title='bbox 599 2622 660 2668; x_wconf 89' lang='lat' dir='ltr'><strong>ut</strong></span> <span class='ocrx_word' id='word_1_170' title='bbox 691 2614 774 2670; x_wconf 86' lang='lat' dir='ltr'><strong>vel</strong></span> <span class='ocrx_word' id='word_1_171' title='bbox 807 2614 889 2671; x_wconf 91' lang='lat' dir='ltr'><strong>sic</strong></span> <span class='ocrx_word' id='word_1_172' title='bbox 932 2615 1123 2671; x_wconf 86' lang='lat' dir='ltr'><strong>liceret</strong></span> <span class='ocrx_word' id='word_1_173' title='bbox 1161 2616 1228 2671; x_wconf 90' lang='lat' dir='ltr'><strong>ad</strong></span> <span class='ocrx_word' id='word_1_174' title='bbox 1275 2617 1550 2672; x_wconf 91' lang='lat' dir='ltr'><strong>modicum</strong></span> <span class='ocrx_word' id='word_1_175' title='bbox 1580 2633 1666 2673; x_wconf 83' lang='lat' dir='ltr'><strong>re-</strong></span> 
     </span>
    </p>
   </div>
   <div class='ocr_carea' id='block_1_26' title="bbox 102 2702 1666 2771">
    <p class='ocr_par' dir='ltr' id='par_1_26' title="bbox 102 2702 1666 2771">
     <span class='ocr_line' id='line_1_26' title="bbox 102 2702 1666 2771; baseline 0.006 -16"><span class='ocrx_word' id='word_1_176' title='bbox 102 2702 294 2771; x_wconf 81' lang='lat' dir='ltr'><strong>spirare.</strong></span> <span class='ocrx_word' id='word_1_177' title='bbox 322 2702 444 2760; x_wconf 84' lang='lat' dir='ltr'><strong>Una</strong></span> <span class='ocrx_word' id='word_1_178' title='bbox 469 2704 565 2761; x_wconf 89' lang='lat' dir='ltr'><strong>die</strong></span> <span class='ocrx_word' id='word_1_179' title='bbox 598 2706 748 2762; x_wconf 90' lang='lat' dir='ltr'><strong>enim</strong></span> <span class='ocrx_word' id='word_1_180' title='bbox 775 2713 888 2762; x_wconf 85' lang='lat' dir='ltr'><strong>tam</strong></span> <span class='ocrx_word' id='word_1_181' title='bbox 920 2707 1119 2764; x_wconf 85' lang='lat' dir='ltr'><strong>acriter</strong></span> <span class='ocrx_word' id='word_1_182' title='bbox 1146 2708 1202 2763; x_wconf 91' lang='lat' dir='ltr'><strong>in</strong></span> <span class='ocrx_word' id='word_1_183' title='bbox 1245 2717 1466 2765; x_wconf 88' lang='lat' dir='ltr'><strong>nostros</strong></span> <span class='ocrx_word' id='word_1_184' title='bbox 1488 2709 1666 2764; x_wconf 73' lang='lat' dir='ltr'><strong>irrue-</strong></span> 
     </span>
    </p>
   </div>
   <div class='ocr_carea' id='block_1_27' title="bbox 105 2782 1666 2870">
    <p class='ocr_par' dir='ltr' id='par_1_27' title="bbox 105 2782 1666 2870">
     <span class='ocr_line' id='line_1_27' title="bbox 105 2782 1666 2870; baseline 0.004 -22"><span class='ocrx_word' id='word_1_185' title='bbox 105 2803 206 2849; x_wconf 85' lang='lat' dir='ltr'><strong>runt</strong></span> <span class='ocrx_word' id='word_1_186' title='bbox 228 2803 281 2851; x_wconf 90' lang='lat' dir='ltr'><strong>ut</strong></span> <span class='ocrx_word' id='word_1_187' title='bbox 307 2804 415 2853; x_wconf 89' lang='lat' dir='ltr'><strong>tres</strong></span> <span class='ocrx_word' id='word_1_188' title='bbox 440 2797 500 2852; x_wconf 92' lang='lat' dir='ltr'><strong>in</strong></span> <span class='ocrx_word' id='word_1_189' title='bbox 545 2813 664 2854; x_wconf 86' lang='lat' dir='ltr'><strong>una</strong></span> <span class='ocrx_word' id='word_1_190' title='bbox 713 2805 864 2855; x_wconf 89' lang='lat' dir='ltr'><strong>turre</strong></span> <span class='ocrx_word' id='word_1_191' title='bbox 893 2782 1171 2870; x_wconf 51' lang='lat' dir='ltr'><strong>qum&#39;erat</strong></span> <span class='ocrx_word' id='word_1_192' title='bbox 1217 2809 1344 2856; x_wconf 89' lang='lat' dir='ltr'><strong>ante</strong></span> <span class='ocrx_word' id='word_1_193' title='bbox 1381 2801 1666 2856; x_wconf 82' lang='lat' dir='ltr'><strong>castellum</strong></span> 
     </span>
    </p>
   </div>
   <div class='ocr_carea' id='block_1_28' title="bbox 103 2883 1668 2960">
    <p class='ocr_par' dir='ltr' id='par_1_28' title="bbox 103 2883 1668 2960">
     <span class='ocr_line' id='line_1_28' title="bbox 103 2883 1668 2960; baseline 0.005 -21"><span class='ocrx_word' id='word_1_194' title='bbox 103 2883 414 2955; x_wconf 86' lang='lat' dir='ltr'><strong>incluserint;</strong></span> <span class='ocrx_word' id='word_1_195' title='bbox 464 2903 537 2944; x_wconf 79' lang='lat' dir='ltr'><strong>ex</strong></span> <span class='ocrx_word' id='word_1_196' title='bbox 573 2888 780 2960; x_wconf 90' lang='lat' dir='ltr'><strong>quibus</strong></span> <span class='ocrx_word' id='word_1_197' title='bbox 814 2889 924 2946; x_wconf 92' lang='lat' dir='ltr'><strong>duo</strong></span> <span class='ocrx_word' id='word_1_198' title='bbox 951 2890 1220 2947; x_wconf 87' lang='lat' dir='ltr'><strong>vulnerati</strong></span> <span class='ocrx_word' id='word_1_199' title='bbox 1252 2890 1319 2946; x_wconf 93' lang='lat' dir='ltr'><strong>de</strong></span> <span class='ocrx_word' id='word_1_200' title='bbox 1344 2901 1494 2947; x_wconf 84' lang='lat' dir='ltr'><strong>turre</strong></span> <span class='ocrx_word' id='word_1_201' title='bbox 1519 2892 1668 2947; x_wconf 82' lang='lat' dir='ltr'><strong>exire</strong></span> 
     </span>
    </p>
   </div>
   <div class='ocr_carea' id='block_1_29' title="bbox 103 2978 1666 3056">
    <p class='ocr_par' dir='ltr' id='par_1_29' title="bbox 103 2978 1666 3056">
     <span class='ocr_line' id='line_1_29' title="bbox 103 2978 1666 3056; baseline 0.005 -24"><span class='ocrx_word' id='word_1_202' title='bbox 103 2978 350 3049; x_wconf 82' lang='lat' dir='ltr'><strong>compulsi,</strong></span> <span class='ocrx_word' id='word_1_203' title='bbox 378 2989 433 3037; x_wconf 90' lang='lat' dir='ltr'><strong>et</strong></span> <span class='ocrx_word' id='word_1_204' title='bbox 457 2981 650 3052; x_wconf 84' lang='lat' dir='ltr'><strong>capite</strong></span> <span class='ocrx_word' id='word_1_205' title='bbox 680 2982 824 3054; x_wconf 85' lang='lat' dir='ltr'><strong>plexi</strong></span> <span class='ocrx_word' id='word_1_206' title='bbox 855 2991 1016 3052; x_wconf 90' lang='lat' dir='ltr'><strong>sunt;</strong></span> <span class='ocrx_word' id='word_1_207' title='bbox 1048 3000 1192 3040; x_wconf 89' lang='lat' dir='ltr'><strong>unus</strong></span> <span class='ocrx_word' id='word_1_208' title='bbox 1220 3001 1372 3052; x_wconf 89' lang='lat' dir='ltr'><strong>vero,</strong></span> <span class='ocrx_word' id='word_1_209' title='bbox 1397 2999 1571 3056; x_wconf 88' lang='lat' dir='ltr'><strong>usque</strong></span> <span class='ocrx_word' id='word_1_210' title='bbox 1599 2985 1666 3040; x_wconf 90' lang='lat' dir='ltr'><strong>ad</strong></span> 
     </span>
    </p>
   </div>
   <div class='ocr_carea' id='block_1_30' title="bbox 104 3072 1667 3149">
    <p class='ocr_par' dir='ltr' id='par_1_30' title="bbox 104 3072 1667 3149">
     <span class='ocr_line' id='line_1_30' title="bbox 104 3072 1667 3149; baseline 0.006 -25"><span class='ocrx_word' id='word_1_211' title='bbox 104 3088 343 3142; x_wconf 79' lang='lat' dir='ltr'><strong>vesperam</strong></span> <span class='ocrx_word' id='word_1_212' title='bbox 378 3072 610 3131; x_wconf 81' lang='lat' dir='ltr'><strong>fortiter</strong></span> <span class='ocrx_word' id='word_1_213' title='bbox 647 3075 914 3132; x_wconf 88' lang='lat' dir='ltr'><strong>resistens</strong></span> <span class='ocrx_word' id='word_1_214' title='bbox 958 3077 1281 3147; x_wconf 89' lang='lat' dir='ltr'><strong>permansit,</strong></span> <span class='ocrx_word' id='word_1_215' title='bbox 1321 3077 1571 3149; x_wconf 89' lang='lat' dir='ltr'><strong>duosque</strong></span> <span class='ocrx_word' id='word_1_216' title='bbox 1599 3093 1667 3133; x_wconf 91' lang='lat' dir='ltr'><strong>ex</strong></span> 
     </span>
    </p>
   </div>
   <div class='ocr_carea' id='block_1_31' title="bbox 105 3163 1739 3267">
    <p class='ocr_par' dir='ltr' id='par_1_31' title="bbox 105 3163 1739 3267">
     <span class='ocr_line' id='line_1_31' title="bbox 105 3163 1739 3267; baseline 0.007 -51"><span class='ocrx_word' id='word_1_217' title='bbox 105 3163 188 3267; x_wconf 73' lang='lat' dir='ltr'><strong>illis</strong></span> <span class='ocrx_word' id='word_1_218' title='bbox 211 3165 496 3267; x_wconf 36' lang='lat' dir='ltr'><strong>occidittet</strong></span> <span class='ocrx_word' id='word_1_219' title='bbox 517 3167 612 3223; x_wconf 88' lang='lat' dir='ltr'><strong>sic</strong></span> <span class='ocrx_word' id='word_1_220' title='bbox 631 3166 894 3267; x_wconf 67' lang='lat' dir='ltr'><strong>deinceps</strong></span> <span class='ocrx_word' id='word_1_221' title='bbox 909 3167 1090 3240; x_wconf 83' lang='lat' dir='ltr'><strong>gladio</strong></span> <span class='ocrx_word' id='word_1_222' title='bbox 1113 3169 1279 3224; x_wconf 90' lang='lat' dir='ltr'><strong>vitam</strong></span> <span class='ocrx_word' id='word_1_223' title='bbox 1306 3168 1499 3224; x_wconf 80' lang='lat' dir='ltr'><strong>ﬁnivit.</strong></span> <span class='ocrx_word' id='word_1_224' title='bbox 1531 3167 1664 3236; x_wconf 89' lang='lat' dir='ltr'><strong>Qui-</strong></span> <span class='ocrx_word' id='word_1_225' title='bbox 1693 3203 1739 3267; x_wconf 69' lang='grc' dir='ltr'>ο</span> 
     </span>
    </p>
   </div>
   <div class='ocr_carea' id='block_1_32' title="bbox 105 3255 1662 3327">
    <p class='ocr_par' dir='ltr' id='par_1_32' title="bbox 105 3255 1662 3327">
     <span class='ocr_line' id='line_1_32' title="bbox 105 3255 1662 3327; baseline 0.003 -18"><span class='ocrx_word' id='word_1_226' title='bbox 105 3255 203 3322; x_wconf 87' lang='lat' dir='ltr'><strong>bus,</strong></span> <span class='ocrx_word' id='word_1_227' title='bbox 225 3255 345 3313; x_wconf 91' lang='lat' dir='ltr'><strong>dum</strong></span> <span class='ocrx_word' id='word_1_228' title='bbox 378 3258 662 3327; x_wconf 86' lang='lat' dir='ltr'><strong>viverent,</strong></span> <span class='ocrx_word' id='word_1_229' title='bbox 689 3273 814 3316; x_wconf 90' lang='lat' dir='ltr'><strong>cum</strong></span> <span class='ocrx_word' id='word_1_230' title='bbox 854 3257 1207 3316; x_wconf 86' lang='lat' dir='ltr'><strong>Boamundus</strong></span> <span class='ocrx_word' id='word_1_231' title='bbox 1247 3259 1409 3315; x_wconf 89' lang='lat' dir='ltr'><strong>vellet</strong></span> <span class='ocrx_word' id='word_1_232' title='bbox 1432 3276 1662 3316; x_wconf 87' lang='lat' dir='ltr'><strong>succur-</strong></span> 
     </span>
    </p>
   </div>
   <div class='ocr_carea' id='block_1_33' title="bbox 104 3349 1664 3424">
    <p class='ocr_par' dir='ltr' id='par_1_33' title="bbox 104 3349 1664 3424">
     <span class='ocr_line' id='line_1_33' title="bbox 104 3349 1664 3424; baseline 0.003 -22"><span class='ocrx_word' id='word_1_233' title='bbox 104 3362 214 3415; x_wconf 83' lang='lat' dir='ltr'><strong>rere,</strong></span> <span class='ocrx_word' id='word_1_234' title='bbox 235 3349 319 3404; x_wconf 89' lang='lat' dir='ltr'><strong>vix</strong></span> <span class='ocrx_word' id='word_1_235' title='bbox 360 3350 615 3422; x_wconf 81' lang='lat' dir='ltr'><strong>aliquem</strong></span> <span class='ocrx_word' id='word_1_236' title='bbox 654 3351 833 3423; x_wconf 90' lang='lat' dir='ltr'><strong>potuit</strong></span> <span class='ocrx_word' id='word_1_237' title='bbox 859 3352 1165 3420; x_wconf 81' lang='lat' dir='ltr'><strong>extrahere,</strong></span> <span class='ocrx_word' id='word_1_238' title='bbox 1211 3353 1338 3424; x_wconf 89' lang='lat' dir='ltr'><strong>quia</strong></span> <span class='ocrx_word' id='word_1_239' title='bbox 1390 3352 1512 3409; x_wconf 91' lang='lat' dir='ltr'><strong>illos</strong></span> <span class='ocrx_word' id='word_1_240' title='bbox 1553 3367 1664 3408; x_wconf 90' lang='lat' dir='ltr'><strong>non</strong></span> 
     </span>
    </p>
   </div>
   <div class='ocr_carea' id='block_1_34' title="bbox 105 3443 1665 3515">
    <p class='ocr_par' dir='ltr' id='par_1_34' title="bbox 105 3443 1665 3515">
     <span class='ocr_line' id='line_1_34' title="bbox 105 3443 1665 3515; baseline 0.003 -22"><span class='ocrx_word' id='word_1_241' title='bbox 105 3450 275 3496; x_wconf 85' lang='lat' dir='ltr'><strong>tantum</strong></span> <span class='ocrx_word' id='word_1_242' title='bbox 298 3443 472 3501; x_wconf 90' lang='lat' dir='ltr'><strong>hostis</strong></span> <span class='ocrx_word' id='word_1_243' title='bbox 501 3443 760 3515; x_wconf 83' lang='lat' dir='ltr'><strong>urgebat,</strong></span> <span class='ocrx_word' id='word_1_244' title='bbox 790 3453 1058 3515; x_wconf 89' lang='lat' dir='ltr'><strong>quantum</strong></span> <span class='ocrx_word' id='word_1_245' title='bbox 1079 3444 1257 3500; x_wconf 88' lang='lat' dir='ltr'><strong>valida</strong></span> <span class='ocrx_word' id='word_1_246' title='bbox 1283 3443 1454 3500; x_wconf 78' lang='lat' dir='ltr'><strong>fames</strong></span> <span class='ocrx_word' id='word_1_247' title='bbox 1478 3443 1665 3514; x_wconf 89' lang='lat' dir='ltr'><strong>oppri-</strong></span> 
     </span>
    </p>
   </div>
   <div class='ocr_carea' id='block_1_35' title="bbox 106 3533 1664 3610">
    <p class='ocr_par' dir='ltr' id='par_1_35' title="bbox 106 3533 1664 3610">
     <span class='ocr_line' id='line_1_35' title="bbox 106 3533 1664 3610; baseline 0.006 -24"><span class='ocrx_word' id='word_1_248' title='bbox 106 3533 251 3590; x_wconf 85' lang='lat' dir='ltr'><strong>mebat</strong></span> <span class='ocrx_word' id='word_1_249' title='bbox 274 3553 286 3590; x_wconf 90' lang='lat'><strong>:</strong></span> <span class='ocrx_word' id='word_1_250' title='bbox 315 3533 467 3592; x_wconf 89' lang='lat' dir='ltr'><strong>Unde</strong></span> <span class='ocrx_word' id='word_1_251' title='bbox 492 3537 680 3604; x_wconf 84' lang='lat' dir='ltr'><strong>iratus</strong></span> <span class='ocrx_word' id='word_1_252' title='bbox 705 3537 885 3610; x_wconf 88' lang='lat' dir='ltr'><strong>ignem</strong></span> <span class='ocrx_word' id='word_1_253' title='bbox 905 3539 1035 3610; x_wconf 92' lang='lat' dir='ltr'><strong>poni</strong></span> <span class='ocrx_word' id='word_1_254' title='bbox 1051 3538 1308 3610; x_wconf 70' lang='lat' dir='ltr'><strong>praecepit</strong></span> <span class='ocrx_word' id='word_1_255' title='bbox 1327 3537 1382 3593; x_wconf 92' lang='lat' dir='ltr'><strong>in</strong></span> <span class='ocrx_word' id='word_1_256' title='bbox 1405 3538 1664 3595; x_wconf 84' lang='lat' dir='ltr'><strong>domibus</strong></span> 
     </span>
    </p>
   </div>
   <div class='ocr_carea' id='block_1_36' title="bbox 105 3629 1664 3701">
    <p class='ocr_par' dir='ltr' id='par_1_36' title="bbox 105 3629 1664 3701">
     <span class='ocr_line' id='line_1_36' title="bbox 105 3629 1664 3701; baseline 0.002 -18"><span class='ocrx_word' id='word_1_257' title='bbox 105 3641 201 3695; x_wconf 69' lang='lat' dir='ltr'><strong>qua:</strong></span> <span class='ocrx_word' id='word_1_258' title='bbox 238 3636 386 3684; x_wconf 91' lang='lat' dir='ltr'><strong>erant</strong></span> <span class='ocrx_word' id='word_1_259' title='bbox 419 3630 492 3686; x_wconf 86' lang='lat' dir='ltr'><strong>ab</strong></span> <span class='ocrx_word' id='word_1_260' title='bbox 524 3629 625 3685; x_wconf 89' lang='lat' dir='ltr'><strong>illa</strong></span> <span class='ocrx_word' id='word_1_261' title='bbox 664 3637 839 3701; x_wconf 86' lang='lat' dir='ltr'><strong>parte,</strong></span> <span class='ocrx_word' id='word_1_262' title='bbox 873 3629 967 3686; x_wconf 92' lang='lat' dir='ltr'><strong>ubi</strong></span> <span class='ocrx_word' id='word_1_263' title='bbox 999 3637 1055 3686; x_wconf 90' lang='lat' dir='ltr'><strong>et</strong></span> <span class='ocrx_word' id='word_1_264' title='bbox 1097 3629 1360 3701; x_wconf 89' lang='lat' dir='ltr'><strong>palatium</strong></span> <span class='ocrx_word' id='word_1_265' title='bbox 1410 3629 1664 3688; x_wconf 87' lang='lat' dir='ltr'><strong>Cassiani</strong></span> 
     </span>
    </p>
   </div>
   <div class='ocr_carea' id='block_1_37' title="bbox 102 3720 1663 3792">
    <p class='ocr_par' dir='ltr' id='par_1_37' title="bbox 102 3720 1663 3792">
     <span class='ocr_line' id='line_1_37' title="bbox 102 3720 1663 3792; baseline 0.005 -22"><span class='ocrx_word' id='word_1_266' title='bbox 102 3726 194 3773; x_wconf 82' lang='lat' dir='ltr'><strong>erat</strong></span> <span class='ocrx_word' id='word_1_267' title='bbox 214 3727 264 3774; x_wconf 69' lang='grc' dir='ltr'><strong>ιη</strong></span> <span class='ocrx_word' id='word_1_268' title='bbox 281 3720 372 3792; x_wconf 91' lang='lat' dir='ltr'><strong>qui</strong></span> <span class='ocrx_word' id='word_1_269' title='bbox 396 3722 556 3778; x_wconf 87' lang='lat' dir='ltr'><strong>exire</strong></span> <span class='ocrx_word' id='word_1_270' title='bbox 582 3729 775 3792; x_wconf 89' lang='lat' dir='ltr'><strong>sponte</strong></span> <span class='ocrx_word' id='word_1_271' title='bbox 794 3721 1072 3789; x_wconf 89' lang='lat' dir='ltr'><strong>nolebant,</strong></span> <span class='ocrx_word' id='word_1_272' title='bbox 1100 3721 1294 3778; x_wconf 90' lang='lat' dir='ltr'><strong>saltem</strong></span> <span class='ocrx_word' id='word_1_273' title='bbox 1325 3723 1475 3778; x_wconf 91' lang='lat' dir='ltr'><strong>exire</strong></span> <span class='ocrx_word' id='word_1_274' title='bbox 1507 3739 1663 3780; x_wconf 85' lang='lat' dir='ltr'><strong>com-</strong></span> 
     </span>
    </p>
   </div>
   <div class='ocr_carea' id='block_1_38' title="bbox 105 3811 1663 3886">
    <p class='ocr_par' dir='ltr' id='par_1_38' title="bbox 105 3811 1663 3886">
     <span class='ocr_line' id='line_1_38' title="bbox 105 3811 1663 3886; baseline 0.004 -22"><span class='ocrx_word' id='word_1_275' title='bbox 105 3811 387 3877; x_wconf 74' lang='lat' dir='ltr'><strong>pellerentur</strong></span> <span class='ocrx_word' id='word_1_276' title='bbox 423 3814 614 3870; x_wconf 89' lang='lat' dir='ltr'><strong>inviti.</strong></span> <span class='ocrx_word' id='word_1_277' title='bbox 649 3813 804 3870; x_wconf 89' lang='lat' dir='ltr'><strong>Tunc</strong></span> <span class='ocrx_word' id='word_1_278' title='bbox 826 3829 953 3871; x_wconf 87' lang='lat' dir='ltr'><strong>cum</strong></span> <span class='ocrx_word' id='word_1_279' title='bbox 997 3814 1121 3886; x_wconf 88' lang='lat' dir='ltr'><strong>igne</strong></span> <span class='ocrx_word' id='word_1_280' title='bbox 1152 3823 1302 3870; x_wconf 88' lang='lat' dir='ltr'><strong>tanta</strong></span> <span class='ocrx_word' id='word_1_281' title='bbox 1331 3815 1488 3870; x_wconf 13' lang='lat' dir='ltr'><strong>eventi</strong></span> <span class='ocrx_word' id='word_1_282' title='bbox 1525 3825 1663 3871; x_wconf 90' lang='lat' dir='ltr'><strong>tem-</strong></span> 
     </span>
    </p>
   </div>
   <div class='ocr_carea' id='block_1_39' title="bbox 105 3905 1660 3977">
    <p class='ocr_par' dir='ltr' id='par_1_39' title="bbox 105 3905 1660 3977">
     <span class='ocr_line' id='line_1_39' title="bbox 105 3905 1660 3977; baseline 0.004 -22"><span class='ocrx_word' id='word_1_283' title='bbox 105 3909 251 3968; x_wconf 74' lang='lat' dir='ltr'><strong>pestas</strong></span> <span class='ocrx_word' id='word_1_284' title='bbox 291 3915 477 3960; x_wconf 88' lang='lat' dir='ltr'><strong>exorta</strong></span> <span class='ocrx_word' id='word_1_285' title='bbox 532 3914 644 3974; x_wconf 86' lang='lat' dir='ltr'><strong>est,</strong></span> <span class='ocrx_word' id='word_1_286' title='bbox 697 3905 844 3977; x_wconf 90' lang='lat' dir='ltr'><strong>quod</strong></span> <span class='ocrx_word' id='word_1_287' title='bbox 893 3914 1108 3962; x_wconf 90' lang='lat' dir='ltr'><strong>tantum</strong></span> <span class='ocrx_word' id='word_1_288' title='bbox 1144 3906 1363 3961; x_wconf 89' lang='lat' dir='ltr'><strong>ﬂamma</strong></span> <span class='ocrx_word' id='word_1_289' title='bbox 1408 3907 1660 3974; x_wconf 84' lang='lat' dir='ltr'><strong>invaluit,</strong></span> 
     </span>
    </p>
   </div>
   <div class='ocr_carea' id='block_1_40' title="bbox 104 3995 1661 4067">
    <p class='ocr_par' dir='ltr' id='par_1_40' title="bbox 104 3995 1661 4067">
     <span class='ocr_line' id='line_1_40' title="bbox 104 3995 1661 4067; baseline 0.001 -17"><span class='ocrx_word' id='word_1_290' title='bbox 104 3995 220 4061; x_wconf 82' lang='lat' dir='ltr'><strong>quod</strong></span> <span class='ocrx_word' id='word_1_291' title='bbox 241 4011 405 4067; x_wconf 89' lang='lat' dir='ltr'><strong>usque</strong></span> <span class='ocrx_word' id='word_1_292' title='bbox 434 3997 506 4053; x_wconf 85' lang='lat' dir='ltr'><strong>ad</strong></span> <span class='ocrx_word' id='word_1_293' title='bbox 537 3997 656 4053; x_wconf 90' lang='lat' dir='ltr'><strong>duo</strong></span> <span class='ocrx_word' id='word_1_294' title='bbox 701 3996 870 4053; x_wconf 90' lang='lat' dir='ltr'><strong>millia</strong></span> <span class='ocrx_word' id='word_1_295' title='bbox 905 3997 1196 4054; x_wconf 89' lang='lat' dir='ltr'><strong>domorum</strong></span> <span class='ocrx_word' id='word_1_296' title='bbox 1225 4005 1280 4054; x_wconf 91' lang='lat' dir='ltr'><strong>et</strong></span> <span class='ocrx_word' id='word_1_297' title='bbox 1303 3997 1661 4054; x_wconf 87' lang='lat' dir='ltr'><strong>ecclesiarum</strong></span> 
     </span>
    </p>
   </div>
   <div class='ocr_carea' id='block_1_41' title="bbox 105 4086 1661 4162">
    <p class='ocr_par' dir='ltr' id='par_1_41' title="bbox 105 4086 1661 4162">
     <span class='ocr_line' id='line_1_41' title="bbox 105 4086 1661 4162; baseline 0.005 -24"><span class='ocrx_word' id='word_1_298' title='bbox 105 4086 444 4146; x_wconf 84' lang='lat' dir='ltr'><strong>combusserit.</strong></span> <span class='ocrx_word' id='word_1_299' title='bbox 470 4089 834 4147; x_wconf 88' lang='lat' dir='ltr'><strong>Boamundus</strong></span> <span class='ocrx_word' id='word_1_300' title='bbox 863 4098 925 4146; x_wconf 91' lang='lat' dir='ltr'><strong>ut</strong></span> <span class='ocrx_word' id='word_1_301' title='bbox 945 4089 1082 4146; x_wconf 87' lang='lat' dir='ltr'><strong>vidit</strong></span> <span class='ocrx_word' id='word_1_302' title='bbox 1112 4089 1386 4145; x_wconf 88' lang='lat' dir='ltr'><strong>ﬂammam</strong></span> <span class='ocrx_word' id='word_1_303' title='bbox 1422 4091 1564 4162; x_wconf 87' lang='lat' dir='ltr'><strong>ignis</strong></span> <span class='ocrx_word' id='word_1_304' title='bbox 1588 4090 1661 4146; x_wconf 87' lang='lat' dir='ltr'><strong>ita</strong></span> 
     </span>
    </p>
   </div>
   <div class='ocr_carea' id='block_1_42' title="bbox 105 4177 1658 4255">
    <p class='ocr_par' dir='ltr' id='par_1_42' title="bbox 105 4177 1658 4255">
     <span class='ocr_line' id='line_1_42' title="bbox 105 4177 1658 4255; baseline 0.005 -26"><span class='ocrx_word' id='word_1_305' title='bbox 105 4177 364 4251; x_wconf 85' lang='lat' dir='ltr'><strong>insurgere,</strong></span> <span class='ocrx_word' id='word_1_306' title='bbox 420 4183 756 4255; x_wconf 65' lang='lat' dir='ltr'><strong>paenitentia</strong></span> <span class='ocrx_word' id='word_1_307' title='bbox 809 4183 1006 4239; x_wconf 89' lang='lat' dir='ltr'><strong>ductus</strong></span> <span class='ocrx_word' id='word_1_308' title='bbox 1061 4183 1413 4239; x_wconf 84' lang='lat' dir='ltr'><strong>vehementer</strong></span> <span class='ocrx_word' id='word_1_309' title='bbox 1463 4182 1658 4249; x_wconf 75' lang='lat' dir='ltr'><strong>doluit,</strong></span> 
     </span>
    </p>
   </div>
   <div class='ocr_carea' id='block_1_43' title="bbox 106 4271 1662 4344">
    <p class='ocr_par' dir='ltr' id='par_1_43' title="bbox 106 4271 1662 4344">
     <span class='ocr_line' id='line_1_43' title="bbox 106 4271 1662 4344; baseline 0 -18"><span class='ocrx_word' id='word_1_310' title='bbox 106 4271 325 4337; x_wconf 78' lang='lat' dir='ltr'><strong>quoniam</strong></span> <span class='ocrx_word' id='word_1_311' title='bbox 353 4272 422 4329; x_wconf 88' lang='lat' dir='ltr'><strong>de</strong></span> <span class='ocrx_word' id='word_1_312' title='bbox 451 4273 694 4330; x_wconf 84' lang='lat' dir='ltr'><strong>ecclesia</strong></span> <span class='ocrx_word' id='word_1_313' title='bbox 722 4272 900 4329; x_wconf 88' lang='lat' dir='ltr'><strong>Bcatri</strong></span> <span class='ocrx_word' id='word_1_314' title='bbox 927 4273 1074 4329; x_wconf 86' lang='lat' dir='ltr'><strong>Petri</strong></span> <span class='ocrx_word' id='word_1_315' title='bbox 1107 4282 1418 4344; x_wconf 77' lang='lat' dir='ltr'><strong>sanctaeque</strong></span> <span class='ocrx_word' id='word_1_316' title='bbox 1445 4272 1538 4328; x_wconf 88' lang='lat' dir='ltr'><strong>Dei</strong></span> <span class='ocrx_word' id='word_1_317' title='bbox 1570 4289 1662 4343; x_wconf 79' lang='lat' dir='ltr'><strong>ge-</strong></span> 
     </span>
    </p>
   </div>
   <div class='ocr_carea' id='block_1_44' title="bbox 106 4362 1662 4438">
    <p class='ocr_par' dir='ltr' id='par_1_44' title="bbox 106 4362 1662 4438">
     <span class='ocr_line' id='line_1_44' title="bbox 106 4362 1662 4438; baseline 0.002 -24"><span class='ocrx_word' id='word_1_318' title='bbox 106 4362 280 4420; x_wconf 89' lang='lat' dir='ltr'><strong>nitricis</strong></span> <span class='ocrx_word' id='word_1_319' title='bbox 306 4364 514 4432; x_wconf 70' lang='lat' dir='ltr'><strong>Mariae,</strong></span> <span class='ocrx_word' id='word_1_320' title='bbox 573 4366 872 4438; x_wconf 90' lang='lat' dir='ltr'><strong>multisque</strong></span> <span class='ocrx_word' id='word_1_321' title='bbox 917 4365 1041 4422; x_wconf 91' lang='lat' dir='ltr'><strong>aliis</strong></span> <span class='ocrx_word' id='word_1_322' title='bbox 1069 4366 1367 4437; x_wconf 89' lang='lat' dir='ltr'><strong>pertimuit.</strong></span> <span class='ocrx_word' id='word_1_323' title='bbox 1406 4363 1662 4418; x_wconf 88' lang='lat' dir='ltr'><strong>Duravit-</strong></span> 
     </span>
    </p>
   </div>
   <div class='ocr_carea' id='block_1_45' title="bbox 105 4456 1660 4528">
    <p class='ocr_par' dir='ltr' id='par_1_45' title="bbox 105 4456 1660 4528">
     <span class='ocr_line' id='line_1_45' title="bbox 105 4456 1660 4528; baseline 0.001 -19"><span class='ocrx_word' id='word_1_324' title='bbox 105 4469 188 4522; x_wconf 87' lang='lat' dir='ltr'><strong>que</strong></span> <span class='ocrx_word' id='word_1_325' title='bbox 224 4456 531 4515; x_wconf 89' lang='lat' dir='ltr'><strong>incendium</strong></span> <span class='ocrx_word' id='word_1_326' title='bbox 579 4459 650 4514; x_wconf 85' lang='lat' dir='ltr'><strong>ab</strong></span> <span class='ocrx_word' id='word_1_327' title='bbox 675 4459 810 4514; x_wconf 87' lang='lat' dir='ltr'><strong>hora</strong></span> <span class='ocrx_word' id='word_1_328' title='bbox 834 4458 944 4514; x_wconf 90' lang='lat' dir='ltr'><strong>diei</strong></span> <span class='ocrx_word' id='word_1_329' title='bbox 991 4459 1149 4514; x_wconf 89' lang='lat' dir='ltr'><strong>tertia</strong></span> <span class='ocrx_word' id='word_1_330' title='bbox 1172 4473 1346 4528; x_wconf 85' lang='lat' dir='ltr'><strong>usque</strong></span> <span class='ocrx_word' id='word_1_331' title='bbox 1369 4457 1420 4511; x_wconf 92' lang='lat' dir='ltr'><strong>in</strong></span> <span class='ocrx_word' id='word_1_332' title='bbox 1445 4465 1660 4512; x_wconf 84' lang='lat' dir='ltr'><strong>noctem</strong></span> 
     </span>
    </p>
   </div>
   <div class='ocr_carea' id='block_1_46' title="bbox 106 4546 1739 4620">
    <p class='ocr_par' dir='ltr' id='par_1_46' title="bbox 106 4546 1739 4620">
     <span class='ocr_line' id='line_1_46' title="bbox 106 4546 1739 4620; baseline 0.004 -23"><span class='ocrx_word' id='word_1_333' title='bbox 106 4546 328 4616; x_wconf 70' lang='lat' dir='ltr'><strong>meliam,</strong></span> <span class='ocrx_word' id='word_1_334' title='bbox 363 4561 419 4606; x_wconf 93' lang='lat' dir='ltr'><strong>et</strong></span> <span class='ocrx_word' id='word_1_335' title='bbox 441 4551 526 4608; x_wconf 92' lang='lat' dir='ltr'><strong>sic</strong></span> <span class='ocrx_word' id='word_1_336' title='bbox 559 4548 725 4605; x_wconf 89' lang='lat' dir='ltr'><strong>ﬂante</strong></span> <span class='ocrx_word' id='word_1_337' title='bbox 769 4559 930 4606; x_wconf 90' lang='lat' dir='ltr'><strong>vento</strong></span> <span class='ocrx_word' id='word_1_338' title='bbox 967 4565 998 4605; x_wconf 89' lang='lat' dir='ltr'><strong>a</strong></span> <span class='ocrx_word' id='word_1_339' title='bbox 1026 4558 1179 4620; x_wconf 90' lang='lat' dir='ltr'><strong>parte</strong></span> <span class='ocrx_word' id='word_1_340' title='bbox 1199 4549 1440 4616; x_wconf 79' lang='lat' dir='ltr'><strong>dextera,</strong></span> <span class='ocrx_word' id='word_1_341' title='bbox 1479 4548 1532 4602; x_wconf 93' lang='lat' dir='ltr'><strong>in</strong></span> <span class='ocrx_word' id='word_1_342' title='bbox 1569 4564 1658 4605; x_wconf 87' lang='lat' dir='ltr'><strong>se-</strong></span> <span class='ocrx_word' id='word_1_343' title='bbox 1691 4559 1739 4619; x_wconf 81' lang='grc'><strong>1)</strong></span> 
     </span>
    </p>
   </div>
   <div class='ocr_carea' id='block_1_47' title="bbox 107 4633 870 4703">
    <p class='ocr_par' dir='ltr' id='par_1_47' title="bbox 107 4633 870 4703">
     <span class='ocr_line' id='line_1_47' title="bbox 107 4633 870 4703; baseline 0.007 -12"><span class='ocrx_word' id='word_1_344' title='bbox 107 4633 244 4703; x_wconf 81' lang='lat' dir='ltr'><strong>ipsam</strong></span> <span class='ocrx_word' id='word_1_345' title='bbox 275 4658 491 4697; x_wconf 81' lang='lat' dir='ltr'><strong>reversa</strong></span> <span class='ocrx_word' id='word_1_346' title='bbox 513 4651 602 4697; x_wconf 90' lang='lat' dir='ltr'><strong>est</strong></span> <span class='ocrx_word' id='word_1_347' title='bbox 631 4641 870 4696; x_wconf 88' lang='lat' dir='ltr'><strong>ﬂamma.</strong></span> 
     </span>
    </p>
   </div>
   <div class='ocr_carea' id='block_1_48' title="bbox 697 4730 1028 4788">
    <p class='ocr_par' dir='ltr' id='par_1_48' title="bbox 697 4730 1028 4788">
     <span class='ocr_line' id='line_1_48' title="bbox 697 4730 1028 4788; baseline -0.003 -1"><span class='ocrx_word' id='word_1_348' title='bbox 697 4731 928 4788; x_wconf 82' lang='lat' dir='ltr'><strong>CAPUT</strong></span> <span class='ocrx_word' id='word_1_349' title='bbox 962 4730 1028 4786; x_wconf 88' lang='grc'><strong>11.</strong></span> 
     </span>
    </p>
   </div>
   <div class='ocr_carea' id='block_1_49' title="bbox 162 4816 1658 4894">
    <p class='ocr_par' dir='ltr' id='par_1_49' title="bbox 162 4816 1658 4894">
     <span class='ocr_line' id='line_1_49' title="bbox 162 4816 1658 4894; baseline 0.005 -21"><span class='ocrx_word' id='word_1_350' title='bbox 162 4816 374 4890; x_wconf 85' lang='lat' dir='ltr'><strong>Lancea,</strong></span> <span class='ocrx_word' id='word_1_351' title='bbox 403 4833 467 4879; x_wconf 90' lang='lat' dir='ltr'><strong>ut</strong></span> <span class='ocrx_word' id='word_1_352' title='bbox 494 4839 668 4894; x_wconf 89' lang='lat' dir='ltr'><strong>supra</strong></span> <span class='ocrx_word' id='word_1_353' title='bbox 697 4823 957 4891; x_wconf 82' lang='lat' dir='ltr'><strong>diximus,</strong></span> <span class='ocrx_word' id='word_1_354' title='bbox 991 4835 1126 4879; x_wconf 90' lang='lat' dir='ltr'><strong>nutu</strong></span> <span class='ocrx_word' id='word_1_355' title='bbox 1163 4823 1260 4880; x_wconf 90' lang='lat' dir='ltr'><strong>Dei</strong></span> <span class='ocrx_word' id='word_1_356' title='bbox 1304 4825 1542 4892; x_wconf 84' lang='lat' dir='ltr'><strong>inventa,</strong></span> <span class='ocrx_word' id='word_1_357' title='bbox 1571 4839 1658 4880; x_wconf 90' lang='lat' dir='ltr'><strong>se-</strong></span> 
     </span>
    </p>
   </div>
   <div class='ocr_carea' id='block_1_50' title="bbox 107 4908 1655 4988">
    <p class='ocr_par' dir='ltr' id='par_1_50' title="bbox 107 4908 1655 4988">
     <span class='ocr_line' id='line_1_50' title="bbox 107 4908 1655 4988; baseline 0.006 -26"><span class='ocrx_word' id='word_1_358' title='bbox 107 4908 255 4968; x_wconf 87' lang='lat' dir='ltr'><strong>niores</strong></span> <span class='ocrx_word' id='word_1_359' title='bbox 279 4922 330 4969; x_wconf 87' lang='lat' dir='ltr'><strong>et</strong></span> <span class='ocrx_word' id='word_1_360' title='bbox 362 4915 722 4987; x_wconf 85' lang='lat' dir='ltr'><strong>magistratus</strong></span> <span class='ocrx_word' id='word_1_361' title='bbox 754 4914 961 4971; x_wconf 72' lang='lat' dir='ltr'><strong>militia:</strong></span> <span class='ocrx_word' id='word_1_362' title='bbox 996 4916 1286 4971; x_wconf 88' lang='lat' dir='ltr'><strong>consilium</strong></span> <span class='ocrx_word' id='word_1_363' title='bbox 1309 4925 1655 4988; x_wconf 90' lang='lat' dir='ltr'><strong>acceperunt,</strong></span> 
     </span>
    </p>
   </div>
   <div class='ocr_carea' id='block_1_51' title="bbox 107 5000 1657 5080">
    <p class='ocr_par' dir='ltr' id='par_1_51' title="bbox 107 5000 1657 5080">
     <span class='ocr_line' id='line_1_51' title="bbox 107 5000 1657 5080; baseline 0.008 -28"><span class='ocrx_word' id='word_1_364' title='bbox 107 5009 152 5053; x_wconf 85' lang='lat' dir='ltr'><strong>ut</strong></span> <span class='ocrx_word' id='word_1_365' title='bbox 167 5000 226 5056; x_wconf 87' lang='lat' dir='ltr'><strong>ad</strong></span> <span class='ocrx_word' id='word_1_366' title='bbox 259 5004 551 5062; x_wconf 84' lang='lat' dir='ltr'><strong>Corbanan</strong></span> <span class='ocrx_word' id='word_1_367' title='bbox 599 5007 926 5078; x_wconf 86' lang='lat' dir='ltr'><strong>legationem</strong></span> <span class='ocrx_word' id='word_1_368' title='bbox 965 5023 1122 5064; x_wconf 89' lang='lat' dir='ltr'><strong>suam</strong></span> <span class='ocrx_word' id='word_1_369' title='bbox 1157 5008 1455 5076; x_wconf 88' lang='lat' dir='ltr'><strong>mitterent,</strong></span> <span class='ocrx_word' id='word_1_370' title='bbox 1498 5008 1657 5080; x_wconf 89' lang='lat' dir='ltr'><strong>eique</strong></span> 
     </span>
    </p>
   </div>
   <div class='ocr_carea' id='block_1_52' title="bbox 106 5096 1652 5172">
    <p class='ocr_par' dir='ltr' id='par_1_52' title="bbox 106 5096 1652 5172">
     <span class='ocr_line' id='line_1_52' title="bbox 106 5096 1652 5172; baseline 0.003 -20"><span class='ocrx_word' id='word_1_371' title='bbox 106 5096 319 5154; x_wconf 81' lang='lat' dir='ltr'><strong>mandata</strong></span> <span class='ocrx_word' id='word_1_372' title='bbox 360 5114 640 5170; x_wconf 87' lang='lat' dir='ltr'><strong>suumque</strong></span> <span class='ocrx_word' id='word_1_373' title='bbox 687 5099 979 5157; x_wconf 88' lang='lat' dir='ltr'><strong>consilium</strong></span> <span class='ocrx_word' id='word_1_374' title='bbox 1021 5116 1117 5171; x_wconf 85' lang='lat' dir='ltr'><strong>per</strong></span> <span class='ocrx_word' id='word_1_375' title='bbox 1167 5100 1516 5172; x_wconf 87' lang='lat' dir='ltr'><strong>interpretem</strong></span> <span class='ocrx_word' id='word_1_376' title='bbox 1567 5101 1652 5157; x_wconf 91' lang='lat' dir='ltr'><strong>sui</strong></span> 
     </span>
    </p>
   </div>
   <div class='ocr_carea' id='block_1_53' title="bbox 105 5191 1654 5264">
    <p class='ocr_par' dir='ltr' id='par_1_53' title="bbox 105 5191 1654 5264">
     <span class='ocr_line' id='line_1_53' title="bbox 105 5191 1654 5264; baseline 0.003 -21"><span class='ocrx_word' id='word_1_377' title='bbox 105 5191 336 5247; x_wconf 81' lang='lat' dir='ltr'><strong>sermonis</strong></span> <span class='ocrx_word' id='word_1_378' title='bbox 368 5191 670 5248; x_wconf 82' lang='lat' dir='ltr'><strong>deferrent.</strong></span> <span class='ocrx_word' id='word_1_379' title='bbox 696 5192 945 5264; x_wconf 89' lang='lat' dir='ltr'><strong>Cumque</strong></span> <span class='ocrx_word' id='word_1_380' title='bbox 974 5194 1041 5248; x_wconf 89' lang='lat' dir='ltr'><strong>de</strong></span> <span class='ocrx_word' id='word_1_381' title='bbox 1069 5193 1257 5251; x_wconf 89' lang='lat' dir='ltr'><strong>multis</strong></span> <span class='ocrx_word' id='word_1_382' title='bbox 1288 5196 1442 5249; x_wconf 85' lang='lat' dir='ltr'><strong>ﬂeret</strong></span> <span class='ocrx_word' id='word_1_383' title='bbox 1470 5193 1654 5264; x_wconf 83' lang='lat' dir='ltr'><strong>inqui-</strong></span> 
     </span>
    </p>
   </div>
   <div class='ocr_carea' id='block_1_54' title="bbox 105 5278 1655 5356">
    <p class='ocr_par' dir='ltr' id='par_1_54' title="bbox 105 5278 1655 5356">
     <span class='ocr_line' id='line_1_54' title="bbox 105 5278 1655 5356; baseline 0.005 -24"><span class='ocrx_word' id='word_1_384' title='bbox 105 5278 224 5347; x_wconf 84' lang='lat' dir='ltr'><strong>sitio,</strong></span> <span class='ocrx_word' id='word_1_385' title='bbox 257 5297 355 5338; x_wconf 87' lang='lat' dir='ltr'><strong>nec</strong></span> <span class='ocrx_word' id='word_1_386' title='bbox 381 5283 588 5355; x_wconf 85' lang='lat' dir='ltr'><strong>aliquis</strong></span> <span class='ocrx_word' id='word_1_387' title='bbox 619 5294 975 5356; x_wconf 64' lang='lat' dir='ltr'><strong>praesumeret</strong></span> <span class='ocrx_word' id='word_1_388' title='bbox 1023 5285 1139 5342; x_wconf 83' lang='lat' dir='ltr'><strong>haec</strong></span> <span class='ocrx_word' id='word_1_389' title='bbox 1184 5284 1327 5342; x_wconf 76' lang='lat' dir='ltr'><strong>ferre</strong></span> <span class='ocrx_word' id='word_1_390' title='bbox 1376 5285 1655 5353; x_wconf 86' lang='lat' dir='ltr'><strong>mandata,</strong></span> 
     </span>
    </p>
   </div>
   <div class='ocr_carea' id='block_1_55' title="bbox 106 5371 1652 5444">
    <p class='ocr_par' dir='ltr' id='par_1_55' title="bbox 106 5371 1652 5444">
     <span class='ocr_line' id='line_1_55' title="bbox 106 5371 1652 5444; baseline 0.007 -21"><span class='ocrx_word' id='word_1_391' title='bbox 106 5371 288 5428; x_wconf 75' lang='lat' dir='ltr'><strong>tandem</strong></span> <span class='ocrx_word' id='word_1_392' title='bbox 312 5375 421 5432; x_wconf 90' lang='lat' dir='ltr'><strong>duo</strong></span> <span class='ocrx_word' id='word_1_393' title='bbox 461 5375 670 5433; x_wconf 89' lang='lat' dir='ltr'><strong>inventi</strong></span> <span class='ocrx_word' id='word_1_394' title='bbox 710 5386 860 5444; x_wconf 82' lang='lat' dir='ltr'><strong>sunt,</strong></span> <span class='ocrx_word' id='word_1_395' title='bbox 902 5377 1188 5444; x_wconf 84' lang='lat' dir='ltr'><strong>lleluinus,</strong></span> <span class='ocrx_word' id='word_1_396' title='bbox 1217 5387 1275 5434; x_wconf 92' lang='lat' dir='ltr'><strong>et</strong></span> <span class='ocrx_word' id='word_1_397' title='bbox 1311 5377 1506 5434; x_wconf 82' lang='lat' dir='ltr'><strong>Petrus</strong></span> <span class='ocrx_word' id='word_1_398' title='bbox 1532 5395 1652 5434; x_wconf 85' lang='lat' dir='ltr'><strong>ere-</strong></span> 
     </span>
    </p>
   </div>
   <div class='ocr_carea' id='block_1_56' title="bbox 108 5465 1653 5541">
    <p class='ocr_par' dir='ltr' id='par_1_56' title="bbox 108 5465 1653 5541">
     <span class='ocr_line' id='line_1_56' title="bbox 108 5465 1653 5541; baseline 0.005 -23"><span class='ocrx_word' id='word_1_399' title='bbox 108 5465 230 5522; x_wconf 86' lang='lat' dir='ltr'><strong>mita.</strong></span> <span class='ocrx_word' id='word_1_400' title='bbox 274 5465 339 5523; x_wconf 80' lang='lat' dir='ltr'><strong>Ili</strong></span> <span class='ocrx_word' id='word_1_401' title='bbox 385 5485 514 5526; x_wconf 90' lang='lat' dir='ltr'><strong>cum</strong></span> <span class='ocrx_word' id='word_1_402' title='bbox 569 5469 862 5541; x_wconf 89' lang='lat' dir='ltr'><strong>interprete</strong></span> <span class='ocrx_word' id='word_1_403' title='bbox 900 5471 1002 5527; x_wconf 87' lang='lat' dir='ltr'><strong>iter</strong></span> <span class='ocrx_word' id='word_1_404' title='bbox 1048 5486 1209 5527; x_wconf 90' lang='lat' dir='ltr'><strong>suum</strong></span> <span class='ocrx_word' id='word_1_405' title='bbox 1249 5472 1316 5527; x_wconf 90' lang='lat' dir='ltr'><strong>ad</strong></span> <span class='ocrx_word' id='word_1_406' title='bbox 1348 5471 1653 5527; x_wconf 87' lang='lat' dir='ltr'><strong>Turoorum</strong></span> 
     </span>
    </p>
   </div>
   <div class='ocr_carea' id='block_1_57' title="bbox 105 5563 1658 5638">
    <p class='ocr_par' dir='ltr' id='par_1_57' title="bbox 105 5563 1658 5638">
     <span class='ocr_line' id='line_1_57' title="bbox 105 5563 1658 5638; baseline 0.005 -27"><span class='ocrx_word' id='word_1_407' title='bbox 105 5568 253 5616; x_wconf 83' lang='lat' dir='ltr'><strong>castra</strong></span> <span class='ocrx_word' id='word_1_408' title='bbox 273 5563 609 5632; x_wconf 82' lang='lat' dir='ltr'><strong>direxerunt,</strong></span> <span class='ocrx_word' id='word_1_409' title='bbox 642 5563 766 5620; x_wconf 86' lang='lat' dir='ltr'><strong>dein</strong></span> <span class='ocrx_word' id='word_1_410' title='bbox 799 5564 867 5621; x_wconf 85' lang='lat' dir='ltr'><strong>ad</strong></span> <span class='ocrx_word' id='word_1_411' title='bbox 893 5565 1436 5638; x_wconf 20' lang='lat' dir='ltr'><strong>Corbanan‘tentoria</strong></span> <span class='ocrx_word' id='word_1_412' title='bbox 1469 5580 1658 5635; x_wconf 82' lang='lat' dir='ltr'><strong>pervc-</strong></span> 
     </span>
    </p>
   </div>
   <div class='ocr_carea' id='block_1_58' title="bbox 914 366 2587 431">
    <p class='ocr_par' dir='ltr' id='par_1_58' title="bbox 914 366 2587 431">
     <span class='ocr_line' id='line_1_58' title="bbox 914 366 2587 431; baseline -0.002 -1"><span class='ocrx_word' id='word_1_413' title='bbox 914 373 1206 431; x_wconf 76' lang='lat' dir='ltr'><strong>ROBERTI</strong></span> <span class='ocrx_word' id='word_1_414' title='bbox 1242 369 1547 429; x_wconf 76' lang='lat' dir='ltr'><strong>MONACHI</strong></span> <span class='ocrx_word' id='word_1_415' title='bbox 1586 367 1771 426; x_wconf 83' lang='lat' dir='ltr'><strong>HIST.</strong></span> <span class='ocrx_word' id='word_1_416' title='bbox 1815 366 2179 429; x_wconf 76' lang='lat' dir='ltr'><strong>HIEROSOL.</strong></span> <span class='ocrx_word' id='word_1_417' title='bbox 2217 371 2435 430; x_wconf 84' lang='lat' dir='ltr'><strong>—LIB.</strong></span> <span class='ocrx_word' id='word_1_418' title='bbox 2479 371 2587 429; x_wconf 79' lang='lat' dir='ltr'><strong>VII.</strong></span> 
     </span>
    </p>
   </div>
   <div class='ocr_carea' id='block_1_59' title="bbox 3257 382 3356 442">
    <p class='ocr_par' dir='ltr' id='par_1_59' title="bbox 3257 382 3356 442">
     <span class='ocr_line' id='line_1_59' title="bbox 3257 382 3356 442; baseline 0.03 -3"><span class='ocrx_word' id='word_1_419' title='bbox 3257 382 3356 442; x_wconf 75' lang='lat'><strong>726</strong></span> 
     </span>
    </p>
   </div>
   <div class='ocr_carea' id='block_1_60' title="bbox 1769 487 3350 572">
    <p class='ocr_par' dir='ltr' id='par_1_60' title="bbox 1769 487 3350 572">
     <span class='ocr_line' id='line_1_60' title="bbox 1769 487 3350 572; baseline 0.013 -32"><span class='ocrx_word' id='word_1_420' title='bbox 1769 496 1987 543; x_wconf 88' lang='lat' dir='ltr'><strong>nerunt.</strong></span> <span class='ocrx_word' id='word_1_421' title='bbox 2039 487 2428 548; x_wconf 84' lang='lat' dir='ltr'><strong>Convenerunt</strong></span> <span class='ocrx_word' id='word_1_422' title='bbox 2454 491 2696 564; x_wconf 89' lang='lat' dir='ltr'><strong>undique</strong></span> <span class='ocrx_word' id='word_1_423' title='bbox 2751 489 2937 562; x_wconf 81' lang='lat' dir='ltr'><strong>Turci,</strong></span> <span class='ocrx_word' id='word_1_424' title='bbox 2988 495 3179 555; x_wconf 87' lang='lat' dir='ltr'><strong>audire</strong></span> <span class='ocrx_word' id='word_1_425' title='bbox 3231 517 3350 572; x_wconf 83' lang='lat' dir='ltr'><strong>ges-</strong></span> 
     </span>
    </p>
   </div>
   <div class='ocr_carea' id='block_1_61' title="bbox 1764 578 3353 652">
    <p class='ocr_par' dir='ltr' id='par_1_61' title="bbox 1764 578 3353 652">
     <span class='ocr_line' id='line_1_61' title="bbox 1764 578 3353 652; baseline 0.011 -19"><span class='ocrx_word' id='word_1_426' title='bbox 1764 578 1992 646; x_wconf 66' lang='lat' dir='ltr'><strong>tientes,</strong></span> <span class='ocrx_word' id='word_1_427' title='bbox 2038 581 2170 652; x_wconf 93' lang='lat' dir='ltr'><strong>quid</strong></span> <span class='ocrx_word' id='word_1_428' title='bbox 2211 583 2456 640; x_wconf 91' lang='lat' dir='ltr'><strong>dicerent</strong></span> <span class='ocrx_word' id='word_1_429' title='bbox 2485 581 2925 641; x_wconf 89' lang='lat' dir='ltr'><strong>Christianorum</strong></span> <span class='ocrx_word' id='word_1_430' title='bbox 2970 588 3172 646; x_wconf 90' lang='lat' dir='ltr'><strong>nuntii.</strong></span> <span class='ocrx_word' id='word_1_431' title='bbox 3221 590 3353 651; x_wconf 84' lang='lat' dir='ltr'><strong>Erat</strong></span> 
     </span>
    </p>
   </div>
   <div class='ocr_carea' id='block_1_62' title="bbox 1762 669 3348 744">
    <p class='ocr_par' dir='ltr' id='par_1_62' title="bbox 1762 669 3348 744">
     <span class='ocr_line' id='line_1_62' title="bbox 1762 669 3348 744; baseline 0.008 -19"><span class='ocrx_word' id='word_1_432' title='bbox 1762 679 1946 726; x_wconf 90' lang='lat' dir='ltr'><strong>autem</strong></span> <span class='ocrx_word' id='word_1_433' title='bbox 1969 669 2260 727; x_wconf 89' lang='lat' dir='ltr'><strong>Corbanan</strong></span> <span class='ocrx_word' id='word_1_434' title='bbox 2293 672 2542 729; x_wconf 89' lang='lat' dir='ltr'><strong>residens</strong></span> <span class='ocrx_word' id='word_1_435' title='bbox 2565 673 2622 729; x_wconf 90' lang='lat' dir='ltr'><strong>in</strong></span> <span class='ocrx_word' id='word_1_436' title='bbox 2644 674 2805 744; x_wconf 90' lang='lat' dir='ltr'><strong>solio,</strong></span> <span class='ocrx_word' id='word_1_437' title='bbox 2836 674 3059 734; x_wconf 90' lang='lat' dir='ltr'><strong>indutus</strong></span> <span class='ocrx_word' id='word_1_438' title='bbox 3082 680 3235 736; x_wconf 89' lang='lat' dir='ltr'><strong>cultu</strong></span> <span class='ocrx_word' id='word_1_439' title='bbox 3261 698 3348 738; x_wconf 90' lang='lat' dir='ltr'><strong>re-</strong></span> 
     </span>
    </p>
   </div>
   <div class='ocr_carea' id='block_1_63' title="bbox 1763 761 3350 840">
    <p class='ocr_par' dir='ltr' id='par_1_63' title="bbox 1763 761 3350 840">
     <span class='ocr_line' id='line_1_63' title="bbox 1763 761 3350 840; baseline 0.008 -24"><span class='ocrx_word' id='word_1_440' title='bbox 1763 761 1873 833; x_wconf 88' lang='lat' dir='ltr'><strong>gio,</strong></span> <span class='ocrx_word' id='word_1_441' title='bbox 1905 762 2205 834; x_wconf 86' lang='lat' dir='ltr'><strong>habituque</strong></span> <span class='ocrx_word' id='word_1_442' title='bbox 2228 781 2515 838; x_wconf 87' lang='lat' dir='ltr'><strong>pompose,</strong></span> <span class='ocrx_word' id='word_1_443' title='bbox 2529 776 2655 824; x_wconf 89' lang='lat' dir='ltr'><strong>ante</strong></span> <span class='ocrx_word' id='word_1_444' title='bbox 2673 767 2834 840; x_wconf 89' lang='lat' dir='ltr'><strong>cujus</strong></span> <span class='ocrx_word' id='word_1_445' title='bbox 2855 767 3050 826; x_wconf 83' lang='lat' dir='ltr'><strong>faciem</strong></span> <span class='ocrx_word' id='word_1_446' title='bbox 3071 772 3350 831; x_wconf 85' lang='lat' dir='ltr'><strong>venientes</strong></span> 
     </span>
    </p>
   </div>
   <div class='ocr_carea' id='block_1_64' title="bbox 1764 853 3344 926">
    <p class='ocr_par' dir='ltr' id='par_1_64' title="bbox 1764 853 3344 926">
     <span class='ocr_line' id='line_1_64' title="bbox 1764 853 3344 926; baseline 0.009 -18"><span class='ocrx_word' id='word_1_447' title='bbox 1764 853 1991 910; x_wconf 89' lang='lat' dir='ltr'><strong>minime</strong></span> <span class='ocrx_word' id='word_1_448' title='bbox 2015 870 2074 910; x_wconf 90' lang='lat' dir='ltr'><strong>se</strong></span> <span class='ocrx_word' id='word_1_449' title='bbox 2102 855 2530 926; x_wconf 88' lang='lat' dir='ltr'><strong>inclinaverunt,</strong></span> <span class='ocrx_word' id='word_1_450' title='bbox 2571 859 2664 915; x_wconf 90' lang='lat' dir='ltr'><strong>sed</strong></span> <span class='ocrx_word' id='word_1_451' title='bbox 2696 868 2875 917; x_wconf 91' lang='lat' dir='ltr'><strong>erecta</strong></span> <span class='ocrx_word' id='word_1_452' title='bbox 2921 862 3132 920; x_wconf 89' lang='lat' dir='ltr'><strong>cervice</strong></span> <span class='ocrx_word' id='word_1_453' title='bbox 3165 863 3344 922; x_wconf 89' lang='lat' dir='ltr'><strong>astite-</strong></span> 
     </span>
    </p>
   </div>
   <div class='ocr_carea' id='block_1_65' title="bbox 1765 945 3354 1026">
    <p class='ocr_par' dir='ltr' id='par_1_65' title="bbox 1765 945 3354 1026">
     <span class='ocr_line' id='line_1_65' title="bbox 1765 945 3354 1026; baseline 0.008 -25"><span class='ocrx_word' id='word_1_454' title='bbox 1765 955 1912 1002; x_wconf 91' lang='lat' dir='ltr'><strong>runt.</strong></span> <span class='ocrx_word' id='word_1_455' title='bbox 1953 945 2112 1014; x_wconf 84' lang='lat' dir='ltr'><strong>Quod</strong></span> <span class='ocrx_word' id='word_1_456' title='bbox 2152 963 2278 1004; x_wconf 90' lang='lat' dir='ltr'><strong>cum</strong></span> <span class='ocrx_word' id='word_1_457' title='bbox 2309 947 2478 1007; x_wconf 85' lang='lat' dir='ltr'><strong>Turci</strong></span> <span class='ocrx_word' id='word_1_458' title='bbox 2526 949 2790 1021; x_wconf 87' lang='lat' dir='ltr'><strong>viderent,</strong></span> <span class='ocrx_word' id='word_1_459' title='bbox 2819 968 2963 1026; x_wconf 67' lang='lat' dir='ltr'><strong>aegre</strong></span> <span class='ocrx_word' id='word_1_460' title='bbox 2995 955 3266 1023; x_wconf 87' lang='lat' dir='ltr'><strong>tulerunt;</strong></span> <span class='ocrx_word' id='word_1_461' title='bbox 3297 967 3354 1014; x_wconf 89' lang='lat' dir='ltr'><strong>et</strong></span> 
     </span>
    </p>
   </div>
   <div class='ocr_carea' id='block_1_66' title="bbox 1766 1038 3367 1122">
    <p class='ocr_par' dir='ltr' id='par_1_66' title="bbox 1766 1038 3367 1122">
     <span class='ocr_line' id='line_1_66' title="bbox 1766 1038 3367 1122; baseline 0.008 -28"><span class='ocrx_word' id='word_1_462' title='bbox 1766 1038 1871 1094; x_wconf 87' lang='lat' dir='ltr'><strong>nisi</strong></span> <span class='ocrx_word' id='word_1_463' title='bbox 1907 1039 2085 1093; x_wconf 90' lang='lat' dir='ltr'><strong>nuntii</strong></span> <span class='ocrx_word' id='word_1_464' title='bbox 2122 1049 2323 1107; x_wconf 90' lang='lat' dir='ltr'><strong>essent,</strong></span> <span class='ocrx_word' id='word_1_465' title='bbox 2350 1041 2597 1113; x_wconf 60' lang='lat' dir='ltr'><strong>superbae</strong></span> <span class='ocrx_word' id='word_1_466' title='bbox 2619 1045 2969 1103; x_wconf 68' lang='lat' dir='ltr'><strong>continentiae</strong></span> <span class='ocrx_word' id='word_1_467' title='bbox 2989 1048 3367 1122; x_wconf 84' lang='lat' dir='ltr'><strong>ignominiam,</strong></span> 
     </span>
    </p>
   </div>
   <div class='ocr_carea' id='block_1_67' title="bbox 1765 1131 3352 1208">
    <p class='ocr_par' dir='ltr' id='par_1_67' title="bbox 1765 1131 3352 1208">
     <span class='ocr_line' id='line_1_67' title="bbox 1765 1131 3352 1208; baseline 0.009 -22"><span class='ocrx_word' id='word_1_468' title='bbox 1765 1131 2153 1188; x_wconf 90' lang='lat' dir='ltr'><strong>vindicassent.</strong></span> <span class='ocrx_word' id='word_1_469' title='bbox 2179 1131 2336 1190; x_wconf 90' lang='lat' dir='ltr'><strong>Tunc</strong></span> <span class='ocrx_word' id='word_1_470' title='bbox 2363 1135 2539 1191; x_wconf 77' lang='lat' dir='ltr'><strong>nuntii</strong></span> <span class='ocrx_word' id='word_1_471' title='bbox 2567 1137 2996 1208; x_wconf 86' lang='lat' dir='ltr'><strong>nilcunctautes,</strong></span> <span class='ocrx_word' id='word_1_472' title='bbox 3013 1141 3140 1198; x_wconf 90' lang='lat' dir='ltr'><strong>licet</strong></span> <span class='ocrx_word' id='word_1_473' title='bbox 3160 1158 3352 1200; x_wconf 84' lang='lat' dir='ltr'><strong>omnes</strong></span> 
     </span>
    </p>
   </div>
   <div class='ocr_carea' id='block_1_68' title="bbox 1766 1224 3352 1307">
    <p class='ocr_par' dir='ltr' id='par_1_68' title="bbox 1766 1224 3352 1307">
     <span class='ocr_line' id='line_1_68' title="bbox 1766 1224 3352 1307; baseline 0.007 -27"><span class='ocrx_word' id='word_1_474' title='bbox 1766 1224 1845 1280; x_wconf 88' lang='lat' dir='ltr'><strong>ira</strong></span> <span class='ocrx_word' id='word_1_475' title='bbox 1897 1225 2191 1294; x_wconf 90' lang='lat' dir='ltr'><strong>commoti,</strong></span> <span class='ocrx_word' id='word_1_476' title='bbox 2245 1226 2791 1298; x_wconf 65' lang='lat' dir='ltr'><strong>circumit-emerent,</strong></span> <span class='ocrx_word' id='word_1_477' title='bbox 2843 1234 3081 1305; x_wconf 91' lang='lat' dir='ltr'><strong>superbo</strong></span> <span class='ocrx_word' id='word_1_478' title='bbox 3117 1235 3352 1307; x_wconf 88' lang='lat' dir='ltr'><strong>principi</strong></span> 
     </span>
    </p>
   </div>
   <div class='ocr_carea' id='block_1_69' title="bbox 1764 1317 3352 1397">
    <p class='ocr_par' dir='ltr' id='par_1_69' title="bbox 1764 1317 3352 1397">
     <span class='ocr_line' id='line_1_69' title="bbox 1764 1317 3352 1397; baseline 0.004 -22"><span class='ocrx_word' id='word_1_479' title='bbox 1764 1317 2150 1390; x_wconf 73' lang='lat' dir='ltr'><strong>dixerunt(52)</strong></span> <span class='ocrx_word' id='word_1_480' title='bbox 2179 1337 2192 1374; x_wconf 93' lang='lat'>:</span> <span class='ocrx_word' id='word_1_481' title='bbox 2225 1339 2242 1370; x_wconf 78' lang='grc' dir='ltr'>σ</span> <span class='ocrx_word' id='word_1_482' title='bbox 2269 1319 2579 1387; x_wconf 86' lang='lat' dir='ltr'><strong>Corbanan,</strong></span> <span class='ocrx_word' id='word_1_483' title='bbox 2603 1322 2942 1380; x_wconf 88' lang='lat' dir='ltr'><strong>Francorum</strong></span> <span class='ocrx_word' id='word_1_484' title='bbox 2978 1342 3234 1397; x_wconf 86' lang='lat' dir='ltr'><strong>proceres</strong></span> <span class='ocrx_word' id='word_1_485' title='bbox 3256 1328 3352 1384; x_wconf 88' lang='lat' dir='ltr'><strong>tibi</strong></span> 
     </span>
    </p>
   </div>
   <div class='ocr_carea' id='block_1_70' title="bbox 1765 1411 3352 1486">
    <p class='ocr_par' dir='ltr' id='par_1_70' title="bbox 1765 1411 3352 1486">
     <span class='ocr_line' id='line_1_70' title="bbox 1765 1411 3352 1486; baseline 0.004 -17"><span class='ocrx_word' id='word_1_486' title='bbox 1765 1414 2028 1470; x_wconf 89' lang='lat' dir='ltr'><strong>mandant</strong></span> <span class='ocrx_word' id='word_1_487' title='bbox 2057 1433 2071 1469; x_wconf 90' lang='lat'><strong>:</strong></span> <span class='ocrx_word' id='word_1_488' title='bbox 2099 1411 2254 1469; x_wconf 85' lang='lat' dir='ltr'><strong>Unde</strong></span> <span class='ocrx_word' id='word_1_489' title='bbox 2285 1413 2379 1468; x_wconf 89' lang='lat' dir='ltr'><strong>tibi</strong></span> <span class='ocrx_word' id='word_1_490' title='bbox 2411 1415 2642 1486; x_wconf 80' lang='lat' dir='ltr'><strong>contigit</strong></span> <span class='ocrx_word' id='word_1_491' title='bbox 2684 1427 2796 1472; x_wconf 89' lang='lat' dir='ltr'><strong>tam</strong></span> <span class='ocrx_word' id='word_1_492' title='bbox 2842 1419 3138 1475; x_wconf 88' lang='lat' dir='ltr'><strong>temulenta</strong></span> <span class='ocrx_word' id='word_1_493' title='bbox 3179 1421 3352 1476; x_wconf 89' lang='lat' dir='ltr'><strong>auda-</strong></span> 
     </span>
    </p>
   </div>
   <div class='ocr_carea' id='block_1_71' title="bbox 1764 1503 3354 1575">
    <p class='ocr_par' dir='ltr' id='par_1_71' title="bbox 1764 1503 3354 1575">
     <span class='ocr_line' id='line_1_71' title="bbox 1764 1503 3354 1575; baseline 0.003 -15"><span class='ocrx_word' id='word_1_494' title='bbox 1764 1503 1869 1572; x_wconf 90' lang='lat' dir='ltr'><strong>cia,</strong></span> <span class='ocrx_word' id='word_1_495' title='bbox 1909 1503 2054 1575; x_wconf 89' lang='lat' dir='ltr'><strong>quod</strong></span> <span class='ocrx_word' id='word_1_496' title='bbox 2094 1510 2306 1558; x_wconf 90' lang='lat' dir='ltr'><strong>armata</strong></span> <span class='ocrx_word' id='word_1_497' title='bbox 2344 1519 2509 1558; x_wconf 90' lang='lat' dir='ltr'><strong>manu</strong></span> <span class='ocrx_word' id='word_1_498' title='bbox 2542 1515 2732 1561; x_wconf 89' lang='lat' dir='ltr'><strong>contra</strong></span> <span class='ocrx_word' id='word_1_499' title='bbox 2762 1523 2858 1563; x_wconf 87' lang='lat' dir='ltr'><strong>eos</strong></span> <span class='ocrx_word' id='word_1_500' title='bbox 2884 1508 3105 1575; x_wconf 90' lang='lat' dir='ltr'><strong>venisti,</strong></span> <span class='ocrx_word' id='word_1_501' title='bbox 3137 1525 3263 1564; x_wconf 90' lang='lat' dir='ltr'><strong>cum</strong></span> <span class='ocrx_word' id='word_1_502' title='bbox 3295 1518 3354 1565; x_wconf 90' lang='lat' dir='ltr'><strong>tu</strong></span> 
     </span>
    </p>
   </div>
   <div class='ocr_carea' id='block_1_72' title="bbox 1762 1596 3356 1674">
    <p class='ocr_par' dir='ltr' id='par_1_72' title="bbox 1762 1596 3356 1674">
     <span class='ocr_line' id='line_1_72' title="bbox 1762 1596 3356 1674; baseline 0.004 -23"><span class='ocrx_word' id='word_1_503' title='bbox 1762 1605 1817 1652; x_wconf 90' lang='lat' dir='ltr'><strong>ct</strong></span> <span class='ocrx_word' id='word_1_504' title='bbox 1841 1612 1936 1652; x_wconf 85' lang='lat' dir='ltr'><strong>rex</strong></span> <span class='ocrx_word' id='word_1_505' title='bbox 1961 1605 2088 1655; x_wconf 88' lang='lat' dir='ltr'><strong>tuus</strong></span> <span class='ocrx_word' id='word_1_506' title='bbox 2121 1611 2364 1667; x_wconf 91' lang='lat' dir='ltr'><strong>gensque</strong></span> <span class='ocrx_word' id='word_1_507' title='bbox 2387 1605 2480 1651; x_wconf 88' lang='lat' dir='ltr'><strong>tua</strong></span> <span class='ocrx_word' id='word_1_508' title='bbox 2521 1596 2574 1651; x_wconf 93' lang='lat' dir='ltr'><strong>in</strong></span> <span class='ocrx_word' id='word_1_509' title='bbox 2606 1613 2798 1652; x_wconf 91' lang='lat' dir='ltr'><strong>eorum</strong></span> <span class='ocrx_word' id='word_1_510' title='bbox 2835 1609 3134 1672; x_wconf 90' lang='lat' dir='ltr'><strong>conspectu</strong></span> <span class='ocrx_word' id='word_1_511' title='bbox 3167 1601 3356 1674; x_wconf 83' lang='lat' dir='ltr'><strong>culpa-</strong></span> 
     </span>
    </p>
   </div>
   <div class='ocr_carea' id='block_1_73' title="bbox 1762 1688 3356 1760">
    <p class='ocr_par' dir='ltr' id='par_1_73' title="bbox 1762 1688 3356 1760">
     <span class='ocr_line' id='line_1_73' title="bbox 1762 1688 3356 1760; baseline 0.002 -15"><span class='ocrx_word' id='word_1_512' title='bbox 1762 1689 1900 1746; x_wconf 88' lang='lat' dir='ltr'><strong>biles</strong></span> <span class='ocrx_word' id='word_1_513' title='bbox 1953 1688 2094 1755; x_wconf 91' lang='lat' dir='ltr'><strong>sitis,</strong></span> <span class='ocrx_word' id='word_1_514' title='bbox 2151 1688 2247 1760; x_wconf 89' lang='lat' dir='ltr'><strong>qui</strong></span> <span class='ocrx_word' id='word_1_515' title='bbox 2293 1697 2471 1744; x_wconf 90' lang='lat' dir='ltr'><strong>terras</strong></span> <span class='ocrx_word' id='word_1_516' title='bbox 2504 1688 2946 1746; x_wconf 86' lang='lat' dir='ltr'><strong>Christianorum</strong></span> <span class='ocrx_word' id='word_1_517' title='bbox 2993 1690 3356 1750; x_wconf 83' lang='lat' dir='ltr'><strong>immoderata</strong></span> 
     </span>
    </p>
   </div>
   <div class='ocr_carea' id='block_1_74' title="bbox 1763 1779 3356 1853">
    <p class='ocr_par' dir='ltr' id='par_1_74' title="bbox 1763 1779 3356 1853">
     <span class='ocr_line' id='line_1_74' title="bbox 1763 1779 3356 1853; baseline 0.001 -15"><span class='ocrx_word' id='word_1_518' title='bbox 1763 1781 2059 1853; x_wconf 89' lang='lat' dir='ltr'><strong>cupiditate</strong></span> <span class='ocrx_word' id='word_1_519' title='bbox 2087 1779 2384 1847; x_wconf 90' lang='lat' dir='ltr'><strong>invasistis,</strong></span> <span class='ocrx_word' id='word_1_520' title='bbox 2420 1795 2626 1851; x_wconf 89' lang='lat' dir='ltr'><strong>eosque</strong></span> <span class='ocrx_word' id='word_1_521' title='bbox 2665 1795 2857 1836; x_wconf 87' lang='lat' dir='ltr'><strong>omnes</strong></span> <span class='ocrx_word' id='word_1_522' title='bbox 2903 1782 3104 1852; x_wconf 88' lang='lat' dir='ltr'><strong>injuria</strong></span> <span class='ocrx_word' id='word_1_523' title='bbox 3135 1783 3356 1839; x_wconf 87' lang='lat' dir='ltr'><strong>aﬂ‘ectos</strong></span> 
     </span>
    </p>
   </div>
   <div class='ocr_carea' id='block_1_75' title="bbox 1766 1871 3356 1946">
    <p class='ocr_par' dir='ltr' id='par_1_75' title="bbox 1766 1871 3356 1946">
     <span class='ocr_line' id='line_1_75' title="bbox 1766 1871 3356 1946; baseline 0.001 -16"><span class='ocrx_word' id='word_1_524' title='bbox 1766 1873 2069 1930; x_wconf 88' lang='lat' dir='ltr'><strong>occidistis.</strong></span> <span class='ocrx_word' id='word_1_525' title='bbox 2103 1871 2404 1937; x_wconf 80' lang='lat' dir='ltr'><strong>Infernales</strong></span> <span class='ocrx_word' id='word_1_526' title='bbox 2440 1872 2518 1930; x_wconf 91' lang='lat' dir='ltr'><strong>dii</strong></span> <span class='ocrx_word' id='word_1_527' title='bbox 2553 1873 2632 1930; x_wconf 86' lang='lat' dir='ltr'><strong>tui</strong></span> <span class='ocrx_word' id='word_1_528' title='bbox 2677 1882 2730 1929; x_wconf 91' lang='lat' dir='ltr'><strong>te</strong></span> <span class='ocrx_word' id='word_1_529' title='bbox 2767 1873 2986 1944; x_wconf 84' lang='lat' dir='ltr'><strong>turpius</strong></span> <span class='ocrx_word' id='word_1_530' title='bbox 3020 1889 3130 1930; x_wconf 92' lang='lat' dir='ltr'><strong>non</strong></span> <span class='ocrx_word' id='word_1_531' title='bbox 3161 1883 3356 1946; x_wconf 87' lang='lat' dir='ltr'><strong>potue—</strong></span> 
     </span>
    </p>
   </div>
   <div class='ocr_carea' id='block_1_76' title="bbox 1765 1965 3357 2036">
    <p class='ocr_par' dir='ltr' id='par_1_76' title="bbox 1765 1965 3357 2036">
     <span class='ocr_line' id='line_1_76' title="bbox 1765 1965 3357 2036; baseline -0.001 -14"><span class='ocrx_word' id='word_1_532' title='bbox 1765 1974 1898 2022; x_wconf 90' lang='lat' dir='ltr'><strong>runt</strong></span> <span class='ocrx_word' id='word_1_533' title='bbox 1929 1966 2314 2033; x_wconf 86' lang='lat' dir='ltr'><strong>dehonestare,</strong></span> <span class='ocrx_word' id='word_1_534' title='bbox 2361 1981 2527 2036; x_wconf 89' lang='lat' dir='ltr'><strong>quam</strong></span> <span class='ocrx_word' id='word_1_535' title='bbox 2572 1965 2720 2036; x_wconf 91' lang='lat' dir='ltr'><strong>quod</strong></span> <span class='ocrx_word' id='word_1_536' title='bbox 2769 1973 2822 2022; x_wconf 91' lang='lat' dir='ltr'><strong>te</strong></span> <span class='ocrx_word' id='word_1_537' title='bbox 2856 1966 3126 2022; x_wconf 87' lang='lat' dir='ltr'><strong>miserunt</strong></span> <span class='ocrx_word' id='word_1_538' title='bbox 3165 1974 3357 2024; x_wconf 92' lang='lat' dir='ltr'><strong>contra</strong></span> 
     </span>
    </p>
   </div>
   <div class='ocr_carea' id='block_1_77' title="bbox 1764 2055 3358 2130">
    <p class='ocr_par' dir='ltr' id='par_1_77' title="bbox 1764 2055 3358 2130">
     <span class='ocr_line' id='line_1_77' title="bbox 1764 2055 3358 2130; baseline -0.001 -14"><span class='ocrx_word' id='word_1_539' title='bbox 1764 2075 1861 2116; x_wconf 89' lang='lat' dir='ltr'><strong>eos</strong></span> <span class='ocrx_word' id='word_1_540' title='bbox 1890 2073 2150 2130; x_wconf 85' lang='lat' dir='ltr'><strong>pugnare.</strong></span> <span class='ocrx_word' id='word_1_541' title='bbox 2187 2055 2244 2112; x_wconf 92' lang='lat' dir='ltr'><strong>Si</strong></span> <span class='ocrx_word' id='word_1_542' title='bbox 2281 2057 2423 2113; x_wconf 89' lang='lat' dir='ltr'><strong>ratio</strong></span> <span class='ocrx_word' id='word_1_543' title='bbox 2458 2056 2601 2128; x_wconf 90' lang='lat' dir='ltr'><strong>juris</strong></span> <span class='ocrx_word' id='word_1_544' title='bbox 2632 2066 2810 2112; x_wconf 88' lang='lat' dir='ltr'><strong>tecum</strong></span> <span class='ocrx_word' id='word_1_545' title='bbox 2843 2066 3012 2126; x_wconf 91' lang='lat' dir='ltr'><strong>esset,</strong></span> <span class='ocrx_word' id='word_1_546' title='bbox 3039 2067 3096 2114; x_wconf 92' lang='lat' dir='ltr'><strong>et</strong></span> <span class='ocrx_word' id='word_1_547' title='bbox 3123 2074 3358 2115; x_wconf 85' lang='lat' dir='ltr'><strong>censura</strong></span> 
     </span>
    </p>
   </div>
   <div class='ocr_carea' id='block_1_78' title="bbox 1764 2151 3358 2226">
    <p class='ocr_par' dir='ltr' id='par_1_78' title="bbox 1764 2151 3358 2226">
     <span class='ocr_line' id='line_1_78' title="bbox 1764 2151 3358 2226; baseline 0 -16"><span class='ocrx_word' id='word_1_548' title='bbox 1764 2152 2039 2224; x_wconf 61' lang='lat' dir='ltr'><strong>aequitatis</strong></span> <span class='ocrx_word' id='word_1_549' title='bbox 2087 2151 2376 2209; x_wconf 89' lang='lat' dir='ltr'><strong>nobiscum</strong></span> <span class='ocrx_word' id='word_1_550' title='bbox 2421 2168 2579 2224; x_wconf 88' lang='lat' dir='ltr'><strong>agerc</strong></span> <span class='ocrx_word' id='word_1_551' title='bbox 2627 2153 2817 2221; x_wconf 89' lang='lat' dir='ltr'><strong>velles,</strong></span> <span class='ocrx_word' id='word_1_552' title='bbox 2865 2169 2966 2211; x_wconf 92' lang='lat' dir='ltr'><strong>nos</strong></span> <span class='ocrx_word' id='word_1_553' title='bbox 2993 2163 3176 2210; x_wconf 87' lang='lat' dir='ltr'><strong>tecum</strong></span> <span class='ocrx_word' id='word_1_554' title='bbox 3213 2154 3358 2226; x_wconf 90' lang='lat' dir='ltr'><strong>juris</strong></span> 
     </span>
    </p>
   </div>
   <div class='ocr_carea' id='block_1_79' title="bbox 1766 2244 3360 2316">
    <p class='ocr_par' dir='ltr' id='par_1_79' title="bbox 1766 2244 3360 2316">
     <span class='ocr_line' id='line_1_79' title="bbox 1766 2244 3360 2316; baseline 0.001 -15"><span class='ocrx_word' id='word_1_555' title='bbox 1766 2247 1973 2302; x_wconf 91' lang='lat' dir='ltr'><strong>honore</strong></span> <span class='ocrx_word' id='word_1_556' title='bbox 2002 2252 2220 2302; x_wconf 89' lang='lat' dir='ltr'><strong>servato</strong></span> <span class='ocrx_word' id='word_1_557' title='bbox 2255 2244 2733 2312; x_wconf 89' lang='lat' dir='ltr'><strong>ratiocinarcmur,</strong></span> <span class='ocrx_word' id='word_1_558' title='bbox 2763 2253 2819 2301; x_wconf 94' lang='lat' dir='ltr'><strong>et</strong></span> <span class='ocrx_word' id='word_1_559' title='bbox 2841 2246 2991 2316; x_wconf 88' lang='lat' dir='ltr'><strong>quod</strong></span> <span class='ocrx_word' id='word_1_560' title='bbox 3013 2245 3360 2302; x_wconf 86' lang='lat' dir='ltr'><strong>Christiano-</strong></span> 
     </span>
    </p>
   </div>
   <div class='ocr_carea' id='block_1_80' title="bbox 1766 2336 3359 2404">
    <p class='ocr_par' dir='ltr' id='par_1_80' title="bbox 1766 2336 3359 2404">
     <span class='ocr_line' id='line_1_80' title="bbox 1766 2336 3359 2404; baseline -0.001 -10"><span class='ocrx_word' id='word_1_561' title='bbox 1766 2354 1889 2394; x_wconf 91' lang='lat' dir='ltr'><strong>rum</strong></span> <span class='ocrx_word' id='word_1_562' title='bbox 1913 2353 2036 2394; x_wconf 90' lang='lat' dir='ltr'><strong>esse</strong></span> <span class='ocrx_word' id='word_1_563' title='bbox 2061 2337 2242 2404; x_wconf 90' lang='lat' dir='ltr'><strong>debet,</strong></span> <span class='ocrx_word' id='word_1_564' title='bbox 2270 2336 2728 2394; x_wconf 89' lang='lat' dir='ltr'><strong>incontradicibili</strong></span> <span class='ocrx_word' id='word_1_565' title='bbox 2759 2352 3017 2393; x_wconf 91' lang='lat' dir='ltr'><strong>sermone</strong></span> <span class='ocrx_word' id='word_1_566' title='bbox 3043 2337 3359 2392; x_wconf 85' lang='lat' dir='ltr'><strong>ostendere-</strong></span> 
     </span>
    </p>
   </div>
   <div class='ocr_carea' id='block_1_81' title="bbox 1766 2429 3353 2501">
    <p class='ocr_par' dir='ltr' id='par_1_81' title="bbox 1766 2429 3353 2501">
     <span class='ocr_line' id='line_1_81' title="bbox 1766 2429 3353 2501; baseline -0.001 -16"><span class='ocrx_word' id='word_1_567' title='bbox 1766 2446 1910 2486; x_wconf 89' lang='lat' dir='ltr'><strong>mus.</strong></span> <span class='ocrx_word' id='word_1_568' title='bbox 1940 2429 2097 2498; x_wconf 85' lang='lat' dir='ltr'><strong>Quod</strong></span> <span class='ocrx_word' id='word_1_569' title='bbox 2123 2429 2170 2486; x_wconf 91' lang='lat' dir='ltr'><strong>si</strong></span> <span class='ocrx_word' id='word_1_570' title='bbox 2196 2429 2340 2501; x_wconf 89' lang='lat' dir='ltr'><strong>apud</strong></span> <span class='ocrx_word' id='word_1_571' title='bbox 2372 2437 2424 2486; x_wconf 92' lang='lat' dir='ltr'><strong>te</strong></span> <span class='ocrx_word' id='word_1_572' title='bbox 2448 2429 2590 2500; x_wconf 76' lang='lat' dir='ltr'><strong>:equi</strong></span> <span class='ocrx_word' id='word_1_573' title='bbox 2621 2429 2881 2501; x_wconf 88' lang='lat' dir='ltr'><strong>ponderis</strong></span> <span class='ocrx_word' id='word_1_574' title='bbox 2904 2438 3034 2485; x_wconf 88' lang='lat' dir='ltr'><strong>sunt</strong></span> <span class='ocrx_word' id='word_1_575' title='bbox 3057 2429 3151 2500; x_wconf 90' lang='lat' dir='ltr'><strong>jus</strong></span> <span class='ocrx_word' id='word_1_576' title='bbox 3171 2436 3228 2484; x_wconf 94' lang='lat' dir='ltr'><strong>et</strong></span> <span class='ocrx_word' id='word_1_577' title='bbox 3267 2444 3353 2484; x_wconf 58' lang='grc' dir='ltr'><strong>τεο</strong></span> 
     </span>
    </p>
   </div>
   <div class='ocr_carea' id='block_1_82' title="bbox 1767 2520 3354 2594">
    <p class='ocr_par' dir='ltr' id='par_1_82' title="bbox 1767 2520 3354 2594">
     <span class='ocr_line' id='line_1_82' title="bbox 1767 2520 3354 2594; baseline -0.001 -15"><span class='ocrx_word' id='word_1_578' title='bbox 1767 2523 1862 2589; x_wconf 87' lang='lat' dir='ltr'><strong>tio,</strong></span> <span class='ocrx_word' id='word_1_579' title='bbox 1910 2533 1970 2578; x_wconf 91' lang='lat' dir='ltr'><strong>ut</strong></span> <span class='ocrx_word' id='word_1_580' title='bbox 2011 2523 2339 2594; x_wconf 88' lang='lat' dir='ltr'><strong>voluptuosa</strong></span> <span class='ocrx_word' id='word_1_581' title='bbox 2373 2521 2650 2590; x_wconf 83' lang='lat' dir='ltr'><strong>voluntas,</strong></span> <span class='ocrx_word' id='word_1_582' title='bbox 2681 2520 2776 2577; x_wconf 86' lang='lat' dir='ltr'><strong>liat</strong></span> <span class='ocrx_word' id='word_1_583' title='bbox 2806 2521 2946 2577; x_wconf 89' lang='lat' dir='ltr'><strong>inter</strong></span> <span class='ocrx_word' id='word_1_584' title='bbox 2979 2531 3105 2578; x_wconf 91' lang='lat' dir='ltr'><strong>tuos</strong></span> <span class='ocrx_word' id='word_1_585' title='bbox 3135 2530 3354 2577; x_wconf 78' lang='lat' dir='ltr'><strong>nostros</strong></span> 
     </span>
    </p>
   </div>
   <div class='ocr_carea' id='block_1_83' title="bbox 1765 2613 3352 2688">
    <p class='ocr_par' dir='ltr' id='par_1_83' title="bbox 1765 2613 3352 2688">
     <span class='ocr_line' id='line_1_83' title="bbox 1765 2613 3352 2688; baseline -0.004 -15"><span class='ocrx_word' id='word_1_586' title='bbox 1765 2616 2124 2673; x_wconf 90' lang='lat' dir='ltr'><strong>determinata</strong></span> <span class='ocrx_word' id='word_1_587' title='bbox 2164 2632 2369 2688; x_wconf 87' lang='lat' dir='ltr'><strong>pugna,</strong></span> <span class='ocrx_word' id='word_1_588' title='bbox 2409 2625 2465 2672; x_wconf 91' lang='lat' dir='ltr'><strong>et</strong></span> <span class='ocrx_word' id='word_1_589' title='bbox 2504 2614 2804 2671; x_wconf 90' lang='lat' dir='ltr'><strong>victoribus</strong></span> <span class='ocrx_word' id='word_1_590' title='bbox 2857 2613 3067 2686; x_wconf 79' lang='lat' dir='ltr'><strong>absque</strong></span> <span class='ocrx_word' id='word_1_591' title='bbox 3113 2613 3352 2669; x_wconf 76' lang='lat' dir='ltr'><strong>aliorum</strong></span> 
     </span>
    </p>
   </div>
   <div class='ocr_carea' id='block_1_84' title="bbox 1765 2705 3353 2781">
    <p class='ocr_par' dir='ltr' id='par_1_84' title="bbox 1765 2705 3353 2781">
     <span class='ocr_line' id='line_1_84' title="bbox 1765 2705 3353 2781; baseline -0.003 -16"><span class='ocrx_word' id='word_1_592' title='bbox 1765 2709 2054 2781; x_wconf 81' lang='lat' dir='ltr'><strong>sanguinis</strong></span> <span class='ocrx_word' id='word_1_593' title='bbox 2101 2708 2391 2780; x_wconf 89' lang='lat' dir='ltr'><strong>dispendio</strong></span> <span class='ocrx_word' id='word_1_594' title='bbox 2441 2716 2557 2764; x_wconf 88' lang='lat' dir='ltr'><strong>tota</strong></span> <span class='ocrx_word' id='word_1_595' title='bbox 2612 2708 2730 2764; x_wconf 63' lang='lat' dir='ltr'><strong>hac</strong></span> <span class='ocrx_word' id='word_1_596' title='bbox 2779 2707 3111 2764; x_wconf 88' lang='lat' dir='ltr'><strong>concedatur</strong></span> <span class='ocrx_word' id='word_1_597' title='bbox 3156 2705 3353 2777; x_wconf 81' lang='lat' dir='ltr'><strong>patria.</strong></span> 
     </span>
    </p>
   </div>
   <div class='ocr_carea' id='block_1_85' title="bbox 1766 2795 3356 2870">
    <p class='ocr_par' dir='ltr' id='par_1_85' title="bbox 1766 2795 3356 2870">
     <span class='ocr_line' id='line_1_85' title="bbox 1766 2795 3356 2870; baseline -0.004 -14"><span class='ocrx_word' id='word_1_598' title='bbox 1766 2800 1926 2868; x_wconf 87' lang='lat' dir='ltr'><strong>Quod</strong></span> <span class='ocrx_word' id='word_1_599' title='bbox 1960 2800 2006 2856; x_wconf 91' lang='lat' dir='ltr'><strong>si</strong></span> <span class='ocrx_word' id='word_1_600' title='bbox 2035 2816 2137 2857; x_wconf 90' lang='lat' dir='ltr'><strong>nec</strong></span> <span class='ocrx_word' id='word_1_601' title='bbox 2169 2800 2266 2867; x_wconf 88' lang='lat' dir='ltr'><strong>ita,</strong></span> <span class='ocrx_word' id='word_1_602' title='bbox 2296 2815 2396 2856; x_wconf 91' lang='lat' dir='ltr'><strong>nec</strong></span> <span class='ocrx_word' id='word_1_603' title='bbox 2421 2799 2522 2867; x_wconf 90' lang='lat' dir='ltr'><strong>sic,</strong></span> <span class='ocrx_word' id='word_1_604' title='bbox 2545 2799 2869 2870; x_wconf 89' lang='lat' dir='ltr'><strong>complacet,</strong></span> <span class='ocrx_word' id='word_1_605' title='bbox 2896 2806 2992 2853; x_wconf 92' lang='lat' dir='ltr'><strong>aut</strong></span> <span class='ocrx_word' id='word_1_606' title='bbox 3019 2795 3203 2868; x_wconf 79' lang='lat' dir='ltr'><strong>fugam</strong></span> <span class='ocrx_word' id='word_1_607' title='bbox 3227 2811 3356 2866; x_wconf 90' lang='lat' dir='ltr'><strong>pro-</strong></span> 
     </span>
    </p>
   </div>
   <div class='ocr_carea' id='block_1_86' title="bbox 1767 2877 3354 2961">
    <p class='ocr_par' dir='ltr' id='par_1_86' title="bbox 1767 2877 3354 2961">
     <span class='ocr_line' id='line_1_86' title="bbox 1767 2877 3354 2961; baseline -0.003 -13"><span class='ocrx_word' id='word_1_608' title='bbox 1767 2893 1917 2950; x_wconf 87' lang='lat' dir='ltr'><strong>tinus</strong></span> <span class='ocrx_word' id='word_1_609' title='bbox 1940 2893 2092 2960; x_wconf 89' lang='lat' dir='ltr'><strong>inite,</strong></span> <span class='ocrx_word' id='word_1_610' title='bbox 2117 2902 2213 2949; x_wconf 90' lang='lat' dir='ltr'><strong>aut</strong></span> <span class='ocrx_word' id='word_1_611' title='bbox 2235 2891 2376 2949; x_wconf 87' lang='lat' dir='ltr'><strong>colla</strong></span> <span class='ocrx_word' id='word_1_612' title='bbox 2405 2901 2586 2949; x_wconf 88' lang='lat' dir='ltr'><strong>vestra</strong></span> <span class='ocrx_word' id='word_1_613' title='bbox 2612 2899 2928 2948; x_wconf 90' lang='lat' dir='ltr'><strong>nostrorum</strong></span> <span class='ocrx_word' id='word_1_614' title='bbox 2960 2889 3189 2957; x_wconf 84' lang='lat' dir='ltr'><strong>ensibus</strong></span> <span class='ocrx_word' id='word_1_615' title='bbox 3215 2877 3354 2961; x_wconf 72' lang='lat' dir='ltr'><strong>prae-</strong></span> 
     </span>
    </p>
   </div>
   <div class='ocr_carea' id='block_1_87' title="bbox 1765 2979 3358 3057">
    <p class='ocr_par' dir='ltr' id='par_1_87' title="bbox 1765 2979 3358 3057">
     <span class='ocr_line' id='line_1_87' title="bbox 1765 2979 3358 3057; baseline -0.003 -17"><span class='ocrx_word' id='word_1_616' title='bbox 1765 2994 1942 3057; x_wconf 87' lang='lat' dir='ltr'><strong>parat.</strong></span> <span class='ocrx_word' id='word_1_617' title='bbox 1965 3005 1983 3039; x_wconf 72' lang='grc' dir='ltr'><strong><em>ι</em></strong></span> <span class='ocrx_word' id='word_1_618' title='bbox 2012 2984 2108 3042; x_wconf 82' lang='lat' dir='ltr'><strong>llis</strong></span> <span class='ocrx_word' id='word_1_619' title='bbox 2129 2985 2290 3042; x_wconf 81' lang='lat' dir='ltr'><strong>dictis</strong></span> <span class='ocrx_word' id='word_1_620' title='bbox 2319 2984 2589 3042; x_wconf 89' lang='lat' dir='ltr'><strong>sermonis</strong></span> <span class='ocrx_word' id='word_1_621' title='bbox 2619 2983 2884 3040; x_wconf 90' lang='lat' dir='ltr'><strong>mediator</strong></span> <span class='ocrx_word' id='word_1_622' title='bbox 2911 2981 3195 3038; x_wconf 88' lang='lat' dir='ltr'><strong>conticuit.</strong></span> <span class='ocrx_word' id='word_1_623' title='bbox 3219 2979 3358 3036; x_wconf 92' lang='lat' dir='ltr'><strong>Cor-</strong></span> 
     </span>
    </p>
   </div>
   <div class='ocr_carea' id='block_1_88' title="bbox 1767 3073 3355 3150">
    <p class='ocr_par' dir='ltr' id='par_1_88' title="bbox 1767 3073 3355 3150">
     <span class='ocr_line' id='line_1_88' title="bbox 1767 3073 3355 3150; baseline -0.004 -16"><span class='ocrx_word' id='word_1_624' title='bbox 1767 3077 1949 3134; x_wconf 87' lang='lat' dir='ltr'><strong>banan</strong></span> <span class='ocrx_word' id='word_1_625' title='bbox 1970 3095 2100 3134; x_wconf 86' lang='lat' dir='ltr'><strong>vero</strong></span> <span class='ocrx_word' id='word_1_626' title='bbox 2120 3078 2200 3134; x_wconf 92' lang='lat' dir='ltr'><strong>ira</strong></span> <span class='ocrx_word' id='word_1_627' title='bbox 2227 3093 2423 3150; x_wconf 84' lang='lat' dir='ltr'><strong>magna</strong></span> <span class='ocrx_word' id='word_1_628' title='bbox 2450 3077 2840 3143; x_wconf 84' lang='lat' dir='ltr'><strong>inﬂammatus,</strong></span> <span class='ocrx_word' id='word_1_629' title='bbox 2864 3075 2956 3130; x_wconf 91' lang='lat' dir='ltr'><strong>vix</strong></span> <span class='ocrx_word' id='word_1_630' title='bbox 2975 3073 3124 3146; x_wconf 91' lang='lat' dir='ltr'><strong>loqui</strong></span> <span class='ocrx_word' id='word_1_631' title='bbox 3151 3073 3355 3146; x_wconf 90' lang='lat' dir='ltr'><strong>potuit:</strong></span> 
     </span>
    </p>
   </div>
   <div class='ocr_carea' id='block_1_89' title="bbox 1767 3164 3360 3240">
    <p class='ocr_par' dir='ltr' id='par_1_89' title="bbox 1767 3164 3360 3240">
     <span class='ocr_line' id='line_1_89' title="bbox 1767 3164 3360 3240; baseline -0.005 -13"><span class='ocrx_word' id='word_1_632' title='bbox 1767 3178 1824 3227; x_wconf 89' lang='lat' dir='ltr'><strong>et</strong></span> <span class='ocrx_word' id='word_1_633' title='bbox 1857 3170 2076 3226; x_wconf 89' lang='lat' dir='ltr'><strong>tandem</strong></span> <span class='ocrx_word' id='word_1_634' title='bbox 2103 3171 2158 3226; x_wconf 92' lang='lat' dir='ltr'><strong>in</strong></span> <span class='ocrx_word' id='word_1_635' title='bbox 2189 3171 2305 3227; x_wconf 59' lang='lat' dir='ltr'><strong>haec</strong></span> <span class='ocrx_word' id='word_1_636' title='bbox 2325 3171 2492 3226; x_wconf 89' lang='lat' dir='ltr'><strong>verba</strong></span> <span class='ocrx_word' id='word_1_637' title='bbox 2517 3168 2784 3240; x_wconf 90' lang='lat' dir='ltr'><strong>prorupit,</strong></span> <span class='ocrx_word' id='word_1_638' title='bbox 2809 3166 3122 3238; x_wconf 77' lang='lat' dir='ltr'><strong>dicens(53)</strong></span> <span class='ocrx_word' id='word_1_639' title='bbox 3143 3185 3158 3221; x_wconf 87' lang='lat'><strong>:</strong></span> <span class='ocrx_word' id='word_1_640' title='bbox 3179 3186 3198 3218; x_wconf 73' lang='grc' dir='ltr'>ι</span> <span class='ocrx_word' id='word_1_641' title='bbox 3219 3164 3360 3221; x_wconf 81' lang='lat' dir='ltr'><strong>Vere</strong></span> 
     </span>
    </p>
   </div>
   <div class='ocr_carea' id='block_1_90' title="bbox 1769 3257 3358 3334">
    <p class='ocr_par' dir='ltr' id='par_1_90' title="bbox 1769 3257 3358 3334">
     <span class='ocr_line' id='line_1_90' title="bbox 1769 3257 3358 3334; baseline -0.003 -18"><span class='ocrx_word' id='word_1_642' title='bbox 1769 3277 1900 3334; x_wconf 86' lang='lat' dir='ltr'><strong>gens</strong></span> <span class='ocrx_word' id='word_1_643' title='bbox 1943 3260 2302 3330; x_wconf 85' lang='lat' dir='ltr'><strong>Francorum,</strong></span> <span class='ocrx_word' id='word_1_644' title='bbox 2341 3278 2474 3334; x_wconf 88' lang='lat' dir='ltr'><strong>gens</strong></span> <span class='ocrx_word' id='word_1_645' title='bbox 2521 3261 2784 3332; x_wconf 87' lang='lat' dir='ltr'><strong>superba;</strong></span> <span class='ocrx_word' id='word_1_646' title='bbox 2819 3259 2913 3315; x_wconf 90' lang='lat' dir='ltr'><strong>sed</strong></span> <span class='ocrx_word' id='word_1_647' title='bbox 2952 3268 3144 3315; x_wconf 84' lang='lat' dir='ltr'><strong>nostro</strong></span> <span class='ocrx_word' id='word_1_648' title='bbox 3178 3257 3358 3331; x_wconf 89' lang='lat' dir='ltr'><strong>gladio</strong></span> 
     </span>
    </p>
   </div>
   <div class='ocr_carea' id='block_1_91' title="bbox 1767 3349 3361 3424">
    <p class='ocr_par' dir='ltr' id='par_1_91' title="bbox 1767 3349 3361 3424">
     <span class='ocr_line' id='line_1_91' title="bbox 1767 3349 3361 3424; baseline -0.002 -16"><span class='ocrx_word' id='word_1_649' title='bbox 1767 3351 2132 3408; x_wconf 78' lang='lat' dir='ltr'><strong>refrenabitur</strong></span> <span class='ocrx_word' id='word_1_650' title='bbox 2178 3368 2372 3409; x_wconf 90' lang='lat' dir='ltr'><strong>eorum</strong></span> <span class='ocrx_word' id='word_1_651' title='bbox 2403 3352 2677 3424; x_wconf 85' lang='lat' dir='ltr'><strong>superbia.</strong></span> <span class='ocrx_word' id='word_1_652' title='bbox 2721 3349 2846 3406; x_wconf 86' lang='lat' dir='ltr'><strong>Ideo</strong></span> <span class='ocrx_word' id='word_1_653' title='bbox 2867 3359 3054 3406; x_wconf 88' lang='lat' dir='ltr'><strong>autem</strong></span> <span class='ocrx_word' id='word_1_654' title='bbox 3071 3350 3361 3421; x_wconf 90' lang='lat' dir='ltr'><strong>requirunt</strong></span> 
     </span>
    </p>
   </div>
   <div class='ocr_carea' id='block_1_92' title="bbox 1766 3439 3350 3515">
    <p class='ocr_par' dir='ltr' id='par_1_92' title="bbox 1766 3439 3350 3515">
     <span class='ocr_line' id='line_1_92' title="bbox 1766 3439 3350 3515; baseline -0.005 -15"><span class='ocrx_word' id='word_1_655' title='bbox 1766 3442 2177 3500; x_wconf 88' lang='lat' dir='ltr'><strong>denominatum</strong></span> <span class='ocrx_word' id='word_1_656' title='bbox 2227 3444 2496 3515; x_wconf 70' lang='lat' dir='ltr'><strong>praelium,</strong></span> <span class='ocrx_word' id='word_1_657' title='bbox 2553 3453 2612 3497; x_wconf 91' lang='lat' dir='ltr'><strong>ut</strong></span> <span class='ocrx_word' id='word_1_658' title='bbox 2659 3441 2860 3512; x_wconf 87' lang='lat' dir='ltr'><strong>quibus</strong></span> <span class='ocrx_word' id='word_1_659' title='bbox 2909 3441 3064 3496; x_wconf 90' lang='lat' dir='ltr'><strong>cedet</strong></span> <span class='ocrx_word' id='word_1_660' title='bbox 3097 3439 3350 3505; x_wconf 86' lang='lat' dir='ltr'><strong>victoria,</strong></span> 
     </span>
    </p>
   </div>
   <div class='ocr_carea' id='block_1_93' title="bbox 1764 3530 3358 3606">
    <p class='ocr_par' dir='ltr' id='par_1_93' title="bbox 1764 3530 3358 3606">
     <span class='ocr_line' id='line_1_93' title="bbox 1764 3530 3358 3606; baseline -0.004 -15"><span class='ocrx_word' id='word_1_661' title='bbox 1764 3536 1923 3592; x_wconf 89' lang='lat' dir='ltr'><strong>cedat</strong></span> <span class='ocrx_word' id='word_1_662' title='bbox 1950 3545 2006 3592; x_wconf 91' lang='lat' dir='ltr'><strong>et</strong></span> <span class='ocrx_word' id='word_1_663' title='bbox 2038 3533 2631 3606; x_wconf 89' lang='lat' dir='ltr'><strong>imperium,quoniam</strong></span> <span class='ocrx_word' id='word_1_664' title='bbox 2663 3533 2783 3590; x_wconf 91' lang='lat' dir='ltr'><strong>sine</strong></span> <span class='ocrx_word' id='word_1_665' title='bbox 2803 3531 3038 3588; x_wconf 87' lang='lat' dir='ltr'><strong>aliorum</strong></span> <span class='ocrx_word' id='word_1_666' title='bbox 3070 3530 3358 3602; x_wconf 83' lang='lat' dir='ltr'><strong>sanguinis</strong></span> 
     </span>
    </p>
   </div>
   <div class='ocr_carea' id='block_1_94' title="bbox 1765 3622 3356 3698">
    <p class='ocr_par' dir='ltr' id='par_1_94' title="bbox 1765 3622 3356 3698">
     <span class='ocr_line' id='line_1_94' title="bbox 1765 3622 3356 3698; baseline -0.004 -14"><span class='ocrx_word' id='word_1_667' title='bbox 1765 3627 2074 3698; x_wconf 83' lang='lat' dir='ltr'><strong>dispendio,</strong></span> <span class='ocrx_word' id='word_1_668' title='bbox 2101 3636 2196 3683; x_wconf 88' lang='lat' dir='ltr'><strong>aut</strong></span> <span class='ocrx_word' id='word_1_669' title='bbox 2228 3626 2422 3697; x_wconf 69' lang='lat' dir='ltr'><strong>patria:</strong></span> <span class='ocrx_word' id='word_1_670' title='bbox 2453 3628 2642 3680; x_wconf 89' lang='lat' dir='ltr'><strong>volunt</strong></span> <span class='ocrx_word' id='word_1_671' title='bbox 2679 3624 2865 3691; x_wconf 89' lang='lat' dir='ltr'><strong>ditari,</strong></span> <span class='ocrx_word' id='word_1_672' title='bbox 2894 3631 2991 3678; x_wconf 90' lang='lat' dir='ltr'><strong>aut</strong></span> <span class='ocrx_word' id='word_1_673' title='bbox 3035 3637 3068 3678; x_wconf 88' lang='lat' dir='ltr'><strong>a</strong></span> <span class='ocrx_word' id='word_1_674' title='bbox 3098 3622 3356 3677; x_wconf 90' lang='lat' dir='ltr'><strong>manibus</strong></span> 
     </span>
    </p>
   </div>
   <div class='ocr_carea' id='block_1_95' title="bbox 1763 3712 3353 3774">
    <p class='ocr_par' dir='ltr' id='par_1_95' title="bbox 1763 3712 3353 3774">
     <span class='ocr_line' id='line_1_95' title="bbox 1763 3712 3353 3774; baseline -0.004 0"><span class='ocrx_word' id='word_1_675' title='bbox 1763 3717 1971 3774; x_wconf 91' lang='lat' dir='ltr'><strong>nostris</strong></span> <span class='ocrx_word' id='word_1_676' title='bbox 2022 3716 2267 3772; x_wconf 92' lang='lat' dir='ltr'><strong>liberari.</strong></span> <span class='ocrx_word' id='word_1_677' title='bbox 2322 3713 2428 3770; x_wconf 89' lang='lat' dir='ltr'><strong>Sed</strong></span> <span class='ocrx_word' id='word_1_678' title='bbox 2479 3723 2612 3772; x_wconf 91' lang='lat' dir='ltr'><strong>tunc</strong></span> <span class='ocrx_word' id='word_1_679' title='bbox 2655 3714 2878 3770; x_wconf 89' lang='lat' dir='ltr'><strong>salubre</strong></span> <span class='ocrx_word' id='word_1_680' title='bbox 2914 3712 3208 3769; x_wconf 90' lang='lat' dir='ltr'><strong>consilium</strong></span> <span class='ocrx_word' id='word_1_681' title='bbox 3243 3728 3353 3767; x_wconf 91' lang='lat' dir='ltr'><strong>non</strong></span> 
     </span>
    </p>
   </div>
   <div class='ocr_carea' id='block_1_96' title="bbox 1765 3807 3354 3880">
    <p class='ocr_par' dir='ltr' id='par_1_96' title="bbox 1765 3807 3354 3880">
     <span class='ocr_line' id='line_1_96' title="bbox 1765 3807 3354 3880; baseline -0.004 -14"><span class='ocrx_word' id='word_1_682' title='bbox 1765 3811 2110 3876; x_wconf 85' lang='lat' dir='ltr'><strong>invenerunt,</strong></span> <span class='ocrx_word' id='word_1_683' title='bbox 2135 3824 2261 3866; x_wconf 89' lang='lat' dir='ltr'><strong>cum</strong></span> <span class='ocrx_word' id='word_1_684' title='bbox 2289 3824 2388 3880; x_wconf 91' lang='lat' dir='ltr'><strong>pro</strong></span> <span class='ocrx_word' id='word_1_685' title='bbox 2408 3807 2717 3865; x_wconf 87' lang='lat' dir='ltr'><strong>eﬂ‘eminata</strong></span> <span class='ocrx_word' id='word_1_686' title='bbox 2740 3814 2898 3879; x_wconf 85' lang='lat' dir='ltr'><strong>gente</strong></span> <span class='ocrx_word' id='word_1_687' title='bbox 2919 3822 3071 3861; x_wconf 89' lang='lat' dir='ltr'><strong>arma</strong></span> <span class='ocrx_word' id='word_1_688' title='bbox 3103 3820 3354 3877; x_wconf 85' lang='lat' dir='ltr'><strong>sumpse-</strong></span> 
     </span>
    </p>
   </div>
   <div class='ocr_carea' id='block_1_97' title="bbox 1764 3897 3350 3970">
    <p class='ocr_par' dir='ltr' id='par_1_97' title="bbox 1764 3897 3350 3970">
     <span class='ocr_line' id='line_1_97' title="bbox 1764 3897 3350 3970; baseline -0.003 -13"><span class='ocrx_word' id='word_1_689' title='bbox 1764 3910 1912 3958; x_wconf 92' lang='lat' dir='ltr'><strong>runt.</strong></span> <span class='ocrx_word' id='word_1_690' title='bbox 1937 3899 2144 3957; x_wconf 89' lang='lat' dir='ltr'><strong>Tamen</strong></span> <span class='ocrx_word' id='word_1_691' title='bbox 2172 3900 2356 3956; x_wconf 90' lang='lat' dir='ltr'><strong>adhuc</strong></span> <span class='ocrx_word' id='word_1_692' title='bbox 2377 3900 2470 3967; x_wconf 92' lang='lat' dir='ltr'><strong>ite,</strong></span> <span class='ocrx_word' id='word_1_693' title='bbox 2493 3900 2712 3970; x_wconf 91' lang='lat' dir='ltr'><strong>illisque</strong></span> <span class='ocrx_word' id='word_1_694' title='bbox 2737 3899 3046 3954; x_wconf 90' lang='lat' dir='ltr'><strong>renuntiate</strong></span> <span class='ocrx_word' id='word_1_695' title='bbox 3065 3897 3350 3969; x_wconf 90' lang='lat' dir='ltr'><strong>quoniam,</strong></span> 
     </span>
    </p>
   </div>
   <div class='ocr_carea' id='block_1_98' title="bbox 1762 3991 3352 4063">
    <p class='ocr_par' dir='ltr' id='par_1_98' title="bbox 1762 3991 3352 4063">
     <span class='ocr_line' id='line_1_98' title="bbox 1762 3991 3352 4063; baseline -0.001 -14"><span class='ocrx_word' id='word_1_696' title='bbox 1762 3993 1810 4050; x_wconf 91' lang='lat' dir='ltr'><strong>si</strong></span> <span class='ocrx_word' id='word_1_697' title='bbox 1832 3993 2024 4050; x_wconf 90' lang='lat' dir='ltr'><strong>volunt</strong></span> <span class='ocrx_word' id='word_1_698' title='bbox 2048 3992 2389 4050; x_wconf 82' lang='lat' dir='ltr'><strong>Deumsuum</strong></span> <span class='ocrx_word' id='word_1_699' title='bbox 2406 3993 2676 4063; x_wconf 89' lang='lat' dir='ltr'><strong>abnegare</strong></span> <span class='ocrx_word' id='word_1_700' title='bbox 2705 4007 2928 4062; x_wconf 67' lang='lat' dir='ltr'><strong>sumque</strong></span> <span class='ocrx_word' id='word_1_701' title='bbox 2952 3991 3352 4048; x_wconf 88' lang='lat' dir='ltr'><strong>Christianitati</strong></span> 
     </span>
    </p>
   </div>
   <div class='ocr_carea' id='block_1_99' title="bbox 1762 4084 3352 4157">
    <p class='ocr_par' dir='ltr' id='par_1_99' title="bbox 1762 4084 3352 4157">
     <span class='ocr_line' id='line_1_99' title="bbox 1762 4084 3352 4157; baseline -0.002 -15"><span class='ocrx_word' id='word_1_702' title='bbox 1762 4085 2098 4153; x_wconf 89' lang='lat' dir='ltr'><strong>renuntiare,</strong></span> <span class='ocrx_word' id='word_1_703' title='bbox 2137 4085 2195 4140; x_wconf 95' lang='lat' dir='ltr'><strong>in</strong></span> <span class='ocrx_word' id='word_1_704' title='bbox 2244 4085 2475 4157; x_wconf 91' lang='lat' dir='ltr'><strong>gratiam</strong></span> <span class='ocrx_word' id='word_1_705' title='bbox 2514 4099 2708 4140; x_wconf 91' lang='lat' dir='ltr'><strong>omnes</strong></span> <span class='ocrx_word' id='word_1_706' title='bbox 2761 4084 3109 4155; x_wconf 89' lang='lat' dir='ltr'><strong>recipiemus,</strong></span> <span class='ocrx_word' id='word_1_707' title='bbox 3138 4093 3193 4140; x_wconf 87' lang='lat' dir='ltr'><strong>et</strong></span> <span class='ocrx_word' id='word_1_708' title='bbox 3240 4093 3352 4140; x_wconf 85' lang='lat' dir='ltr'><strong>ter—</strong></span> 
     </span>
    </p>
   </div>
   <div class='ocr_carea' id='block_1_100' title="bbox 1763 4173 3355 4242">
    <p class='ocr_par' dir='ltr' id='par_1_100' title="bbox 1763 4173 3355 4242">
     <span class='ocr_line' id='line_1_100' title="bbox 1763 4173 3355 4242; baseline -0.002 -11"><span class='ocrx_word' id='word_1_709' title='bbox 1763 4191 1881 4231; x_wconf 88' lang='lat' dir='ltr'><strong>ram</strong></span> <span class='ocrx_word' id='word_1_710' title='bbox 1905 4175 2049 4232; x_wconf 89' lang='lat' dir='ltr'><strong>hanc</strong></span> <span class='ocrx_word' id='word_1_711' title='bbox 2075 4175 2157 4232; x_wconf 89' lang='lat' dir='ltr'><strong>cis</strong></span> <span class='ocrx_word' id='word_1_712' title='bbox 2183 4174 2534 4242; x_wconf 88' lang='lat' dir='ltr'><strong>donabimus,</strong></span> <span class='ocrx_word' id='word_1_713' title='bbox 2567 4182 2621 4229; x_wconf 93' lang='lat' dir='ltr'><strong>et</strong></span> <span class='ocrx_word' id='word_1_714' title='bbox 2653 4175 2826 4228; x_wconf 91' lang='lat' dir='ltr'><strong>multo</strong></span> <span class='ocrx_word' id='word_1_715' title='bbox 2853 4173 3136 4230; x_wconf 87' lang='lat' dir='ltr'><strong>meliorem</strong></span> <span class='ocrx_word' id='word_1_716' title='bbox 3163 4193 3175 4228; x_wconf 94' lang='lat'>:</span> <span class='ocrx_word' id='word_1_717' title='bbox 3199 4183 3256 4230; x_wconf 91' lang='lat' dir='ltr'><strong>et</strong></span> <span class='ocrx_word' id='word_1_718' title='bbox 3285 4175 3355 4229; x_wconf 83' lang='lat' dir='ltr'><strong>de</strong></span> 
     </span>
    </p>
   </div>
   <div class='ocr_carea' id='block_1_101' title="bbox 1762 4265 3356 4341">
    <p class='ocr_par' dir='ltr' id='par_1_101' title="bbox 1762 4265 3356 4341">
     <span class='ocr_line' id='line_1_101' title="bbox 1762 4265 3356 4341; baseline -0.003 -15"><span class='ocrx_word' id='word_1_719' title='bbox 1762 4269 2019 4326; x_wconf 90' lang='lat' dir='ltr'><strong>omnibus</strong></span> <span class='ocrx_word' id='word_1_720' title='bbox 2046 4267 2259 4341; x_wconf 86' lang='lat' dir='ltr'><strong>equites</strong></span> <span class='ocrx_word' id='word_1_721' title='bbox 2287 4266 2573 4323; x_wconf 82' lang='lat' dir='ltr'><strong>faciemus.</strong></span> <span class='ocrx_word' id='word_1_722' title='bbox 2606 4265 2764 4335; x_wconf 90' lang='lat' dir='ltr'><strong>Quod</strong></span> <span class='ocrx_word' id='word_1_723' title='bbox 2811 4266 2859 4322; x_wconf 89' lang='lat' dir='ltr'><strong>si</strong></span> <span class='ocrx_word' id='word_1_724' title='bbox 2891 4265 3072 4322; x_wconf 79' lang='lat' dir='ltr'><strong>facere</strong></span> <span class='ocrx_word' id='word_1_725' title='bbox 3100 4267 3356 4338; x_wconf 83' lang='lat' dir='ltr'><strong>neglexe-</strong></span> 
     </span>
    </p>
   </div>
   <div class='ocr_carea' id='block_1_102' title="bbox 1761 4359 3350 4432">
    <p class='ocr_par' dir='ltr' id='par_1_102' title="bbox 1761 4359 3350 4432">
     <span class='ocr_line' id='line_1_102' title="bbox 1761 4359 3350 4432; baseline -0.002 -16"><span class='ocrx_word' id='word_1_726' title='bbox 1761 4361 1892 4429; x_wconf 90' lang='lat' dir='ltr'><strong>rint,</strong></span> <span class='ocrx_word' id='word_1_727' title='bbox 1919 4377 2112 4417; x_wconf 89' lang='lat' dir='ltr'><strong>omnes</strong></span> <span class='ocrx_word' id='word_1_728' title='bbox 2138 4360 2195 4416; x_wconf 91' lang='lat' dir='ltr'><strong>in</strong></span> <span class='ocrx_word' id='word_1_729' title='bbox 2219 4360 2471 4432; x_wconf 85' lang='lat' dir='ltr'><strong>proximo</strong></span> <span class='ocrx_word' id='word_1_730' title='bbox 2512 4360 2834 4426; x_wconf 90' lang='lat' dir='ltr'><strong>morientur,</strong></span> <span class='ocrx_word' id='word_1_731' title='bbox 2859 4368 2955 4414; x_wconf 89' lang='lat' dir='ltr'><strong>aut</strong></span> <span class='ocrx_word' id='word_1_732' title='bbox 2992 4359 3253 4415; x_wconf 90' lang='lat' dir='ltr'><strong>vinculati</strong></span> <span class='ocrx_word' id='word_1_733' title='bbox 3295 4359 3350 4413; x_wconf 92' lang='lat' dir='ltr'><strong>in</strong></span> 
     </span>
    </p>
   </div>
   <div class='ocr_carea' id='block_1_103' title="bbox 1762 4450 3349 4523">
    <p class='ocr_par' dir='ltr' id='par_1_103' title="bbox 1762 4450 3349 4523">
     <span class='ocr_line' id='line_1_103' title="bbox 1762 4450 3349 4523; baseline -0.003 -14"><span class='ocrx_word' id='word_1_734' title='bbox 1762 4463 1964 4509; x_wconf 88' lang='lat' dir='ltr'><strong>terram</strong></span> <span class='ocrx_word' id='word_1_735' title='bbox 1996 4462 2242 4510; x_wconf 88' lang='lat' dir='ltr'><strong>nostram</strong></span> <span class='ocrx_word' id='word_1_736' title='bbox 2271 4452 2714 4523; x_wconf 87' lang='lat' dir='ltr'><strong>captivabuntur.</strong></span> <span class='ocrx_word' id='word_1_737' title='bbox 2737 4471 2755 4504; x_wconf 77' lang='grc' dir='ltr'><strong><em>ι</em></strong></span> <span class='ocrx_word' id='word_1_738' title='bbox 2777 4450 2911 4506; x_wconf 86' lang='lat' dir='ltr'><strong>Post</strong></span> <span class='ocrx_word' id='word_1_739' title='bbox 2929 4451 3046 4507; x_wconf 71' lang='lat' dir='ltr'><strong>inec</strong></span> <span class='ocrx_word' id='word_1_740' title='bbox 3062 4450 3349 4515; x_wconf 84' lang='lat' dir='ltr'><strong>lleluinus,</strong></span> 
     </span>
    </p>
   </div>
   <div class='ocr_carea' id='block_1_104' title="bbox 1763 4541 3424 4617">
    <p class='ocr_par' dir='ltr' id='par_1_104' title="bbox 1763 4541 3424 4617">
     <span class='ocr_line' id='line_1_104' title="bbox 1763 4541 3424 4617; baseline -0.002 -16"><span class='ocrx_word' id='word_1_741' title='bbox 1763 4547 1856 4617; x_wconf 89' lang='lat' dir='ltr'><strong>qui</strong></span> <span class='ocrx_word' id='word_1_742' title='bbox 1882 4547 2099 4602; x_wconf 91' lang='lat' dir='ltr'><strong>illorum</strong></span> <span class='ocrx_word' id='word_1_743' title='bbox 2114 4553 2342 4602; x_wconf 89' lang='lat' dir='ltr'><strong>noverat</strong></span> <span class='ocrx_word' id='word_1_744' title='bbox 2370 4543 2884 4617; x_wconf 88' lang='lat' dir='ltr'><strong>linguam,subjccit</strong></span> <span class='ocrx_word' id='word_1_745' title='bbox 2905 4553 2962 4599; x_wconf 91' lang='lat' dir='ltr'><strong>et</strong></span> <span class='ocrx_word' id='word_1_746' title='bbox 2982 4544 3094 4598; x_wconf 86' lang='lat' dir='ltr'><strong>ait:</strong></span> <span class='ocrx_word' id='word_1_747' title='bbox 3121 4543 3234 4614; x_wconf 65' lang='lat' dir='ltr'><strong>(Si)</strong></span> <span class='ocrx_word' id='word_1_748' title='bbox 3259 4563 3276 4595; x_wconf 80' lang='grc' dir='ltr'>ι</span> <span class='ocrx_word' id='word_1_749' title='bbox 3307 4541 3350 4598; x_wconf 91' lang='grc' dir='ltr'><strong>Ο</strong></span> <span class='ocrx_word' id='word_1_750' title='bbox 3421 4576 3424 4578; x_wconf 79' lang='lat'><strong><em>~</em></strong></span> 
     </span>
    </p>
   </div>
   <div class='ocr_carea' id='block_1_105' title="bbox 1761 4635 3352 4710">
    <p class='ocr_par' dir='ltr' id='par_1_105' title="bbox 1761 4635 3352 4710">
     <span class='ocr_line' id='line_1_105' title="bbox 1761 4635 3352 4710; baseline 0 -18"><span class='ocrx_word' id='word_1_751' title='bbox 1761 4639 2014 4710; x_wconf 88' lang='lat' dir='ltr'><strong>princeps</strong></span> <span class='ocrx_word' id='word_1_752' title='bbox 2043 4638 2248 4693; x_wconf 88' lang='lat' dir='ltr'><strong>nullius</strong></span> <span class='ocrx_word' id='word_1_753' title='bbox 2271 4637 2498 4704; x_wconf 65' lang='lat' dir='ltr'><strong>militiae,</strong></span> <span class='ocrx_word' id='word_1_754' title='bbox 2528 4636 2622 4692; x_wconf 90' lang='lat' dir='ltr'><strong>sed</strong></span> <span class='ocrx_word' id='word_1_755' title='bbox 2646 4637 2812 4692; x_wconf 90' lang='lat' dir='ltr'><strong>totius</strong></span> <span class='ocrx_word' id='word_1_756' title='bbox 2836 4635 3076 4702; x_wconf 69' lang='lat' dir='ltr'><strong>malitiae,</strong></span> <span class='ocrx_word' id='word_1_757' title='bbox 3108 4635 3154 4690; x_wconf 92' lang='lat' dir='ltr'><strong>si</strong></span> <span class='ocrx_word' id='word_1_758' title='bbox 3181 4635 3352 4692; x_wconf 87' lang='lat' dir='ltr'><strong>scires</strong></span> 
     </span>
    </p>
   </div>
   <div class='ocr_carea' id='block_1_106' title="bbox 1760 4727 3348 4801">
    <p class='ocr_par' dir='ltr' id='par_1_106' title="bbox 1760 4727 3348 4801">
     <span class='ocr_line' id='line_1_106' title="bbox 1760 4727 3348 4801; baseline -0.001 -17"><span class='ocrx_word' id='word_1_759' title='bbox 1760 4745 1927 4801; x_wconf 91' lang='lat' dir='ltr'><strong>quam</strong></span> <span class='ocrx_word' id='word_1_760' title='bbox 1957 4729 2432 4787; x_wconf 68' lang='lat' dir='ltr'><strong>clementissimum</strong></span> <span class='ocrx_word' id='word_1_761' title='bbox 2459 4739 2544 4786; x_wconf 90' lang='lat' dir='ltr'><strong>est</strong></span> <span class='ocrx_word' id='word_1_762' title='bbox 2583 4729 2724 4800; x_wconf 91' lang='lat' dir='ltr'><strong>apud</strong></span> <span class='ocrx_word' id='word_1_763' title='bbox 2769 4727 3111 4784; x_wconf 83' lang='lat' dir='ltr'><strong>Christianos</strong></span> <span class='ocrx_word' id='word_1_764' title='bbox 3136 4727 3348 4783; x_wconf 88' lang='lat' dir='ltr'><strong>dicere:</strong></span> 
     </span>
    </p>
   </div>
   <div class='ocr_carea' id='block_1_107' title="bbox 1762 4819 3351 4894">
    <p class='ocr_par' dir='ltr' id='par_1_107' title="bbox 1762 4819 3351 4894">
     <span class='ocr_line' id='line_1_107' title="bbox 1762 4819 3351 4894; baseline 0 -19"><span class='ocrx_word' id='word_1_765' title='bbox 1762 4819 1908 4894; x_wconf 84' lang='lat' dir='ltr'><strong>Nega</strong></span> <span class='ocrx_word' id='word_1_766' title='bbox 1938 4820 2252 4890; x_wconf 90' lang='lat' dir='ltr'><strong>Dominum,</strong></span> <span class='ocrx_word' id='word_1_767' title='bbox 2282 4838 2563 4894; x_wconf 87' lang='lat' dir='ltr'><strong>nunquam</strong></span> <span class='ocrx_word' id='word_1_768' title='bbox 2596 4822 2662 4876; x_wconf 92' lang='lat' dir='ltr'><strong>de</strong></span> <span class='ocrx_word' id='word_1_769' title='bbox 2694 4829 2788 4875; x_wconf 90' lang='lat' dir='ltr'><strong>tuo</strong></span> <span class='ocrx_word' id='word_1_770' title='bbox 2819 4835 2914 4875; x_wconf 91' lang='lat' dir='ltr'><strong>ore</strong></span> <span class='ocrx_word' id='word_1_771' title='bbox 2948 4819 3156 4890; x_wconf 91' lang='lat' dir='ltr'><strong>polluto</strong></span> <span class='ocrx_word' id='word_1_772' title='bbox 3194 4835 3351 4893; x_wconf 90' lang='lat' dir='ltr'><strong>egre-</strong></span> 
     </span>
    </p>
   </div>
   <div class='ocr_carea' id='block_1_108' title="bbox 1762 4912 3350 4983">
    <p class='ocr_par' dir='ltr' id='par_1_108' title="bbox 1762 4912 3350 4983">
     <span class='ocr_line' id='line_1_108' title="bbox 1762 4912 3350 4983; baseline -0.001 -12"><span class='ocrx_word' id='word_1_773' title='bbox 1762 4914 1986 4972; x_wconf 87' lang='lat' dir='ltr'><strong>deretur</strong></span> <span class='ocrx_word' id='word_1_774' title='bbox 2027 4915 2138 4971; x_wconf 90' lang='lat' dir='ltr'><strong>tale</strong></span> <span class='ocrx_word' id='word_1_775' title='bbox 2177 4915 2428 4972; x_wconf 89' lang='lat' dir='ltr'><strong>verbum.</strong></span> <span class='ocrx_word' id='word_1_776' title='bbox 2467 4913 2687 4970; x_wconf 89' lang='lat' dir='ltr'><strong>Scimus</strong></span> <span class='ocrx_word' id='word_1_777' title='bbox 2737 4927 2837 4983; x_wconf 90' lang='lat' dir='ltr'><strong>pro</strong></span> <span class='ocrx_word' id='word_1_778' title='bbox 2871 4919 3021 4968; x_wconf 92' lang='lat' dir='ltr'><strong>certo</strong></span> <span class='ocrx_word' id='word_1_779' title='bbox 3068 4912 3190 4983; x_wconf 90' lang='lat' dir='ltr'><strong>ipso</strong></span> <span class='ocrx_word' id='word_1_780' title='bbox 3238 4913 3350 4970; x_wconf 87' lang='lat' dir='ltr'><strong>Deo</strong></span> 
     </span>
    </p>
   </div>
   <div class='ocr_carea' id='block_1_109' title="bbox 1761 5009 3351 5086">
    <p class='ocr_par' dir='ltr' id='par_1_109' title="bbox 1761 5009 3351 5086">
     <span class='ocr_line' id='line_1_109' title="bbox 1761 5009 3351 5086; baseline -0.003 -18"><span class='ocrx_word' id='word_1_781' title='bbox 1761 5029 1926 5086; x_wconf 88' lang='lat' dir='ltr'><strong>quem</strong></span> <span class='ocrx_word' id='word_1_782' title='bbox 1957 5028 2156 5085; x_wconf 88' lang='lat' dir='ltr'><strong>negare</strong></span> <span class='ocrx_word' id='word_1_783' title='bbox 2186 5013 2385 5070; x_wconf 85' lang='lat' dir='ltr'><strong>suades</strong></span> <span class='ocrx_word' id='word_1_784' title='bbox 2413 5013 2704 5079; x_wconf 86' lang='lat' dir='ltr'><strong>revelante,</strong></span> <span class='ocrx_word' id='word_1_785' title='bbox 2727 5011 2856 5082; x_wconf 84' lang='lat' dir='ltr'><strong>quia</strong></span> <span class='ocrx_word' id='word_1_786' title='bbox 2896 5010 2953 5066; x_wconf 90' lang='lat' dir='ltr'><strong>in</strong></span> <span class='ocrx_word' id='word_1_787' title='bbox 2985 5009 3237 5082; x_wconf 88' lang='lat' dir='ltr'><strong>proximo</strong></span> <span class='ocrx_word' id='word_1_788' title='bbox 3265 5020 3351 5065; x_wconf 89' lang='lat' dir='ltr'><strong>est</strong></span> 
     </span>
    </p>
   </div>
   <div class='ocr_carea' id='block_1_110' title="bbox 1763 5103 3349 5175">
    <p class='ocr_par' dir='ltr' id='par_1_110' title="bbox 1763 5103 3349 5175">
     <span class='ocr_line' id='line_1_110' title="bbox 1763 5103 3349 5175; baseline -0.003 -13"><span class='ocrx_word' id='word_1_789' title='bbox 1763 5115 1953 5165; x_wconf 87' lang='lat' dir='ltr'><strong>nostra</strong></span> <span class='ocrx_word' id='word_1_790' title='bbox 1981 5107 2153 5174; x_wconf 88' lang='lat' dir='ltr'><strong>salus,</strong></span> <span class='ocrx_word' id='word_1_791' title='bbox 2183 5116 2238 5162; x_wconf 91' lang='lat' dir='ltr'><strong>et</strong></span> <span class='ocrx_word' id='word_1_792' title='bbox 2283 5112 2464 5162; x_wconf 89' lang='lat' dir='ltr'><strong>vester</strong></span> <span class='ocrx_word' id='word_1_793' title='bbox 2494 5104 3056 5171; x_wconf 82' lang='lat' dir='ltr'><strong>interitus;_nostrum</strong></span> <span class='ocrx_word' id='word_1_794' title='bbox 3088 5103 3349 5175; x_wconf 78' lang='lat' dir='ltr'><strong>gaudium</strong></span> 
     </span>
    </p>
   </div>
   <div class='ocr_carea' id='block_1_111' title="bbox 1753 5196 3348 5264">
    <p class='ocr_par' dir='ltr' id='par_1_111' title="bbox 1753 5196 3348 5264">
     <span class='ocr_line' id='line_1_111' title="bbox 1753 5196 3348 5264; baseline -0.001 -11"><span class='ocrx_word' id='word_1_795' title='bbox 1753 5209 1809 5253; x_wconf 91' lang='lat' dir='ltr'><strong>et</strong></span> <span class='ocrx_word' id='word_1_796' title='bbox 1833 5209 2075 5255; x_wconf 86' lang='lat' dir='ltr'><strong>vestrum</strong></span> <span class='ocrx_word' id='word_1_797' title='bbox 2099 5198 2508 5256; x_wconf 90' lang='lat' dir='ltr'><strong>detrimentum.</strong></span> <span class='ocrx_word' id='word_1_798' title='bbox 2523 5196 2658 5264; x_wconf 91' lang='lat' dir='ltr'><strong>Quis</strong></span> <span class='ocrx_word' id='word_1_799' title='bbox 2685 5212 2812 5253; x_wconf 86' lang='lat' dir='ltr'><strong>vero</strong></span> <span class='ocrx_word' id='word_1_800' title='bbox 2835 5211 2959 5255; x_wconf 88' lang='lat' dir='ltr'><strong>sero</strong></span> <span class='ocrx_word' id='word_1_801' title='bbox 2980 5197 3137 5252; x_wconf 87' lang='lat' dir='ltr'><strong>vobis</strong></span> <span class='ocrx_word' id='word_1_802' title='bbox 3162 5203 3348 5252; x_wconf 57' lang='lat' dir='ltr'><strong>trans:</strong></span> 
     </span>
    </p>
   </div>
   <div class='ocr_carea' id='block_1_112' title="bbox 1759 5287 3347 5374">
    <p class='ocr_par' dir='ltr' id='par_1_112' title="bbox 1759 5287 3347 5374">
     <span class='ocr_line' id='line_1_112' title="bbox 1759 5287 3347 5374; baseline -0.001 -30"><span class='ocrx_word' id='word_1_803' title='bbox 1759 5289 1912 5346; x_wconf 88' lang='lat' dir='ltr'><strong>misit</strong></span> <span class='ocrx_word' id='word_1_804' title='bbox 1959 5289 2164 5362; x_wconf 91' lang='lat' dir='ltr'><strong>ignem,</strong></span> <span class='ocrx_word' id='word_1_805' title='bbox 2204 5289 2300 5360; x_wconf 92' lang='lat' dir='ltr'><strong>qui</strong></span> <span class='ocrx_word' id='word_1_806' title='bbox 2343 5305 2442 5346; x_wconf 88' lang='lat' dir='ltr'><strong>vos</strong></span> <span class='ocrx_word' id='word_1_807' title='bbox 2474 5289 2547 5343; x_wconf 88' lang='lat' dir='ltr'><strong>ita</strong></span> <span class='ocrx_word' id='word_1_808' title='bbox 2584 5288 2988 5374; x_wconf 55' lang='lat' dir='ltr'><strong>perterruit,.et</strong></span> <span class='ocrx_word' id='word_1_809' title='bbox 3013 5289 3082 5344; x_wconf 92' lang='lat' dir='ltr'><strong>de</strong></span> <span class='ocrx_word' id='word_1_810' title='bbox 3128 5289 3249 5344; x_wconf 88' lang='lat' dir='ltr'><strong>loco</strong></span> <span class='ocrx_word' id='word_1_811' title='bbox 3291 5287 3347 5343; x_wconf 92' lang='lat' dir='ltr'><strong>in</strong></span> 
     </span>
    </p>
   </div>
   <div class='ocr_carea' id='block_1_113' title="bbox 1758 5377 3364 5451">
    <p class='ocr_par' dir='ltr' id='par_1_113' title="bbox 1758 5377 3364 5451">
     <span class='ocr_line' id='line_1_113' title="bbox 1758 5377 3364 5451; baseline -0.001 -17"><span class='ocrx_word' id='word_1_812' title='bbox 1758 5397 1870 5451; x_wconf 91' lang='lat' dir='ltr'><strong>quo</strong></span> <span class='ocrx_word' id='word_1_813' title='bbox 1891 5380 2126 5437; x_wconf 88' lang='lat' dir='ltr'><strong>tentoria</strong></span> <span class='ocrx_word' id='word_1_814' title='bbox 2154 5379 2398 5437; x_wconf 85' lang='lat' dir='ltr'><strong>ﬁxeratis</strong></span> <span class='ocrx_word' id='word_1_815' title='bbox 2440 5379 2513 5434; x_wconf 88' lang='lat' dir='ltr'><strong>ita</strong></span> <span class='ocrx_word' id='word_1_816' title='bbox 2540 5378 2916 5450; x_wconf 82' lang='lat' dir='ltr'><strong>perturbavit?</strong></span> <span class='ocrx_word' id='word_1_817' title='bbox 2947 5378 3173 5451; x_wconf 90' lang='lat' dir='ltr'><strong>Signum</strong></span> <span class='ocrx_word' id='word_1_818' title='bbox 3217 5377 3364 5444; x_wconf 74' lang='lat' dir='ltr'><strong>hoc,’</strong></span> 
     </span>
    </p>
   </div>
   <div class='ocr_carea' id='block_1_114' title="bbox 1761 5469 3341 5544">
    <p class='ocr_par' dir='ltr' id='par_1_114' title="bbox 1761 5469 3341 5544">
     <span class='ocr_line' id='line_1_114' title="bbox 1761 5469 3341 5544; baseline -0.003 -16"><span class='ocrx_word' id='word_1_819' title='bbox 1761 5474 1814 5528; x_wconf 92' lang='lat' dir='ltr'><strong>in</strong></span> <span class='ocrx_word' id='word_1_820' title='bbox 1842 5482 2150 5544; x_wconf 89' lang='lat' dir='ltr'><strong>portentum</strong></span> <span class='ocrx_word' id='word_1_821' title='bbox 2175 5471 2350 5528; x_wconf 90' lang='lat' dir='ltr'><strong>veniet</strong></span> <span class='ocrx_word' id='word_1_822' title='bbox 2383 5471 2574 5538; x_wconf 86' lang='lat' dir='ltr'><strong>vobis;</strong></span> <span class='ocrx_word' id='word_1_823' title='bbox 2603 5469 2784 5538; x_wconf 90' lang='lat' dir='ltr'><strong>nobis,</strong></span> <span class='ocrx_word' id='word_1_824' title='bbox 2804 5469 2858 5525; x_wconf 92' lang='lat' dir='ltr'><strong>in</strong></span> <span class='ocrx_word' id='word_1_825' title='bbox 2889 5470 3122 5526; x_wconf 88' lang='lat' dir='ltr'><strong>salutem</strong></span> <span class='ocrx_word' id='word_1_826' title='bbox 3155 5487 3169 5525; x_wconf 90' lang='lat'><strong>:</strong></span> <span class='ocrx_word' id='word_1_827' title='bbox 3197 5473 3341 5540; x_wconf 54' lang='lat' dir='ltr'><strong>quo-&#39;1</strong></span> 
     </span>
    </p>
   </div>
   <div class='ocr_carea' id='block_1_115' title="bbox 1760 5560 3348 5636">
    <p class='ocr_par' dir='ltr' id='par_1_115' title="bbox 1760 5560 3348 5636">
     <span class='ocr_line' id='line_1_115' title="bbox 1760 5560 3348 5636; baseline -0.001 -18"><span class='ocrx_word' id='word_1_828' title='bbox 1760 5567 1908 5620; x_wconf 87' lang='lat' dir='ltr'><strong>niam</strong></span> <span class='ocrx_word' id='word_1_829' title='bbox 1953 5566 2128 5636; x_wconf 89' lang='lat' dir='ltr'><strong>ipsius</strong></span> <span class='ocrx_word' id='word_1_830' title='bbox 2173 5563 2267 5620; x_wconf 89' lang='lat' dir='ltr'><strong>Dei</strong></span> <span class='ocrx_word' id='word_1_831' title='bbox 2310 5563 2484 5620; x_wconf 91' lang='lat' dir='ltr'><strong>nostri</strong></span> <span class='ocrx_word' id='word_1_832' title='bbox 2519 5571 2725 5620; x_wconf 89' lang='lat' dir='ltr'><strong>certam</strong></span> <span class='ocrx_word' id='word_1_833' title='bbox 2753 5561 2877 5618; x_wconf 89' lang='lat' dir='ltr'><strong>inde</strong></span> <span class='ocrx_word' id='word_1_834' title='bbox 2905 5561 3171 5618; x_wconf 88' lang='lat' dir='ltr'><strong>habemus</strong></span> <span class='ocrx_word' id='word_1_835' title='bbox 3200 5560 3348 5630; x_wconf 84' lang='lat' dir='ltr'><strong>lega-</strong></span> 
     </span>
    </p>
   </div>
   <div class='ocr_carea' id='block_1_116' title="bbox 1134 5655 2270 5712">
    <p class='ocr_par' dir='ltr' id='par_1_116' title="bbox 1134 5655 2270 5712">
     <span class='ocr_line' id='line_1_116' title="bbox 1134 5655 2270 5712; baseline -0.002 -1"><span class='ocrx_word' id='word_1_836' title='bbox 1134 5655 1443 5712; x_wconf 61' lang='lat' dir='ltr'><strong>NOTULZE</strong></span> <span class='ocrx_word' id='word_1_837' title='bbox 1479 5655 1927 5712; x_wconf 73' lang='lat' dir='ltr'><strong>MARGINALES</strong></span> <span class='ocrx_word' id='word_1_838' title='bbox 1962 5657 2075 5712; x_wconf 84' lang='lat' dir='ltr'><strong>MS.</strong></span> <span class='ocrx_word' id='word_1_839' title='bbox 2114 5655 2270 5712; x_wconf 87' lang='lat' dir='ltr'><strong>COD.</strong></span> 
     </span>
    </p>
   </div>
   <div class='ocr_carea' id='block_1_117' title="bbox 109 5742 1490 5820">
    <p class='ocr_par' dir='ltr' id='par_1_117' title="bbox 109 5742 1490 5820">
     <span class='ocr_line' id='line_1_117' title="bbox 109 5742 1490 5820; baseline 0.005 -23"><span class='ocrx_word' id='word_1_840' title='bbox 109 5742 201 5814; x_wconf 68' lang='grc'><strong>(52)</strong></span> <span class='ocrx_word' id='word_1_841' title='bbox 233 5745 576 5820; x_wconf 65' lang='lat' dir='ltr'><strong>[rancigenae</strong></span> <span class='ocrx_word' id='word_1_842' title='bbox 605 5757 793 5819; x_wconf 83' lang='lat' dir='ltr'><strong>gentes</strong></span> <span class='ocrx_word' id='word_1_843' title='bbox 817 5759 1008 5805; x_wconf 89' lang='lat' dir='ltr'><strong>natura</strong></span> <span class='ocrx_word' id='word_1_844' title='bbox 1033 5749 1200 5804; x_wconf 81' lang='lat' dir='ltr'><strong>Marte</strong></span> <span class='ocrx_word' id='word_1_845' title='bbox 1224 5747 1490 5813; x_wconf 75' lang='lat' dir='ltr'><strong>furentes,</strong></span> 
     </span>
    </p>
   </div>
   <div class='ocr_carea' id='block_1_118' title="bbox 233 5815 1565 5892">
    <p class='ocr_par' dir='ltr' id='par_1_118' title="bbox 233 5815 1565 5892">
     <span class='ocr_line' id='line_1_118' title="bbox 233 5815 1565 5892; baseline -0.002 -16"><span class='ocrx_word' id='word_1_846' title='bbox 233 5815 337 5876; x_wconf 75' lang='lat' dir='ltr'><strong>Hoc</strong></span> <span class='ocrx_word' id='word_1_847' title='bbox 361 5815 630 5880; x_wconf 60' lang='lat' dir='ltr'><strong>mandant</strong></span> <span class='ocrx_word' id='word_1_848' title='bbox 652 5819 863 5880; x_wconf 80' lang='lat' dir='ltr'><strong>Parthis</strong></span> <span class='ocrx_word' id='word_1_849' title='bbox 889 5831 948 5879; x_wconf 88' lang='lat' dir='ltr'><strong>ut</strong></span> <span class='ocrx_word' id='word_1_850' title='bbox 973 5821 1081 5879; x_wconf 87' lang='lat' dir='ltr'><strong>sint</strong></span> <span class='ocrx_word' id='word_1_851' title='bbox 1109 5820 1174 5876; x_wconf 85' lang='lat' dir='ltr'><strong>ad</strong></span> <span class='ocrx_word' id='word_1_852' title='bbox 1208 5820 1346 5876; x_wconf 86' lang='lat' dir='ltr'><strong>bella</strong></span> <span class='ocrx_word' id='word_1_853' title='bbox 1371 5819 1565 5892; x_wconf 82' lang='lat' dir='ltr'><strong>parati.</strong></span> 
     </span>
    </p>
   </div>
   <div class='ocr_carea' id='block_1_119' title="bbox 1759 5741 3088 5814">
    <p class='ocr_par' dir='ltr' id='par_1_119' title="bbox 1759 5741 3088 5814">
     <span class='ocr_line' id='line_1_119' title="bbox 1759 5741 3088 5814; baseline -0.004 -13"><span class='ocrx_word' id='word_1_854' title='bbox 1759 5749 1874 5814; x_wconf 79' lang='grc'><strong>(55)</strong></span> <span class='ocrx_word' id='word_1_855' title='bbox 1911 5746 2200 5803; x_wconf 86' lang='lat' dir='ltr'><strong>Corbanan</strong></span> <span class='ocrx_word' id='word_1_856' title='bbox 2238 5745 2401 5810; x_wconf 86' lang='lat' dir='ltr'><strong>fatur,</strong></span> <span class='ocrx_word' id='word_1_857' title='bbox 2426 5754 2480 5802; x_wconf 89' lang='lat' dir='ltr'><strong>ct</strong></span> <span class='ocrx_word' id='word_1_858' title='bbox 2500 5744 2708 5800; x_wconf 87' lang='lat' dir='ltr'><strong>nostris</strong></span> <span class='ocrx_word' id='word_1_859' title='bbox 2734 5741 3088 5814; x_wconf 75' lang='lat' dir='ltr'><strong>conviciatur.</strong></span> 
     </span>
    </p>
   </div>
   <div class='ocr_carea' id='block_1_120' title="bbox 1763 5813 2925 5891">
    <p class='ocr_par' dir='ltr' id='par_1_120' title="bbox 1763 5813 2925 5891">
     <span class='ocr_line' id='line_1_120' title="bbox 1763 5813 2925 5891; baseline 0.002 -19"><span class='ocrx_word' id='word_1_860' title='bbox 1763 5819 1816 5890; x_wconf 70' lang='grc' dir='ltr'><strong>(Γί</strong></span> <span class='ocrx_word' id='word_1_861' title='bbox 1833 5819 1876 5891; x_wconf 77' lang='lat' dir='ltr'><strong>i)</strong></span> <span class='ocrx_word' id='word_1_862' title='bbox 1920 5818 2126 5878; x_wconf 72' lang='lat' dir='ltr'><strong>Servus</strong></span> <span class='ocrx_word' id='word_1_863' title='bbox 2153 5827 2202 5874; x_wconf 86' lang='lat' dir='ltr'><strong>ct</strong></span> <span class='ocrx_word' id='word_1_864' title='bbox 2228 5817 2328 5876; x_wconf 80' lang='lat' dir='ltr'><strong>iste</strong></span> <span class='ocrx_word' id='word_1_865' title='bbox 2361 5814 2457 5873; x_wconf 84' lang='lat' dir='ltr'><strong>Dei</strong></span> <span class='ocrx_word' id='word_1_866' title='bbox 2479 5815 2816 5875; x_wconf 66' lang='lat' dir='ltr'><strong>convicidtur</strong></span> <span class='ocrx_word' id='word_1_867' title='bbox 2845 5813 2925 5874; x_wconf 49' lang='lat' dir='ltr'><strong>cit</strong></span> 
     </span>
    </p>
   </div>
  </div>
