3846 6306
545 355 653 433 m

1149 352 1242 408 AD
1280 349 1731 421 GODEFRIDUM
1767 346 2061 409 APPEND.
2102 346 2166 404 ll.
2204 380 2274 389 —
2310 347 2578 407 MONUM.
2618 349 2708 405 DE
2745 348 2971 407 BELLO
3006 348 3251 425 SACBO.

3672 358 3749 419 728

543 469 768 525 tionem.
791 484 811 520 ι
848 464 1145 525 Corbanau
1176 464 1271 520 diu
1322 463 1469 522 ferre
1514 480 1625 521 non
1663 463 1842 535 potuit
1884 461 2123 521 convitia
2159 462 2197 519 Λ
2230 463 2532 519 monticulo
2552 473 2728 530 stans,
2755 471 3018 520 exeuntes
3040 463 3356 534 aspiciebat,
3373 470 3428 519 et
3447 461 3571 520 dum
3586 469 3753 529 exirent

539 555 779 626 Helvini,
798 567 854 613 et
889 554 1143 628 praecepit
1170 572 1203 611 a
1228 563 1525 626 conspectu
1555 554 1657 611 Suo
1684 555 1835 610 illum
1859 555 2151 629 amoveri,

540 640 919 719 Dixeruntque
939 648 988 705 ei
1017 648 1110 720 qui
1141 646 1253 703 illic
1274 646 1547 714 astabant,
1587 654 1647 701 ut
1671 647 1782 703 cito
1826 647 2123 717 recederet,

539 740 680 797 alias
708 755 989 812 nunquam
1018 739 1066 796 ei
1094 732 1294 809 iegatio
1319 734 1606 809 proliceret
1645 735 1779 809 quin
1814 737 2003 794 statim
2041 736 2126 793 in-

536 832 748 890 teriret.
786 832 881 891 ille
906 848 1033 907 cum
1059 830 1227 888 sociis
1248 829 1324 905 ita
1346 829 1622 898 discessit,
1645 838 1701 887 et
1724 830 1791 886 ad
1821 831 2011 899 urbem
2040 846 2126 886 re-

536 927 762 985 meavit.
800 925 912 984 Nec
952 918 1389 998 pmtemundum
1416 922 1547 995 quid
1569 923 1698 981 .istis
1720 924 2120 993 recedentibus,

535 1008 830 1072 Corbauan
867 1016 986 1072 suis
1025 1015 1267 1072 dixerit:
1298 1015 1585 1073 «Audistis
1635 1033 1783 1073 nunc
1812 1016 1945 1089 quid
1988 1032 2126 1089 pan-

534 1106 658 1165 tusi
683 1106 782 1175 illi,
818 1106 1081 1177 vultuque
1127 1106 1511 1178 despicabiles,
1545 1117 1602 1166 et
1640 1110 1844 1167 nullius
1875 1124 2125 1181 persona:

518 1186 873 1276 uomuncuii,
889 1204 942 1251 et
965 1211 1131 1267 quam
1158 1205 1473 1254 constanter
1499 1188 1670 1255 locuti
1697 1198 1834 1267 sint;
1862 1215 1964 1256 nec
1982 1198 2121 1255 iram

529 1295 778 1343 nostram
806 1295 861 1342 et
893 1287 997 1343 tela
1034 1286 1293 1346 micantia
1321 1299 1677 1362 expaverunt.
1704 1289 1891 1349 Unum
1920 1290 1989 1348 de
2014 1291 2122 1347 illis

525 1381 632 1444 est,
671 1375 801 1453 quia
830 1377 1103 1452 desperati
1133 1388 1285 1450 sunt,
1314 1389 1369 1437 et
1395 1381 1589 1437 volunt
1625 1382 1788 1450 mori,
1833 1390 1888 1439 et
1908 1382 2122 1438 malunt

524 1463 668 1518 mori
691 1480 859 1537 quam
893 1468 1179 1539 captivari.
1195 1468 1492 1542 Propterea
1521 1487 1555 1527 ο
1577 1470 1865 1528 fortissimi
1896 1473 2119 1540 milites,

524 1552 652 1611 cum
689 1556 757 1612 ad
793 1559 1042 1630 praelium
1080 1562 1353 1630 venerint,
1384 1562 1628 1635 undique
1662 1579 1761 1620 eos
1793 1564 2122 1621 circumval-

523 1645 653 1716 late,
678 1664 745 1705 ne
767 1650 933 1707 alicui
968 1652 1039 1709 sit
1076 1654 1235 1710 locus
1258 1654 1585 1725 divertendi,
1629 1671 1731 1713 nec
1758 1656 1996 1728 spatium
2023 1658 2120 1715 diu

523 1737 745 1793 vivendi
760 1741 1048 1813 :quoniam
1071 1742 1119 1799 si
1139 1743 1221 1800 eis
1242 1744 1559 1816 aliquandiu
1585 1744 1713 1800 licet
1736 1746 1937 1816 vivere,
1962 1756 2120 1804 ante-

525 1851 694 1906 quam
727 1849 921 1890 omnes
950 1833 1369 1903 interﬁciantur,
1408 1852 1636 1909 magnas
1665 1846 1877 1909 strages
1904 1839 1972 1895 de
2012 1855 2115 1895 no-
2151 1807 2194 1868 Β

527 1926 659 1983 stris
689 1925 911 1983 facient.
935 1947 952 1980 ι
983 1926 1042 1984 in
1074 1929 1182 1988 hoc
1215 1940 1439 2004 apparet
1464 1932 1612 2003 quod
1652 1932 1947 1990 Corbanan
1982 1936 2121 1991 stul-

521 2026 615 2087 tus
637 2027 775 2088 erat,
806 2021 935 2093 quia
963 2020 1044 2078 sic
1076 2021 1353 2096 loquendo
1384 2040 1612 2081 suorum
1636 2026 1912 2083 mentibus
1942 2037 2121 2085 terro-

522 2125 642 2166 rem
676 2110 997 2170 incutiebat.
1021 2112 1133 2171 Nec
1161 2115 1472 2173 mirandum
1496 2118 1542 2174 si
1574 2118 1842 2191 insipiens
1866 2120 2118 2193 loquitur

520 2204 843 2273 amentiam,
865 2207 992 2277 quia
1021 2208 1244 2277 spiritus
1268 2210 1546 2281 sapientia:
1571 2228 1673 2266 non
1702 2212 1872 2267 intrat
1900 2215 1955 2267 in
1999 2230 2116 2268 mea

519 2292 744 2379 [scolam
766 2298 1003 2352 animant
1039 2297 1193 2371 (Sap.
1228 2316 1267 2367 ι,
1291 2301 1372 2371 4).
1426 2366 1429 2367 ν

1124 2391 1357 2449 CAPUT
1404 2392 1492 2450 Ill.

587 2474 785 2537 Petrus
816 2479 1056 2538 Eremita
1078 2491 1133 2539 et
1146 2481 1411 2542 Helvinus
1444 2487 1512 2542 ad
1544 2487 1819 2559 principes
1839 2489 2114 2546 exercitus

516 2570 723 2626 reversi
748 2580 898 2641 sunt,
926 2582 980 2629 et
1002 2589 1132 2651 quae
1154 2574 1445 2632 Corbanan
1473 2579 1830 2650 responderat
1852 2596 2116 2637 narrave-

515 2671 666 2718 runt.
725 2660 882 2720 Tunc
932 2663 1220 2739 Podiensis
1271 2668 1566 2741 episcopus
1614 2680 1749 2726 nutu
1785 2680 1839 2727 et
1877 2687 2109 2730 assensu

510 2754 806 2835 omnium,
866 2758 1181 2816 triduanum
1237 2762 1496 2820 omnibus
1555 2763 1753 2820 indixit
1810 2765 2105 2837 jejunium.

516 2843 916 2927 Unusquisque
944 2865 1083 2921 puro
1104 2851 1265 2908 corde
1296 2852 1586 2911 confessus
1632 2853 1756 2922 fuit,
1782 2864 1837 2912 et
1882 2856 1975 2928 qui
2016 2857 2112 2914 ali-

513 2935 647 3007 quid
698 2936 766 2993 ad
800 2938 1071 2994 edendum
1117 2940 1328 3010 habuit,
1369 2958 1480 2998 non
1536 2943 1759 2999 habenti
1807 2944 2110 3002 distribuit.

513 3026 643 3086 Illos
668 3038 780 3086 tres
820 3030 941 3088 dies
979 3032 1329 3090 deduxerunt
1374 3051 1499 3091 cum
1536 3038 1687 3117 omni
1726 3039 2111 3097 humilitateet

2228 555 2444 611 dicebat
2471 576 2485 610 :
2520 575 2538 609 ί
2559 554 2710 611 State
2741 554 2934 627 quieti,
2965 555 3168 613 milites
3194 555 3323 624 mei,
3346 564 3402 611 et
3429 558 3666 617 omnibus
3685 578 3759 621 ex-

2228 647 2307 703 ire
2336 647 2656 719 permittite,
2689 656 2747 703 ut
2768 662 2865 704 eos
2905 648 3105 703 melius
3152 648 3432 704 valeamus
3462 652 3761 720 comprehen-

2227 737 2376 793 dere.
2407 758 2425 791 ›
2460 737 2705 794 Habebat
2752 745 2933 793 autem
2953 738 3110 809 juxta
3134 752 3194 794 se
3241 738 3480 809 positum
3522 738 3761 811 Aquitani-

2227 847 2352 889 cum
2413 830 2724 911 quemdam,
2765 844 2928 903 quem
2969 846 3073 888 nos
3118 831 3507 902 provincialem
3538 832 3759 903 dicimus,

2226 920 2322 996 qui
2352 924 2475 980 fidei
2498 932 2704 979 nostrae
2746 924 3249 991 abrenuntiaverat,
3294 931 3350 979 et
3374 923 3642 982 edacitatis
3664 930 3761 999 gula

2225 1026 2450 1074 coactus
2478 1014 2546 1074 de
2579 1017 2799 1074 civitate
2830 1016 3059 1085 exierat,
3087 1026 3144 1073 et
3176 1017 3234 1072 in
3276 1017 3683 1075 adversariorum
3713 1037 3763 1078 se

2225 1118 2404 1168 castra
2420 1110 2744 1166 contulerat.
2768 1108 2867 1165 ilic
2887 1109 2956 1164 de
2984 1108 3190 1169 nostris
3213 1108 3386 1164 multa
3406 1106 3627 1165 nefanda
3644 1110 3764 1168 dixe~
3799 1122 3819 1191 τ

2224 1212 2330 1271 rat,
2362 1200 2509 1275 quod
2533 1202 2678 1258 fame
2700 1201 3078 1258 moriebantur
3098 1210 3153 1257 et
3180 1215 3374 1257 omnes
3398 1192 3538 1273 fugae
3556 1203 3764 1272 praesidia

2223 1294 2612 1364 moliebantur,
2642 1295 2790 1368 quod
2818 1310 2991 1368 equos
3013 1308 3145 1353 suos
3167 1295 3535 1363 comederant,
3560 1305 3607 1351 et
3622 1296 3765 1352 victus

2224 1390 2412 1462 inopia
2451 1389 2828 1457 tabescebant,
2862 1389 3109 1460 nihilque
3135 1397 3369 1455 restare,
3397 1387 3505 1443 nisi
3530 1387 3657 1459 quod
3688 1398 3765 1444 aut

2223 1479 2495 1553 fugerent,
2528 1490 2624 1537 aut
2652 1480 2848 1537 ditioni
2874 1480 3166 1537 Corbanan
3191 1493 3255 1537 se
3295 1477 3599 1536 subderent.
3622 1470 3765 1535 Dum-

2222 1590 2330 1646 que
2357 1574 2550 1632 divisze
2581 1573 2729 1631 acies
2754 1574 2873 1631 suis
2916 1573 3205 1630 ordinibus
3237 1571 3306 1629 de
3336 1572 3549 1629 civitate
3571 1572 3767 1640 exirent,

2220 1668 2511 1725 Corbunan
2558 1668 2719 1740 cujus
2745 1679 2892 1725 esset
2936 1678 3283 1738 unaquzeque
3323 1664 3638 1736 requirebat,
3666 1682 3769 1737 qua

2222 1761 2588 1832 Aquitanicus
2620 1760 2671 1817 ei
2709 1759 2903 1816 ordine
2926 1757 3219 1815 referebat.
3250 1756 3346 1831 Sol
3372 1772 3502 1813 vero
3522 1772 3666 1828 super
3688 1774 3764 1813 au-

2222 1863 2372 1911 ratas
2414 1855 2616 1911 loricas
2662 1861 2718 1909 et
2740 1854 2961 1909 lanceas
2981 1851 3172 1907 radios
3205 1849 3471 1921 inferens,
3503 1850 3681 1906 oculos
3701 1850 3769 1904 in-

2216 1947 2486 2003 tuentium
2516 1944 2920 2012 reverberabat,
2949 1953 3006 2000 et
3027 1941 3362 2000 adversariis
3393 1950 3645 1998 terrorem
3680 1941 3766 1997 im-

2217 2041 2486 2105 mittebat,
2517 2046 2576 2094 ut
2599 2038 2785 2094 divina
2812 2035 3097 2108 Scriptura
3132 2043 3387 2102 testatur,
3408 2034 3532 2106 quia

2214 2142 2294 2187 est
2316 2131 2782 2187 castrorumracies
2812 2130 3063 2185 ordinata
3095 2125 3281 2199 (Cant.
3307 2143 3385 2195 vr,
3412 2127 3491 2200 3).
3528 2125 3594 2183 Ut
3617 2136 3770 2183 autem

2215 2225 2441 2282 insimul
2479 2238 2673 2280 omnes
2699 2221 3005 2293 conSpexit,
3061 2219 3207 2277 intra
3238 2220 3590 2291 semetipsum
3625 2216 3768 2273 infre-

2214 2317 2374 2387 muit,
2408 2314 2899 2373 circumstantibus
2918 2314 3110 2370 dicens
3136 2331 3150 2370 :
3183 2331 3203 2365 ι
3221 2309 3419 2384 Magna
3437 2319 3521 2367 est
3538 2326 3660 2382 gens
3674 2310 3768 2375 illa,

2214 2411 2558 2479 honesteque
2587 2415 2834 2474 armata;
2864 2420 2975 2462 non
3018 2402 3158 2480 mihi
3195 2401 3418 2460 videtur
3462 2401 3602 2473 quod
3629 2401 3770 2456 velint

2213 2500 2423 2575 fugere,
2447 2501 2541 2558 sed
2573 2500 2815 2567 instare‘;
2839 2498 3058 2571 quodve
3083 2494 3255 2553 velint
3274 2495 3527 2566 obsequi,
3665 2508 3769 2564 per-

2214 2573 2391 2665 sequi.
2426 2612 2444 2646 ι
2491 2592 2807 2649 Conversus
2834 2591 3021 2663 itaque
3058 2590 3127 2645 ad
3173 2596 3483 2660 apostatam
3506 2573 3677 2655 suum,
3702 2587 3769 2640 in»

2212 2687 2333 2759 quit
2361 2706 2373 2741 :
2412 2672 2697 2743 «FurCifer
2721 2682 3079 2754 omniumque
3110 2681 3519 2746 scelestissime,
3553 2695 3666 2750 qua:
3692 2678 3769 2733 fri-

2211 2779 2334 2835 vola
2355 2778 2544 2864 dixifti
2575 2777 2737 2835 nobis
2758 2792 2924 2848 super
2953 2774 3274 2851 hominibus
3295 2774 3439 2841 istis,
3466 2771 3607 2843 quod
3624 2786 3769 2843 equos

2214 2887 2349 2929 suos
2375 2871 2733 2938 comederint,
2770 2878 2825 2926 et
2865 2867 3011 2925 fame
3035 2866 3265 2925 cruciati
3310 2866 3497 2938 fugam
3524 2865 3770 2937 pararim?

2212 2964 2319 3022 Per
2362 2964 2708 3022 Machomum
2738 2964 2794 3019 in
2828 2971 2993 3034 caput
3023 2970 3180 3018 tuum
3214 2959 3616 3037 retorquebitur
3645 2956 3768 3013 istud

2214 3057 2583 3125 mendacium,
2615 3055 2919 3127 capitisque
2948 3054 3070 3110 lues
3095 3050 3451 3123 supplicium.
3480 3069 3499 3102 ι
3534 3048 3679 3104 Tunc
3695 3062 3768 3103 ae-

515 3121 1252 3229 puritatecordisxcclesias
1266 3128 1737 3199 processionando
1757 3131 2106 3201 circuientes,
2139 3169 2184 3229 ο
2202 3152 2449 3209 μοθτείιυε
2477 3121 2766 3223 summa“
2799 3121 3017 3221 [il-anni
3044 3121 3226 3218 ρεπιίῆ
3250 3143 3503 3216 imperio,
3531 3151 3584 3200 ει
3612 3143 3767 3213 angi-

513 3224 568 3270 et
611 3212 826 3271 Domini
884 3219 1316 3277 misericordiam
1360 3222 1734 3294 implorantes.
1792 3222 1976 3281 Tertia
2020 3226 2107 3283 die

516 3305 886 3378 illucescente,
952 3311 1131 3379 missae
1182 3329 1281 3383 per
1327 3314 1590 3371 ecclesias
1635 3316 1922 3374 celebrata:
1955 3327 2105 3387 sunt,

513 3415 817 3474 omnesque
877 3412 1066 3461 sancta
1104 3404 1375 3465 Dominici
1426 3409 1674 3481 corporis
1717 3413 2107 3469 communione

512 3494 900 3550 communicati
936 3504 1086 3552 sunt.
1126 3496 1421 3555 Communi
1444 3483 1641 3560 deinde
1678 3503 1913 3560 consilio
1964 3506 2106 3562 intra

511 3583 704 3639 urbem
760 3601 857 3642 sex
903 3588 1051 3645 acies
1092 3591 1527 3663 constituuntur,
1577 3602 1633 3649 et
1681 3609 1804 3666 quae
1844 3596 2018 3667 prius,
2054 3594 2124 3654 et

510 3689 635 3745 quae
667 3677 945 3748 posterius
988 3679 1133 3738 irent
1176 3683 1523 3741 ordinantur.
1575 3684 1760 3742 Prima
1811 3689 1958 3744 acies
2003 3686 2108 3745 fuit

509 3764 759 3839 Hugonis
804 3766 1009 3844 Magni,
1070 3781 1126 3829 et
1173 3772 1527 3834 Flandrensis
1573 3778 1826 3847 comitis;
1865 3780 2106 3837 secunda

510 3876 646 3918 vero
670 3859 828 3919 ducis
862 3862 1173 3934 Codefridi;
1215 3866 1271 3921 in
1306 3869 1462 3924 tertia
1489 3885 1620 3925 vero
1646 3871 1748 3925 iuit
1779 3886 1963 3929 comes
1992 3871 2104 3928 Ro-

508 3956 702 4011 hertus
721 3952 1137 4015 Northmannus
1168 3974 1293 4015 cum
1319 3960 1474 4029 suis;
1512 3970 1707 4033 quarta
1743 3962 1846 4021 fuit
1866 3962 2102 4020 Podien-

512 4045 592 4101 sis
632 4036 901 4117 episcopi,
953 4046 1048 4118 qui
1095 4063 1282 4105 secum
1335 4052 1574 4121 portavit
1626 4053 1872 4109 lanceam
1931 4055 2105 4110 nostri

514 4134 840 4205 Salvatoris,
876 4147 931 4194 et
954 4154 1081 4194 cum
1109 4134 1204 4197 illo
1228 4140 1332 4198 fuit
1352 4159 1549 4215 magna
1564 4160 1703 4225 pars
1722 4146 1995 4202 exercitus
2018 4162 2098 4201 co-

515 4228 666 4284 mitis
700 4227 884 4285 Sancti
913 4229 1140 4303 Egidii,
1169 4232 1262 4305 qui
1290 4234 1357 4290 ad
1399 4235 1706 4293 custodiam
1742 4235 1979 4315 civitatis
2019 4254 2105 4294 re-

512 4324 743 4392 mansit;
783 4320 973 4396 quirite
1009 4325 1277 4384 Tancredi
1323 4328 1455 4397 fuit;
1501 4339 1556 4386 et
1594 4330 2101 4399 Boamundisesta,

515 4432 641 4475 cum
673 4431 784 4488 quo
806 4414 1172 4500 expeditiores
1201 4420 1269 4475 ad
1298 4419 1502 4476 bellum
1536 4422 1744 4493 pedites
1770 4421 2013 4491 fuerunt,
2047 4433 2102 4480 et

2213 3253 2343 3301 nato
2391 3244 2571 3315 gladio
2622 3249 2789 3314 caput
2828 3241 2937 3297 illis
2976 3238 3260 3312 prmeidit;
3304 3237 3632 3310 dignamque
3676 3250 3770 3289 sua

2208 3335 2549 3408 garrulitatis
2571 3344 2621 3391 et
2643 3334 2935 3405 apostasia}
2952 3341 3185 3389 mortem
3206 3330 3398 3387 subiit.
3428 3328 3582 3386 Tunc
3599 3329 3768 3400 quippe

2204 3422 2494 3484 mandavit
2528 3427 2836 3483 admiraldo
2869 3441 2971 3482 suo
2995 3424 3090 3497 qui
3120 3424 3472 3482 custodiebat
3498 3436 3653 3480 suum
3678 3422 3770 3477 the-

2198 3502 2463 3585 saurum,
2488 3526 2548 3572 ut
2570 3516 2616 3573 si
2645 3516 2825 3589 ignem
2850 3528 3145 3571 accensum
3178 3514 3233 3569 in
3263 3514 3442 3585 capite
3469 3513 3557 3569 sui
3591 3512 3769 3567 exerci-

2211 3618 2300 3665 tus
2328 3610 2557 3677 videret,
2584 3608 2769 3682 fugam
2790 3607 3045 3679 protinus
3076 3607 3364 3677 arriperet,
3396 3614 3452 3662 et
3472 3604 3650 3661 omnia
3670 3619 3771 3675 qua

2199 3698 2313 3757 'sua
2344 3709 2520 3768 erant,
2561 3716 2748 3757 secum
2772 3706 3035 3769 portaret,
3063 3697 3312 3768 aliosque
3339 3695 3532 3768 fugere
3556 3695 3767 3766 compel-

2198 3784 2381 3863 fleret;
2412 3793 2578 3851 sciret
2618 3794 2766 3849 enim
2788 3793 2929 3863 quia
2956 3789 3297 3848 Francorum
3338 3790 3517 3862 gentis
3540 3796 3655 3846 erat
3678 3788 3769 3843 bel-

2209 3887 2353 3953 lum;
2385 3885 2489 3941 sibi
2515 3900 2646 3940 vero
2674 3884 2903 3940 victoria
2929 3893 3171 3939 cesserat
3202 3883 3256 3937 in
3281 3882 3637 3938 contrarium.
3659 3879 3769 3935 Nos

2198 3976 2275 4032 'tri
2303 3992 2434 4032 vero
2470 3976 2670 4032 milites
2713 3984 2773 4030 ut
2801 3974 3037 4046 primum
3090 3974 3145 4029 in
3186 3974 3485 4046 quamdam
3521 3972 3768 4046 planitiem

2206 4078 2495 4135 venerunt,
2522 4068 2792 4124 Podiense
2821 4067 3080 4138 episcopo
3125 4066 3391 4122 innuente
3424 4074 3699 4130 steterunt,
3728 4072 3769 4118 et

2207 4178 2334 4218 cum
2379 4175 2598 4217 summo
2650 4158 2868 4215 silentio
2916 4172 3228 4213 sermonem
3280 4157 3432 4213 illius
3487 4156 3768 4212 audierunt.

2204 4251 2337 4308 Erat
2357 4261 2539 4309 autem
2569 4250 2799 4306 vestitus
2828 4250 3018 4317 lorica,
3046 4257 3100 4304 et
3124 4248 3178 4303 in
3208 4247 3438 4303 dextera
3464 4264 3626 4303 manu
3651 4246 3770 4300 illius

2205 4345 2260 4400 in
2288 4345 2457 4400 altum
2487 4352 2664 4400 erecta
2690 4342 2992 4398 Salvatoris
3008 4342 3195 4397 lancea
3218 4340 3313 4411 qui
3336 4354 3401 4396 os
3423 4356 3585 4396 suum
3607 4339 3658 4394 in
3680 4339 3773 4392 lucc

2206 4438 2368 4493 verba
2398 4436 2669 4509 aperiens,
2700 4435 2838 4492 dixit
2881 4453 2894 4489 :
2944 4454 2962 4486 ι
2984 4432 3190 4489 Omnes
3232 4432 3329 4504 qui
3360 4431 3416 4486 in
3451 4431 3667 4488 Christo
3689 4429 3769 4484 ιλιι

511 4509 714 4603 milites
744 4509 836 4603 qui
867 4526 1040 4581 equos
1064 4527 1196 4568 suos
1224 4513 1551 4568 necessitate
1578 4512 1705 4568 victi
1726 4514 2097 4571 vendiderant.
2124 4545 2181 4600 AD
2206 4531 2393 4603 ριξχεηί
2446 4546 2661 4596 sumus,
2704 4528 2800 4584 nm
2836 4526 2934 4586 Dei
2975 4534 3029 4583 ει
3056 4524 3260 4581 fragres
3291 4525 3531 4581 invicem
3567 4538 3769 4585 sumus;

509 4594 791 4672 Episcopi,
816 4601 1138 4674 presbyteri,
1174 4603 1381 4670 clerici,
1418 4612 1474 4659 et
1504 4604 1781 4673 monachi,
1810 4606 1982 4662 sacris
2006 4623 2102 4663 ve-

509 4693 691 4752 stibus
726 4694 901 4751 induti
941 4712 1065 4752 cum
1112 4697 1381 4752 militibus
1425 4707 1579 4753 extra
1603 4706 1818 4768 portam
1863 4699 2100 4756 civitatis

507 4787 782 4854 exierunt,
809 4795 1096 4858 portantes
1125 4787 1181 4857 in
1223 4788 1481 4844 manibus
1514 4788 1629 4844 suis
1655 4804 1869 4856 cruces,
1898 4790 2101 4862 quibus

506 4876 605 4934 Dei
634 4876 896 4948 populum
925 4876 1236 4948 signabant,
1267 4886 1321 4933 et
1367 4878 1582 4950 magnis
1612 4879 1839 4936 vocibus
1884 4880 1952 4935 ad
1988 4897 2100 4938 cm-

492 4956 620 5023 ‘lum
655 4969 910 5024 manibus
941 4968 1185 5025 extensis
1223 4968 1536 5025 clamabant
1582 4990 1595 5025 :
1644 4968 1864 5026 Salvum
1894 4972 1983 5042 fac
2005 4989 2099 5043 po-

503 5060 689 5132 pulum
725 5069 896 5129 tuum,
922 5061 1168 5128 Domine,
1190 5070 1241 5116 et
1284 5063 1500 5118 benedic
1536 5064 1839 5120 Itwreditati
1875 5075 2002 5133 tum,
2047 5078 2098 5123 et

505 5170 622 5224 rege
652 5168 760 5219 cos,
793 5162 843 5208 et
876 5148 1071 5207 ea‘tolle
1116 5169 1202 5208 eos
1253 5170 1390 5208 nunc
1432 5164 1483 5210 et
1513 5173 1674 5227 usque
1719 5159 1774 5213 in
1819 5169 2094 5215 (sternam.

507 5238 638 5298 Esto
669 5244 768 5312 eis,
809 5242 1055 5311 Domine,
1089 5248 1251 5300 turris
1290 5247 1624 5319 fortitudinis
1666 5267 1699 5305 a
1736 5252 1874 5322 facie
1916 5253 2100 5307 inimi-

503 5351 688 5390 corum
716 5352 955 5391 suorum.
1008 5336 1118 5393 llos
1162 5349 1215 5395 et
1265 5341 1404 5399 alios
1431 5343 1675 5414 psalmos
1719 5344 2099 5415 concinebant,

498 5425 632 5511 illos
661 5429 934 5499 prmeipuc
960 5431 1053 5501 qui
1091 5424 1429 5490 tribu'ationi
1474 5437 1891 5493 conveniebant.
1929 5436 2096 5493 Simi-

509 5521 634 5577 liter
657 5520 736 5576 illi
765 5522 860 5592 qui
887 5521 939 5577 in
980 5523 1224 5582 turribus
1246 5537 1401 5584 erant
1433 5540 1487 5586 et
1514 5545 1680 5600 super
1703 5546 1924 5586 murum
1953 5530 2096 5586 idem

507 5606 783 5668 faciebant
814 5621 869 5670 et
902 5616 1217 5674 cantabant.
1269 5619 1488 5693 Egressi
1518 5632 1646 5679 sunt
1679 5624 1862 5695 itaque
1898 5624 2098 5680 milites

507 5703 716 5760 Christi
740 5716 932 5796 contra
957 5710 1215 5770 satellites
1245 5715 1587 5787 Antichristi,
1613 5733 1709 5787 per
1740 5726 1953 5789 portam
1977 5736 2098 5790 qua:

508 5801 592 5852 est
623 5792 753 5854 ante
776 5792 1229 5869 Macbumarlam.
1263 5806 1550 5866 Corbanau
1589 5825 1718 5865 vero
1763 5809 1820 5866 in
1858 5810 2095 5883 quodam

2205 4639 2346 4693 quos
2376 4637 2508 4694 ergo
2543 4620 2829 4691 conjunxit
2857 4635 2966 4699 una
2996 4618 3257 4689 spiritalis
3286 4618 3511 4689 copula,
3537 4618 3714 4689 jungat
3730 4622 3772 4668 et

2203 4714 2422 4770 dilectio
2455 4730 2582 4768 una.
2618 4712 2932 4784 Pugncmus
2963 4712 3130 4784 igitur
3154 4711 3471 4777 unanimes,
3500 4720 3559 4766 ut
3584 4709 3770 4771 fratres,

2204 4821 2304 4879 pro
2335 4805 2627 4861 animabus
2657 4814 2712 4861 et
2740 4805 3064 4876 corporibus
3094 4801 3323 4868 nostris,
3366 4802 3514 4858 sicut
3556 4801 3703 4872 positi
3727 4799 3769 4852 iu

2205 4898 2369 4954 rebus
2407 4896 2687 4952 extremis.
2712 4896 2719 4901 “
2749 4894 3078 4951 Mementote
3121 4902 3359 4966 quantas
3422 4894 3773 4949 tribulationes

2202 4990 2349 5062 passi
2381 4989 2514 5045 estis
2536 5004 2636 5062 pro
2661 4987 2902 5059 peccatis
2930 4986 3146 5052 vestris,
3172 4985 3317 5041 sicut
3344 5001 3498 5040 nunc
3526 4985 3677 5040 vobis
3706 4983 3773 5037 in-

2203 5091 2487 5137 notescere
2528 5081 2784 5153 dignatus
2818 5088 2903 5135 est
2936 5078 2991 5133 in
3022 5077 3331 5134 visionibus
3361 5076 3631 5132 Dominus
3657 5074 3774 5130 Deus

2204 5180 2407 5226 noster.
2438 5167 2595 5225 Nunc
2627 5183 2759 5224 vero
2789 5168 3004 5241 purgati
3038 5166 3190 5234 estis,
3222 5164 3452 5238 Deoque
3490 5184 3589 5239 per
3617 5165 3771 5223 omnia

2203 5260 2563 5316 reconciliati.
2610 5258 2677 5314 Et
2717 5259 2849 5331 quid
2896 5258 3202 5315 timeretis?
3235 5258 3452 5313 nullum
3484 5258 3640 5314 vobis
3665 5271 3771 5312 con—

2182 5352 2410 5424 tingere
2439 5359 2618 5422 potest
2660 5349 2888 5406 omnino
2918 5348 3301 5406 infortunium.
3345 5347 3456 5416 Qui
3479 5350 3569 5405 hic
3598 5347 3769 5403 morie-

2206 5452 2315 5509 tur,
2358 5444 2572 5499 vivente
2602 5442 2812 5499 felicior
2856 5441 2981 5510 erit,
3011 5441 3141 5512 quia
3174 5455 3276 5511 pro
3322 5441 3617 5512 temporali
3662 5440 3767 5499 vita,

2200 5534 2399 5606 gaudia
2451 5533 2782 5605 adipiscetur
2835 5541 3078 5588 aeterna:
3115 5530 3222 5599 Qui
3287 5547 3423 5588 vero
3476 5528 3771 5587 remanserit

2203 5633 2502 5696 superstes,
2535 5640 2701 5696 super
2756 5624 3106 5680 inimicorum
3152 5639 3388 5680 suorum
3443 5620 3771 5695 triumphabit

2201 5718 2451 5784 victoria,
2489 5718 3056 5794 divitiisquevillorum
3100 5716 3390 5785 ditabitur,
3427 5728 3485 5775 ct
3519 5718 3659 5772 nulla
3685 5730 3766 5767 au-

2202 5810 2507 5882 gustabitur
2550 5810 2751 5884 inopia.
2794 5797 2904 5868 Vos
2930 5810 3082 5869 scitis
3118 5809 3249 5885 quid
3284 5811 3535 5885 perpessi
3558 5810 3695 5874 sitis,
3725 5816 3766 5860 cl
