3846 6306
147 331 234 389 729
752 386 774 408 .
920 323 1215 383 ROBERTI
1251 320 1562 381 MONACHI
1602 320 1784 377 IilST.
1831 320 2196 381 lliEROSOL.
2236 357 2305 367 —-
2340 326 2468 384 LIB.
2509 324 2618 382 VII.

3261 324 3368 379 750

141 446 255 519 qull
279 445 329 499 in
354 445 768 521 praesentiarum
809 452 930 500 ante
954 457 1052 501 vos
1091 440 1338 498 videatis.
1377 438 1681 497 Orientales
1711 443 1752 500 Α
1784 439 1928 510 quod
1979 456 2208 511 magnus
2264 443 2474 499 amicus
2517 457 2652 497 suus
2696 439 2767 495 ita
2813 440 2977 496 celeri
3024 456 3187 496 cursu
3235 456 3361 497 cum

138 536 329 595 divitias
354 534 580 590 adduxit
614 535 768 591 vobis
785 532 1042 589 Dominus
1074 543 1253 588 vester
1280 531 1336 586 in
1369 528 1561 586 faciem
1591 543 1682 584 ve-

139 638 303 696 stram,
351 627 458 683 imo
502 627 561 682 in
618 627 865 685 manibus
910 626 1122 684 vestris.
1182 622 1598 691 Confortamini,
1627 631 1682 679 et

136 731 283 779 estate
313 719 406 774 viri
434 719 666 786 cordati,
695 719 946 791 quoniam
967 718 1081 790 jam
1107 717 1283 775 mittet
1315 716 1578 773 Dominus
1597 714 1675 771 le-

135 812 299 883 giones
338 803 673 866 sanctorum“
693 823 937 879 sucrum,
969 810 1063 882 qui
1098 810 1431 866 ulciscentur
1475 824 1578 865 vos
1611 808 1679 864 de

133 902 342 960 inimicis
365 903 585 959 vestris.
621 902 793 960 Hodie
818 903 1071 961 videbitis
1098 903 1221 960 illos
1246 902 1421 959 oculis
1449 901 1673 969 vestris;

129 1005 305 1054 etcum
332 996 602 1065 venerint,
632 996 701 1053 de
739 1012 931 1053 eorum
978 995 1206 1053 terribili
1252 994 1467 1069 fragore
1491 1011 1560 1052 ne
1604 995 1675 1051 ti-

128 1085 313 1141 mentis.
342 1083 459 1140 Non
489 1087 636 1143 enim
663 1086 820 1144 debet
856 1087 1132 1144 inassueta
1165 1085 1324 1143 vobis
1369 1102 1501 1151 esse
1537 1086 1675 1142 visio

126 1194 311 1245 eorum,
334 1178 590 1248 quoniam
617 1179 733 1236 vice
761 1179 932 1237 altera
960 1189 1227 1237 venerunt
1247 1179 1402 1239 vobis
1433 1178 1487 1234 in
1519 1178 1677 1234 auxi—

127 1271 256 1325 lium.
311 1268 413 1327 Sed
463 1271 739 1328 humanus
786 1280 1042 1343 aspectus
1085 1272 1329 1344 pavescit
1352 1271 1405 1326 in
1438 1270 1671 1326 adventu

124 1377 451 1433 supernorum
478 1364 701 1419 civium.
735 1363 1091 1421 Considerate
1108 1356 1386 1437 quomodo
1414 1363 1673 1420 adversa—

122 1455 177 1508 rii
197 1453 348 1509 vestri
375 1463 599 1511 extento
630 1457 793 1525 collo,
827 1455 970 1514 sicut
1001 1457 1145 1514 cervi
1174 1467 1228 1514 et
1250 1456 1482 1514 damulce
1510 1473 1671 1529 pave-

119 1556 320 1613 scentes,
343 1547 636 1603 adventum
654 1548 910 1605 vestrum
936 1551 1232 1623 aspiciunt,
1270 1550 1575 1623 paratiores
1600 1550 1669 1607 ad

119 1638 270 1710 fugam
293 1655 452 1715 quam
486 1639 555 1695 ad
589 1641 855 1712 praelium.
888 1641 957 1699 Et
975 1658 1073 1700 vos
1100 1643 1237 1699 bene
1277 1643 1453 1705 nostis
1476 1658 1665 1699 eorum

115 1732 288 1804 praalia,
316 1733 581 1804 quoniam
603 1742 777 1792 tracta
799 1736 1017 1809 sagitta,
1042 1737 1165 1807 plus
1187 1736 1240 1793 in
1267 1736 1395 1811 fuga
1416 1753 1581 1809 quam
1608 1737 1662 1792 in

113 1840 264 1896 pugna
301 1825 605 1883 confidunt.
658 1827 736 1883 Ite
765 1829 933 1900 igitur
975 1838 1167 1887 contra
1204 1845 1300 1887 eos
1346 1830 1402 1885 in
1444 1832 1665 1888 nomine

113 1915 291 1972 Domini
314 1918 493 1974 nostri
534 1917 666 1975 Iesu
715 1921 925 1979 Christi
949 1921 1019 1978 ad
1051 1921 1275 1989 bellum,
1316 1931 1371 1980 et
1400 1922 1667 1980 Dominus

110 2006 228 2064 Deus
251 2019 429 2064 noster
458 2011 809 2082 omnipotens
844 2013 916 2069 sit
945 2013 1228 2071 vobiscum
1260 2014 1396 2086 (55).
1429 2034 1450 2068 ι
1493 2013 1655 2070 Cum-

109 2118 193 2172 quc
231 2117 417 2158 omnes
444 2104 861 2174 respondissent
878 2105 1067 2174 Amen,
1090 2106 1329 2163 extensis
1355 2107 1411 2162 in
1441 2108 1664 2179 longum

110 2192 404 2263 legionibus,
433 2192 590 2264 prior
612 2203 795 2253 erecto
829 2196 1028 2252 vexillo
1052 2198 1325 2256 antecedit
1358 2196 1513 2271 Hugo
1551 2196 1665 2253 Ma-

107 2299 238 2355 gnus,
260 2285 352 2355 qui
390 2283 521 2355 jure
559 2276 789 2346 vocatus
834 2299 920 2345 est
961 2289 1212 2364 Magnus,
1252 2293 1510 2365 quoniam
1558 2293 1663 2351 hoc

104 2378 407 2451 privilegium
463 2382 872 2441 commendavit
914 2394 1039 2442 actu
1076 2395 1132 2443 et
1182 2389 1448 2449 moribus.
1505 2387 1663 2448 Hunc

105 2470 344 2527 subsecuti
392 2483 531 2529 sunt
563 2475 681 2544 alii,
710 2477 854 2533 sicut
883 2480 1138 2550 superius
1190 2490 1320 2537 sunt
1361 2484 1658 2552 nominati;

104 2561 278 2632 fuitque
296 2580 495 2620 eorum
516 2568 733 2637 prolixa
748 2573 1022 2641 extensio,
1058 2589 1090 2630 a
1121 2574 1347 2632 ﬂumine
1376 2592 1552 2648 usque
1590 2575 1659 2634 ad

101 2660 322 2709 motttana
342 2655 582 2724 scilicet,
613 2658 704 2714 cui
732 2661 910 2738 spatio
939 2661 1215 2720 intersunt
1244 2665 1357 2721 duo
1378 2667 1656 2726 milliaria.

100 2740 225 2799 Tunc
246 2760 369 2800 vero
393 2744 718 2805 Corbauum
747 2752 911 2823 carpit
938 2754 1165 2810 retroire
1191 2763 1248 2810 et
1264 2757 1540 2815 montanis
1563 2774 1661 2829 ap-

100 2834 446 2906 propinquare.
482 2837 670 2896 Nostri
698 2850 880 2898 autem
922 2845 1185 2914 paulatim
1213 2847 1368 2903 illum
1399 2849 1657 2921 inseque-

100 2928 281 2993 bantur,
305 2930 578 2999 quoniam
604 2931 885 2990 moderato
905 2951 1098 3007 gressu
1119 2951 1312 2995 omnes
1334 2940 1659 3011 gradieban-

102 3026 186 3071 tur.
211 3016 353 3075 Tunc
381 3019 557 3076 Turci
600 3022 658 3077 in
697 3023 808 3078 duo
842 3035 968 3081 sunt
999 3026 1181 3094 divisi,
1213 3027 1344 3098 quia
1380 3044 1510 3099 pars
1546 3045 1656 3086 una

1784 528 2041 585 omnibus
2067 530 2183 586 suis
2211 531 2574 599 discurrebat,
2605 533 2885 588 insecutus
2905 542 2989 589 est
3030 549 3177 601 eum,
3220 549 3366 606 quo-3

1780 622 1928 676 niam
1958 631 2011 677 et
2040 622 2156 693 ipse
2183 638 2213 678 a
2236 617 2380 679 bello
2419 624 2667 680 vacabat.
2714 621 2828 679 Illic
2854 623 3056 694 quippe
3082 625 3365 682 incumbe-

1780 716 1873 773 bat
1900 716 2067 773 robur
2095 717 2300 773 militire
2327 715 2644 784 Persarum,
2690 728 2743 774 et
2781 718 2957 789 major
2986 718 3274 787 fortitudo;
3308 730 3364 777 et

1779 809 1916 865 bene
1942 810 2183 877 decebat,
2215 819 2275 866 ut
2302 811 2412 868 illic
2434 819 2720 867 currerent
2742 810 3072 868 Godefridus
3096 819 3151 867 et
3180 810 3358 883 Hugo.

1778 894 1911 957 Erat
1947 902 2092 958 enim
2134 918 2279 959 unus
2319 904 2388 958 ab
2416 904 2608 969 altero,
2640 903 2797 975 quasi
2826 904 2962 960 alter
2993 905 3156 971 idem,
3194 919 3360 960 unam

1778 995 2040 1050 habentes
2062 995 2116 1049 in
2140 1010 2198 1051 se
2219 996 2537 1052 amicitiam.
2569 992 2725 1069 llugo
2742 996 2977 1069 Magnus
3007 1013 3133 1053 eum
3166 997 3233 1053 ad
3260 1013 3357 1068 puv

1777 1100 1896 1160 gnte
1942 1085 2254 1143 conﬂictum
2287 1088 2437 1159 prior
2478 1089 2739 1157 venisset,
2778 1090 3010 1145 intuitus
3060 1098 3143 1145 est
3187 1104 3377 1144 unum

1775 1177 1843 1233 de
1878 1177 2226 1246 adversariis,
2261 1179 2355 1249 qui
2398 1187 2515 1236 erat
2552 1180 2815 1236 audacior
2840 1181 3074 1248 caeteris,
3114 1182 3363 1253 aliosque

1773 1270 1840 1326 ad
1890 1286 2128 1343 pugnam
2171 1272 2459 1327 clamando
2499 1272 2849 1343 hortabatur;
2891 1274 2983 1345 qui
3011 1283 3357 1349 spumantem

1772 1380 1973 1436 equum
2000 1365 2189 1436 dirigit
2223 1373 2412 1421 contra
2437 1381 2587 1433 eum,
2613 1374 2671 1421 et
2706 1365 2891 1422 lancea
2921 1367 2973 1422 ei
3014 1376 3204 1438 guttur
3234 1381 3360 1437 pcr-

1771 1454 1990 1522 fnavit,
2015 1464 2071 1511 ct
2099 1456 2181 1513 sic
2216 1471 2280 1511 os
2307 1456 2455 1512 illius
2493 1456 2775 1528 cppilavit.
2824 1456 2965 1525 Quid
3009 1458 3177 1513 miser
3214 1456 3362 1512 face-

1770 1549 1885 1604 ret?
1911 1548 2029 1604 solo
2060 1536 2242 1605 statim
2266 1549 2494 1617 corruit,
2523 1557 2578 1604 et
2601 1548 2708 1606 diis
2730 1548 3089 1604 infernalibus
3114 1549 3355 1604 animam

1768 1642 2189 1697 commendavit.
2228 1640 2358 1697 Post
2382 1642 2498 1697 haec
2526 1640 2755 1714 contigit
2790 1642 2995 1698 nostris
3031 1640 3235 1713 grande
3260 1640 3349 1694 in-

1768 1736 2157 1791 commodum:
2193 1736 2321 1807 quia
2361 1734 2477 1791 Odo
2529 1734 2924 1807 Belgentiacus‘,
2953 1735 3049 1806 qui
3096 1735 3356 1803 vexillum

1698 1810 1739 1871 Β
1769 1825 1995 1894 ferebat,
2025 1827 2221 1899 sagitta
2257 1827 2495 1883 loricata
2530 1826 2849 1882 vulneratus
2892 1825 3026 1894 fuit;
3069 1836 3124 1881 et
3168 1825 3359 1881 dolore

1766 1919 2012 1981 vulneris
2046 1920 2475 1992 ingravescente,
2504 1934 2629 1974 cum
2681 1918 2883 1975 vexillo
2911 1927 3072 1973 terra:
3099 1917 3307 1973 corruit
3340 1934 3355 1971 :

1766 2011 1862 2067 sed
1888 2011 2180 2067 Blemenst's
2211 2011 2507 2068 Guilelmus
2530 2026 2663 2068 ense
2690 2012 2919 2078 nudato,
2944 2012 3089 2066 viam
3120 2026 3215 2081 per
3240 2025 3359 2065 me-

1764 2099 1886 2160 dios
1917 2103 2102 2159 hostes
2137 2104 2369 2175 aperuit,
2395 2112 2449 2159 et
2477 2101 2695 2175 signum
2721 2103 2917 2158 tellure
2946 2101 3164 2158 levavit.
3212 2099 3358 2168 Quid

1764 2192 1872 2249 dus
1905 2195 2105 2251 ducum
2126 2194 2317 2251 Godefn
2334 2195 2477 2262 idus,
2502 2194 2635 2266 quid
2656 2194 3030 2263 Boamundus,
3056 2194 3184 2265 quid
3208 2194 3355 2249 clara

1758 2285 2021 2358 juventus
2053 2286 2126 2343 ibi
2158 2287 2386 2359 egerint,
2420 2301 2521 2343 nec
2553 2286 2740 2359 lingua
2771 2287 2975 2354 dicere,
3013 2301 3117 2342 nec
3158 2302 3357 2342 manus

1763 2378 2022 2445 scribere,
2057 2394 2157 2434 nec
2182 2379 2379 2450 pagina
2406 2378 2551 2435 valet
2572 2393 2786 2449 capere.
2819 2376 3013 2434 Nullus
3038 2386 3353 2434 nostrorum

1762 2469 1838 2526 ibi
1868 2470 2016 2527 iners
2055 2470 2179 2537 fuit,
2210 2470 2395 2528 nullus
2430 2471 2678 2539 timidus,
2720 2471 2849 2542 quia
2893 2486 2995 2527 nec
3018 2471 3201 2527 locum
3254 2470 3354 2525 ha-

1761 2562 1945 2628 bebat,
1973 2570 2026 2618 et
2052 2561 2227 2618 hostis
2262 2562 2678 2633 supereminens
2705 2576 3153 2632 unumquemque
3192 2577 3354 2632 urge~

1761 2652 1869 2708 hat.
1901 2652 2117 2721 Quanto
2148 2653 2321 2725 magis
2367 2652 2515 2708 enim
2550 2651 2963 2721 occidebantur,
2988 2659 3141 2709 tanto
3170 2650 3350 2723 magis

1760 2760 2006 2802 crescere
2045 2745 2391 2802 videbantur.
2444 2742 2603 2801 Sicut
2651 2744 2797 2801 enim
2835 2744 3111 2815 putredini
3146 2757 3352 2798 muscas

1759 2838 2034 2895 conﬁnem
2056 2838 2252 2905 solent,
2286 2837 2367 2894 sic
2411 2845 2467 2893 et
2511 2836 2615 2908 ipsi
2659 2837 2902 2908 undique
2932 2835 3350 2894 conveniebant.

1760 2928 1900 2986 Dum
1930 2931 2012 2987 sic.
2038 2939 2300 2997 certatur,
2337 2938 2392 2989 et
2420 2938 2534 2986 tam
2556 2928 2705 3001 longi
2727 2928 3047 2986 certaminis
3065 2927 3356 3000 prolixius

1758 3030 1972 3092 poterat
2018 3022 2261 3089 tzediare,
2310 3037 2413 3078 nec
2463 3035 2729 3076 numerus
2771 3019 3015 3077 hostium
3065 3019 3354 3076 videbatur

100 3124 127 3163 a
145 3111 337 3181 regione
360 3114 539 3171 maris
558 3116 853 3185 processit;
878 3133 1004 3189 pars
1028 3120 1200 3176 altera
1226 3120 1402 3192 major
1423 3122 1477 3177 in
1500 3139 1653 3179 eam-
1683 3170 1725 3192 η
1758 3114 2096 3183 decrescere,
2128 3113 2437 3168 albatorum
2479 3111 2713 3169 militum
2753 3112 3109 3169 numerabilis
3138 3109 3351 3167 exerci-

100 3215 154 3275 po
178 3204 440 3261 remansit.
493 3206 821 3265 Statuerunt
850 3209 1014 3282 igitur
1056 3221 1274 3271 nostros
1316 3215 1395 3271 sic
1424 3215 1565 3272 inter
1595 3233 1655 3273 se

1765 3214 1847 3261 lus
1878 3204 2031 3261 visus
2056 3212 2142 3260 est
2179 3204 2248 3261 de
2294 3204 2575 3263 montibus
2621 3204 2974 3272 descendere,
3001 3218 3238 3275 quorum
3267 3201 3349 3258 si-

100 3292 354 3364 iucludcre,
389 3308 445 3353 et
469 3316 505 3355 a
528 3300 701 3357 dorso
724 3303 1003 3374 saginare.
1046 3305 1149 3361 sed
1177 3307 1427 3363 ordinata
1449 3318 1534 3365 ρει
1566 3325 1652 3365 se-
1756 3296 1952 3370 gniferi
1979 3306 2035 3353 et
2062 3297 2230 3353 duces
2264 3313 2388 3355 esse
2411 3298 2672 3354 dicuntur
2699 3296 2985 3369 Georgius,
3026 3295 3347 3362 Mauricius,

97 3384 231 3454 ptima
256 3389 418 3457 acies,
444 3406 578 3461 quas
601 3401 790 3448 contra
816 3403 1023 3464 partem
1048 3396 1280 3453 divisam
1303 3398 1648 3472 conﬂigeret;
1754 3388 2065 3445 DemCil'iUS
2089 3388 2203 3461 (57)
2237 3406 2378 3461 ειυοε
2408 3399 2469 3446 ιιι
2488 3391 2727 3462 Primum
2752 3390 2890 3446 νίάίῑ
2908 3388 3197 3445 Ροάίεηείδ
3227 3385 3348 3458 ⁸ῗῖ-

100 3478 303 3535 ordinata
328 3490 414 3538 est
441 3492 633 3538 autem
674 3500 742 3541 ex
772 3486 1036 3543 militibus
1084 3488 1242 3545 ducis
1280 3488 1557 3548 Godefridi
1596 3503 1651 3548 et
1754 3496 1976 3554 scopus,
2027 3482 2354 3539 exclamavit
2381 3496 2516 3539 voce
2546 3499 2744 3555 magna
2786 3482 3014 3540 dicens:
3054 3479 3099 3538 0
3124 3480 3345 3548 milites,

99 3563 413 3627 Narthmanni
440 3574 671 3631 comitis
697 3594 710 3629 :
736 3576 825 3631 cui
868 3577 1084 3648 praefuit
1107 3579 1328 3650 quidam
1373 3581 1507 3650 dux,
1552 3597 1651 3639 no.
1750 3591 1866 3632 ecce
1904 3575 2044 3630 venit
2087 3575 2374 3643 auxilium,
2412 3575 2554 3647 quod
2597 3575 2741 3631 vobis
2781 3574 3026 3645 promisit
3062 3571 3245 3626 Deus!
3279 3569 3349 3628 Et

97 3661 213 3716 mine
235 3662 553 3722 Rainaldus.
583 3666 741 3725 llunc
763 3679 953 3726 contra
977 3670 1102 3728 illos
1125 3673 1414 3740 miserunt,
1437 3684 1490 3730 et
1512 3691 1651 3745 ιιι-ω-
1751 3676 1898 3725 certe
1920 3668 2089 3724 nostri
2114 3667 2268 3723 valde
2298 3668 2667 3739 expavissent,
2684 3667 2790 3724 nisi
2812 3666 3007 3722 fuisset
3029 3678 3155 3736 spes
3173 3675 3344 3734 quam

97 3751 186 3806 liali
207 3766 342 3823 sunt,
377 3759 660 3830 multique
695 3760 823 3816 hinc
851 3771 906 3818 et
946 3762 1073 3819 inde
1114 3749 1448 3822 ceciderunt.
1494 3765 1560 3821 Et
1590 3777 1650 3823 ut
1752 3760 1806 3815 in
1833 3760 2062 3816 Domino
2084 3760 2375 3816 habebant.
2393 3758 2549 3815 Tunc
2573 3768 2778 3815 tremor
2798 3758 3071 3814 maximus
3094 3755 3257 3812 ἱπυίί
3280 3755 3340 3811 in

96 3847 188 3902 alia:
212 3864 298 3904 sex
323 3851 473 3908 acies
498 3851 573 3906 ad
603 3851 811 3922 jactum
841 3853 1052 3926 sagitta:
1073 3865 1456 3926 pervenerunt,
1484 3856 1647 3914 Turci

1765 3854 1961 3922 hostes,
1988 3861 2042 3909 et
2067 3853 2245 3909 versis
2278 3851 2523 3908 vultibus
2552 3852 2723 3908 scutis
2750 3860 2902 3924 terga
2930 3846 3346 3919 cooperiunt,et

94 3937 289 3995 vicinius
313 3942 394 3997 ire
427 3951 778 4023 recusantes,
805 3946 978 4002 tensis
1003 3947 1242 4003 arcubus
1277 3948 1524 4017 trahunt,
1551 3950 1646 4006 sed
1752 3945 1935 4019 fugam
1982 3962 2093 4019 quo
2122 3945 2419 4017 unicuique
2470 3945 2624 4000 locus
2669 3944 2834 4001 dabat
2870 3941 3158 4013 arripiunt.
3207 3935 3344 3992 Pars

95 4027 281 4098 frustra,
299 4034 429 4104 quia
457 4044 662 4091 ventus
705 4052 773 4091 ex
817 4038 1043 4110 obliun
1077 4038 1216 4095 ﬂans
1244 4056 1434 4097 eorum
1466 4041 1647 4113 jactus
1751 4037 1842 4094 illa
1872 4054 1995 4111 quae
2023 4054 2054 4095 a
2082 4047 2235 4109 parte
2255 4037 2531 4110 pugnabat
2554 4036 2741 4102 maris,
2763 4043 2823 4089 ut
2848 4033 2983 4089 vidit
3002 4031 3186 4103 fugam
3210 4041 3343 4085 suo-

94 4122 266 4194 redegit
292 4125 346 4181 in
395 4143 630 4183 vanum.
675 4127 828 4196 Quod
878 4130 1043 4188 Turci
1072 4141 1132 4188 ut
1170 4132 1442 4202 viderunt,
1470 4136 1647 4192 versis
1751 4147 1897 4198 rum,
1931 4131 2109 4202 ignem
2135 4130 2339 4201 sparsit
2378 4142 2545 4199 super
2588 4142 2812 4200 gramen
2842 4124 3040 4195 οθωῡῖν
3075 4120 3223 4194 illi0d
3245 4134 3341 4176 ω’

93 4208 229 4270 frenis
252 4226 394 4273 retro
429 4218 677 4291 fugiunt,
708 4221 894 4293 sicque
918 4222 1094 4293 prima
1118 4222 1266 4281 acies
1309 4224 1559 4297 quaesivit
1591 4228 1647 4283 in
1749 4222 1933 4279 leviter
1954 4222 2107 4290 arsit,
2135 4224 2264 4294 quia
2289 4222 2420 4278 illud
2442 4221 2748 4278 siccaverat
2765 4219 2932 4275 ardor
2956 4215 3183 4273 aestatis.
3213 4211 3343 4282 lima

93 4302 204 4360 bello
223 4308 440 4377 bellum,
469 4327 579 4367 nec
617 4311 854 4382 invenit;
900 4314 1155 4386 qumsivit
1198 4332 1360 4388 quem
1391 4329 1645 4389 percute-
1749 4316 1872 4373 ideo
1897 4314 2164 4384 fecerunt,
2182 4325 2242 4372 ut
2260 4317 2365 4372 hoc
2391 4316 2548 4388 signo
2576 4314 2652 4370 illi
2683 4315 2778 4387 qui
2806 4313 2862 4368 in
2886 4310 3140 4368 tentoriis
3159 4315 3341 4377 erant,

94 4408 172 4464 ret,
191 4409 274 4456 aut
299 4418 467 4474 aquo
490 4414 891 4475 percuteretur,
908 4422 1009 4464 nec
1029 4407 1250 4479 reperit.
1273 4407 1484 4467 Interea
1511 4412 1647 4468 mis—
1749 4407 1934 4464 statim
1983 4407 2248 4480 fugerent,
2294 4416 2348 4463 et
2385 4423 2570 4464 secum
2626 4406 2825 4462 ditiora
2852 4404 3029 4475 spolia
3066 4402 3337 4459 tollerent.

92 4502 167 4543 sus
187 4501 261 4547 est
290 4495 521 4551 nuntius
562 4512 594 4551 a
638 4495 953 4555 Boamundo
993 4496 1206 4572 Hugoni
1250 4500 1467 4573 Magno,
1499 4512 1559 4559 ut
1593 4504 1643 4559 ei
1673 4511 1721 4572 ι)
1746 4498 1829 4554 illi
1858 4513 1987 4555 vero
2009 4498 2225 4571 cognita
2254 4498 2430 4570 signo,
2452 4498 2547 4569 qui
2573 4497 2629 4553 in
2657 4495 2936 4552 montanis
2965 4500 3142 4560 erant,
3167 4487 3343 4563 proti-e

93 4576 224 4637 ferret
268 4587 559 4656 auxilium,
612 4588 743 4659 quia
788 4590 1018 4647 nimium
1076 4593 1371 4665 urgebatur
1412 4611 1638 4667 Oppres-

93 4670 219 4727 sioue
252 4672 585 4734 Turcorum.
640 4677 765 4734 Mox
803 4678 959 4753 Hugo
997 4696 1318 4751 conversus,
1358 4684 1435 4740 ait
1474 4685 1634 4740 suis:

97 4778 112 4810 ι
144 4758 179 4815 0
203 4764 293 4819 viri
324 4767 644 4836 bellatores,
678 4785 780 4826 nos
804 4788 982 4843 pugna
1013 4772 1171 4845 fugit,
1201 4790 1516 4845 quaeramus
1544 4792 1639 4847 pu-

92 4868 239 4920 gnam,
264 4875 569 4932 eamusque
600 4863 667 4920 ad
698 4863 1074 4923 Boamundum
1099 4868 1374 4941 egregium
1404 4869 1633 4939 ducem;

94 4942 267 5004 illicest
295 4968 502 5025 pugna,
555 4971 728 5025 quam
771 4959 1033 5027 quaeritis,
1078 4960 1189 5016 illic
1229 4959 1440 5018 ferreus
1470 4962 1640 5018 instat

92 5032 249 5104 hostis,
286 5058 450 5113 quem
498 5034 848 5105 desideratis.
884 5066 902 5101 ι
945 5048 1099 5109 Tunc
1125 5050 1289 5107 citius
1320 5048 1466 5108 dicto
1494 5052 1642 5107 volat

90 5122 190 5183 illuc
228 5133 457 5204 quisque
501 5137 752 5204 satelles,
783 5138 1193 5215 jungunturque
1233 5144 1395 5201 simul
1437 5145 1640 5218 egregii

89 5219 276 5279 comites
305 5225 440 5297 (56).
473 5227 640 5294 Quod
665 5237 726 5284 ut
754 5231 880 5291 vidit
918 5228 1028 5291 dux
1050 5230 1265 5293 ducum
1290 5235 1639 5305 Godefridus,

1747 4606 1853 4646 nus
1883 4589 2159 4661 fugerunt,
2192 4604 2319 4643 cum
2343 4589 2599 4644 omnibus
2629 4588 2820 4660 spoliis
2848 4602 2988 4668 quae
3001 4592 3221 4657 portare
3246 4598 3342 4637 va-

1744 4680 1985 4736 luerunt.
2018 4679 2123 4735 Sed
2154 4680 2285 4752 quid
2308 4678 2389 4734 eis
2410 4677 2637 4750 profuit,
2662 4694 2789 4735 cum
2820 4678 2913 4733 diu
2937 4676 3020 4732 eis
3050 4674 3194 4730 ferre
3228 4688 3363 4728 non.

1744 4771 1994 4828 licuerit?
2031 4770 2276 4826 Armenii
2299 4778 2357 4826 et
2396 4768 2599 4825 Sorani
2623 4768 2897 4840 siquidem
2937 4765 3034 4821 ubi
3060 4763 3336 4830 viderunt,

1741 4864 1871 4935 quia
1902 4863 2029 4919 victi
2055 4871 2232 4931 erant,
2255 4870 2311 4918 et
2337 4862 2510 4918 nostri
2531 4876 2628 4917 eos
2657 4861 3098 4931 insequerentur,
3119 4853 3360 4918 obviam,

1746 4956 1855 5013 illis
1885 4955 2179 5012 veniebant
2207 4964 2261 5011 et
2289 4955 2629 5011 occidebant.
2669 4950 2826 5022 Hugo
2846 4963 2980 5006 vero
3010 4946 3243 5018 Magnus
3283 4953 3353 5001 es.

1746 5048 1856 5104 dux
1883 5044 2213 5103 Godefridus
2254 5057 2309 5102 et
2342 5043 2697 5101 Flandrensis
2738 5054 2947 5106 comes,
2997 5038 3165 5094 simul
3208 5051 3349 5113 cum

1746 5138 1865 5196 suis
1913 5138 2227 5210 agminibus
2269 5136 2590 5209 equitabant
2634 5134 2789 5205 juxta
2839 5147 3061 5203 aquam,
3096 5128 3191 5186 ubi
3237 5144 3341 5184 ros.

1748 5227 1965 5285 bustior
2009 5235 2064 5283 et
2091 5227 2316 5283 deusio‘r
2370 5239 2562 5282 eorum
2608 5230 2726 5280 erat
2771 5221 3048 5280 exercitus
3084 5239 3099 5278 :
3146 5225 3336 5276 tantes

1128 5474 1438 5534 NOTULE
1473 5476 1933 5536 MARGINALES
1970 5476 2084 5532 MS.
2123 5466 2282 5532 COD.

269 5688 733 5772 lt‘fea'tuo'ﬁttitur,‘
760 5693 844 5748 sed
869 5705 923 5772 ct
952 5684 1165 5772 agmina
1196 5696 1625 5772 conustituuulur.

144 5760 234 5825 (Sb)
268 5760 444 5816 Currit
473 5760 529 5815 in
555 5761 825 5819 auxilium
867 5760 1179 5827 Boarbuudo
1216 5770 1437 5837 lclliger
1462 5768 1635 5837 llugc.

1760 5692 1932 5765 Quem
1960 5698 2203 5768 sequitur
2226 5695 2445 5768 juvenis
2476 5693 2820 5768 Godefridus,
2841 5695 3024 5768 clarus
3050 5694 3104 5749 in
3134 5689 3325 5754 armis.

1823 5770 1938 5832 (57)
1980 5762 2212 5825 Numina
2227 5762 2550 5835 sanctorum
2578 5766 2645 5823 dc
2665 5767 2805 5824 ca‘lo
2834 5762 3239 5846 signiferorums
