3846 6306
511 386 608 444 731

1116 378 1207 433 AD
1243 375 1693 435 consrmouu
1730 371 2022 429 APPEND.
2067 369 2128 424 ll.
2174 399 2241 408 —
2283 366 2555 426 uomunt.
2597 368 2687 424 DE
2727 369 2950 428 ηειιο
2987 369 3231 429 SACBO.
3658 379 3732 436 732

511 515 620 570 que
653 483 858 568 impetu
911 510 1107 567 urgere
1157 501 1462 565 coeperunt,
1506 499 1568 546 ut
1608 489 1678 544 ad
1724 505 1824 546 sua
1872 485 2104 543 tentoria
2136 483 2179 541 A
2209 482 2410 544 talibus
2449 483 2713 554 populum
2759 483 2863 539 sibi
2891 485 3248 542 commissum
3280 485 3588 556 instruebat,
3612 496 3733 564 etjo.

510 605 624 664 quo
675 590 989 654 tendebant,
1037 601 1283 644 remeare
1319 601 1426 640 non
1457 584 1752 655 potuerint.
1815 581 1882 637 Et
1930 591 1988 636 ut
2019 582 2101 636 ci-

511 687 622 741 tius
679 681 935 754 persequi
985 681 1270 745 valerent,
1340 677 1558 732 illorum
1613 690 1788 746 equos
1843 675 1938 745 qui
1986 690 2103 729 mo—

504 775 829 842 riebantur,
879 772 1284 836 ascendebant,
1335 777 1576 839 suosque
1626 767 1721 839 qui
1771 776 1927 822 erant
1981 781 2101 821 ma-

502 866 827 925 cilentiores
875 876 931 921 et
974 863 1154 920 aﬂlicti
1222 860 1408 928 fame,
1465 858 1636 916 frenis
1697 875 1729 914 a
1793 857 1968 929 capite
2015 858 2106 913 dc-

507 959 704 1016 traetis
750 958 1131 1029 relinquebant
1172 955 1227 1010 in
1261 967 1476 1024 eampo.
1536 951 1582 1010 0
1624 951 1875 1008 miranda
1926 950 2100 1006 virtus

511 1051 607 1107 Dei
635 1049 1048 1119 omnipotentis,
1080 1056 1133 1102 et
1166 1046 1436 1102 immensa
1492 1045 1765 1116 potestas!
1792 1044 1946 1102 ltliles
1975 1043 2102 1101 tuus

511 1157 671 1214 .ongo
699 1142 932 1196 amictus
982 1139 1215 1210 jejunio,
1247 1137 1598 1210 persequitur
1643 1146 1915 1193 tumentes
1945 1137 2102 1208 adipe

505 1242 562 1289 et
590 1233 938 1304 pinguedine,
963 1231 1038 1286 ita
1061 1240 1123 1286 ut
1147 1231 1313 1287 etiam
1339 1246 1441 1287 nec
1461 1230 1530 1287 ad
1554 1245 1652 1286 sua
1677 1230 1837 1296 bona,
1864 1247 1985 1300 qua:
2011 1247 2099 1286 re-

507 1325 801 1395 liquerant,
857 1324 1123 1380 auderent
1159 1323 1451 1395 respicere.
1487 1321 1724 1393 Spiritus
1766 1332 1893 1379 tuus
1925 1323 2101 1378 bonus

505 1425 626 1470 erat
669 1415 724 1469 in
771 1415 1048 1471 tuentibus
1091 1431 1306 1483 eorum,
1352 1415 1448 1487 qui
1497 1424 1552 1471 et
1582 1415 1727 1471 vires
1777 1415 2103 1486 suggerebat

505 1523 820 1578 corporum,
870 1518 926 1564 et
967 1509 1253 1564 audaciam
1301 1509 1596 1580 praestabat
1621 1509 1954 1564 animorum.
1983 1507 2099 1562 Non

505 1599 660 1656 illum
686 1601 929 1656 retardat
959 1601 1067 1656 ulla
1098 1602 1372 1672 cupiditas
1400 1601 1722 1672 spoliorum,
1753 1602 1900 1656 nulla
1935 1603 2100 1658 ullius

505 1690 586 1746 rei
613 1691 864 1758 avaritia,
896 1692 1159 1762 quoniam
1187 1691 1334 1748 illius
1365 1701 1602 1746 mentem
1643 1692 1816 1764 magis
1846 1693 2102 1747 titillabat

506 1782 758 1838 victoria.
775 1783 928 1838 Sicut
953 1784 1006 1838 in
1035 1784 1264 1839 macello
1287 1784 1587 1839 bestiarum
1617 1799 1846 1854 corpora
1873 1785 2098 1840 solitum

505 1883 592 1930 est
615 1875 918 1942 dilaniare;
970 1876 1051 1931 sic
1078 1884 1132 1930 et
1161 1876 1366 1932 nostris
1407 1876 1617 1932 licitum
1643 1885 1760 1931 erat
1791 1875 2096 1932 Turcarum

506 1982 742 2037 corpora
791 1967 1019 2022 laniare.
1051 1967 1242 2023 Evolat
1269 1969 1495 2042 sanguis
1531 1969 1598 2024 de
1623 1969 1948 2041 corporibus
1972 1969 2097 2025 vul-

509 2066 850 2122 neratorum,
891 2058 1069 2113 evolat
1097 2058 1277 2128 pulvis
1304 2060 1541 2132 agitatus
1569 2076 1838 2131 equorum
1869 2062 2098 2132 pedibus

506 2148 969 2218 discurrentium;
1023 2152 1196 2206 aether
1233 2151 1608 2222 obnubilatur,
1640 2162 1694 2210 et
1713 2155 1873 2225 quasi
1904 2171 2099 2226 crepu-

507 2243 720 2299 sculum
750 2244 902 2300 ﬁeret
924 2245 1588 2318 obtenebratur.Contigit
1618 2257 1802 2305 autem
1829 2250 1976 2321 quod
2007 2249 2098 2304 fu-

504 2334 715 2408 gientes
771 2337 826 2392 in
886 2340 1181 2409 quemdam
1211 2341 1406 2397 collem
1446 2343 1804 2411 devenerunt,
1841 2355 1894 2400 et
1927 2345 1999 2400 ibi
2039 2359 2099 2399 se

503 2436 696 2482 contra
732 2437 954 2486 nostros
1007 2432 1322 2504 recolligere
1376 2445 1754 2504 speraverant.
1788 2435 1943 2491 Tunc
1993 2434 2099 2491 Ce-

503 2521 700 2576 rardus
729 2536 897 2578 senex
928 2524 996 2579 de
1039 2523 1302 2594 Meleone,
1337 2527 1430 2598 qui
1462 2527 1623 2600 longo
1646 2537 1893 2600 tempore
1919 2544 2097 2600 aegro-

503 2620 596 2670 tus
620 2612 870 2683 iacuerat
908 2617 965 2672 in
1007 2617 1315 2687 obsidione,
1364 2635 1508 2691 equo
1537 2621 1699 2676 celeri
1732 2631 2095 2688 transvectus,

503 2702 810 2773 improvide
837 2705 1028 2762 incidit
1053 2708 1106 2762 in
1137 2709 1280 2776 illos,
1309 2725 1612 2782 eorumque
1636 2711 1837 2782 jaculis
1862 2722 1946 2768 est
1967 2729 2100 2768 con-

503 2794 710 2862 fossus,
746 2805 800 2851 et
828 2797 910 2854 sic
939 2798 1102 2871 digna
1125 2809 1301 2857 morte
1323 2813 1656 2873 peremptus.
1681 2803 1838 2871 Quod
1865 2812 1924 2858 ut
1946 2805 2082 2860 vide-

502 2897 635 2942 runt
665 2890 761 2959 qui
800 2904 926 2946 eum
957 2892 1193 2947 vicinius
1225 2893 1733 2964 subsequebantur;
1784 2895 2099 2952 Evurardus

503 2979 715 3036 scilicet
742 2982 809 3038 de
850 2981 1096 3050 Puteolo,
1125 2983 1380 3057 Paganus
1421 2985 1788 3055 Bclvaccnsis,
1819 2989 2014 3060 Drogo,
2045 2997 2099 3043 et

505 3066 770 3140 Thomas,
801 3080 854 3126 et
883 3071 1300 3140 Clarenbaldus,
1343 3085 1490 3131 ante:
1506 3091 1648 3148 aque
1689 3077 1950 3148 juventus
1982 3077 2096 3134 llu-

503 3162 662 3232 gonis
683 3161 886 3235 Magni,
918 3165 993 3219 nil
1018 3165 1334 3223 haesitantes
1357 3167 1410 3222 in
1437 3167 1557 3224 illos
1591 3168 1809 3225 irruunt
1840 3188 1852 3223 :
1886 3180 1940 3226 et
1969 3172 2095 3243 qui—
2127 3198 2169 3256 ο

503 3255 627 3310 dem
675 3254 815 3312 forte
842 3257 1043 3312 bellum
1091 3259 1440 3328 invenerunt,
1487 3261 1582 3318 sed
1632 3271 1836 3331 tamen,
1868 3263 1979 3319 Deo
2008 3265 2101 3334 ju-

506 3354 692 3414 vante,
722 3356 1002 3404 crescente
1046 3360 1261 3406 caterva
1305 3366 1557 3419 suorum,
1603 3353 1834 3410 viriliter
1864 3354 2098 3427 dissipa-

503 3447 719 3494 verunt.
751 3437 828 3494 lbi
855 3441 1086 3496 multum
1136 3443 1353 3498 cruoris
1384 3443 1620 3501 eﬂ‘usum
1665 3455 1770 3513 est,
1799 3448 2098 3505 multorum

503 3539 755 3593 truncata
778 3531 977 3602 capita,
1011 3535 1105 3604 qui
1135 3534 1204 3603 si,
1244 3544 1304 3590 ut
1329 3545 1628 3608 coeperant,
1663 3537 1950 3611 fugissent,
1974 3557 2102 3597 eva-

503 3623 632 3679 dere
653 3625 982 3694 potuissent.
1009 3626 1286 3684 Persecuti
1315 3638 1445 3684 sunt
1478 3632 1660 3686 autem
1689 3632 1810 3689 illos
1837 3649 2011 3704 usque
2031 3634 2100 3690 ad

503 3713 732 3771 Pontem
773 3715 1056 3786 Ferreum,
1101 3727 1155 3774 et
1189 3721 1256 3775 ad
1286 3722 1569 3777 castelium
1603 3722 1904 3793 Tancredi;
1935 3735 1990 3781 et
2019 3727 2101 3780 ul--

503 3813 586 3859 tra
608 3815 1036 3886 non'potuerunt
1066 3811 1340 3882 persequi,
1369 3813 1498 3883 quia
1524 3830 1631 3868 nox
1661 3814 1895 3871 obscura
1935 3816 2098 3870 ﬂuctu

503 3901 584 3956 rei
615 3902 894 3972 imposuit.
915 3903 1114 3960 Mortui
1138 3915 1266 3961 sunt
1291 3916 1472 3962 autem
1501 3908 1594 3963 illo
1617 3908 1704 3964 die
1734 3920 1951 3966 centum
1977 3909 2101 3986 mil-

503 3991 576 4047 lia
614 3994 882 4064 equitum,
915 3996 1008 4051 sed
1056 4006 1278 4068 propter
1321 3997 1597 4055 fastidium
1626 4000 1811 4057 nullus
1839 4016 2098 4056 numera-

507 4091 600 4140 tus
631 4086 813 4142 estde
858 4095 970 4143 tota
1004 4088 1356 4145 multitudine
1406 4090 1672 4161 peditum.
1715 4090 1868 4146 Miles
1906 4089 2100 4161 fatiga-

505 4184 614 4244 tus,
643 4178 774 4248 quia
816 4178 977 4250 longe
1027 4181 1098 4236 ab
1123 4182 1258 4237 urbe
1286 4192 1422 4250 erat,
1458 4183 1526 4238 ad
1558 4183 1791 4239 tentoria
1820 4199 1943 4254 qua:
1973 4201 2102 4239 suo-

506 4285 631 4326 rum
659 4281 817 4327 erant
853 4273 1202 4329 inimicorum
1230 4275 1420 4344 rediit;
1464 4277 1809 4348 multumque
1849 4278 1996 4349 quod
2031 4279 2100 4334 ad

503 4364 772 4420 edendum
820 4367 922 4421 sibi
954 4367 1274 4433 suﬂiciebat,
1314 4369 1546 4424 invenit.
1587 4368 1729 4424 Ante
1752 4369 1900 4424 enim
1932 4386 2098 4441 quam

504 4454 672 4511 timor
703 4455 797 4512 Dei
841 4457 1084 4514 venisset
1131 4459 1184 4514 in
1225 4459 1388 4514 corda
1419 4460 1662 4527 illorum,
1709 4459 1764 4514 in
1801 4462 2097 4533 sartagini-

2203 592 2320 643 eos,
2347 586 2403 632 et
2429 575 2580 632 risus
2603 591 2799 632 eorum
2831 579 3188 648 temperabat.
3218 578 3601 651 Contemplatio
3623 588 3734 642 enim

2201 671 2386 725 vultus
2417 669 2564 724 illius
2592 669 2896 742 praesentiae.
2913 669 2984 725 ita
3013 685 3207 727 omnes
3233 670 3736 746 reverberabat,quod

2203 777 2366 818 nemo
2407 777 2475 819 eo
2520 771 2791 835 prasente
2831 762 2998 818 verba
3046 777 3186 818 vana
3225 762 3469 835 proferre
3494 779 3737 836 praesume-

2201 855 2314 912 bat.

2815 943 3046 1002 CAPUT
3085 944 3176 1000 ιν.

2275 1038 2502 1095 Peracta
2533 1047 2691 1095 nocte
2723 1038 2836 1106 illa,
2866 1039 2920 1094 in
2951 1039 3255 1096 crastinum
3278 1039 3583 1111 quindecim
3608 1045 3739 1103 millia

2203 1134 2541 1190 camelorum
2589 1142 2720 1190 sunt
2753 1134 3004 1201 inventa;
3050 1149 3224 1204 equos
3252 1149 3386 1190 vero
3418 1143 3473 1189 et
3500 1137 3676 1200 mulos.
3703 1153 3741 1194 rt

2202 1225 2409 1294 asinos,
2433 1241 2586 1294 oves,
2615 1235 2669 1283 et
2694 1226 2882 1294 boves,
2910 1236 2963 1282 et
2995 1227 3178 1282 omnis
3200 1226 3416 1298 generis
3436 1243 3620 1298 pecora
3647 1232 3741 1300 quis

2203 1317 2616 1374 dinumeraret?
2658 1317 2884 1374 Inventa
2928 1328 3057 1376 sunt
3084 1335 3212 1374 vasa
3244 1329 3506 1387 aurea,et
3533 1334 3740 1392 argentea

2204 1411 2396 1478 multa,
2426 1410 2664 1482 plurima
2694 1411 2880 1482 pallia,
2909 1419 2967 1486 et
2994 1411 3170 1482 spolia
3203 1427 3424 1482 magna,
3457 1413 3625 1483 magni
3651 1430 3741 1485 prc-

2202 1501 2262 1556 tii
2289 1502 2627 1574 diversazque
2670 1503 2969 1558 varietatis.
2993 1501 3132 1558 Cum
3181 1503 3268 1558 his
3298 1503 3554 1558 omnibus
3571 1504 3630 1559 ad
3648 1506 3743 1559 civi-

2205 1603 2370 1650 tatem
2409 1596 2814 1666 triumphantes
2865 1604 3135 1652 venerunt
3173 1613 3187 1650 :
3235 1603 3292 1651 et
3325 1595 3398 1650 ab
3438 1595 3522 1651 his
3560 1598 3641 1667 qui
3682 1614 3744 1652 re-

2203 1696 2524 1744 manserant
2553 1687 2770 1744 clericis
2799 1697 2852 1744 et
2885 1687 3221 1760 presbyteris
3241 1696 3298 1744 et
3332 1689 3628 1756 monachis,
3647 1705 3741 1744 cum

2203 1780 2433 1836 solemni
2461 1781 2817 1851 processione
2848 1781 3087 1852 suscepti
3111 1791 3259 1836 sunt.
3286 1781 3624 1837 Admiraldus
3645 1799 3744 1837 vero

2200 1872 2292 1944 qui
2326 1873 2381 1927 in
2405 1872 2631 1929 castello
2657 1882 2796 1940 erat,
2820 1881 2880 1928 ut
2914 1871 3050 1927 vidit
3074 1871 3374 1942 principem
3404 1888 3582 1939 suum,
3607 1881 3652 1926 et
3672 1890 3744 1929 cos

2198 1967 2295 2038 qui
2342 1981 2469 2023 cum
2501 1966 2593 2022 illo
2643 1974 2802 2022 erant
2840 1981 2871 2020 a
2901 1980 3096 2035 campo
3139 1963 3266 2036 fuga
3299 1966 3518 2031 diverti,
3549 1965 3745 2036 viditque

2200 2061 2490 2116 innumera
2520 2061 2828 2116 albatorum
2880 2060 3128 2130 equitum
3161 2059 3354 2127 millia,
3383 2075 3509 2115 eum
3544 2060 3746 2116 candidis

2198 2153 2415 2210 vexillis
2443 2169 2540 2224 per
2583 2153 2744 2224 plana
2782 2153 3170 2220 discurrentia,
3218 2152 3517 2208 admodum
3552 2153 3745 2222 expavit,

2199 2260 2486 2315 unumque
2525 2244 2594 2300 de
2644 2243 2858 2301 vexillis
2911 2245 3114 2300 nostris
3156 2244 3228 2299 ob
3263 2245 3489 2300 tutelam
3541 2244 3643 2300 dari
3668 2245 3746 2298 sibi

2198 2337 2474 2409 poposcit.
2499 2336 2696 2393 Comes
2720 2335 2908 2393 Sancti
2929 2336 3131 2408 Egidii
3157 2336 3376 2408 quiillic
3397 2336 3467 2392 ad
3489 2336 3748 2392 custodiam

2199 2430 2436 2486 civitatis
2466 2439 2829 2497 remanserat,
2857 2446 3020 2486 suum
3064 2430 3140 2484 illi
3166 2430 3426 2485 vexillum
3454 2429 3690 2500 porrexit,
3711 2439 3751 2483 ct

2201 2530 2478 2594 gratanter
2500 2522 2731 2591 accepit,
2757 2530 3154 2592 acceptumque
3179 2536 3341 2575 muro
3369 2521 3574 2576 castelli
3600 2519 3748 2574 aﬂixit.

2202 2609 2308 2667 Sed
2337 2620 2398 2666 ut
2424 2612 2681 2682 cognovit
2703 2628 2733 2665 a
2754 2611 3086 2682 quibusdam
3115 2610 3516 2682 Langobardis,
3539 2610 3622 2682 qui
3643 2620 3753 2665 asta

2200 2703 2333 2758 bant
2356 2704 2450 2771 ibi,
2481 2704 2629 2774 quod
2661 2703 2967 2758 Boamundi
3000 2719 3106 2757 non
3137 2712 3306 2769 esset,
3340 2703 3429 2758 cui
3460 2712 3567 2758 tota
3594 2703 3754 2759 civitas

2203 2811 2465 2851 concessa
2501 2805 2639 2862 erat,
2671 2795 2890 2868 signum
2924 2811 3084 2850 suum
3124 2795 3361 2851 reddidit
3409 2795 3611 2861 comiti,
3633 2806 3680 2850 et
3697 2798 3753 2850 si-

2201 2904 2367 2960 guum
2405 2887 2656 2958 quazsivit
2697 2885 3034 2955 Boamundi;
3066 2895 3119 2943 et
3146 2885 3502 2942 Boamundus
3531 2887 3664 2941 misit
3697 2887 3752 2940 ci.

2201 2979 2378 3046 Quod,
2414 2995 2539 3036 cum
2573 2979 2862 3051 reciperet,
2907 2979 3228 3036 Boamundo
3257 2979 3536 3036 mandavit
3565 2988 3615 3033 ut
3635 2979 3692 3033 ad
3711 2995 3755 3032 se

2202 3071 2429 3127 veniret.
2464 3070 2556 3127 lllc
2582 3073 2764 3129 vicino
2800 3073 2936 3144 pede
2961 3073 3222 3145 legationi
3247 3073 3565 3139 ambulavit,
3583 3082 3631 3128 et
3650 3072 3757 3144 quid

2203 3163 2385 3220 dicere
2437 3164 2598 3219 vellet
2642 3165 2990 3220 auscultarit.
3031 3164 3262 3221 Centilis
3306 3165 3428 3220 tidei
3460 3176 3660 3236 pactum
3687 3181 3754 3218 re-

2203 3256 2392 3326 quirit,
2421 3266 2480 3312 ut
2510 3257 2603 3327 qui
2642 3273 2768 3313 cum
2813 3273 2880 3314 eo
2919 3266 3110 3325 erant,
3149 3267 3203 3313 et
3251 3257 3534 3314 discedere
3571 3257 3757 3323 vellent,

2205 3349 2432 3404 nullius-
2462 3348 2682 3419 injuriae
2736 3349 3018 3406 lmsionem
3069 3357 3412 3421 paterentur,
3441 3359 3495 3405 et
3535 3365 3690 3420 usque
3713 3350 3756 3402 in

2202 3449 2404 3497 terram
2419 3441 2846 3498 Sarracenorum
2865 3442 3324 3511 conducerentur;
3341 3444 3436 3514 qui
3457 3457 3583 3499 vero
3602 3458 3756 3499 secum

2203 3534 2552 3591 Christianus
2585 3536 2702 3591 ﬁeri
2734 3536 2916 3604 vellet,
2947 3535 3184 3593 faciendi
3222 3537 3499 3593 licentiam
3546 3537 3756 3592 haberet.

2204 3625 2558 3683 Boamundus
2581 3627 2853 3684 immenso
2883 3629 3082 3700 gaudio
3106 3629 3347 3699 repletus
3373 3629 3512 3684 dixit
3541 3646 3552 3682 :
3584 3649 3601 3681 ι
3635 3628 3759 3682 Ami-

2203 3736 2286 3786 ce,
2341 3720 2488 3792 quod
2538 3720 2792 3791 exposcis
2837 3721 3070 3776 libenter
3110 3719 3468 3776 concedimus
3511 3720 3633 3786 tibi;
3684 3719 3761 3773 sed

2202 3813 2518 3885 prmstolare
2546 3812 2844 3880 modicum,
2874 3813 3003 3884 quia
3047 3811 3190 3868 istud
3222 3813 3563 3883 principibus
3587 3811 3761 3866 nostris

2201 3905 2548 3974 renuntiabo,
2579 3914 2632 3960 et
2657 3905 2906 3961 celeriter
2933 3912 3174 3960 revertar
3205 3904 3272 3959 ad
3296 3913 3371 3959 te.
3421 3923 3439 3956 ι
3472 3903 3536 3958 Ει
3561 3919 3672 3957 mox
3699 3901 3762 3954 fe.-

2204 4000 2471 4055 stinanter
2519 3997 2787 4066 cucurrit,
2815 4005 2870 4053 et
2911 3996 3221 4069 aggregatis
3252 3996 3308 4051 in
3338 4012 3512 4052 unum
3534 3993 3760 4066 principi-

2203 4091 2307 4146 bus
2335 4091 2499 4147 verha
2541 4093 2762 4162 gentilis
2783 4093 3081 4149 enarravit.
3119 4091 3333 4148 Placuit
3377 4091 3646 4155 omnibus,
3665 4105 3763 4142 om~

2203 4182 2469 4252 nipotenti
2495 4181 2606 4239 Deo
2631 4183 2836 4256 gratias
2865 4185 3173 4256 agentibus.
3218 4183 3567 4238 Boamundus
3591 4181 3653 4236 ad
3668 4181 3761 4250 jam

2201 4271 2566 4328 domesticum
2604 4275 2911 4346 regreditur
2933 4274 3213 4346 gentilem,
3239 4283 3294 4329 et
3320 4274 3597 4344 requisita:
3631 4273 3694 4328 ab
3712 4288 3764 4325 eo

2201 4365 2582 4420 conventionis
2615 4365 2904 4421 conlirmat
2932 4366 3306 4437 sponsionem.
3338 4364 3432 4421 llle
3458 4382 3583 4420 vero
3605 4363 3762 4420 reddi-

2204 4457 2287 4512 dit
2321 4471 2381 4513 se
2423 4457 2685 4530 episcopo
2731 4457 3010 4526 Podiensi,
3037 4468 3092 4514 et
3126 4467 3330 4516 sanctae
3368 4457 3764 4521 Christianitati,

505 4546 610 4604 bus
639 4556 693 4603 et
715 4551 933 4606 cacabis
955 4559 1008 4607 et
1028 4552 1296 4607 lebetibus
1317 4552 1446 4607 etin
1471 4551 1595 4608 ollis
1622 4563 1948 4622 paraverant
1971 4570 2096 4610 car-
2130 4561 2174 4621 ι)
2201 4565 2327 4604 cum
2365 4549 2627 4606 trecentis
2654 4551 2771 4606 suis
2789 4550 3056 4608 militibus
3086 4551 3240 4607 valde
3276 4551 3540 4622 speciosis
3559 4559 3611 4605 et
3632 4551 3766 4620 juve-

505 4654 606 4698 nes
628 4639 695 4694 ad
727 4641 1057 4709 obsonium;
1093 4643 1188 4697 sed
1216 4642 1436 4698 miseris
1464 4658 1587 4712 quae
1620 4653 1964 4712 paraverant,
1985 4661 2093 4701 non

505 4732 661 4789 licuit
695 4749 931 4804 coquere
972 4751 1074 4791 nec
1109 4735 1318 4791 tollere.
1370 4734 1449 4791 lbi
1501 4736 1680 4806 potuit
1728 4737 1900 4793 videri
1933 4754 2097 4795 vene-

503 4824 712 4880 randus
735 4825 991 4882 sacerdos
1015 4823 1304 4881 Podiensis
1333 4825 1644 4895 episcopus,
1673 4825 1842 4883 lorica
1870 4829 2096 4884 vestitus

503 4923 558 4970 et
578 4915 812 4982 casside,
842 4925 897 4972 et
925 4917 1115 4973 lancea
1147 4925 1338 4973 saneta
1364 4917 1421 4971 in
1449 4919 1723 4986 manibus,
1748 4919 1842 4991 qui
1873 4936 1984 4992 pra:
2011 4921 2097 4976 ni-

506 5006 620 5059 mio
642 5005 842 5076 gaudio
872 5009 1094 5064 rorabat
1123 5008 1422 5065 uberrimis
1442 5025 1537 5065 ora
1571 5009 1807 5068 ﬂetibus.
1833 5011 1932 5069 llic
1974 5013 2098 5070 illos

507 5091 852 5158 hortabatur,
882 5104 942 5148 ut
970 5095 1082 5152 Deo
1112 5097 1318 5169 gratias
1343 5107 1568 5170 agerent
1606 5116 1702 5171 per
1724 5117 1886 5172 quem
1933 5102 2102 5159 victo-

510 5199 597 5238 res
639 5184 987 5255 exstiterant,
1033 5189 1359 5260 dicebatque
1403 5191 1486 5246 eis
1521 5211 1534 5247 :
1577 5212 1596 5244 r
1631 5192 1711 5248 Ex
1745 5209 1856 5265 quo
1898 5195 2100 5250 milites

502 5290 630 5329 esse
677 5287 982 5344 creperum,
1010 5281 1146 5335 nulli
1173 5283 1326 5337 vobis
1366 5300 1652 5354 compares
1683 5285 1928 5353 fuerunt,
1969 5289 2098 5357 quia

506 5364 640 5421 nulli
673 5363 732 5417 in
763 5371 874 5417 tam
898 5367 1049 5425 brevi
1081 5380 1326 5443 tempore
1355 5383 1437 5429 tot
1466 5384 1726 5447 tantaque
1745 5377 1883 5432 bella
1915 5378 2098 5433 bellati

505 5462 657 5520 sunt,
704 5465 911 5525 quanta
954 5471 1008 5517 et
1047 5479 1147 5520 vos
1182 5467 1490 5538 peregistis,
1529 5485 1597 5524 ex
1626 5485 1738 5542 quo
1777 5486 1931 5526 mare
1961 5470 2104 5526 Con-

507 5542 1060 5632 stantinopolitanum
1100 5557 1417 5614 transiistis.
1453 5557 1683 5615 Multum
1729 5561 1933 5632 quippe
1956 5571 2040 5618 est
2069 5577 2102 5617 a

504 5629 616 5686 fide
642 5631 957 5695 Christiana
989 5643 1220 5714 alienus,
1248 5649 1342 5719 qui
1382 5649 1528 5704 videt
1549 5667 1673 5720 quae
1694 5629 1791 5706 vos
1828 5629 1988 5708 hodie
2013 5653 2098 5706 vi-

505 5720 692 5789 ἀίειίεν
723 5731 782 5778 et
806 5723 860 5780 in
896 5727 986 5786 Dei
1015 5734 1302 5794 dilectione
1333 5754 1441 5794 non
1464 5750 1549 5796 est
1569 5739 1886 5798 continuus.
1921 5763 1938 5795 ι
1976 5742 2100 5799 llaec

508 5823 562 5868 et
588 5811 677 5870 his
705 5813 906 5876 similia
931 5829 1270 5887 venerandus
1298 5831 1542 5908 pontifex
1579 5833 1810 5906 diccbat,
1842 5844 1892 5890 et
1918 5836 2096 5893 verbis

2205 4639 2401 4707 nibus;
2462 4639 2677 4712 fuitque
2711 4641 2854 4697 inter
2879 4643 3223 4699 Christianos
3251 4651 3384 4700 tunc
3431 4643 3609 4714 maius
3656 4659 3768 4714 gau-

2202 4729 2355 4784 dium
2400 4729 2467 4786 de
2488 4746 2680 4786 eorum
2710 4731 3125 4788 Christianitate
3150 4749 3315 4803 quam
3355 4733 3425 4789 de
3453 4733 3654 4789 castelli
3676 4742 3769 4786 trao

2202 4821 2431 4878 ditione.
2487 4822 2844 4880 Boamundus
2889 4825 3175 4881 castellum
3223 4825 3450 4896 recepit,
3479 4833 3534 4881 et
3569 4840 3665 4882 eos
3691 4823 3770 4894 qui

2200 4912 2499 4970 Christiani
2529 4916 2646 4972 fieri
2678 4917 2994 4984 noluerunt,
3034 4917 3088 4972 in
3118 4928 3322 4974 terram
3361 4918 3768 4975 Sarracenorum

2203 5005 2483 5062 conduxit.
2519 5005 2800 5064 Triduano
2839 5017 3060 5080 peracto
3087 5009 3322 5080 jejunio,
3379 5009 3638 5074 baptizati
3663 5017 3773 5065 sunt

2202 5098 2431 5168 gentiles
2456 5114 2584 5155 cum
2607 5099 2794 5157 laetitia
2839 5111 3061 5174 magna,
3089 5110 3143 5158 et
3169 5103 3340 5159 crevit
3363 5102 3437 5159 ibi
3459 5102 3578 5158 laus
3595 5101 3706 5167 Dei,
3730 5111 3773 5153 et

2203 5192 2376 5264 gloria
2433 5193 2770 5251 Christiana.
2821 5193 2930 5268 Ipsi
2973 5194 3180 5252 referre
3229 5206 3421 5268 postea
3460 5197 3609 5253 soliti
3639 5205 3774 5251 erant

2201 5283 2370 5354 quod,
2401 5299 2528 5340 cum
2553 5285 2621 5341 de
2651 5285 2858 5342 castelli
2889 5302 3016 5343 arce
3037 5286 3242 5342 bellum
3273 5287 3606 5358 aspicerent,
3631 5287 3773 5340 inuu-

2204 5391 2352 5430 mera
2379 5376 2562 5433 subito
2587 5377 3007 5434 candidatorum
3038 5379 3276 5434 militum
3292 5379 3460 5434 millia
3486 5395 3546 5434 se
3568 5378 3774 5439 vidisse.

2201 5482 2437 5538 quorum
2468 5467 2700 5526 intuitus
2748 5467 2899 5540 ipsos
2931 5469 3280 5526 vehementer
3304 5471 3524 5526 terruit.
3557 5468 3669 5524 Nec
3689 5484 3774 5522 nn-

2202 5573 2326 5613 rum
2374 5557 2496 5626 fuit,
2524 5561 2652 5632 quia
2677 5576 2840 5618 omne
2883 5562 3167 5618 castellum
3204 5561 3458 5619 funditus
3488 5563 3773 5618 intremuit.

2203 5648 2453 5722 Cumque
2513 5651 2760 5708 viderent
2811 5669 2910 5710 eos
2969 5653 3284 5724 agminibus
3347 5653 3776 5709 Christianorum

2203 5744 2534 5811 consuciari,
2573 5761 2813 5818 suosque
2856 5747 2910 5804 in
2958 5745 3232 5804 excidium
3283 5744 3589 5818 fugamque
3636 5745 3773 5810 verti,

2204 5837 2453 5906 protinus
2483 5839 2866 5901 intellexerunt
2918 5840 3160 5901 celestia
3209 5840 3443 5900 numina
3471 5857 3615 5906 esse.
3644 5838 3777 5897 Chri—
