3846 6306
113 395 190 454 753

851 387 1146 449 ROBERTI
1181 389 1488 450 MONACIII
1525 391 1703 448 lllS'l‘.
1743 388 2108 451 HIEROSOL.
2145 428 2215 436 —~
2251 395 2378 454 LIB.
2421 395 2522 456 νη.

3192 405 3296 462 756

111 516 454 578 suanm-umque
479 507 655 562 Deum
685 508 921 581 superari
945 524 1053 563 non
1097 523 1276 578 posse.
1310 507 1438 565 Inde
1461 527 1612 564 com-
1639 511 1688 567 Α
1713 508 1953 580 alligavit
1982 511 2085 565 sibi
2120 511 2354 567 militum
2383 513 2738 585 peditumque
2763 511 3194 584 multitudinem,
3241 529 3297 576 et

107 611 262 674 puncta
280 600 480 655 fuerunt
494 599 666 656 corda
688 599 914 665 illorum,
929 614 1096 670 seque
1117 599 1463 656 Christianos
1492 601 1610 657 ﬂeri

106 691 467 765 spoponderunt.
508 690 712 745 Actum
761 699 840 746 est
892 691 1157 761 siquidem
1207 693 1406 747 bellum
1456 693 1559 749 hoc
1591 736 1606 760 ,

103 795 256 856 quarto
291 781 544 837 Kalendas
571 781 727 850 Julii,
763 781 936 853 vigilia
991 782 1198 838 scilicet
1234 784 1609 854 apostolorum

101 875 212 931 Petri
245 883 292 930 et
325 872 490 928 Pauli.
540 872 765 944 Sicque,
799 873 976 928 divina
1008 875 1335 944 respiciente
1395 877 1609 933 miseri-

97 965 256 1032 cordia,
301 962 522 1034 procella
553 962 905 1019 Antiocheam
932 963 1327 1033 tribulationis,
1349 983 1472 1037 qua:
1495 966 1609 1022 fere

97 1073 168 1128 per
189 1057 350 1111 decem
385 1071 600 1111 menses
622 1057 969 1123 intumuerat,
999 1059 1184 1114 sedata
1216 1059 1337 1125 fuit,
1372 1069 1426 1114 et
1460 1061 1608 1132 regia

93 1149 243 1206 civitas
269 1163 378 1218 qua:
404 1147 566 1218 longo
607 1157 784 1204 tractu
825 1158 1126 1220 temporum
1163 1149 1297 1221 jugo
1324 1151 1608 1208 diabolica;

92 1239 362 1310 captivitatis
390 1239 631 1310 subjecta
661 1239 855 1306 fuerat,
881 1242 1140 1297 amissam
1165 1242 1411 1312 pristinae
1440 1243 1606 1299 liber-

89 1335 184 1391 tatis
208 1334 415 1405 gratiam
463 1335 825 1404 recuperavit.
853 1333 1052 1392 Hostes
1082 1336 1178 1407 qui
1205 1353 1326 1392 eam
1376 1338 1608 1409 incapti-

87 1434 308 1489 vaverant,
333 1425 462 1481 liunt
505 1435 560 1482 et
595 1426 696 1496 ipsi
745 1427 978 1498 captivi;
1007 1437 1062 1483 et
1097 1429 1153 1483 in
1191 1429 1416 1485 latebris
1437 1431 1604 1486 silva-

85 1535 192 1582 rum,
212 1517 549 1587 cavernisque
583 1529 882 1589 petrarum,
905 1527 960 1574 et
984 1519 1148 1575 fossis
1185 1521 1454 1576 montium
1477 1529 1607 1578 sunt

82 1608 283 1677 diSpersi.
307 1608 544 1662 Armenii
574 1626 794 1680 quoque
818 1618 874 1665 et
908 1609 1106 1665 Surani
1130 1609 1466 1668 habitatores
1494 1621 1592 1668 ter-

82 1717 135 1755 rte
152 1699 288 1765 illius,
308 1713 400 1769 per
423 1698 544 1755 dies
575 1699 842 1770 plurimos
867 1701 1093 1756 scrutati
1119 1711 1248 1756 sunt
1279 1701 1422 1769 illos,
1447 1712 1501 1758 et
1521 1703 1607 1757 in--

80 1793 315 1846 veniebant
353 1791 492 1846 alios
542 1792 868 1859 semineces,
917 1793 1056 1848 alios
1103 1793 1439 1861 vulneratos,
1467 1795 1604 1851 alios

81 1893 194 1954 parte
230 1883 410 1955 capitis
466 1893 742 1953 carentes,
775 1885 913 1942 alios
937 1886 1113 1942 ventri
1135 1903 1256 1954 suo,
1282 1903 1349 1944 ue
1375 1888 1602 1946 omnino

78 1978 216 2031 vitalia
235 1978 453 2042 exirent,
482 1993 682 2034 manus
714 1994 846 2034 suas
881 1991 1233 2050 apponentes,
1266 1990 1320 2035 et
1345 1983 1602 2038 detractis

78 2085 220 2124 eorum
257 2068 436 2148 spoliis
466 2069 892 2126 interficiebant.
926 2071 1116 2142 Itaque
1146 2072 1352 2128 inimici
1391 2072 1484 2128 Dei
1506 2075 1603 2130 de-

78 2162 260 2232 populati
303 2171 444 2228 sunt,
483 2170 543 2218 et
597 2162 920 2230 Christiani,
965 2165 1110 2219 servi
1168 2163 1262 2220 Dei
1311 2166 1512 2222 excelsi
1545 2167 1601 2222 in

76 2253 257 2323 gloriosa
283 2254 410 2309 urbe
437 2270 567 2309 cum
597 2255 799 2326 gaudio
832 2265 887 2310 et
913 2256 1098 2311 laetitia
1145 2258 1422 2328 aggregati
1450 2266 1598 2313 sunt.

75 2345 265 2414 Cumque
291 2346 521 2416 quadam
556 2346 649 2402 die
674 2348 1062 2414 convenirent,
1087 2350 1515 2405 consiliaverunt
1541 2359 1604 2406 ut

73 2437 121 2492 ad
139 2435 772 2509 Constantinopolitanum
807 2440 1186 2511 imperatorem
1239 2441 1445 2512 legatos
1475 2443 1604 2498 mit-

75 2537 230 2595 terent;
269 2545 533 2602 suamque
571 2531 850 2588 civitatem
888 2545 947 2588 ut
981 2533 1220 2604 recipere
1247 2535 1476 2602 veniret,
1503 2537 1600 2591 de-

74 2620 420 2676 nuntiaverunt.
463 2621 552 2687 Et,
583 2623 724 2692 proh
755 2623 947 2678 dolor!
969 2624 1353 2694 judicavcrunt
1385 2641 1598 2694 omnes,

74 2715 229 2783 ulquia
267 2716 370 2786 regi
397 2716 716 2782 mittebant,
753 2717 951 2787 regalis
982 2719 1210 2775 nuntius
1237 2719 1466 2775 debebat
1487 2720 1596 2786 ire;

71 2815 108 2860 et
128 2806 296 2862 electus
330 2819 411 2862 est
439 2806 603 2880 Hugo
627 2806 878 2877 Magnus,
910 2825 1039 2865 vere
1067 2811 1268 2882 regalis
1303 2822 1358 2867 et
1403 2828 1600 2884 genere

71 2905 108 2949 et
128 2896 352 2951 moribus.
385 2896 564 2963 Quem
591 2898 907 2954 nullatenus
934 2899 1246 2971 elegissent,
1290 2902 1337 2957 si
1361 2919 1468 2957 non
1508 2920 1598 2958 re-

73 3004 294 3043 versurum
319 2989 603 3047 seiissent.
641 2990 741 3047 llic
779 3007 905 3047 cum
941 2994 1053 3064 regi
1085 2994 1408 3064 legationem
1440 3013 1597 3052 suam

72 3081 348 3149 complesset,
380 3093 560 3140 morte
603 3083 938 3155 interceptus
967 3087 1256 3151 occubuit.
1287 3097 1340 3144 et
1366 3105 1476 3159 quo
1507 3105 1596 3144 re-

71 3173 179 3241 gredi
218 3174 575 3244 disposuerat,
628 3177 697 3232 ad
735 3186 1042 3233 extremum
1085 3196 1193 3235 non
1226 3183 1417 3252 potuit.
1451 3182 1596 3238 Con-

72 3266 522 3336 stantinopolitanus
553 3279 742 3324 autem
771 3271 1066 3341 imperator
1094 3273 1350 3343 vulpinus
1383 3291 1482 3345 pro
1513 3292 1597 3332 re-

71 3366 185 3427 ceptu
212 3368 364 3416 tanta:
390 3361 547 3416 urbis
577 3378 693 3416 non
741 3365 1088 3434 praesumpsit
1113 3365 1314 3430 venire,
1335 3367 1594 3436 quoniam

72 3452 520 3520 recognoscebatse
551 3452 742 3518 ﬁdem,
773 3461 829 3508 et
858 3455 1187 3509 sacramenti
1212 3455 1358 3525 jura,
1390 3465 1444 3511 et
1471 3459 1597 3514 data

71 3541 242 3611 pignora
268 3542 490 3601 Francis
514 3545 780 3611 violasse,
821 3556 877 3600 et
901 3562 1246 3618 nequaquam
1270 3550 1594 3608 custodisse.

71 3631 220 3703 Sicque
237 3651 418 3693 omnes
448 3637 855 3692 conventiones
879 3637 1070 3694 deletae
1101 3637 1342 3707 fuerunt,
1366 3647 1489 3710 qua:
1513 3641 1598 3696 in-

71 3735 126 3779 ter
147 3742 224 3782 eos
246 3727 392 3784 facta;
416 3739 572 3785 sunt.
623 3728 834 3785 Interea
876 3731 930 3785 in
962 3731 1095 3786 urbe
1129 3732 1448 3798 residentes,
1479 3742 1595 3788 tra-

68 3827 177 3872 clare
198 3831 466 3891 coeperunt
483 3821 555 3877 de
587 3821 676 3876 via
709 3821 979 3878 Dominici
1003 3823 1237 3895 sepulcri
1269 3841 1281 3876 :
1314 3825 1445 3895 quid
1472 3842 1598 3898 age-

69 3919 170 3975 rent,
191 3927 249 3966 an
271 3929 391 3968 mox
417 3914 754 3986 inciperent,
797 3925 893 3970 aut
917 3916 1138 3986 quando
1163 3925 1376 3987 tempus
1407 3918 1598 3973 terrui-

68 4012 226 4058 nrcnt.
247 4005 319 4060 Ad
344 4007 446 4062 hoc
491 4007 771 4077 siquidem
807 4008 1116 4064 communis
1143 4025 1404 4066 assensus
1426 4011 1596 4065 addu-

69 4092 187 4159 citur,
228 4105 281 4150 ut
308 4113 480 4167 usque
530 4099 604 4153 ad
655 4097 926 4155 Kalendas
963 4098 1214 4155 Octobris
1259 4101 1596 4172 reinceptum

68 4184 138 4238 viae
163 4189 456 4255 protelatur.
510 4188 751 4246 [Estatis
792 4191 1063 4261 siquidem
1107 4192 1271 4248 ardor
1308 4193 1473 4249 nimis
1519 4195 1598 4249 in-

68 4275 331 4340 maduerat;
356 4289 410 4335 et
451 4289 607 4336 terra
646 4279 1076 4338 Sarracenorum
1103 4299 1270 4354 quam
1294 4285 1595 4357 ingressuri

67 4377 196 4435 enat,
219 4370 472 4442 inaquosa
505 4383 562 4428 et
586 4372 754 4429 nimis
778 4383 898 4430 erat
928 4376 1102 4431 arida.
1130 4375 1423 4447 Propterea
1461 4387 1597 4432 tem-

67 4473 138 4523 pus
160 4474 596 4532 exspectaverunt
628 4467 777 4536 quod
807 4475 938 4522 tunc
976 4469 1263 4524 humidum
1296 4469 1376 4536 lit,
1407 4479 1596 4540 etquo

1624 3226 1666 3284 C

1711 603 1766 658 in
1793 611 1994 659 terram
2047 604 2478 662 Sarracenorum
2531 609 2842 664 transduxit
2870 613 3296 675 eam;transiit-

1707 710 1817 765 que
1848 695 2082 751 duarum
2111 697 2392 752 civitatum
2437 699 2723 765 terminos,
2755 708 2810 754 et
2838 711 3204 771 pervenerunt
3225 702 3296 756 ad

1707 785 1981 855 quoddam
2028 795 2290 852 castrum,
2322 787 2470 858 quod
2497 786 2815 844 Talamania
2851 791 3170 858 vocabatur,
3204 793 3296 848 cui

1709 893 1840 949 gens
1888 876 2123 932 Suriana
2155 878 2586 949 principabatur.
2627 882 2852 936 Suriani
2881 891 3102 939 nostros
3143 899 3296 939 rece-

1707 976 1924 1038 perunt,
1964 983 2132 1038 seque
2159 984 2351 1024 eorum
2397 970 2756 1028 libentissime
2779 973 3025 1029 dominio
3051 975 3292 1030 tradide-

1706 1069 1854 1114 runt.
1903 1057 2042 1116 Octo
2085 1059 2160 1114 ibi
2211 1061 2406 1117 diebus
2468 1065 2785 1131 transactis,
2816 1075 3176 1135 perrexerunt
3223 1066 3294 1122 ad

1707 1149 1854 1204 aliud
1911 1159 2158 1205 castrum
2212 1152 2267 1204 in
2293 1167 2403 1221 quo
2451 1153 2702 1210 latitabat
2752 1156 3045 1211 multitudo
3094 1173 3292 1228 magna

1709 1241 2160 1298 Sarracenorum.
2200 1243 2281 1298 Ad
2311 1245 2456 1314 quod
2498 1247 2890 1316 pervenientes,
2931 1249 3157 1304 militari
3188 1249 3293 1303 im-

1706 1343 1832 1406 petu
1871 1334 2208 1402 invaserunt,
2245 1344 2297 1390 et
2346 1335 2400 1388 in
2435 1338 2661 1393 remissa
2706 1354 2870 1394 manu
2908 1349 3021 1396 tota
3071 1341 3158 1396 die
3186 1357 3292 1411 pu-

1706 1431 1956 1495 gnantes,
2003 1433 2420 1494 vesperascente
2449 1426 2535 1481 die
2575 1440 3042 1499 expugnaverunt.
3067 1430 3189 1498 Quo
3216 1431 3290 1486 ita

1705 1526 1868 1586 capto
1893 1532 2090 1572 omnes
2123 1517 2464 1584 occiderunt,
2507 1527 2701 1589 przeter
2729 1536 2826 1577 eos
2854 1523 2949 1592 qui
2971 1524 3293 1580 Christiani-

1705 1618 1872 1664 tatem
1923 1616 2263 1678 receperunt.
2312 1609 2424 1664 llac
2449 1609 2634 1680 itaque
2676 1612 3099 1682 depopulatione
3123 1613 3288 1682 facta,

1706 1701 1910 1756 reversi
1939 1709 2070 1755 sunt
2115 1700 2184 1756 ad
2225 1708 2490 1767 castrum,
2526 1701 2674 1770 quod
2702 1699 3020 1757 Talamania
3050 1703 3292 1760 diximus

1707 1802 2106 1863 nuncupatum.
2164 1791 2223 1846 In
2255 1808 2368 1862 quo
2406 1793 2623 1849 duobus
2675 1794 3046 1864 perendinatis
3073 1796 3290 1864 diebus,

1705 1888 1794 1942 die
1819 1887 1975 1942 tertia
2027 1902 2221 1943 omnes
2241 1878 2515 1953 exierunt,
2553 1896 2609 1942 et
2639 1887 2708 1942 ad
2739 1888 2930 1944 urbem
2965 1904 3088 1958 qua:
3112 1887 3296 1946 Marra

1704 1979 1904 2035 dicitur
1950 1987 2329 2050 perrexerunt.
2375 1977 2506 2034 Erat
2533 1990 2716 2035 autem
2767 1981 2840 2035 ibi
2869 1990 3158 2052 aggregata
3183 1996 3297 2038 non

1704 2071 1930 2126 minima
1981 2071 2274 2126 multitudo
2322 2069 2629 2126 Turcorum
2651 2079 2707 2126 et
2741 2069 3195 2140 Sarracenorum,
3220 2073 3294 2129 ab

1702 2163 1874 2233 Aleph
1906 2163 2138 2235 aliisque
2182 2163 2498 2219 civitatibus
2546 2173 2600 2218 et
2641 2165 2904 2232 castellis,
2943 2181 3067 2236 qua:
3102 2167 3157 2222 in
3184 2167 3296 2222 eir-

1701 2256 1852 2311 euitu
1900 2255 2022 2326 ejus
2071 2263 2219 2323 sunt,
2275 2254 2494 2310 illorum
2541 2257 2919 2326 praestolantes
2975 2273 3292 2314 occursum.

1701 2346 1782 2402 Ad
1834 2363 1999 2418 quam
2055 2363 2181 2403 eum
2237 2349 2594 2418 appropriare
2653 2358 2979 2419 coeperunt,
3035 2350 3112 2404 illi
3161 2349 3296 2405 bar-

1702 2439 1820 2494 bari
1865 2452 2052 2496 contra
2090 2456 2187 2497 eos
2222 2440 2512 2507 exierunt;
2553 2441 2648 2496 sed
2691 2441 3005 2497 conﬂictum
3034 2443 3126 2497 ditt
3161 2458 3294 2500 cum

1702 2532 1909 2589 nostris
1940 2541 2125 2588 tenere
2145 2533 2475 2600 noluerunt,
2510 2533 2640 2604 quia
2676 2533 2729 2589 in
2761 2533 2945 2605 fugam
2975 2535 3117 2591 versi
3148 2535 3294 2593 intra

1701 2624 1889 2680 urbem
1935 2640 1996 2680 se
2038 2635 2380 2695 receperunt.
2429 2624 2614 2681 Nostri
2650 2641 2780 2682 vero
2823 2627 2917 2682 diu
2948 2628 3022 2684 ibi
3050 2627 3294 2684 residere

1701 2729 1810 2769 non
1839 2723 2152 2784 potuerunt,
2181 2715 2309 2784 quia
2325 2715 2575 2770 aestivum
2604 2731 2799 2770 cauma
2825 2731 2920 2772 eos
2941 2717 3294 2773 vehementer

1702 2807 1946 2878 urgebat,
2001 2806 2245 2877 nihilque
2305 2806 2538 2863 inveniri
2586 2816 2802 2878 poterat
2853 2808 2920 2863 ad
2968 2807 3288 2863 bibendum.

1699 2896 1929 2968 Jamque
1953 2898 2058 2953 diei
2109 2898 2405 2954 inclinante
2436 2900 2650 2965 umbra,
2699 2899 2903 2956 reversi
2946 2907 3074 2955 sunt
3099 2899 3165 2954 ad
3193 2914 3292 2955 ca-

1700 3001 1873 3048 strum
1907 3007 2068 3046 suum
2102 2990 2440 3046 Talamania.
2472 2990 2701 3047 Plurimi
2744 2992 2964 3062 quidem
2993 2989 3292 3046 Christiani

1698 3083 1887 3153 patria:
1922 3083 2068 3138 illius
2097 3083 2289 3139 incolae
2315 3100 2440 3139 cum
2469 3084 2674 3139 nostris
2704 3084 2900 3149 ierant,
2925 3084 3015 3138 sed
3038 3099 3162 3138 cum
3190 3099 3292 3137 no-

1700 3175 1832 3231 stris
1863 3175 2040 3230 redire
2079 3185 2545 3246 contempserunt.
2596 3175 2748 3244 Quos
2787 3175 2948 3230 Turci
2984 3176 3040 3230 in
3075 3175 3293 3231 insidiis

1699 3265 1953 3321 occultati
1992 3275 2255 3334 ceperunt
2281 3274 2334 3320 et
2363 3265 2681 3320 occiderunt
2715 3283 2728 3319 :
2763 3265 2992 3320 stultitia
3018 3264 3292 3335 siquidem

1674 3354 1798 3412 'sna
1821 3357 2120 3428 perierunt,
2172 3357 2301 3426 quia
2352 3356 2399 3412 si
2432 3373 2557 3411 curn
2606 3357 2811 3412 nostris
2864 3363 3288 3426 reverterentur,

1698 3467 1862 3506 nemo
1891 3460 2020 3506 tunc
2053 3457 2378 3515 moreretur,
2413 3449 2508 3504 sed
2546 3448 2691 3504 sicut
2727 3449 2784 3504 in
2811 3449 3092 3504 communi
3121 3449 3291 3505 verbo

1697 3543 1940 3598 dicitur:
1980 3562 1998 3593 ι
2041 3540 2186 3595 Nihil
2231 3540 2387 3594 timet
2415 3557 2548 3611 gens
2589 3539 2806 3606 stolida,
2839 3539 3016 3595 donec
3040 3555 3160 3594 eam
3187 3556 3286 3609 op-

1697 3635 1888 3707 primit
1928 3634 2116 3689 infelix
2167 3632 2406 3689 fortuna.
2450 3651 2468 3684 ι
2503 3631 2846 3686 Raimundus
2875 3647 3005 3686 vero
3034 3633 3101 3687 ad
3138 3633 3288 3687 illam

1699 3729 1839 3784 ultra
1870 3743 1978 3782 non
2000 3725 2163 3780 rediit
2187 3725 2487 3791 civitatem,
2509 3724 2638 3794 quia
2663 3739 2770 3778 non
2813 3723 3048 3779 habebat
3073 3724 3289 3781 exerci-

1699 3831 1812 3876 tum
1837 3837 1949 3891 quo
1975 3819 2252 3875 obsideret
2277 3834 2420 3884 eam,
2457 3816 2552 3872 sed
2585 3817 2640 3871 in
2678 3825 2861 3870 castro
2884 3830 2986 3872 suo
3014 3831 3189 3886 usque
3218 3814 3288 3872 ad

1698 3913 2022 3985 praefinitum
2057 3922 2272 3981 tempus
2309 3909 2674 3964 Kalendarum
2722 3906 3040 3963 Octobrium
3070 3923 3289 3963 reman-

1697 4009 1788 4074 sit,
1819 4021 2141 4076 semperque
2165 4004 2380 4059 interim
2407 4013 2605 4058 terram
2654 4000 3082 4056 Sarracenorum
3110 4000 3288 4070 capti-

1697 4100 1861 4155 vavil.
1891 4097 1972 4154 llli
1997 4107 2178 4153 autem
2210 4096 2304 4167 qui
2335 4096 2391 4151 in
2411 4094 2701 4150 Antiochia
2730 4100 3134 4157 remanserunt,
3159 4106 3288 4146 cum

1697 4205 1894 4261 magna
1935 4187 2327 4258 tranquillitate
2377 4194 2432 4240 et
2473 4185 2672 4256 gaudio
2711 4181 2954 4247 fuerunt,
2999 4195 3289 4258 quousque

1696 4282 1982 4337 dominum
2017 4297 2181 4336 suum
2225 4277 2550 4334 Podiensem
2599 4277 2918 4347 episcopum
2961 4273 3284 4329 amiserunt.

1699 4372 1798 4428 llic
1823 4389 1949 4429 cum
2006 4387 2221 4428 summa
2269 4387 2374 4442 pax
2416 4377 2564 4426 esset
2609 4365 2873 4423 exercitui
2929 4364 3046 4431 Dei,
3099 4379 3290 4420 mense

1696 4464 1842 4520 Julio
1873 4462 2040 4534 etrapit
2085 4460 2474 4528 inlirmari,sed
2514 4474 2624 4514 non
2673 4457 2766 4513 diu
2814 4456 3116 4529 aegrotavit,
3156 4455 3289 4526 quia

67 4551 185 4606 tellus
219 4556 568 4615 absconditos
603 4559 796 4616 latices
823 4562 1078 4632 erumpit.
1108 4561 1486 4618 Deliniendum
1517 4565 1595 4618 si-
1625 4571 1674 4631 ι)
1701 4556 1967 4612 Dominus
2013 4570 2124 4609 non
2173 4562 2259 4610 est
2306 4569 2505 4624 passus
2551 4552 2708 4608 illum
2753 4551 2914 4622 longa
2966 4548 3290 4620 aagritudine

67 4642 148 4694 mili
165 4647 306 4702 modo
335 4659 472 4716 erat,
497 4650 637 4721 quid
665 4661 850 4707 tantus
880 4652 1114 4722 populus
1137 4653 1353 4708 interim
1382 4663 1593 4725 ageret;

65 4741 104 4783 rt
125 4733 213 4801 ubi,
235 4746 284 4792 et
320 4743 606 4810 quomodo
644 4742 870 4797 viveret.
902 4744 1142 4814 Accepto
1175 4745 1300 4800 inde
1341 4746 1593 4813 consilio,

65 4835 200 4887 Draco
217 4830 476 4896 quaeritur
505 4832 656 4898 inde,
685 4832 780 4902 qui
809 4833 974 4900 dicat,
1000 4833 1132 4905 quid
1163 4835 1287 4889 inde
1315 4833 1591 4890 delinitur.

66 4910 206 4973 Praxo
228 4925 484 4990 quaesitus
503 4935 563 4981 et
591 4927 867 4990 inventus,
895 4926 1145 4983 ascendit
1173 4937 1226 4982 et
1253 4937 1598 4997 prteeonatus

64 5016 140 5073 est,
163 5021 213 5066 ut
251 5015 337 5085 qui
361 5018 595 5073 omnino
615 5033 781 5088 egens
811 5028 950 5086 erat,
993 5020 1046 5074 in
1087 5021 1222 5075 urbe
1268 5030 1592 5088 remaneret,

65 5113 249 5174 cumque
283 5108 387 5164 illis
433 5110 534 5180 qui
571 5110 801 5166 ditiores
828 5121 985 5166 erant
1009 5112 1425 5167 conventionem
1453 5111 1597 5168 face-

65 5202 123 5245 net
146 5211 198 5249 ac
218 5201 453 5257 serviret.
498 5201 785 5274 Principes
823 5211 1007 5260 autem
1036 5203 1197 5259 divisi
1223 5214 1352 5260 sunt
1385 5220 1482 5274 per
1505 5220 1599 5261 ca-

68 5285 182 5342 stella
199 5304 287 5346 sua
309 5301 360 5348 et
380 5294 656 5351 civitates.

634 5387 865 5443 CAPUT
902 5387 965 5444 V.

119 5467 224 5528 Erat
245 5485 417 5532 autem
442 5479 671 5551 quidam
693 5480 849 5536 miles
862 5480 929 5536 de
949 5481 1189 5536 exercitu
1217 5481 1433 5536 comitis
1457 5480 1597 5537 San-

69 5557 98 5609 ti
127 5559 318 5634 Egidii,
349 5572 576 5626 nomine
612 5570 975 5639 llaimundus,
1008 5573 1332 5642 cognomine
1372 5571 1596 5640 Piletus,

70 5651 212 5710 animo
237 5659 420 5728 virilis,
473 5670 531 5717 et
560 5678 788 5732 corpore
833 5663 1166 5733 spectabilis.
1212 5661 1310 5718 llic
1358 5663 1600 5734 perfecto

72 5741 165 5798 odio
189 5747 364 5808 Turcis
407 5755 820 5821 inimicabatur,
873 5772 974 5812 nec
997 5755 1206 5810 diutius
1241 5755 1474 5811 tolerare
1497 5770 1597 5826 po-

73 5833 159 5908 ιυὶῐ,
200 5851 242 5897 λι
271 5843 425 5918 longo
464 5855 709 5920 tempore
763 5845 1107 5908 fct'iarcutur.
1157 5845 1255 5904 llic
1303 5847 1598 5922 plurimam

1697 4648 1953 4705 cruciari.
1987 4645 2246 4702 Kalendis
2283 4645 2518 4716 Augusti
2563 4652 2752 4700 sancta
2786 4642 2906 4712 ejus
2932 4641 3138 4706 anima,
3170 4639 3289 4692 vin-

1697 4741 1838 4798 culis
1870 4741 2056 4797 carnis
2087 4739 2289 4806 soluta,
2321 4739 2585 4794 translata
2611 4747 2694 4793 est
2738 4737 2792 4791 in
2817 4733 3132 4805 paradisum
3167 4729 3286 4796 Dei,

1699 4835 1754 4890 in
1792 4834 2029 4907 gloriosa
2078 4832 2375 4888 festivitate
2414 4831 2623 4887 scilicet
2657 4827 2833 4886 sancti
2861 4825 3027 4890 Petri,
3057 4837 3180 4893 quae
3205 4821 3289 4877 di-

1697 4927 1842 4982 citur
1887 4925 1971 4979 Ad
2020 4924 2251 4979 vincula.
2297 4923 2365 4978 Et
2397 4931 2458 4978 ut
2509 4935 2742 4977 censura
2790 4917 2962 4973 divini
3002 4913 3194 4986 judicii
3233 4912 3288 4972 id

1699 5026 1882 5072 actum
1917 5032 2040 5072 esse
2068 5017 2410 5081 claresceret,
2441 5015 2496 5069 in
2525 5013 2614 5068 die
2640 5027 2752 5082 quo
2780 5008 3046 5082 principis
3067 5016 3287 5077 aposto-

1701 5108 1879 5163 lorum
1906 5107 2123 5163 vincula
2153 5123 2184 5162 a
2232 5105 2628 5176 Hierosolymis
2672 5101 2903 5157 Romam
2933 5107 3062 5156 sunt
3101 5097 3287 5164 allata,

1701 5201 1878 5257 soluta
1901 5209 1984 5256 est
2011 5216 2041 5254 a
2075 5199 2354 5268 corporeis
2381 5197 2613 5252 nexibus
2641 5193 2915 5266 pontilicis
2941 5191 3145 5247 anima.
3178 5188 3289 5246 Nec

1705 5309 1944 5364 unquam
1978 5309 2076 5362 pro
2106 5292 2213 5345 ulla
2246 5289 2598 5344 tribulatione
2641 5296 2825 5343 tantus
2860 5286 2964 5341 fuit
2999 5285 3051 5340 in
3086 5285 3174 5339 illa
3196 5283 3287 5339 Dei

1703 5385 1897 5440 militia
1944 5399 2168 5446 nitet-or,
2200 5390 2459 5451 tantaque
2499 5381 2742 5446 tristitia,
2775 5389 2980 5450 quanta
3016 5381 3069 5433 in
3117 5385 3289 5432 morte

1701 5477 1868 5532 illius.
1905 5473 2062 5530 llunc
2089 5489 2283 5528 omnes
2307 5473 2492 5528 debito
2511 5473 2634 5543 jure
2665 5474 3127 5545 lacrymabantur,
3161 5467 3289 5540 quia

1701 5567 1995 5624 consilium
2023 5574 2141 5621 erat
2167 5563 2418 5630 divitum,
2447 5565 2764 5620 consolator
2799 5563 3172 5625 maerentium,
3197 5575 3278 5614 su-

1703 5668 1969 5716 stentator
2009 5656 2293 5721 debilium,
2342 5656 2637 5713 thesaurus
2693 5657 3073 5729 indigentium,
3100 5666 3279 5709 reconr

1704 5755 1918 5811 ciliator
1942 5753 2397 5810 discordantium.
2451 5749 2551 5807 llic
2600 5753 2866 5810 militibus
2891 5753 3072 5807 dicere
3096 5749 3288 5804 solitus

1705 5854 1861 5904 erat;
1902 5865 1919 5900 ι
1960 5843 2019 5902 Si
2063 5844 2224 5902 vultis
2257 5859 2375 5902 esse
2419 5843 2846 5923 triutnphatorcs
2885 5852 2937 5900 et
2967 5839 3130 5904 amici
3171 5837 3287 5908 Dei.
