3846 6306
523 377 636 439 735

527 686 622 732 cut
642 676 1011 746 eleemosyua,
1038 671 1166 744 quia
1191 679 1247 727 et
1275 670 1472 727 melius
1516 668 1752 741 protegit
1780 684 1947 739 quam
1981 684 2105 739 par-

527 783 641 835 ma,
672 776 726 825 et
752 768 966 824 acutior
987 774 1071 823 est
1096 764 1151 819 in
1192 765 1401 819 hostem
1433 777 1600 832 quam
1629 761 1837 817 lancea.
1867 759 1972 828 Qui
2001 776 2111 815 non

526 870 614 919 est
647 862 879 917 idoneus
908 875 1007 930 pro
1035 874 1096 919 se
1120 873 1303 925 orare,
1341 857 1434 913 det
1466 856 1893 927 eleemosynam,
1913 865 1968 911 ct
1995 870 2115 912 ora.

529 954 610 1011 Lit
628 969 732 1026 pro
760 969 838 1011 se.
886 971 906 1006 ι
951 950 1059 1007 Pro
1088 951 1175 1006 his
1207 949 1468 1019 operibus
1491 956 1546 1004 et
1569 946 1885 1019 bujusmodi
1911 962 2114 1003 sermo-

531 1044 693 1100 nibus
726 1044 927 1099 charus
953 1049 1071 1096 erat
1100 1039 1214 1096 Deo
1247 1048 1302 1095 et
1325 1039 1478 1096 omni
1505 1040 1725 1110 populo.
1762 1037 1819 1093 Si
1855 1039 1982 1109 quis
2009 1055 2111 1094 au-

530 1143 640 1189 tem
669 1134 827 1189 vellet
868 1131 1113 1187 omnium
1164 1131 1428 1188 virtutum
1468 1131 1591 1202 ejus
1612 1130 1941 1193 charismata
1973 1145 2112 1187 enu—

530 1239 762 1288 merare,
807 1222 1083 1280 videretur
1123 1222 1239 1294 jam
1285 1224 1356 1280 ab
1390 1223 1636 1287 historia
1692 1223 1965 1294 elongare.
1999 1221 2116 1280 Iloc

528 1316 711 1385 itaque
736 1316 994 1372 decenter
1019 1315 1078 1379 in
1101 1315 1333 1377 ecclesia
1350 1314 1501 1371 Beati
1523 1314 1670 1372 Petri
1699 1316 1988 1382 tumulata,
2014 1331 2114 1372 co-

526 1423 644 1464 mles
670 1406 861 1464 Sancti
888 1407 1093 1480 Algidii
1108 1408 1171 1464 in
1188 1418 1391 1466 terram
1411 1398 1842 1466 Sarracenorum
1873 1408 2112 1477 transiit,

527 1500 659 1556 urbe
682 1515 853 1572 nque,
913 1517 1079 1572 quam
1134 1502 1417 1558 Albariam
1461 1510 1681 1568 vocant,
1735 1502 1889 1558 adiit.
1936 1500 2114 1569 Quam

527 1592 770 1662 undique
799 1591 927 1648 forti
971 1593 1145 1649 milite
1189 1594 1628 1665 circumcingens
1653 1594 1880 1661 invadit,
1910 1593 2117 1666 diuque

527 1684 834 1741 missilibus
854 1693 909 1741 et
930 1685 1143 1757 sagittis
1176 1702 1305 1742 cum
1334 1687 1421 1744 his
1448 1687 1542 1758 qui
1573 1697 1732 1743 erant
1757 1687 1812 1743 in
1839 1687 2116 1744 manibus

527 1774 848 1831 tlecertavit.
880 1775 989 1833 Sed
1020 1789 1079 1833 ut
1104 1777 1239 1834 vidit
1262 1778 1337 1835 ita
1358 1794 1420 1835 se
1460 1778 1723 1849 prolicere
1750 1795 1969 1850 parum,
1995 1795 2118 1836 ere-

1133 373 1224 432 AD
1262 369 1714 433 GODEFRIDUM
1751 366 2047 427 API’END.
2085 366 2149 425 Il.
2187 397 2256 407 -—
2311 365 2583 424 MONUM.
2621 365 2711 423 DE
2741 365 2971 427 ιιειιο
3002 365 3249 423 SACRO.
3666 371 3745 429 τες

526 488 852 555 munditiam
878 503 1172 559 censorum
1192 485 1494 552 custodite,
1524 492 1580 543 et
1614 499 1914 556 pauperum
1946 482 2113 553 mise—V
2141 490 2188 549 Α

527 584 747 640 remini.
774 581 933 639 Nulla
955 581 1103 637 enim
1130 596 1219 637 res
1240 580 1314 636 ita
1336 596 1367 635 a
1394 587 1571 635 morte
1598 593 1696 635 vos
1735 578 2007 649 liberabit,
2036 576 2133 651 si-p

2324 481 2400 538 De
2424 481 2680 539 domibus
2715 498 2846 541 vero
2871 484 3073 540 saliunt
3095 498 3194 553 per
3223 483 3383 555 plana
3409 483 3626 541 viarum.

2319 572 2438 645 IIuc
2466 574 2707 645 illucque
2739 571 2906 631 senes
2928 574 3166 647 fugiunt,
3204 574 3364 645 pueri
3393 574 3701 648 juvenesque

2433 666 2539 722 Sed
2576 682 2804 737 prorsus
2834 666 2973 723 nulli
2989 665 3196 737 profuit
3220 666 3331 722 ulla
3361 665 3506 738 fuga.

2212 758 2476 831 Prmcepit
2509 761 2655 816 enim
2681 776 2886 827 comes,
2924 768 2985 815 ut
3030 775 3225 819 omnes
3252 768 3592 830 caperentur,
3620 769 3666 816 et
3683 764 3752 833 qui

2214 854 2271 911 in
2298 853 2579 911 Christum
2610 854 2831 911 credere
2861 854 3087 918 nollent,
3115 851 3536 909 decollareutur.
3559 851 3658 908 Illic
3677 855 3754 912 visi

2215 957 2345 1002 sunt
2367 946 2588 1018 plurimi
2632 947 2809 1017 capite
2838 944 3023 1017 plecti,
3068 944 3432 1017 plurimisque
3466 945 3642 1014 pueris
3662 963 3754 1002 cum

2214 1041 2411 1112 puellis
2435 1041 2716 1097 subtracta
2759 1050 2847 1098 est
2870 1040 2982 1097 vita
3028 1040 3178 1112 longi
3217 1039 3502 1110 temporis.
3527 1035 3755 1097 Iudicium

2214 1130 2360 1186 enim
2388 1128 2608 1186 Domini
2656 1130 2761 1186 fuit
2805 1130 2931 1198 hoc,
2974 1130 3104 1201 quia
3148 1128 3583 1184 Christianorum
3620 1128 3758 1185 fuerat

2216 1221 2409 1277 civitas
2460 1221 2574 1289 illa,
2621 1223 2813 1294 eisque
2866 1218 3037 1277 simili
3093 1221 3290 1277 mortis
3339 1219 3574 1274 ludibrio
3618 1220 3759 1277 ablata

2214 1324 2351 1368 erat.
2398 1310 2593 1369 Nullus
2633 1329 2701 1369 ex
2734 1322 2886 1369 tanta
2950 1311 3302 1368 multitudine
3344 1319 3645 1366 reservatus
3681 1322 3757 1376 est,

2216 1404 2324 1460 nisi
2369 1405 2465 1477 qui
2510 1415 2707 1477 sponte
2750 1406 2998 1461 Christo‘
3025 1403 3308 1460 conlidens
3351 1401 3644 1473 baptizatus
3682 1413 3757 1459 est.

2219 1492 2420 1567 Sicque
2451 1497 2715 1555 mundata
2741 1505 2827 1553 est
2845 1496 3043 1554 civitas
3078 1496 3190 1563 illa,
3213 1506 3269 1550 et
3291 1494 3361 1550 ad
3379 1492 3582 1548 cultum
3603 1503 3763 1548 nostra:

2217 1584 2343 1643 fidei
2389 1594 2661 1643 revocata.
2713 1586 2867 1643 Tunc
2915 1602 3106 1645 comes
3150 1601 3275 1641 cum
3316 1585 3438 1645 suis
3462 1584 3763 1654 optimatibus

2218 1678 2413 1735 habuit
2458 1680 2772 1747 consilium,
2821 1689 2882 1736 ut
2929 1680 2988 1736 in
3014 1695 3079 1737 ea
3121 1679 3475 1736 ordinaretur
3500 1676 3764 1747 episcopus,

2220 1772 2380 1843 cujus
2402 1772 2635 1829 consilio
2665 1782 2722 1829 et
2768 1773 2977 1834 auxilio
3023 1772 3216 1829 civitas
3264 1778 3565 1841 regeretur,
3593 1778 3642 1824 et
3665 1769 3766 1825 ﬁdes

527 1864 632 1921 ctis
655 1865 726 1921 ad
748 1881 967 1923 murum
1011 1869 1198 1937 scalis,
1242 1832 1692 1926 Ioricatirmilites
1729 1832 2115 1940 ascenderunt,
2150 1832 2193 1892 Β
2224 1832 2354 1923 Iesu
2380 1866 2588 1929 Christi
2614 1867 2669 1925 in
2701 1867 2960 1923 cordibus
2989 1866 3202 1921 novitcr
3248 1863 3640 1935 baptizatorum
3664 1860 3765 1915 soli-

527 1962 580 2010 et
607 1955 661 2010 in
691 1955 875 2026 fugam
905 1960 1091 2017 hostes
1120 1961 1202 2018 ire
1221 1961 1624 2032 compulerunt.

637 2041 791 2102 Miles
822 2056 881 2102 ut
907 2049 1154 2111 ascendit
1181 2066 1420 2119 murum,
1452 2052 1511 2108 tit
1540 2051 1742 2108 celsior
1762 2051 1891 2119 illis,

686 2196 691 2199 ,
745 2135 929 2219 llostls
956 2149 1013 2197 et
1038 2141 1129 2198 ille
1152 2142 1254 2200 fuit
1282 2144 1493 2200 viribus
1516 2143 1767 2211 inferior,

635 2228 793 2285 Maro
815 2230 1155 2291 descendunt
1183 2251 1350 2308 super
1377 2236 1559 2294 abdita
1589 2246 1731 2295 tecta
1753 2238 2064 2307 domorum,

2223 1959 2466 2017 daretur.
2508 1958 2727 2017 Electus
2766 1969 2852 2016 est
2882 1959 3048 2031 igitur
3096 1960 3181 2015 vir
3215 1958 3442 2029 sapiens
3465 1962 3519 2010 et
3556 1967 3770 2025 persona-

2221 2060 2334 2120 tus,
2382 2051 2800 2123 litterarumque
2841 2051 3151 2107 eruditione
3200 2050 3439 2122 pollens,
3490 2054 3546 2100 et
3583 2053 3772 2112 utraque

2223 2144 2453 2200 scicntia
2477 2144 2762 2216 prmditus,
2793 2153 2849 2200 et
2870 2144 2937 2198 ad
2962 2142 3331 2198 ordinandum
3361 2136 3685 2194 Antiochiam
3708 2142 3773 2189 est

2223 2240 2449 2309 missus.

1700 2369 2025 2427 EXPLICIT
2065 2369 2271 2428 LIBER
2312 2372 2678 2430 SEPTIMUS.

1412 2567 1885 2662 INCIPIT
1951 2568 2314 2663 LIBER
2383 2567 2960 2664 OCTAVUS.

1040 2760 1269 2817 CAPUT
1305 2758 1598 2816 PRIMUM.

602 2852 875 2913 Estivum
905 2846 1121 2924 tempus
1149 2853 1284 2911 solis
1309 2854 1506 2911 ardore
1551 2867 1823 2925 represso,
1864 2868 1987 2908 cum
2006 2851 2123 2923 jam

532 2947 812 3014 transiret,
843 2960 1060 3017 noxque
1077 2946 1219 3002 diem
1246 2947 1503 3003 horarum
1531 2945 1926 3001 numerositate
1944 2952 2124 3000 trans-

532 3020 840 3103 eocnderet,
862 3036 1062 3092 milites
1084 3036 1290 3093 Christi
1318 3052 1538 3109 quaqua
1560 3052 1781 3090 versum
1810 3034 2126 3091 :cstivarant

533 3129 601 3203 ad
633 3128 976 3186 Antiochiam
1014 3137 1346 3197 remearunt,
1380 3139 1434 3185 et
1477 3127 1736 3183 Kalendis
1775 3124 2120 3195 Novembris,

533 3221 624 3279 die
648 3221 787 3277 festo
811 3206 1172 3278 solemnitatis
1206 3220 1463 3278 Omnium
1502 3219 1830 3276 Sanctorum
1877 3219 1950 3275 ibi
1987 3235 2123 3275 con-

532 3319 822 3367 venerunt.
867 3310 933 3368 Et
969 3310 1252 3367 benedicta
1295 3309 1465 3382 gloria
1518 3307 1683 3382 Regis
1734 3309 1946 3376 aeterni,
1995 3308 2126 3379 quia

536 3409 671 3459 tunc
693 3403 1042 3458 numerosior
1080 3401 1186 3457 fuit
1227 3402 1385 3458 turba
1433 3401 1779 3457 redeuntium
1814 3416 1979 3472 quam
2009 3398 2128 3455 fuc-

536 3504 642 3563 rat,
677 3512 803 3551 cum
835 3510 895 3551 se
921 3495 990 3550 ab
1022 3482 1253 3550 invicem
1281 3494 1607 3549 diviserunt.
1642 3492 1719 3547 Ex
1744 3493 1958 3549 cunctis
1980 3493 2128 3549 enim

536 3588 726 3644 mundi
754 3588 1002 3659 partibus
1031 3587 1204 3642 secuti
1227 3594 1384 3641 erant
1415 3584 1571 3641 multi
1613 3585 1817 3657 egregii
1845 3585 2046 3642 milites
2076 3593 2130 3641 et

535 3680 745 3751 pedites
803 3678 1050 3749 priorum
1107 3678 1358 3750 vestigia,
1424 3677 1778 3749 quotidieque
1848 3677 2134 3733 crescebat

536 3771 849 3827 Christiana
888 3770 1103 3825 militia.
1132 3768 1381 3841 Cumque
1407 3769 1461 3824 in
1498 3786 1670 3824 unum
1705 3768 1776 3825 ita
1806 3769 2129 3839 residerent,

536 3862 682 3918 etde
712 3862 798 3918 via
835 3861 1010 3919 sancti
1034 3861 1270 3932 sepulcri
1309 3876 1420 3932 quo
1453 3860 1753 3932 dirigerent
1795 3859 1917 3928 iter,
1945 3859 2133 3930 dispo-

538 3962 753 4021 nerent,
785 3950 1140 4008 Boamundus
1171 3952 1479 4023 pactionem
1509 3951 1662 4007 urbis
1687 3950 1937 4022 requirit,
1962 3965 2132 4022 quam

540 4044 646 4100 sibi
680 4044 1103 4115 spoponderant.
1134 4041 1335 4100 Comes
1368 4041 1552 4100 Sancti
1600 4041 1800 4115 Aigidii
1834 4042 2048 4098 dicebat
2077 4041 2132 4097 id

540 4153 650 4193 non
674 4153 835 4209 posse
860 4136 977 4193 fieri
994 4145 1215 4209 propter
1241 4144 1587 4192 sacramenta
1610 4153 1731 4207 quae
1744 4151 1841 4206 per
1856 4134 2135 4192 Boamun-

540 4227 673 4284 dum
696 4226 940 4284 fecerant
983 4227 1300 4299 imperatori
1334 4226 1962 4298 Constantinopolitano.
2005 4227 2135 4284 Inde

541 4339 640 4394 per
661 4323 778 4378 dies
808 4322 1076 4394 plurimos
1102 4321 1283 4379 factus
1309 4329 1394 4378 est
1421 4320 1477 4376 in
1506 4321 1737 4376 ecclesia
1769 4320 1953 4378 Sancti
1985 4320 2135 4379 Petri

539 4423 865 4484 conventus,
911 4431 1256 4487 magnusque
1290 4414 1582 4472 verborum
1617 4429 1685 4468 ex
1716 4422 1948 4485 utraque
1981 4423 2136 4486 parte

2227 2760 2671 2817 conturbarelur.
2703 2758 2859 2816 ’I'unc
2884 2759 3241 2817 Boamundus
3280 2764 3517 2818 nmnivit
3539 2764 3778 2821 castellum

2227 2853 2375 2925 quod
2406 2852 2777 2923 supereminet
2820 2853 3049 2921 civitati,
3102 2861 3156 2909 et
3186 2869 3376 2911 comes
3401 2857 3653 2926 palatium
3672 2858 3778 2913 Cas-

2226 2943 2389 3011 siani,
2431 2951 2485 2998 et
2534 2944 2729 2997 turrim
2772 2958 2895 3013 qua:
2938 2959 3104 3014 supra
3152 2953 3371 3015 portam
3426 2944 3576 3001 urbis
3609 2955 3709 3012 est,
3758 2962 3781 2999 ι

2228 3044 2382 3108 parte
2407 3043 2601 3105 portus
2631 3033 2816 3090 Sancti
2861 3033 3153 3090 Simeonis.
3200 3034 3340 3101 Quia
3368 3050 3501 3091 vero
3530 3050 3623 3093 nos
3650 3037 3781 3109 longe

2226 3126 2561 3182 narrationis
2604 3134 2779 3181 tractu
2839 3125 3142 3182 Antiochia:
3188 3124 3446 3193 detinuit,
3496 3137 3784 3198 nostrosque

2226 3220 2542 3291 peregrinos
2584 3218 2785 3274 milites
2825 3234 2922 3289 per
2964 3226 3089 3274 octo
3137 3235 3359 3276 menses
3407 3235 3507 3276 sua
3541 3221 3785 3276 obsidione

2228 3309 2491 3382 fatigavit,
2526 3326 2630 3365 nec
2667 3311 2774 3366 ulla
2804 3311 2855 3365 vi
2902 3311 3143 3366 humana
3184 3310 3269 3367 vel
3311 3321 3455 3381 arte,
3501 3312 3581 3367 vel
3609 3312 3787 3383 ingenio

2228 3403 2476 3474 superari
2505 3404 2681 3475 potuit
2709 3422 2722 3471 ;
2764 3404 2833 3459 de
2853 3404 2973 3476 ejus
3000 3405 3107 3460 situ
3132 3413 3186 3459 et
3215 3406 3594 3478 magnitudine
3620 3405 3786 3477 aliquid

2228 3496 2498 3564 dicamus,
2522 3495 2712 3568 eisque
2743 3497 2838 3570 qui
2866 3512 2987 3552 eam
3018 3513 3305 3571 nunquam
3334 3498 3591 3554 viderunt
3614 3497 3785 3570 aliquid

2231 3585 2358 3641 Inde
2387 3585 2719 3658 aperiamus.

2860 3668 3091 3733 CAPUT
3132 3676 3195 3733 II.

2304 3767 2506 3824 Urbem
2540 3769 2706 3837 hanc,
2735 3771 2945 3841 ut‘cjus
2990 3770 3219 3826 historia
3261 3779 3521 3839 testatur,
3552 3774 3789 3845 Sexaginta

2232 3860 2474 3933 quinque
2499 3876 2654 3932 reges
2683 3862 3107 3930 constituerunt,
3149 3864 3244 3935 qui
3290 3879 3490 3920 omnes
3518 3866 3632 3936 ejus
3672 3865 3790 3936 prin-

2233 3948 2437 4019 cipatui
2482 3946 2806 4004 famulatum
2862 3949 3223 4019 subjectionis
3269 3950 3658 4007 exhibuerunt.
3695 3950 3789 4004 Cir-

2234 4039 2525 4096 cumdatur
2547 4049 2726 4095 autem
2754 4041 2929 4097 muris
2959 4041 3196 4098 duobus.
3233 4041 3398 4098 Prior
3418 4052 3506 4099 est
3532 4059 3594 4098 ex
3618 4040 3793 4114 magnis

2232 4130 2510 4201 lapidibus
2539 4130 2593 4185 in
2629 4132 2899 4202 quadrum
2927 4132 3112 4198 sectis,
3155 4142 3210 4188 et
3245 4133 3439 4189 subtili
3471 4134 3693 4190 artiﬁcio
3716 4150 3792 4203 po-

2235 4223 2365 4291 litis,
2395 4230 2447 4279 et
2476 4221 2534 4278 in
2560 4238 2628 4280 eo
2651 4223 2916 4280 ordinatae
2945 4231 3000 4280 et
3024 4224 3300 4281 distincta:
3342 4236 3479 4282 sunt
3524 4228 3576 4282 in
3602 4226 3708 4283 suis
3729 4225 3794 4279 lo-

2236 4314 2317 4370 cis
2346 4314 2759 4386 quadringentae
2783 4322 2963 4373 turres
2984 4325 3038 4371 et
3062 4317 3369 4389 sexaginta.
3404 4316 3508 4374 Hic
3535 4334 3594 4374 se
3620 4317 3796 4374 intuen-

2238 4406 2387 4463 tibus
2416 4415 2703 4463 venustate
2738 4422 2855 4464 suzc
2898 4409 3317 4480 compositionis
3357 4412 3588 4480 arridet,
3620 4420 3669 4467 ct
3696 4426 3795 4482 spa-

542 4510 853 4575 ponﬂictus,
882 4509 1131 4581 Cumque
1163 4509 1220 4564 in
1249 4508 1530 4564 communi
1563 4500 1835 4566 conventu
1866 4508 2002 4576 ﬁeri,
2037 4526 2133 4565 ne-
2164 4516 2210 4577 ί)
2237 4498 2415 4556 tiosns
2440 4507 2526 4556 est
2553 4499 2840 4556 latitudine
2860 4499 3026 4557 nimis
3052 4502 3253 4572 ampla.
3294 4500 3662 4560 Continentur
3686 4504 3796 4557 intra

540 4601 724 4677 quiret
747 4599 859 4655 ulla
879 4598 1128 4655 dilliuitio
1151 4615 1274 4671 quae
1303 4600 1425 4670 paci
1454 4598 1790 4667 conveniret,
1809 4598 2048 4672 episcopi
2080 4608 2136 4656 et

542 4694 791 4761 abbates,
808 4700 863 4748 et
888 4691 1108 4749 consilii
1141 4691 1379 4748 sanioris
1406 4692 1575 4748 duees
1599 4700 1654 4747 et
1678 4691 1928 4761 comites,
1952 4692 2136 4749 locum

543 4787 598 4855 in
631 4801 741 4858 quo
767 4794 853 4842 est
875 4784 1134 4841 cathedra
1159 4783 1346 4839 Sancti
1372 4783 1520 4839 Petri
1557 4783 1916 4852 intraverunt,
1947 4794 2001 4841 et
2026 4785 2138 4841 illic

542 4878 772 4953 intrase
790 4877 1120 4944 diviserunt,
1152 4875 1387 4948 qualiter
1412 4884 1467 4933 et
1498 4875 1821 4933 Boamundo
1856 4887 2140 4936 servarent

541 4971 837 5041 promissa,
869 4978 924 5025 et
952 4968 1269 5038 imperatori
1309 4968 1451 5026 facta
1478 4978 1842 5026 sacramenta.
1874 4969 2012 5027 Cum
2040 4989 2135 5026 ve-

543 5079 607 5131 ro
639 5080 672 5119 a
707 5062 831 5118 loco
867 5060 1087 5117 consilii
1122 5061 1395 5131 exierunt,
1425 5062 1717 5119 consilium
1750 5071 1935 5120 tamen
1958 5062 2139 5121 omni-

545 5154 647 5209 bus
684 5152 994 5223 patefacere
1035 5152 1347 5209 noluerunt.
1400 5151 1590 5224 Itaque
1628 5153 1933 5210 domestico
1970 5153 2139 5210 allatu

545 5244 850 5298 revelatum
896 5251 983 5299 est
1008 5243 1300 5300 consilium
1340 5246 1529 5301 comiti
1593 5242 1779 5302 Sancti
1821 5244 2045 5320 IEgidii,
2085 5255 2141 5303 et

549 5332 667 5402 ipse
689 5331 934 5388 laudavit
972 5332 1320 5404 dispositum,
1370 5337 1446 5392 ita
1480 5344 1660 5393 tamen
1698 5346 1759 5392 ut
1785 5336 2140 5394 Boamundus

550 5430 801 5495 pergeret
825 5439 952 5479 cum
976 5424 1056 5481 eis
1085 5426 1187 5482 iter
1224 5428 1521 5501 inceptum.
1567 5427 1921 5485 Boamundus
1956 5429 2140 5501 requi-

550 5518 716 5584 situs,
741 5517 886 5573 idem
914 5519 1176 5589 laudavit,
1203 5532 1258 5579 et
1287 5532 1517 5595 uterque
1545 5541 1600 5579 ιιι
1642 5523 1898 5579 manibus
1920 5523 2138 5595 episco-

553 5622 772 5677 porum,
795 5608 921 5665 fidei
961 5610 1363 5684 astipulatione,
1400 5615 1674 5687 promislt,
1703 5615 1850 5686 quod
1895 5615 1965 5671 ab
2008 5614 2142 5686 ipsis

556 5697 645 5751 via
687 5699 864 5754 sancti
905 5700 1139 5770 sepulcri
1202 5721 1484 5778 nunquam
1546 5706 1911 5772 desereretur,
1965 5721 2141 5775 neque

522 5796 777 5875 'nronter
832 5790 1118 5858 dissidium
1167 5796 1338 5861 ullum
1377 5798 1523 5867 quod
1569 5797 1709 5854 inter
1766 5814 1821 5855 se
1851 5797 2140 5855 habuerint.

2235 4599 2388 4662 septa
2429 4608 2715 4648 murorum
2746 4601 2988 4663 quatuor
3034 4603 3253 4650 montes
3289 4595 3482 4667 magni
3509 4596 3639 4652 etin
3660 4595 3798 4651 altum

2236 4683 2559 4741 eminentes.
2593 4682 2652 4740 In
2709 4684 2905 4741 altiore
2939 4701 3134 4743 eorum
3178 4696 3566 4745 constructum
3610 4699 3687 4745 est
3726 4703 3799 4741 ca-

2237 4775 2476 4843 stellum,
2499 4775 2645 4846 quod
2672 4774 2745 4831 ita
2775 4777 3015 4832 naturali
3066 4777 3341 4848 positione
3385 4780 3653 4847 munitur,
3685 4777 3800 4849 quod

2226 4880 2339 4923 nec
2370 4867 2691 4925 bellicosum
2718 4868 2879 4925 timet
2924 4868 3210 4940 impetum,
3242 4884 3346 4926 nec
3391 4872 3683 4943 cujuslibet
3707 4886 3793 4925 ma-

2237 4956 2572 5021 chinationis
2616 4957 2921 5030 ingenium.
2970 4958 3271 5017 Trecentas
3316 4970 3373 5016 et
3419 4963 3696 5034 sexaginta
3725 4958 3803 5014 Ec-

2240 5049 2435 5105 elcsias
2453 5050 2663 5106 obtinet
2689 5051 2745 5108 in
2791 5052 2879 5108 sui
2906 5052 3129 5109 continii
3171 5053 3476 5124 territorio,
3518 5062 3573 5110 et
3609 5052 3804 5126 patriar-

2239 5142 2344 5199 cha
2375 5143 2538 5199 habet
2565 5152 2785 5200 centum
2823 5152 2878 5200 et
2907 5144 3305 5218 quinquaginta
3336 5154 3394 5202 et
3414 5154 3531 5203 tres
3553 5146 3804 5219 episcopos

2242 5237 2346 5296 sub
2392 5235 2700 5307 principatu
2743 5251 2866 5294 suo.
2926 5236 3011 5294 Ab
3062 5236 3277 5294 oriente
3335 5234 3584 5310 quatuOr
3628 5235 3803 5307 magnis

2243 5330 2521 5387 montibus
2569 5331 2952 5402 praemunitur,
2998 5330 3068 5387 ab
3101 5328 3391 5388 occidente
3418 5344 3554 5389 vero
3602 5330 3802 5402 quodam

2241 5421 2466 5477 flumine
2494 5421 2739 5490 alluitur,
2770 5424 2931 5494 cujus
2958 5438 3159 5480 nomen
3190 5422 3388 5478 Farfar
3415 5423 3639 5480 dicitur.
3686 5420 3803 5476 IIanc

2243 5516 2544 5572 Antiochus
2597 5530 2691 5571 rex
2719 5532 2846 5572 cum
2895 5515 3031 5585 suis,
3063 5524 3124 5573 ut
3167 5532 3333 5589 supra
3382 5517 3648 5586 diximus,
3676 5529 3803 5571 sexa-

2244 5608 2391 5681 ginta
2422 5607 2666 5680 quinque
2715 5608 2938 5681 regibus
2977 5610 3284 5678 constituit,
3337 5624 3653 5682 nomenque
3689 5608 3732 5662 ei
3756 5602 3805 5659 tle

2245 5720 2347 5760 suo
2376 5704 2596 5759 nomine
2629 5704 2842 5760 indidit.
2874 5703 3025 5761 Hanc
3052 5705 3236 5775 itaque
3255 5705 3453 5762 urbem
3474 5702 3673 5775 regiam
3697 5711 3783 5755 tam

2246 5810 2352 5871 que
2384 5792 2810 5857 famosissimum
2840 5796 3170 5856 obsederunt
3208 5794 3386 5853 nostri
3436 5793 3699 5873 peregrini
3723 5790 3804 5847 mi-
