3806 6306
38 421 116 482 731
599 413 617 422 '
645 414 664 420 ’·
758 406 1064 466 noscar:
1098 374 1412 462 nossem
1449 401 1626 460 lllST.

1666 399 2032 456 HIEROSOL.
2056 431 2126 440 -ε-
2153 399 2282 455 LIB.
2326 396 2462 455 VIII.
2619 403 2628 408 '
2659 404 2665 412 '
3152 374 3264 439 ἰη

34 541 148 603 lites,
173 549 257 606 per
282 539 402 587 octo
426 541 640 584 menses
666 532 722 580 et
737 524 883 589 diem
912 537 1107 590 unum,
1150 528 1207 575 et
1232 519 1408 574 tribus
1434 513 1566 572 heb-
1596 521 1638 576 Α
1673 514 1757 569 nis
1780 513 2038 568 omnibus
2067 528 2190 583 qua:
2226 513 2502 568 introrsus
2522 522 2684 569 erant.
2700 515 3046 571 cntiuciztlor.
3077 515 3280 574 Habe".

30 630 308 691 domadibus
325 627 470 680 intus
492 622 708 677 fuerunt
737 616 936 673 inclusi
964 631 994 670 a
1010 623 1167 687 gente
1191 613 1555 677 Parthorum;

30 742 115 796 qua
143 722 310 778 divino
339 724 594 788 superata
632 712 906 776 subsidio,
931 718 1120 780 postea
1145 707 1478 778 quieverunt
1503 706 1568 760 in.

28 833 77 874 ca
110 823 322 886 quatuor
365 823 584 865 menses
610 815 665 861 et
687 805 808 861 dies
827 813 972 860 octo.
1011 801 1224 868 Quibus
1263 797 1558 868 explicitis,

32 907 322 962 Raimundus
349 915 536 956 comes
566 895 749 952 Sancti
777 894 982 966 Egidii
1015 893 1226 964 primus
1247 905 1372 946 cum
1401 898 1561 960 gente

29 1014 106 1053 sua
137 997 194 1050 de
227 989 508 1046 Antiochia
530 987 684 1054 exiit,
708 993 764 1041 et
797 986 866 1039 ad
901 984 1090 1054 urbem
1129 997 1252 1052 qua:
1282 979 1454 1051 Rugia
1477 979 1560 1034 di-

29 1093 139 1146 citur
159 1084 408 1158 pervenit,
444 1080 567 1136 Alia
587 1081 676 1136 die
710 1079 779 1134 ad
801 1079 1030 1132 alteram
1080 1075 1226 1131 venit
1260 1073 1558 1138 civitatem,

27 1177 447 1252 quamnominant
471 1172 773 1228 Albariam.
830 1168 939 1224 llas
977 1169 1115 1223 duas
1141 1167 1396 1222 civitates
1410 1179 1563 1218 com-

27 1271 239 1342 pendiosa
299 1282 397 1324 sua
465 1265 660 1320 militia
725 1276 829 1317 suo
878 1259 1261 1329 subjugaverat
1309 1255 1561 1326 imperio,

26 1362 288 1431 Christique
311 1357 724 1430 mancipaverat
744 1353 988 1419 servitio.
1005 1351 1214 1418 Quarto
1227 1349 1334 1416 die,
1359 1364 1566 1404 exeun-

27 1469 67 1512 te
94 1455 386 1519 Novembre,
411 1451 664 1510 venitad
681 1444 874 1504 urbem
907 1463 1030 1518 quin
1057 1444 1234 1500 Marra
1279 1459 1565 1514 nuncupa-

27 1555 118 1608 tur;
137 1560 285 1615 quam
315 1543 664 1604 Raimundus
686 1539 892 1596 Pilets
914 1539 1073 1594 miles
1094 1537 1214 1608 ejus
1237 1535 1452 1606 primus
1476 1534 1564 1590 in-

25 1650 217 1708 vaserat,
265 1640 356 1696 sed
401 1639 634 1696 recessit
679 1637 890 1694 fortiter
934 1636 1059 1691 inde
1105 1635 1382 1705 repulsus.
1433 1634 1566 1690 Erat

27 1742 169 1788 autem
195 1731 379 1788 civitas
423 1731 516 1786 illa
551 1730 844 1801 populosa,
889 1737 947 1784 ct
973 1728 1042 1783 ab
1066 1727 1218 1783 omni
1255 1735 1414 1799 gente
1443 1742 1567 1797 quae

28 1827 67 1878 in
90 1803 289 1880 circuitu
305 1831 422 1878 erat
443 1821 614 1876 nim-is
638 1819 964 1890 constipata.
999 1818 1131 1886 Qua:
1153 1835 1291 1890 gens
1313 1818 1562 1886 adversa,

28 1925 72 1970 ut
87 1925 275 1970 nostros
299 1915 518 1969 eminus
567 1911 874 1983 conspexit,
930 1911 1060 1982 quia
1103 1913 1172 1966 ad
1197 1911 1562 1982 comparatio-

29 2023 120 2061 nem
159 2005 237 2060 sui
273 2004 431 2075 pauci
489 2019 616 2059 esse
667 2003 1016 2071 videbamur,
1065 2002 1337 2074 despexit,
1377 2003 1572 2074 eisque

28 2108 142 2152 cura
181 2099 448 2158 civitatem
489 2097 752 2152 resistere
796 2101 993 2152 Conata
1027 2105 1132 2153 est.
1177 2097 1282 2152 Sed
1317 2098 1568 2167 protinus

29 2203 317 2264 agnoverunt
347 2191 498 2264 quod
536 2209 676 2266 gens
707 2193 1102 2263 compendiosa
1135 2201 1189 2249 et
1239 2193 1395 2249 fortis
1428 2209 1571 2264 prae-

30 2286 162 2341 fettur
191 2287 490 2344 temulenta:
515 2286 902 2352 multitudini;
924 2294 980 2341 et
1003 2286 1279 2356 praecipue
1318 2302 1452 2357 gens
1477 2287 1568 2342 illa

29 2379 149 2448 cujus
167 2394 281 2450 spes
303 2389 386 2436 est
416 2388 473 2434 et
503 2377 708 2433 ﬁducia
739 2379 794 2432 in
838 2378 1062 2436 nomine
1099 2377 1338 2432 Domini.
1384 2376 1590 2436 Nostri.

29 2471 140 2522 enim
179 2479 232 2524 ut
277 2471 535 2526 viderunt
602 2471 728 2528 illos
781 2471 850 2527 ad
911 2472 1280 2528 resistendum
1326 2482 1575 2544 paratos,

29 2560 188 2630 clypeis
211 2563 522 2632 pectoribus
553 2563 844 2633 oppositis,
881 2563 1314 2634 lancearumque
1346 2579 1571 2618 mucro-

31 2655 155 2708 nibus
169 2656 486 2726 praapositis,
513 2656 741 2711 militari
771 2656 975 2726 impetu
1002 2657 1057 2710 in
1081 2657 1208 2712 illos
1237 2657 1568 2726 irrumpunt,

31 2746 178 2818 sicine
202 2764 290 2819 per
313 2750 560 2806 modium
598 2749 896 2806 subeuntes
917 2749 1286 2820 disrumpunt.
1323 2749 1402 2804 lbi
1434 2765 1572 2805 con-

1599 1882 1640 1941 Β

33 2836 157 2908 inegit
185 2839 436 2897 Dominus
484 2841 763 2912 potentias
803 2856 1054 2908 ararum,
1103 2849 1320 2896 scutum
1364 2848 1422 2896 et
1457 2841 1573 2912 gla-

33 2931 450 3002 diumetbellum,
487 2931 626 3006 quia
679 2941 974 3004 poetquam
1007 2932 1204 3004 gladiis
1248 2933 1428 3004 agitur
1466 2947 1572 3002 pu-

35 3039 132 3092 gna,
161 3025 354 3080 inutilis
381 3035 436 3080 et
456 3041 630 3082 arcus
659 3033 716 3080 et
741 3025 957 3096 sagitta.
994 3024 1100 3092 Qui
1141 3033 1312 3094 portus
1335 3023 1574 3080 civitatis

35 3117 337 3187 propinquior
361 3116 485 3183 fuit,
512 3118 822 3172 beatiorem
857 3133 917 3173 se
938 3131 1066 3172 esse
1087 3117 1421 3196 existimavit
1439 3116 1574 3196 ;.qui

36 3221 134 3260 vero
149 3205 290 3278 longe
329 3207 546 3272 aberat,
600 3215 720 3262 toto
771 3207 966 3263 affectu
1011 3190 1440 3280 peroptabafut
1463 3190 1576 3263 Vaut
1603 3231 1646 3291 ο

35 3305 167 3364 porta:
191 3298 412 3353 vicinior
434 3299 616 3365 fleret,
644 3306 740 3354 aut
768 3300 837 3355 ad
857 3315 922 3356 se
964 3311 1119 3370 porta
1163 3300 1392 3356 veniret.
1431 3301 1574 3356 Mul-

37 3395 122 3442 tum
150 3389 334 3461 quippe
360 3391 470 3448 illis
499 3390 732 3462 profuit,
757 3393 890 3463 quia
915 3407 1087 3463 prope
1104 3393 1333 3464 januom
1377 3393 1573 3448 civita-

37 3478 86 3532 tis
109 3480 183 3536 illa
214 3485 533 3556 congressio
567 3483 708 3540 facta
735 3483 855 3542 fuit.
889 3484 1100 3541 Tamen
1126 3501 1234 3540 non
1265 3500 1458 3542 omnes
1479 3486 1575 3557 qui

37 3565 532 3630 incolumesfuerant
553 3574 779 3646 egressi,
809 3573 1036 3636 salutati
1079 3589 1300 3630 recessu
1337 3561 1479 3634 sunt
1498 3593 1582 3632 τθ-

37 3663 188 3727 gressi.
215 3663 289 3719 Illi
323 3666 687 3737 potissimum
712 3667 888 3722 malos
915 3681 1200 3737 regressus
1245 3667 1573 3736 habuerunt,

37 3765 144 3818 quos
177 3757 340 3820 nostri
385 3759 576 3828 primo
621 3758 827 3828 impetu
859 3757 1206 3814 invenerunt.
1262 3759 1340 3824 De
1372 3763 1582 3818 nostris

38 3845 160 3912 equis
176 3848 426 3917 plurimos
446 3851 874 3922 sagittaverunt,
905 3852 998 3908 sed
1023 3852 1092 3908 de
1122 3853 1250 3909 suis.
1269 3854 1579 3911 sessoribus

39 3935 280 3996 adterram
301 3943 598 4011 devolutis,
627 3946 800 4002 multo
838 3946 1026 4017 [iures
1060 3948 1420 4018 reliquerunt.
1443 3949 1586 4020 Ipsis

41 4025 186 4096 itaque
203 4030 336 4087 intra
363 4035 564 4090 urbem
582 4037 840 4107 receptis,
863 4038 1044 4094 nostri
1069 4039 1144 4094 ad;
1175 4039 1385 4111 iactum
1412 4041 1582 4114 sagit-

42 4124 92 4172 ta
113 4121 254 4179 unius
294 4129 532 4183 tentoria
579 4139 810 4198 ponunt.
869 4131 1156 4188 Excubata
1201 4133 1370 4206 igitur
1421 4143 1583 4191 nocte

43 4217 274 4278 Iota,cum
303 4217 358 4272 in
401 4219 714 4275 crastinum
758 4222 970 4278 diurnae
1012 4224 1122 4284 luci
1171 4226 1304 4280 solis
1331 4239 1400 4280 se:
1419 4225 1584 4296 jubar

44 4300 310 4377 immiscuit,
361 4312 546 4369 nostri
593 4314 768 4370 armis
795 4314 1052 4372 instructi
1098 4318 1290 4372 urbem
1340 4317 1598 4390 undique

46 4394 350 4469 taltaverunt,
374 4404 760 4475 acerrimoque
789 4420 1094 4478 congressu
1121 4407 1462 4470 invaserunt.

98 4487 222 4558 Tela,
242 4497 420 4564 sudes,
450 4497 774 4568 lapidesque
791 4499 997 4567 volant,
1021 4500 1284 4572 ignesque
1301 4501 1579 4574 facesque,

99 4579 162 4636 Ex
184 4587 371 4654 quibus
399 4590 656 4645 arderent
683 4590 960 4648 introrsus
989 4600 1128 4648 tecta
1149 4593 1461 4650 domorum.

47 4669 131 4726 Sed
164 4677 442 4738 obsistente
485 4681 731 4737 hostium
771 4683 1041 4739 immensa
1085 4686 1458 4754 multitudine,
1496 4687 1587 4742 illa

47 4762 114 4816 die
133 4770 292 4823 nostri.
323 4772 456 4827 nihil
497 4774 922 4843 praevaluerunt,
953 4776 1046 4832 sed
1075 4777 1216 4832 lassi.
1253 4779 1320 4832 ad
1355 4780 1594 4834 tentoria

48 4866 330 4916 remearunt.
362 4863 483 4934 Ipsa
509 4865 598 4921 die
619 4864 976 4922 Boamundus
993 4883 1118 4926 cum
1147 4879 1306 4940 gente
1325 4885 1428 4925 sua
1451 4872 1595 4925 mul-

51 4944 198 5016 “S‘lﬂe
232 4955 346 5014 aliis
391 4957 649 5013 comitem
690 4967 916 5015 secutus
951 4960 1081 5020 illuc
1121 4971 1506 5032 pervenerunt,
1538 4972 1596 5018 et

52 5050 198 5096 castra
233 5055 491 5105 metantes
515 5051 757 5122 undique
794 5052 988 5108 urbem
1027 5054 1383 5109 vallaverant.
1433 5055 1594 5121 Quod

56 5132 255 5194 videntes
281 5142 370 5210 qui
401 5143 678 5202 introrsus
715 5155 894 5214 erant,
935 5148 1108 5204 nimio
1137 5157 1348 5203 ter-rore
1387 5151 1596 5219 percel-

56 5220 224 5294 luntur,
243 5245 534 5305 omnesque
554 5245 728 5307 portat
753 5239 992 5296 civitatis
1017 5239 1234 5311 objectu
1257 5241 1501 5312 lapidum
1526 5243 1596 5298 ab

58 5314 121 5368 eis
144 5318 494 5381 obstrunntur.
521 5329 867 5400 Acceperunt
899 5331 1066 5402 igitur
1095 5334 1324 5390 comites
1361 5335 1416 5388 in
1451 5335 1596 5390 invi-

61 5420 154 5506 cem
179 5417 472 5506 consilium,
507 5424 768 5492 quwtiam
808 5440 877 5479 ex
917 5440 1078 5496 atquo
1110 5441 1222 5482 non
1263 5428 1428 5483 fiebat
1453 5444 1597 5499 prae-

64 5496 188 5557 lium.
209 5504 586 5582 Praecipiuntur
612 5515 734 5570 ﬁeri
761 5515 980 5584 arietes,
1009 5516 1224 5575 ferrata:
1253 5496 1470 5577 scilicet
1486 5531 1599 5577 tra-

67 5587 162 5658 beis,
183 5611 292 5666 quae
317 5605 562 5663 manibus
592 5607 828 5664 militum
873 5608 1098 5668 funibus
1133 5623 1467 5683 appenszect
1491 5622 1602 5670 tra-

73 5689 152 5738 tta:
174 5688 224 5744 in
262 5707 466 5753 murum
503 5699 930 5770 impellerentur,
960 5712 1015 5759 et
1051 5705 1132 5761 sic
1155 5707 1372 5764 crebris
1409 5723 1600 5762 earum

75 5783 464 5845 Percussionibus
497 5793 642 5848 muri
673 5794 1106 5853 destruerentur.
1146 5797 1312 5855 Facta
1339 5808 1425 5856 est
1451 5809 1505 5855 et
1534 5801 1602 5854 li-

79 5881 190 5933 gnea
212 5877 382 5947 turris,
405 5881 626 5954 lapideis
653 5889 900 5946 turribus
942 5892 1078 5949 satis
1105 5892 1287 5960 altior,
1311 5901 1365 5950 ct
1391 5893 1600 5950 machi-

1662 607 1756 662 bat
1789 615 1972 663 autem
2001 607 2106 662 tria
2131 607 2330 662 solatia
2357 622 2483 677 qua:
2505 616 2660 664 erant
2699 607 2837 663 bene
2863 610 3035 666 scutis
3063 621 3120 665 et
3141 619 3260 666 tro-

1661 701 1832 758 cltleis
1863 701 2218 770 praemunita.
2241 698 2304 755 lu
2322 700 2539 756 duobus
2577 701 2957 770 superioribus
2983 712 3142 758 erant
3172 705 3260 759 lo-

1663 795 1821 852 ricati
1858 811 1984 851 cum
2015 794 2140 850 telis
2167 803 2221 849 et
2267 793 2496 850 sudibus
2534 801 2598 849 et.
2613 795 2846 865 sagittis,
2881 805 2936 852 et
2963 791 3260 867 lapidibus,

1663 887 1809 958 pilis,
1851 897 1905 942 et
1935 885 2180 953 facibus;
2227 887 2425 946 subtus
2456 890 2615 942 erant
2653 887 3016 946 nihilominus
3059 887 3262 944 armati

1663 985 1758 1055 qui
1788 994 1938 1039 rotas
1957 983 2350 1054 impingebant,
2370 997 2536 1052 super
2553 966 2692 1054 quas
2713 984 2887 1054 ipsam
2913 985 3108 1045 turrim
3126 1001 3262 1040 con-

1663 1077 1974 1132 stituerant.
2023 1075 2130 1130 Alii
2178 1071 2630 1146 quidem'factam
2673 1077 3046 1132 testitudincm
3099 1073 3263 1132 muro

1663 1170 2065 1240 applicuerunt,
2087 1176 2143 1223 et
2169 1167 2439 1224 fossatum
2465 1169 2612 1240 quod
2637 1177 2755 1224 erat
2784 1168 2976 1238 ingens
3004 1169 3261 1238 adaequa—

1664 1255 1814 1330 run't,
1846 1272 1906 1317 ut
1925 1262 2121 1318 turrim
2148 1278 2306 1317 muro
2337 1270 2560 1332 possent
2594 1262 2823 1328 sociare,
2847 1271 2904 1316 ct
2929 1261 3102 1331 ipsius
3131 1279 3258 1316 mu-

1666 1356 1872 1411 nimine
1909 1355 2166 1426 protecti,
2206 1356 2384 1426 ipsum
2434 1371 2652 1412 murum
2684 1355 2928 1410 valerent
2956 1355 3270 1426 perforare;

1665 1448 1810 1517 quod
1847 1447 1922 1502 ita
1961 1445 2166 1502 factum
2202 1454 2305 1502 est.
2357 1446 2462 1501 Sed
2501 1445 2688 1502 miseri
2720 1447 2866 1503 cives
2895 1443 3084 1501 contra
3118 1446 3260 1502 fece-

1666 1548 1792 1596 rant
1834 1539 2112 1610 quoddam
2155 1539 2608 1606 instrumentum,
2651 1554 2762 1609 quo
2787 1539 3022 1611 grandes
3052 1539 3262 1609 lapides

1667 1634 1958 1692 adversum
1987 1633 2181 1688 turrim
2202 1633 2501 1702 iaciebant,
2524 1639 2578 1686 et
2597 1630 2762 1686 etiam
2789 1633 2968 1702 ignem
2985 1625 3259 1698 Gnaeum,

1669 1742 1780 1797 quo
1802 1741 1922 1781 eam
1949 1726 2221 1792 arderent,
2253 1724 2592 1779 emittebant.
2629 1721 2733 1778 Sed
2759 1723 2853 1778 Dei
2883 1723 3054 1793 gratia
3078 1730 3264 1792 prote-

1669 1828 1848 1891 gente,
1874 1818 2055 1876 omnis
2083 1826 2315 1874 conatus
2348 1814 2540 1872 eorum
2571 1831 2871 1886 omnesque
2902 1815 3265 1870 n‘tachinazio-

1668 1928 1767 1968 nes
1797 1911 2074 1967 frustratze
2098 1919 2246 1977 sunt,
2274 1918 2330 1966 et
2352 1910 2420 1966 ad
2447 1909 2679 1972 nihilum
2715 1907 2964 1965 redaclm.
2991 1909 3126 1966 Nam
3150 1918 3265 1964 tur-

1671 2005 1748 2059 ris
1769 2005 1948 2076 lignea
1975 2003 2068 2059 ubi
2099 2018 2264 2063 muro
2295 2003 2544 2074 proxima
2580 2000 2703 2066 fuit,
2734 2016 2930 2059 omnes
2949 2002 3046 2072 qui
3079 2003 3132 2056 in
3173 2001 3268 2056 illa

1671 2105 1828 2168 parte
1855 2097 2000 2152 muri
2025 2104 2204 2162 erant,
2229 2106 2288 2151 ut
2309 2095 2413 2150 sub
2440 2111 2499 2149 se
2519 2094 2834 2164 despiciens
2861 2095 3174 2165 prostravit.

1743 2187 2070 2243 Guillelmus
2111 2187 2179 2242 de
2215 2185 2398 2240 Monte
2437 2185 2686 2252 Pistoris,
2740 2183 2918 2258 [alias
2941 2183 3267 2258 Passulano]

1672 2282 1790 2352 ipse
1816 2279 1920 2335 fuit
1949 2276 2076 2335 cum
2115 2279 2304 2336 multis
2338 2279 2461 2334 aliis
2498 2278 2553 2332 in
2579 2278 2850 2348 superiori
2881 2277 3103 2333 solaris.
3137 2277 3270 2332 Erat

1673 2382 1860 2428 autem
1901 2387 2024 2428 cum
2058 2386 2126 2427 eo
2161 2380 2392 2426 venator
2418 2369 2664 2441 quidam,
2713 2371 2937 2426 nomine
2981 2369 3267 2436 Evr-artius,
3369 2361 3376 2368 ’

1672 2463 1766 2533 qui
1799 2463 1994 2533 spiritu
2023 2459 2353 2518 buccinandi
2392 2471 2512 2517 erat
2535 2462 2813 2534 pmditus.
2843 2459 2982 2514 Nam
3017 2475 3158 2516 sono
3181 2469 3268 2513 tu-

1673 2555 1968 2610 multuosa:
1995 2550 2150 2610 vocis
2182 2563 2240 2610 et
2285 2554 2630 2614 adversarios
2672 2553 3002 2618 exterrebat,
3043 2560 3100 2606 et
3138 2565 3274 2607 suos

1677 2649 1745 2703 ad
1778 2648 1917 2704 bella
1941 2648 2230 2703 incitabat.
2259 2647 2326 2702 Et
2347 2647 2477 2703 dum
2502 2647 2832 2702 Guillelmus’
2848 2661 2973 2700 cum
3003 2643 3120 2700 suis
3148 2659 3284 2714 quat.

1675 2741 1822 2797 circa
1854 2757 1916 2796 se
1941 2749 2072 2796 sunt
2091 2741 2372 2808 devastat;
2400 2755 2528 2794 nam
2558 2739 2749 2794 missis
2774 2737 3076 2798 molaribus
3099 2736 3272 2803 saxis,

1675 2835 1793 2907 ipsa
1819 2826 2109 2890 domorum
2135 2841 2276 2889 tecta
2303 2826 2709 2903 confringebat;
2743 2831 2838 2902 qui
2867 2831 2970 2885 sub
2997 2844 3064 2886 eo
3093 2836 3274 2896 crant,

1674 2943 1896 2984 murum
1922 2921 2220 2994 fodiebant,
2245 2936 2300 2982 et
2319 2926 2413 2982 alii
2435 2925 2514 2980 ad'
2537 2925 2682 2980 muri
2717 2923 3124 2996 propugnacula
3153 2937 3282 2976 εστιν

1675 3020 1784 3074 lam
1817 3019 2120 3092 erigebant,
2152 3035 2319 3092 quam
2355 3027 2619 3087 erectam,
2656 3033 2782 3075 cum
2827 3018 3016 3072 nullus
3046 3015 3276 3072 auderet

1677 3115 1988 3169 ascendere.
2026 3109 2209 3184 prior,
2234 3129 2344 3168 non
2378 3111 2604 3184 pertulit
2628 3112 2853 3184 quidam
2903 3109 3185 3168 G‘ulferius
3210 3111 3278 3164 de

1677 3204 1730 3258 la
1754 3203 1932 3261 Turre
1979 3205 2136 3266 miles
2160 3205 2446 3273 honestus,
2479 3205 2576 3262 sed
2609 3205 2998 3264 incunctanter
3032 3202 3278 3260 ascendit

1679 3312 1920 3363 murum,
1945 3299 2243 3370 pluresque
2273 3299 2372 3354 viri
2399 3298 2574 3355 fortes
2591 3297 2764 3354 secuti
2792 3306 2922 3353 sunt
2941 3311 3090 3354 eum.
3133 3295 3280 3351 Gen-

1676 3391 1800 3446 tiles
1829 3404 1980 3457 vero,
2015 3399 2076 3445 ut
2114 3391 2366 3446 viderunt
2398 3406 2498 3448 eos
2525 3405 2691 3462 super
2725 3393 2950 3445 'murum
2979 3388 3286 3445 ascenden-

1676 3496 1781 3552 tes,
1809 3485 1890 3540 ira
1916 3484 2227 3541 vehementi
2254 3484 2515 3540 commoti
2541 3492 2690 3553 sunt,
2720 3491 2776 3539 et
2800 3483 3044 3553 undique
3077 3481 3133 3536 in
3156 3481 3280 3536 illos

1677 3585 2038 3646 consurgunt,
2070 3583 2394 3646 tantumque
2429 3590 2526 3632 eos
2559 3575 2760 3646 jaculis
2787 3584 2844 3631 et
2871 3573 3087 3645 sagittis
3114 3587 3286 3628 coar-

1678 3677 1987 3736 ctaverunt,
2013 3677 2074 3724 ut
2101 3669 2324 3740 quidam
2350 3675 2668 3723 nostrorum
2709 3666 2803 3736 qui
2841 3680 3062 3721 murum
3086 3679 3281 3719 ascen-

1679 3762 1890 3829 derant,
1931 3761 2146 3831 seipsos
2175 3761 2246 3818 ad
2286 3772 2486 3817 terram
2531 3757 2848 3829 dejeoerint,
2881 3758 2975 3829 qui
3021 3765 3278 3825 mortem,

1681 3869 1850 3924 quam
1884 3854 2118 3910 evadere
2148 3845 2436 3924 putabant,
2477 3852 2654 3909 collisi
2702 3850 2772 3906 ad
2801 3860 3004 3907 terram
3051 3850 3280 3906 invene-

1681 3955 1832 4002 runt.
1864 3945 2021 4014 Quod
2045 3962 2173 4002 cum
2199 3946 2428 4002 vidisset
2468 3946 2616 4001 clara
2649 3946 2910 4017 juventus
2938 3953 3281 4011 nostrorum,

1683 4037 1991 4094 Gulferium
2021 4038 2230 4094 scilicet
2250 4053 2378 4094 cum
2403 4038 2596 4108 paucis
2619 4032 2864 4109 pugnare
2889 4051 3054 4108 super
3077 4052 3283 4108 prepo-

1684 4131 1916 4202 gnacula
1942 4145 2252 4197 murorum,
2275 4129 2628 4186 immemores
2650 4130 2758 4195 sui,
2783 4129 2878 4185 sed
2906 4144 3178 4186 memores
3198 4143 3285 4184 so-

1686 4225 1920 4291 ciorum,
1961 4221 2250 4279 confestim
2280 4221 2604 4288 ascendunt,
2646 4229 2967 4292 partemque
2997 4220 3140 4275 muri
3181 4235 3284 4275 sua

1684 4315 2034 4378 multitudine
2052 4314 2392 4385 cooperiunt.
2419 4312 2649 4369 Stabant
2669 4323 2850 4368 autem
2867 4311 3023 4383 juxta
3045 4313 3284 4384 ligneam

1685 4410 1885 4464 turrim
1916 4407 2234 4466 sacerdotes
2267 4417 2323 4463 et
2361 4406 2556 4473 levita,
2588 4406 2826 4462 ministri
2862 4403 3104 4469 Domini,
3125 4403 3285 4458 invo-

1687 4509 1876 4559 cantes
1945 4510 2408 4574 propugnatorem
2463 4500 2642 4572 gentis
2703 4499 3030 4554 Christianae
3093 4495 3284 4552 losum

1622 4596 1666 4653 D
1690 4596 1968 4654 Christum
1997 4597 2196 4656 Filium
2223 4594 2340 4662 Dei,
2365 4605 2420 4651 et
2456 4594 2710 4651 dicebant
2735 4613 2750 4648 ε
2782 4613 2802 4646 ι
2835 4593 3084 4658 Domine,
3118 4591 3286 4645 inise-

1693 4702 1814 4743 rere
1847 4687 2204 4760 nostri..Esto
2229 4687 2517 4744 brachium
2546 4672 2796 4742 nostrum
2825 4685 2879 4738 in
2906 4699 3085 4749 mane,
3109 4690 3164 4736 et
3191 4695 3280 4736 sa-

1693 4777 1780 4833 lus
1819 4787 2022 4834 nostra:
2060 4779 2116 4834 in
2153 4788 2402 4850 tempore
2444 4778 2835 4834 tribulationis.
2875 4774 3104 4845 Eﬁ‘uude
3144 4774 3288 4827 iram

1697 4879 1844 4924 tuam
1877 4871 1934 4924 in
1957 4879 2132 4942 gentes
2158 4889 2277 4943 qua:
2305 4881 2353 4927 te
2381 4887 2485 4926 non
2513 4877 2787 4936 noverunt,
2824 4877 2874 4922 et
2899 4869 2954 4921 in
2988 4883 3145 4938 regna
3167 4881 3286 4936 qua:

1696 4977 1884 5016 nomen
1913 4972 2063 5017 tuum
2086 4980 2188 5018 non
2215 4965 2585 5020 invocaverunt
2613 4961 3030 5034 (Psal.1.xxvm,
3054 4958 3129 5030 6).
3154 4957 3286 5012 Dis-

1697 5069 1850 5125 perge
1887 5054 2011 5110 illos
2057 5057 2114 5110 in
2155 5058 2348 5111 virtute
2385 5065 2506 5123 tua,
2547 5064 2597 5110 et
2638 5055 2835 5123 depone
2875 5068 2982 5120 eos,
3023 5059 3290 5121 protector

1698 5158 1874 5202 noster
1899 5150 2122 5204 Domine
2152 5149 2324 5218 (Paul.
2358 5167 2510 5216 ιηιι,
2535 5149 2645 5221 12).
2679 5167 2700 5201 r
2735 5147 2875 5202 Dum
2904 5147 2984 5204 sic
3009 5155 3282 5218 ageretur,

1700 5241 1844 5310 quod
1888 5242 1981 5297 alii
2027 5243 2361 5312 pugnabant,
2395 5243 2486 5296 alii
2533 5241 2822 5312 plorabant
2860 5250 2914 5297 et
2963 5241 3285 5312 psallebant,

1701 5333 1794 5388 alii
1818 5349 2008 5390 muros
2031 5335 2415 5402 suffodiebant,
2439 5333 2716 5390 Gulferius
2738 5335 2976 5407 graviori
3000 5351 3180 5407 pugna
3200 5335 3289 5390 dc-

1702 5425 1955 5493 sudabat,
1993 5427 2122 5497 quia
2169 5442 2360 5484 omnes
2401 5428 2697 5484 adversarii
2738 5430 2790 5483 in
2835 5446 2960 5485 eum
2993 5442 3048 5485 et
3077 5429 3130 5483 in
3169 5430 3290 5499 ejus

1700 5527 2006 5586 consortes,
2043 5527 2098 5574 et
2137 5519 2255 5590 ipse
2297 5536 2426 5574 cum
2453 5522 2567 5576 suis
2592 5531 2782 5578 contra
2811 5537 3022 5579 omnes.
3057 5521 3290 5594 Clypcus

1702 5611 1822 5680 ejus
1847 5618 1966 5665 erat
1993 5611 2249 5667 omnibus
2283 5613 2400 5668 suis
2426 5614 2692 5684 protectio
2716 5613 2896 5681 fortis,
2928 5615 3014 5670 his
3043 5613 3292 5669 videlicet

1703 5697 1797 5778 qui
1821 5707 2054 5762 erantin
2085 5721 2265 5762 muro.
2297 5707 2437 5763 Muri
2465 5708 2643 5764 brevis
2673 5717 2726 5764 ct
2760 5690 2908 5764 arcta
2935 5707 3186 5771 latitudo,
3209 5721 3293 5759 so-

1705 5800 1853 5857 cium
1897 5800 2004 5856 sibi
2052 5799 2312 5872 conjungi
2355 5816 2466 5856 non
2503 5801 2842 5868 admittebat,
2893 5815 2994 5855 nec
3031 5798 3291 5854 adversa-

1707 5893 1871 5963 rium,
1899 5893 2004 5950 nisi
2029 5909 2224 5964 unum,
2254 5895 2441 5951 venire
2468 5895 2814 5968 permittebat
2843 5911 2855 5946 :
2898 5891 2991 5948 sed
3015 5892 3081 5947 dc
3109 5889 3292 5946 Gulfe-
