3846 6306
513 382 622 442 πε)

1119 381 1211 437 AD
1251 377 1700 440 GODEFRIDUM
1740 375 2032 433 APPEND.
2074 375 2142 436 ll.
2185 409 2253 422 —-
2291 380 2560 439 MONUM.
2603 379 2694 436 DE
2727 379 2953 438 BELLO
2985 379 3235 440 SACRO.
3644 390 3742 448 ill).

513 502 600 559 rio
626 499 810 556 nullus
839 497 1080 554 hostium
1112 495 1488 567 triumphavit,
1516 509 1642 550 cum
1677 501 1860 548 tamen
1889 493 2008 563 ipse
2041 492 2109 553 de
2137 504 2182 562 Α
2215 505 2327 553 tota
2353 505 2535 553 tamen
2566 497 2682 552 fieri
2720 497 2897 568 potuit
2923 497 3011 554 die
3049 497 3160 553 illa.
3187 495 3245 553 In
3275 497 3560 556 crastinum
3593 515 3732 563 autem

514 591 892 663 compluribus
913 589 1352 660 triumphaverit.
1385 587 1678 656 Propterea
1704 600 1868 640 nemo
1896 585 1973 646 illi
1992 589 2106 657 jam

513 699 810 742 occursare
840 683 1224 754 praesumebat,
1264 681 1392 751 quia
1425 677 1788 734 infortunium
1812 684 1961 755 quod
1985 683 2110 738 aliis

513 794 645 834 ense
699 779 845 834 illius
887 777 1212 847 contigerat,
1245 773 1628 843 unusquisque
1663 770 1771 832 sibi
1813 777 2106 831 metuebat.

515 867 668 935 Tela,
700 864 946 940 sagittas,
972 868 1157 934 sudes,
1187 864 1418 935 lapides,
1443 863 1519 918 illi
1544 863 1844 933 iaciebant,
1871 876 2113 922 tantum-

513 975 623 1030 que
643 961 888 1031 clypeum
929 959 1050 1029 ejus
1076 973 1143 1012 ex
1171 957 1259 1011 his
1281 970 1669 1022 oneraverant,
1699 969 1760 1015 ut
1787 959 1856 1014 ab
1879 975 1990 1014 uno
2011 958 2113 1012 ho—

515 1051 662 1105 mine
695 1049 863 1105 levari
907 1065 1016 1104 non
1058 1047 1318 1118 potuerit.
1367 1044 1600 1122 Jamque
1648 1051 1982 1106 fortissimus
2028 1050 2114 1104 vir

515 1139 772 1212 fatigatus
811 1150 947 1205 erat,
984 1141 1210 1212 jamque
1247 1146 1478 1202 sudores
1521 1155 1635 1201 toto
1671 1146 1745 1200 ‘de
1783 1160 2012 1215 c0rpore
2055 1144 2108 1199 iu

513 1243 713 1286 terram
763 1232 1104 1304 defluebant,
1157 1238 1382 1309 jamque
1415 1246 1473 1292 ut
1523 1237 1572 1292 ei
1619 1237 1756 1292 alter
1798 1237 2114 1292 succederet

510 1323 736 1393 grandis
760 1329 1062 1384 necesSitas
1085 1329 1358 1400 exigebat,
1387 1345 1512 1385 cum
1543 1328 1620 1383 illi
1645 1328 1739 1399 qui
1762 1343 1979 1382 murum
2003 1325 2114 1382 suf-

511 1409 784 1483 foderant,
818 1433 945 1472 eum
989 1433 1190 1490 magno
1231 1418 1438 1489 impetu
1473 1418 1838 1483 intraverunt,
1881 1416 2110 1471 detrun-

509 1517 702 1565 cautes
728 1510 1017 1567 universos
1039 1527 1179 1582 quos
1203 1511 1460 1582 primitus
1494 1510 1838 1566 invenerunt.
1872 1506 1991 1575 Qua
2022 1507 2110 1562 in-

510 1600 748 1672 opinata:
783 1603 860 1658 rei
887 1602 1252 1658 admiratione
1297 1600 1590 1674 stupefacti
1637 1610 1768 1658 sunt
1794 1615 1988 1657 omnes
2013 1601 2109 1670 qui

513 1704 676 1750 erant
696 1711 866 1766 super
886 1711 1095 1763 muros,
1122 1705 1175 1752 et

581 1788 814 1844 Concito
842 1789 1022 1846 vitalis
1050 1791 1200 1845 calor
1219 1805 1346 1846 ossa
1368 1789 1592 1861 reliquit
1611 1805 1823 1858 eorum,

584 1880 840 1952 Frigidus
877 1889 1043 1954 atque
1071 1899 1241 1954 pavor
1265 1883 1506 1954 possedit
1530 1883 1696 1938 corda
1722 1897 1966 1937 reorum.

512 1972 657 2040 Quid
687 1974 892 2030 faceret
921 1990 1055 2046 gens
1083 1974 1208 2029 data
1232 1973 1374 2039 neci,
1406 1989 1682 2044 sensuque
1710 1972 1908 2039 aliena,
1939 1983 2105 2042 quam

513 2068 602 2122 sui
649 2067 893 2138 undique
929 2069 1115 2123 hostes
1145 2066 1412 2137 urgebant
1454 2075 1508 2121 et
1554 2066 1694 2121 intra
1732 2074 1788 2121 et
1827 2065 1882 2119 in
1914 2063 2109 2119 muro?

514 2158 794 2217 Gulferius
814 2159 958 2215 enim
981 2159 1076 2231 qui
1125 2162 1289 2231 paulo
1338 2168 1464 2216 ante
1499 2158 1758 2229 fatigatus
1797 2156 2106 2226 deficiebat,

514 2267 686 2308 novas
711 2252 928 2309 interim
961 2262 1337 2325 resumpserat
1359 2253 1524 2319 vires,
1556 2251 1739 2322 etjam
1778 2265 1888 2306 non
1919 2249 2108 2322 clypeo

511 2351 792 2413 protectus
833 2351 930 2399 aut
966 2343 1136 2415 galea,
1185 2345 1278 2400 sed
1309 2358 1495 2399 ensem
1536 2342 1766 2398 rubeum
1817 2350 2006 2396 tenens
2053 2339 2108 2394 in

512 2435 757 2503 dextera,
780 2434 1080 2506 fugientem
1109 2435 1255 2492 celer
1286 2434 1594 2506 insequitur
1615 2434 1864 2500 hostem;
1893 2431 2110 2503 plures-

513 2543 620 2598 que
646 2528 997 2584 mortilicavit
1037 2525 1331 2583 formidine
1355 2541 1520 2597 quam
1549 2524 1748 2597 gladio,
1775 2523 1872 2595 qui
1899 2521 2110 2594 seipsos

512 2621 990 2690 praecipitaverunt
1017 2620 1085 2676 de
1107 2635 1285 2675 muro.
1324 2618 1456 2673 Erat
1481 2626 1664 2674 autem
1687 2631 1855 2687 super
1893 2623 2108 2686 portam

512 2727 624 2767 um
653 2713 822 2768 turris
844 2727 969 2783 quae
991 2711 1445 2782 praestantissima
1474 2719 1530 2766 et
1558 2708 1756 2764 fortior
1783 2707 1997 2764 caeteris
2021 2706 2106 2762 vi—

515 2805 769 2872 debatur,
794 2804 850 2859 in
881 2819 1005 2860 eam
1029 2802 1313 2860 mandavit
1342 2801 1693 2859 Boamundus
1717 2799 2009 2856 ditioribus
2029 2798 2128 2855 ci-‘

513 2897 677 2953 vibus
718 2912 817 2968 per
845 2897 1218 2969 interpretem,
1247 2905 1310 2952 ut
1349 2895 1620 2968 fugerent,
1645 2893 1907 2966 quoniam
1940 2907 2036 2949 eos
2076 2905 2109 2947 a

514 2999 692 3044 morte
733 2989 1008 3057 liberaret,
1052 2989 1099 3046 si
1128 3005 1188 3046 se
1225 2989 1296 3045 ab
1339 2989 1459 3060 ipso
1494 2989 1842 3045 redimerent.
1869 2987 2026 3056 Quod
2055 2994 2110 3042 et

515 3082 595 3136 ilii
624 3080 892 3150 fecerunt,
925 3097 1094 3154 seque
1122 3082 1248 3139 fidei
1282 3081 1430 3138 illius
1463 3081 1830 3138 crediderunt.
1861 3079 2109 3136 Cessavit

516 3175 684 3246 igitur
709 3183 842 3232 tunc
885 3177 977 3233 illa
1017 3177 1346 3249 persecutio,
1373 3177 1502 3248 quia
1545 3177 1687 3232 ultra
1715 3175 1966 3248 protendi
2011 3177 2108 3232 ab-

517 3267 722 3322 nuebat
754 3269 965 3340 vesperi
1011 3269 1411 3325 obtenebratio.
1460 3268 1761 3324 Sabbatum
1808 3282 1939 3324 vero
1979 3283 2107 3325 cum

516 3367 684 3426 esset,
716 3375 817 3415 nec
840 3359 1142 3417 victoribus
1171 3377 1271 3416 nec
1299 3360 1457 3416 victis
1481 3367 1696 3431 poterat
1718 3374 1840 3415 esse
1869 3359 2106 3430 requies.

517 3450 666 3509 Misit
694 3468 879 3509 comes
907 3454 1053 3510 circa
1078 3454 1267 3510 urbem
1295 3455 1664 3521 excubitores,
1689 3462 1744 3509 et
1765 3452 1912 3510 intus
1937 3461 1992 3510 et
2016 3469 2112 3509 ex-

517 3549 624 3610 tra,
652 3558 720 3597 ne
746 3543 894 3598 ullus
921 3541 1150 3614 fugeret,
1177 3550 1231 3599 et
1257 3544 1428 3615 spolia
1453 3543 1609 3599 urbis
1639 3558 1824 3600 secum
1847 3541 2106 3600 auferret.

586 3635 647 3690 ln
683 3636 985 3692 crastinum
1033 3645 1094 3692 ut
1120 3636 1237 3692 dies
1288 3638 1564 3694 lucescere
1592 3637 1780 3708 erepit,
1831 3637 2008 3695 nostri
2041 3637 2110 3692 ad

517 3743 671 3782 arma
704 3736 952 3796 currunt,
980 3737 1034 3784 et
1074 3743 1168 3798 per
1187 3729 1341 3785 vicos
1374 3737 1430 3784 et
1469 3729 1698 3800 plateas,
1729 3738 1980 3800 tectaque
2019 3729 2114 3785 do-

518 3836 758 3889 morum,
798 3837 896 3877 ceu
927 3822 1096 3877 leaena
1140 3822 1311 3893 raptis
1352 3823 1570 3891 catulis,
1603 3823 1876 3880 saeviendo
1899 3823 2113 3879 discur-

519 3923 648 3970 runt
679 3932 694 3971 ἓ

594 4007 886 4076 Dilaniant,
914 4009 1244 4080 traduntque
1275 4010 1392 4066 neri
1417 4026 1617 4081 pueros
1642 4011 2004 4082 iuvenesque,

591 4099 850 4172 Quosque
872 4110 1063 4172 gravat
1087 4102 1328 4174 longaeva
1353 4103 1490 4170 dies,
1514 4114 1812 4174 curvatque
1836 4111 2110 4160 senectus.

519 4192 663 4250 Nulli
685 4195 1001 4264 parcebant,
1048 4194 1142 4249 sed
1187 4195 1391 4265 plures,
1418 4205 1478 4251 ut
1501 4197 1662 4252 citius
1691 4195 1996 4261 (inirentur,
2029 4194 2113 4250 la-

521 4287 679 4357 queis
700 4287 1139 4356 suspendebant.
1185 4285 1318 4341 Mira
1346 4302 1456 4353 res,
1493 4287 1807 4357 mirumque
1832 4293 2115 4356 spectacu-

520 4379 656 4447 lum,
683 4380 831 4450 quod
863 4389 1026 4434 tautae
1048 4380 1222 4452 gentis
1247 4380 1540 4435 multitudo
1560 4389 1614 4434 et
1637 4387 1870 4447 armata,
1895 4379 1976 4434 sic
2011 4379 2121 4434 im-

522 4488 667 4542 pune
697 4473 1048 4529 occidebatur
1074 4473 1222 4544 quod
1268 4473 1452 4528 nullus
1481 4487 1672 4527 eorum
1721 4471 2110 4527 reluctabatur.

2208 591 2522 663 quicunque
2553 591 2608 644 in
2637 591 3058 662 quibuscunque
3098 591 3234 647 locis
3263 590 3668 664 inveniebantur,
3685 602 3738 655 ei-

2209 683 2332 738 dem
2363 698 2538 754 preme
2563 682 2756 752 capitis
2793 683 3242 753 subjiciebantur.
3271 680 3463 738 Nullus
3494 696 3601 740 erat
3623 687 3739 747 locus

2209 775 2266 830 in
2297 777 2431 831 urbe
2455 784 2591 842 tota,
2616 775 2875 846 nullaque
2896 774 3202 846 fovea'quae
3223 789 3413 832 eorum
3442 777 3740 838 cadaveribus

2210 883 2306 923 seu
2329 866 2620 923 cruoribus
2644 881 2753 921 non
2781 875 2931 922 esset
2953 866 3259 936 inquinata.

2829 958 3061 1014 CAPUT
3097 957 3187 1014 Ill.

2281 1050 2426 1106 Urbe
2455 1051 2622 1122 igitur
2643 1051 2724 1107 sic
2745 1050 3036 1121 acquisita,
3052 1058 3107 1105 et
3148 1066 3177 1104 a
3207 1049 3499 1106 rebellibus
3520 1049 3684 1108 Turcis
3700 1054 3746 1109 li-

2210 1139 2418 1207 berata,
2477 1139 2828 1195 Boamundus
2870 1155 3062 1210 pacem
3117 1139 3337 1194 comitis
3387 1140 3664 1209 requisivit,
3702 1151 3746 1199 ut

2209 1233 2419 1288 scilicet
2457 1232 2804 1288 Antiochiam
2850 1231 3162 1287 absolutam
3203 1233 3309 1286 sibi
3357 1232 3610 1297 redderet,
3640 1235 3743 1290 etin

2209 1343 2344 1398 pace
2377 1342 2498 1382 eam
2527 1326 2632 1382 sibi
2667 1326 2870 1381 habere
2894 1325 3254 1396 permitteret.
3290 1323 3494 1380 Comes
3521 1340 3636 1380 vero
3653 1342 3747 1382 eorr-

2211 1429 2293 1476 tra
2335 1419 2550 1476 dicebat
2580 1419 2634 1475 id
2675 1419 2989 1474 nullatenus
3031 1418 3150 1474 sine
3187 1417 3433 1488 perjurio
3472 1431 3619 1488 posse
3641 1420 3745 1486 ﬁeri,

2209 1521 2430 1584 propter
2477 1519 2906 1577 sacramentum,
2957 1509 3105 1581 quod
3147 1510 3269 1581 ipso
3315 1509 3483 1564 etiam
3531 1508 3748 1566 mediante

2210 1604 2418 1662 factum
2441 1604 2622 1661 fuerat
2645 1604 2962 1675 imperatori
2981 1603 3192 1658 Alexio.
3233 1601 3582 1659 Boamundus
3609 1603 3750 1674 itaque

2209 1712 2464 1753 reversus
2485 1705 2569 1753 est
2594 1695 2966 1763 Antiochiam,
2999 1709 3270 1764 suamque
3295 1693 3373 1748 ibi
3403 1693 3601 1748 dimisit
3615 1695 3750 1749 socie-

2212 1795 2399 1842 tatem.
2428 1787 2662 1844 Dietavit
2682 1796 2864 1842 autem
2890 1786 2945 1840 in
2975 1785 3067 1841 illa
3097 1785 3318 1842 civitate
3349 1783 3612 1839 exercitus
3626 1783 3755 1840 Fram

2137 1867 2182 1926 Β
2209 1894 2401 1935 corum
2433 1895 2531 1950 per
2551 1895 2794 1935 mensem
2830 1894 3000 1934 unum
3026 1887 3081 1934 et
3104 1879 3222 1935 dies
3251 1886 3519 1948 quatuor;
3543 1886 3593 1932 et
3615 1877 3662 1932 iu
3679 1879 3753 1932 hac

2208 1986 2363 2028 mora
2385 1972 2651 2043 temporis
2671 1972 2806 2028 obiit
2826 1979 3004 2028 morte
3031 1971 3272 2042 pretiosa
3293 1971 3581 2041 episcopus
3604 1967 3755 2025 Orien-

2209 2064 2306 2121 sis.
2357 2063 2542 2136 Longo
2602 2065 2825 2136 quidem
2885 2072 3154 2134 tempore,
3201 2063 3542 2132 nimiumque
3587 2061 3756 2132 pretim

2211 2159 2591 2213 hiemaverunt
2621 2156 2716 2223 ibi,
2743 2155 2873 2227 quia
2905 2154 3042 2211 nihil
3071 2155 3218 2226 quod
3262 2154 3509 2220 ederent,
3538 2152 3669 2224 quod
3692 2168 3757 2208 ra-

2209 2259 2421 2321 perent,
2450 2258 2664 2321 poterat
2700 2248 2955 2306 inveniri.
3000 2246 3202 2318 Sicque
3231 2245 3396 2303 famis
3429 2245 3619 2317 injuria
3641 2260 3757 2301 eom-

2211 2343 2468 2414 pellente,
2511 2341 2762 2413 contigit,
2803 2340 2954 2412 quod
2977 2341 3144 2396 etiam
3193 2339 3345 2396 dictu
3391 2337 3639 2395 horribile
3678 2347 3758 2400 est,

2211 2435 2359 2506 quod
2387 2450 2621 2506 corpora
2651 2434 2936 2507 gentilium
2962 2432 3018 2488 iu
3059 2431 3236 2489 frusta
3271 2431 3589 2489 scindebant
3616 2438 3664 2485 et
3694 2444 3760 2485 co-

2211 2529 2522 2585 medebant.
2571 2527 2687 2584 Hac
2725 2527 2894 2599 igitur
2915 2513 3382 2582 "incommoditate
3411 2531 3673 2595 permotus
3695 2538 3761 2580 co-

2212 2634 2330 2675 mes
2375 2617 2564 2675 Sancti
2609 2617 2816 2690 AEgidii
2864 2617 3145 2672 mandavit
3188 2615 3406 2673 cunctis
3446 2615 3758 2686 principibus,

2210 2711 2306 2782 qui
2321 2720 2480 2766 erant
2495 2710 2820 2778 Antiochiae,
2833 2719 2895 2766 ut
2910 2710 2979 2766 ad
2995 2709 3228 2781 Rugiam
3251 2709 3528 2767 civitatem
3543 2707 3761 2764 conveni»

2211 2811 2354 2870 rent,
2369 2802 2506 2858 etde
2520 2801 2608 2858 via
2637 2801 2814 2859 sancti
2837 2802 3075 2873 sepulcri
3092 2802 3168 2858 ibi
3196 2801 3338 2857 inter
3360 2800 3759 2870 sedisponerent.

2209 2893 2290 2951 Illi
2323 2895 2546 2966 quidem
2570 2895 2682 2952 illic
2713 2904 3111 2964 convenerunt,
3142 2895 3238 2953 sed
3261 2895 3330 2951 de
3355 2909 3469 2967 quo
3489 2903 3544 2949 et
3566 2908 3659 2964 pro
3679 2904 3763 2962 quo

2209 2999 2475 3048 venerant
2498 2987 2725 3045 minime
2746 2987 2916 3045 locuti
2938 2997 3086 3056 sunt,
3106 2987 3220 3045 sed
3241 2987 3310 3044 de
3329 3003 3467 3058 pace
3492 2994 3547 3042 et
3573 2999 3763 3041 concor-

2210 3083 2301 3140 dia
2347 3083 2489 3139 inter
2515 3082 2773 3139 comitem
2820 3090 2876 3137 et
2920 3080 3304 3137 Boamundum
3345 3079 3665 3151 colloquium
3692 3077 3765 3132 ha.

2213 3177 2470 3234 buerunt.
2497 3173 2708 3244 Quibus
2743 3173 2972 3230 minime
3015 3173 3345 3240 conciliatis,
3379 3186 3572 3228 omnes
3597 3170 3764 3243 princi-

2212 3285 2310 3342 pes
2331 3267 2682 3324 Antiochiam
2715 3265 2920 3322 reversi
2945 3273 3094 3332 unt,
3118 3272 3173 3319 et
3194 3263 3453 3320 comitem
3485 3271 3540 3318 et
3556 3262 3687 3318 viam
3710 3259 3768 3316 di-

2211 3362 2499 3418 miserunt.
2529 3359 2935 3416 Remanserunt
2969 3364 3153 3414 autem
3189 3371 3315 3412 cum
3352 3355 3554 3412 comite
3578 3369 3677 3410 non
3705 3367 3770 3409 so-

2176 3455 2325 3512 ‘lum
2370 3454 2479 3520 sui,
2525 3451 2621 3509 sed
2663 3460 2719 3508 et
2760 3451 2936 3507 multa
2978 3449 3262 3520 juventus,
3288 3449 3380 3504 cui
3430 3448 3604 3504 inerat
3640 3445 3768 3501 ardor

2210 3545 2358 3604 viam
2405 3543 2743 3617 perficiendi.
2780 3541 2903 3614 lpse
2929 3540 3100 3614 igitur
3126 3541 3252 3612 plus
3283 3540 3341 3596 in
3387 3538 3616 3595 Domino
3641 3539 3772 3593 conti-

2211 3639 2370 3706 dens,
2417 3654 2586 3710 quam
2622 3637 2679 3693 in
2718 3636 3084 3708 principibus,
3121 3635 3190 3692 ad
3231 3633 3495 3701 Μαι-τωο,
3548 3632 3636 3688 uhi
3670 3647 3768 3687 eum

2212 3731 2485 3803 peregrini
2522 3729 2980 3802 praestolabantur
3002 3736 3086 3784 est
3113 3742 3392 3793 reversus,
3418 3725 3628 3796 fuitque
3643 3723 3770 3778 dolor

2213 3840 2448 3896 magnus
2473 3823 2530 3880 in
2552 3823 2705 3880 omni
2741 3822 2988 3880 exercitu
3011 3820 3464 3877 Christianorum.
3498 3820 3568 3874 de
3596 3817 3771 3874 dissen-

2214 3918 2368 3975 sione
2389 3916 2718 3989 principum.
2744 3913 2950 3972 Omues
2974 3913 3195 3985 quidem
3218 3922 3487 3970 noverant
3507 3911 3648 3984 quod
3664 3924 3771 3982 pun

2209 4011 2423 4082 justitia
2452 4025 2579 4067 cum
2601 4009 2916 4065 Raimundo
2937 4015 3079 4074 erat,
3105 4021 3208 4063 nec
3229 4006 3374 4062 ullus
3397 4021 3557 4062 amor
3579 4014 3666 4062 aut
3687 4019 3774 4058 am-

2214 4103 2349 4158 bitio
2368 4118 2494 4159 eum
2518 4102 2586 4158 ad
2608 4100 2912 4157 indebitum
2933 4098 3207 4156 declinare
3227 4106 3462 4168 poterat.
3498 4096 3605 4164 Qui
3622 4105 3772 4151 tamen

2215 4203 2276 4249 ut
2315 4194 2452 4249 vidit
2477 4193 2626 4265 quod
2665 4202 2888 4264 propter
2931 4205 3059 4247 eum
3105 4189 3466 4260 impediretur
3504 4189 3593 4244 via
3627 4187 3770 4244 sancti

2215 4285 2472 4356 sepulcri,
2497 4285 2793 4342 admodum
2823 4283 3079 4351 indoluit,
3106 4291 3163 4339 et
3210 4282 3558 4338 discalceatis
3582 4281 3773 4353 pedibus

2215 4392 2247 4432 a
2277 4376 2454 4432 Marra
2477 4392 2652 4447 usque
2671 4375 2961 4446 Capharda
2982 4374 3253 4445 pervenit.
3495 4387 3498 4390 ’

2287 4467 2363 4523 lbi
2392 4477 2631 4539 quatuor
2676 4467 2871 4524 diebus
2920 4466 3316 4538 perendinatis,
3363 4483 3491 4523 cum
3537 4467 3777 4539 principes

523 4564 664 4632 Quia
691 4581 822 4621 vero
846 4574 1162 4621 nostrorum
1185 4573 1306 4621 erat
1325 4563 1591 4634 quidquid
1617 4563 1852 4634 quisque
1879 4564 2117 4641 ireperie-
2147 4578 2192 4636 ι)
2219 4557 2416 4612 iterum
2439 4557 2814 4624 convenirem.
2844 4564 2900 4612 ει
2926 4557 2995 4612 de
3031 4556 3224 4612 eadem
3263 4572 3322 4612 τε
3345 4558 3641 4613 verborum
3677 4571 3776 4612 ουδ’

523 4659 636 4725 hat,
675 4659 790 4728 ipsa
814 4654 1158 4713 mortuorum
1180 4665 1304 4712 exta
1321 4656 1718 4721 eviscerabant,
1739 4664 1793 4710 et
1816 4655 2118 4727 bysanceos

523 4759 577 4806 et
603 4761 860 4806 nummos
882 4765 1084 4806 aureos
1114 4750 1238 4805 inde
1265 4750 1550 4804 eruebant.
1581 4746 1626 4804 Ο
1659 4749 1975 4805 detestanda
1998 4750 2118 4804 auri

524 4843 828 4912 cupiditas!
859 4840 1063 4897 Omnes
1085 4841 1187 4896 vite
1213 4841 1366 4896 urbis
1389 4841 1522 4896 rivis
1551 4841 1880 4913 sanguinum
1911 4841 2118 4897 inlicie-

520 4933 744 4998 bantur,
782 4939 836 4985 et
864 4930 1224 4986 cadaveribus
1259 4930 1568 4986 cadentium
1601 4932 2005 4986 sternebantur.
2050 4931 2118 4986 Et

522 5040 558 5079 o
587 5039 720 5097 gens
750 5038 918 5088 caeca,
948 5030 1000 5076 et
1031 5023 1258 5077 omnino
1303 5023 1466 5077 morti
1491 5023 1794 5078 destinata!
1828 5021 2023 5079 Nullus
2049 5039 2117 5079 ex

523 5124 674 5172 tanta
705 5114 1055 5169 multitudine
1083 5113 1207 5180 fuit,
1235 5114 1328 5184 qui
1377 5115 1583 5171 nomini
1617 5114 1748 5171 Jesu
1785 5115 1990 5172 Christi
2021 5131 2120 5170 vo-

523 5207 689 5262 luerit
729 5204 1000 5260 confiteri.
1043 5204 1394 5260 Boamundus
1431 5206 1668 5276 denique
1711 5205 1834 5262 illos
1866 5221 2007 5277 quos
2060 5206 2118 5261 in

525 5300 696 5355 turris
723 5296 928 5366 palatio
958 5297 1202 5368 jusserat
1239 5299 1464 5366 includi,
1513 5299 1582 5354 ad
1621 5314 1680 5355 se
1705 5299 1891 5354 venire
1927 5298 2117 5369 jussit,

524 5400 861 5456 annosasque
889 5388 1066 5444 aetatis
1104 5389 1364 5445 mulieres
1402 5399 1457 5445 et
1495 5390 1804 5461 decrepitos
1849 5405 2030 5458 senes,
2065 5400 2119 5446 et

524 5477 769 5536 invalido
791 5490 1017 5547 corpore
1039 5478 1357 5547 imbecilles,
1383 5482 1640 5552 praecepit
1662 5481 1921 5548 interfici;
1948 5481 2119 5551 pube-

524 5588 616 5626 res
657 5577 714 5626 et
744 5568 1064 5638 maiuscula:
1107 5573 1282 5628 {etatis
1311 5575 1544 5641 adultos,
1569 5574 1861 5644 validoque
1887 5589 2117 5644 corpore

523 5660 675 5716 viros
715 5664 1008 5732 reservari,
1046 5673 1184 5720 etut
1225 5681 1416 5722 omnes
1462 5668 1846 5735 venderentur,
1882 5667 2116 5723 conduci

524 5751 895 5807 Antiochiam.
922 5754 1086 5812 Facta
1107 5766 1190 5812 est
1219 5768 1398 5813 autem
1425 5759 1724 5814 maceratio
1750 5760 1868 5815 haec
1907 5757 2115 5814 Turco-

526 5858 653 5899 rum
683 5841 1009 5904 duodecimo
1033 5849 1120 5906 die
1141 5849 1476 5918 Decembris,
1500 5851 1555 5905 in
1581 5852 1669 5908 die
1690 5851 1993 5921 Dominica,
2017 5869 2117 5909 nec

2217 4649 2398 4706 flictus
2447 4649 2760 4717 haberetur,
2805 4647 2945 4704 dixit
2984 4647 3560 4707 comesBaimundus
3591 4669 3604 4706 :
3643 4668 3661 4702 ‹
3691 4647 3777 4702 Viri

2218 4741 2418 4797 fratres
2443 4750 2498 4796 et
2518 4740 2750 4807 domini,
2787 4740 2883 4812 qui
2905 4739 3106 4797 vestris
3144 4741 3404 4798 omnibus
3433 4753 3493 4799 et
3518 4745 3777 4800 vobismet.

2216 4835 2351 4906 ipsis
2373 4836 2684 4907 abnegastis
2711 4843 2933 4920 propter
2957 4850 3205 4892 amorem
3231 4835 3349 4904 Dei,
3385 4839 3656 4894 ostendite
3671 4835 3777 4892 mihi

2215 4946 2284 4986 an
2323 4930 2442 4985 sine
2470 4929 2710 5000 perjurio
2747 4945 2972 5001 possum
2993 4945 3121 4985 cum
3169 4928 3522 4998 Boamundo,
3546 4931 3590 4986 si
3628 4930 3778 5000 requi-

2217 5021 2310 5089 rit,
2348 5021 2658 5092 pacificari;
2683 5031 2779 5076 aut
2809 5022 2858 5076 si
2897 5021 3054 5078 aliter
3079 5021 3197 5077 fieri
3235 5039 3348 5078 non
3381 5034 3586 5095 potest,
3614 5041 3678 5079 an
3703 5038 3780 5093 pro

2219 5131 2407 5172 amore
2429 5115 2550 5185 ejus
2573 5114 2802 5170 debeam
2832 5115 3133 5186 perjurare.
3165 5132 3185 5168 ι
3211 5113 3469 5188 Cumque
3504 5118 3664 5188 hujus
3688 5132 3780 5171 ser—

2219 5207 2401 5264 monis
2416 5205 2588 5277 judex
2609 5206 2794 5262 nullus
2822 5221 2945 5262 esse
2967 5216 3346 5277 praesumeret,
3372 5218 3429 5264 et
3459 5224 3652 5266 omnes
3669 5224 3778 5264 con-

2218 5299 2459 5355 cordiam
2487 5299 2796 5364 laudarent,
2822 5308 2877 5354 et
2896 5299 3174 5369 quomodo
3195 5298 3313 5355 fieri
3340 5300 3568 5357 deberet
3597 5316 3695 5358 non
3716 5301 3782 5354 di-

2215 5403 2420 5458 cerent,
2453 5391 2522 5446 ab
2550 5391 2785 5446 invicem
2820 5391 3210 5458 discesserunt,
3242 5400 3300 5448 et
3326 5392 3676 5450 Antiochiam
3715 5409 3780 5448 re-

2214 5484 2451 5538 dierunt.
2486 5482 2592 5540 Sed
2613 5483 3025 5542 Northmannus
3046 5499 3232 5541 comes
3256 5501 3385 5543 cum
3416 5489 3538 5544 suis
3559 5487 3781 5544 omnibus

2217 5577 2482 5632 remansit
2517 5593 2644 5633 cum
2672 5576 3001 5644 Raimundo,
3033 5578 3214 5635 sciens
3236 5588 3292 5634 et
3329 5581 3656 5654 intelligens,
3677 5579 3780 5650 quia

2211 5669 2423 5740 justitia
2458 5679 2731 5726 eratcum
2763 5687 2846 5727 eo.
2887 5670 3054 5743 Igitur
3090 5671 3148 5726 hi
3186 5671 3298 5727 duo
3330 5675 3570 5730 comites
3597 5673 3780 5743 agmina

2217 5775 2317 5816 sua
2339 5759 2656 5831 dispenunt,
2701 5771 2756 5819 et
2793 5763 2861 5819 ad
2893 5763 3197 5819 Caesaream
3229 5765 3483 5820 tendunt.
3518 5765 3629 5822 Rex
3660 5763 3778 5820 enim

2217 5852 2479 5908 Czesareae
2501 5856 2701 5927 saepius
2727 5855 3124 5928 significaverat
3157 5857 3347 5914 comiti
3385 5858 3584 5916 Μαι-τω
3620 5869 3669 5916 et
3697 5857 3781 5911 C1-
