  <div class='ocr_page' id='page_1' title='image "/cluster/home/n/w/nwhite01/storage/ocr_20150623/155/hvd.32044015473838/376.png"; bbox 0 0 3846 6306; ppageno 0'>
   <div class='ocr_carea' id='block_1_1' title="bbox 128 354 191 412">
    <p class='ocr_par' dir='ltr' id='par_1_1' title="bbox 128 354 191 412">
     <span class='ocr_line' id='line_1_1' title="bbox 128 354 191 412; baseline -0.063 1"><span class='ocrx_word' id='word_1_1' title='bbox 128 354 191 412; x_wconf 82' lang='grc'><strong>711</strong></span> 
     </span>
    </p>
   </div>
   <div class='ocr_carea' id='block_1_2' title="bbox 783 318 2493 399">
    <p class='ocr_par' dir='ltr' id='par_1_2' title="bbox 783 318 2493 399">
     <span class='ocr_line' id='line_1_2' title="bbox 783 318 2493 399; baseline -0.005 -15"><span class='ocrx_word' id='word_1_2' title='bbox 783 326 1074 399; x_wconf 74' lang='lat' dir='ltr'><strong>ROBERTI</strong></span> <span class='ocrx_word' id='word_1_3' title='bbox 1112 322 1422 381; x_wconf 76' lang='lat' dir='ltr'><strong>MONACHI</strong></span> <span class='ocrx_word' id='word_1_4' title='bbox 1454 320 1632 377; x_wconf 73' lang='lat' dir='ltr'><strong>IIIST.</strong></span> <span class='ocrx_word' id='word_1_5' title='bbox 1675 318 2038 378; x_wconf 79' lang='lat' dir='ltr'><strong>HIEROSOL.</strong></span> <span class='ocrx_word' id='word_1_6' title='bbox 2084 353 2151 365; x_wconf 83' lang='lat'><strong>-</strong></span> <span class='ocrx_word' id='word_1_7' title='bbox 2189 321 2315 376; x_wconf 80' lang='lat' dir='ltr'><strong>LIB.</strong></span> <span class='ocrx_word' id='word_1_8' title='bbox 2357 320 2493 376; x_wconf 78' lang='lat' dir='ltr'><strong>V&#39;lll.</strong></span> 
     </span>
    </p>
   </div>
   <div class='ocr_carea' id='block_1_3' title="bbox 3162 319 3283 382">
    <p class='ocr_par' dir='ltr' id='par_1_3' title="bbox 3162 319 3283 382">
     <span class='ocr_line' id='line_1_3' title="bbox 3162 319 3283 382; baseline 0.041 -6"><span class='ocrx_word' id='word_1_9' title='bbox 3162 319 3226 382; x_wconf 78' lang='grc'><strong>76</strong></span> <span class='ocrx_word' id='word_1_10' title='bbox 3239 322 3283 380; x_wconf 64' lang='grc' dir='ltr'><strong>ι</strong></span> 
     </span>
    </p>
   </div>
   <div class='ocr_carea' id='block_1_4' title="bbox 123 436 3280 542">
    <p class='ocr_par' dir='ltr' id='par_1_4' title="bbox 123 436 3280 542">
     <span class='ocr_line' id='line_1_4' title="bbox 123 436 3280 542; baseline -0.009 -18"><span class='ocrx_word' id='word_1_11' title='bbox 123 463 290 542; x_wconf 57' lang='grc' dir='ltr'><strong>ρὶιιιιάωπ</strong></span> <span class='ocrx_word' id='word_1_12' title='bbox 309 451 424 527; x_wconf 76' lang='grc' dir='ltr'><strong>(ιιιοᾶ</strong></span> <span class='ocrx_word' id='word_1_13' title='bbox 448 458 661 542; x_wconf 73' lang='lat' dir='ltr'><strong>cumeo</strong></span> <span class='ocrx_word' id='word_1_14' title='bbox 681 440 1303 542; x_wconf 39' lang='lat' dir='ltr'><strong>pacemIvelletﬂbabere,</strong></span> <span class='ocrx_word' id='word_1_15' title='bbox 1326 437 1486 508; x_wconf 92' lang='lat' dir='ltr'><strong>eique</strong></span> <span class='ocrx_word' id='word_1_16' title='bbox 1511 436 1578 491; x_wconf 86' lang='lat' dir='ltr'><strong>de</strong></span> <span class='ocrx_word' id='word_1_17' title='bbox 1605 438 1654 499; x_wconf 75' lang='grc' dir='ltr'><strong>Α</strong></span> <span class='ocrx_word' id='word_1_18' title='bbox 1681 450 1790 542; x_wconf 71' lang='lat' dir='ltr'><strong>que</strong></span> <span class='ocrx_word' id='word_1_19' title='bbox 1835 437 2203 542; x_wconf 75' lang='lat' dir='ltr'><strong>leguminibus</strong></span> <span class='ocrx_word' id='word_1_20' title='bbox 2239 438 2353 509; x_wconf 87' lang='lat' dir='ltr'><strong>jam</strong></span> <span class='ocrx_word' id='word_1_21' title='bbox 2393 438 2464 492; x_wconf 87' lang='lat' dir='ltr'><strong>ad</strong></span> <span class='ocrx_word' id='word_1_22' title='bbox 2503 437 2905 508; x_wconf 56' lang='lat' dir='ltr'><strong>pracocitatem</strong></span> <span class='ocrx_word' id='word_1_23' title='bbox 2948 440 3280 496; x_wconf 83' lang='lat' dir='ltr'><strong>maturanti-</strong></span> 
     </span>
    </p>
   </div>
   <div class='ocr_carea' id='block_1_5' title="bbox 116 531 1576 624">
    <p class='ocr_par' dir='ltr' id='par_1_5' title="bbox 116 531 1576 624">
     <span class='ocr_line' id='line_1_5' title="bbox 116 531 1576 624; baseline -0.023 -9"><span class='ocrx_word' id='word_1_24' title='bbox 116 531 187 617; x_wconf 57' lang='grc' dir='ltr'><strong>δυο</strong></span> <span class='ocrx_word' id='word_1_25' title='bbox 210 554 426 624; x_wconf 74' lang='lat' dir='ltr'><strong>gratanter</strong></span> <span class='ocrx_word' id='word_1_26' title='bbox 449 537 666 595; x_wconf 85' lang='lat' dir='ltr'><strong>servire.</strong></span> <span class='ocrx_word' id='word_1_27' title='bbox 694 534 801 590; x_wconf 84' lang='lat' dir='ltr'><strong>llac</strong></span> <span class='ocrx_word' id='word_1_28' title='bbox 823 533 1016 588; x_wconf 91' lang='lat' dir='ltr'><strong>fiducia</strong></span> <span class='ocrx_word' id='word_1_29' title='bbox 1048 531 1176 586; x_wconf 86' lang='lat' dir='ltr'><strong>illuc</strong></span> <span class='ocrx_word' id='word_1_30' title='bbox 1203 538 1576 601; x_wconf 81' lang='lat' dir='ltr'><strong>perrexerunt,</strong></span> 
     </span>
    </p>
   </div>
   <div class='ocr_carea' id='block_1_6' title="bbox 1681 528 3281 601">
    <p class='ocr_par' dir='ltr' id='par_1_6' title="bbox 1681 528 3281 601">
     <span class='ocr_line' id='line_1_6' title="bbox 1681 528 3281 601; baseline 0.001 -17"><span class='ocrx_word' id='word_1_31' title='bbox 1681 529 1804 584; x_wconf 89' lang='lat' dir='ltr'><strong>bus.</strong></span> <span class='ocrx_word' id='word_1_32' title='bbox 1840 528 1915 583; x_wconf 91' lang='lat' dir='ltr'><strong>lbi</strong></span> <span class='ocrx_word' id='word_1_33' title='bbox 1956 531 2341 601; x_wconf 87' lang='lat' dir='ltr'><strong>quietaverunt</strong></span> <span class='ocrx_word' id='word_1_34' title='bbox 2385 530 2561 586; x_wconf 85' lang='lat' dir='ltr'><strong>trilms</strong></span> <span class='ocrx_word' id='word_1_35' title='bbox 2605 529 2820 595; x_wconf 84' lang='lat' dir='ltr'><strong>diebus,</strong></span> <span class='ocrx_word' id='word_1_36' title='bbox 2861 538 2918 586; x_wconf 90' lang='lat' dir='ltr'><strong>et</strong></span> <span class='ocrx_word' id='word_1_37' title='bbox 2955 529 3281 588; x_wconf 72' lang='lat' dir='ltr'><strong>custodibus</strong></span> 
     </span>
    </p>
   </div>
   <div class='ocr_carea' id='block_1_7' title="bbox 116 620 3275 717">
    <p class='ocr_par' dir='ltr' id='par_1_7' title="bbox 116 620 3275 717">
     <span class='ocr_line' id='line_1_7' title="bbox 116 620 3275 717; baseline -0.005 -29"><span class='ocrx_word' id='word_1_38' title='bbox 116 620 289 717; x_wconf 56' lang='grc' dir='ltr'><strong>ειρτδρε</strong></span> <span class='ocrx_word' id='word_1_39' title='bbox 307 634 538 694; x_wconf 79' lang='lat' dir='ltr'><strong>civitatem</strong></span> <span class='ocrx_word' id='word_1_40' title='bbox 581 637 762 684; x_wconf 87' lang='lat' dir='ltr'><strong>castra</strong></span> <span class='ocrx_word' id='word_1_41' title='bbox 801 632 1120 697; x_wconf 89' lang='lat' dir='ltr'><strong>posuerunt.</strong></span> <span class='ocrx_word' id='word_1_42' title='bbox 1162 624 1272 678; x_wconf 71' lang='lat' dir='ltr'><strong>Rex</strong></span> <span class='ocrx_word' id='word_1_43' title='bbox 1311 632 1492 677; x_wconf 88' lang='lat' dir='ltr'><strong>autem</strong></span> <span class='ocrx_word' id='word_1_44' title='bbox 1522 630 1581 677; x_wconf 87' lang='lat' dir='ltr'><strong>ut</strong></span> <span class='ocrx_word' id='word_1_45' title='bbox 1681 620 1956 690; x_wconf 87' lang='lat' dir='ltr'><strong>deputatis</strong></span> <span class='ocrx_word' id='word_1_46' title='bbox 2004 622 2100 699; x_wconf 80' lang='lat' dir='ltr'><strong>qui</strong></span> <span class='ocrx_word' id='word_1_47' title='bbox 2143 623 2336 677; x_wconf 90' lang='lat' dir='ltr'><strong>urbem</strong></span> <span class='ocrx_word' id='word_1_48' title='bbox 2383 622 2741 688; x_wconf 89' lang='lat' dir='ltr'><strong>custodirent,</strong></span> <span class='ocrx_word' id='word_1_49' title='bbox 2797 620 3046 693; x_wconf 55' lang='lat' dir='ltr'><strong>quaedam</strong></span> <span class='ocrx_word' id='word_1_50' title='bbox 3101 624 3275 679; x_wconf 79' lang='lat' dir='ltr'><strong>ardua</strong></span> 
     </span>
    </p>
   </div>
   <div class='ocr_carea' id='block_1_8' title="bbox 116 712 1585 802">
    <p class='ocr_par' dir='ltr' id='par_1_8' title="bbox 116 712 1585 802">
     <span class='ocr_line' id='line_1_8' title="bbox 116 712 1585 802; baseline -0.019 -9"><span class='ocrx_word' id='word_1_51' title='bbox 116 712 205 793; x_wconf 70' lang='lat' dir='ltr'><strong>vidit</strong></span> <span class='ocrx_word' id='word_1_52' title='bbox 243 728 414 802; x_wconf 78' lang='lat' dir='ltr'><strong>agmina</strong></span> <span class='ocrx_word' id='word_1_53' title='bbox 440 721 766 776; x_wconf 81' lang='lat' dir='ltr'><strong>Francorum</strong></span> <span class='ocrx_word' id='word_1_54' title='bbox 797 715 950 787; x_wconf 80' lang='lat' dir='ltr'><strong>juxta</strong></span> <span class='ocrx_word' id='word_1_55' title='bbox 979 729 1038 771; x_wconf 92' lang='lat' dir='ltr'><strong>se</strong></span> <span class='ocrx_word' id='word_1_56' title='bbox 1063 712 1259 785; x_wconf 89' lang='lat' dir='ltr'><strong>posita,</strong></span> <span class='ocrx_word' id='word_1_57' title='bbox 1299 712 1585 768; x_wconf 86' lang='lat' dir='ltr'><strong>vehemen-</strong></span> 
     </span>
    </p>
   </div>
   <div class='ocr_carea' id='block_1_9' title="bbox 112 806 1581 889">
    <p class='ocr_par' dir='ltr' id='par_1_9' title="bbox 112 806 1581 889">
     <span class='ocr_line' id='line_1_9' title="bbox 112 806 1581 889; baseline -0.018 -5"><span class='ocrx_word' id='word_1_58' title='bbox 112 841 167 884; x_wconf 80' lang='lat' dir='ltr'><strong>ter</strong></span> <span class='ocrx_word' id='word_1_59' title='bbox 185 817 420 889; x_wconf 86' lang='lat' dir='ltr'><strong>obstupuit,</strong></span> <span class='ocrx_word' id='word_1_60' title='bbox 442 821 490 869; x_wconf 90' lang='lat' dir='ltr'><strong>et</strong></span> <span class='ocrx_word' id='word_1_61' title='bbox 513 810 762 874; x_wconf 91' lang='lat' dir='ltr'><strong>indoluit,</strong></span> <span class='ocrx_word' id='word_1_62' title='bbox 785 815 838 863; x_wconf 90' lang='lat' dir='ltr'><strong>et</strong></span> <span class='ocrx_word' id='word_1_63' title='bbox 862 823 930 863; x_wconf 92' lang='lat' dir='ltr'><strong>ne</strong></span> <span class='ocrx_word' id='word_1_64' title='bbox 953 807 1059 862; x_wconf 89' lang='lat' dir='ltr'><strong>illis</strong></span> <span class='ocrx_word' id='word_1_65' title='bbox 1082 806 1252 860; x_wconf 92' lang='lat' dir='ltr'><strong>ullum</strong></span> <span class='ocrx_word' id='word_1_66' title='bbox 1281 814 1581 860; x_wconf 83' lang='lat' dir='ltr'><strong>mercatum</strong></span> 
     </span>
    </p>
   </div>
   <div class='ocr_carea' id='block_1_10' title="bbox 109 897 1588 991">
    <p class='ocr_par' dir='ltr' id='par_1_10' title="bbox 109 897 1588 991">
     <span class='ocr_line' id='line_1_10' title="bbox 109 897 1588 991; baseline -0.015 -18"><span class='ocrx_word' id='word_1_67' title='bbox 109 919 450 991; x_wconf 71' lang='lat' dir='ltr'><strong>pnesentaretur,</strong></span> <span class='ocrx_word' id='word_1_68' title='bbox 473 901 763 977; x_wconf 89' lang='lat' dir='ltr'><strong>prohibuit.</strong></span> <span class='ocrx_word' id='word_1_69' title='bbox 788 899 845 955; x_wconf 84' lang='grc' dir='ltr'><strong>ιιι</strong></span> <span class='ocrx_word' id='word_1_70' title='bbox 866 899 1165 956; x_wconf 89' lang='lat' dir='ltr'><strong>crastinum</strong></span> <span class='ocrx_word' id='word_1_71' title='bbox 1186 898 1335 954; x_wconf 85' lang='lat' dir='ltr'><strong>misit</strong></span> <span class='ocrx_word' id='word_1_72' title='bbox 1357 897 1588 953; x_wconf 82' lang='lat' dir='ltr'><strong>comites</strong></span> 
     </span>
    </p>
   </div>
   <div class='ocr_carea' id='block_1_11' title="bbox 109 989 1589 1066">
    <p class='ocr_par' dir='ltr' id='par_1_11' title="bbox 109 989 1589 1066">
     <span class='ocr_line' id='line_1_11' title="bbox 109 989 1589 1066; baseline -0.015 -2"><span class='ocrx_word' id='word_1_73' title='bbox 109 989 207 1064; x_wconf 79' lang='lat' dir='ltr'><strong>duos</strong></span> <span class='ocrx_word' id='word_1_74' title='bbox 239 1005 292 1059; x_wconf 91' lang='lat' dir='ltr'><strong>de</strong></span> <span class='ocrx_word' id='word_1_75' title='bbox 327 1000 443 1064; x_wconf 84' lang='lat' dir='ltr'><strong>suis,</strong></span> <span class='ocrx_word' id='word_1_76' title='bbox 467 994 556 1066; x_wconf 88' lang='lat' dir='ltr'><strong>qui</strong></span> <span class='ocrx_word' id='word_1_77' title='bbox 583 993 664 1048; x_wconf 91' lang='lat' dir='ltr'><strong>eis</strong></span> <span class='ocrx_word' id='word_1_78' title='bbox 689 992 822 1048; x_wconf 88' lang='lat' dir='ltr'><strong>vada</strong></span> <span class='ocrx_word' id='word_1_79' title='bbox 853 989 1096 1045; x_wconf 87' lang='lat' dir='ltr'><strong>ﬂuminis</strong></span> <span class='ocrx_word' id='word_1_80' title='bbox 1139 989 1506 1055; x_wconf 88' lang='lat' dir='ltr'><strong>ostenderent,</strong></span> <span class='ocrx_word' id='word_1_81' title='bbox 1533 996 1589 1043; x_wconf 90' lang='lat' dir='ltr'><strong>et</strong></span> 
     </span>
    </p>
   </div>
   <div class='ocr_carea' id='block_1_12' title="bbox 110 1077 1586 1164">
    <p class='ocr_par' dir='ltr' id='par_1_12' title="bbox 110 1077 1586 1164">
     <span class='ocr_line' id='line_1_12' title="bbox 110 1077 1586 1164; baseline -0.012 -13"><span class='ocrx_word' id='word_1_82' title='bbox 110 1097 170 1152; x_wconf 86' lang='lat' dir='ltr'><strong>ubi</strong></span> <span class='ocrx_word' id='word_1_83' title='bbox 183 1093 370 1164; x_wconf 68' lang='lat' dir='ltr'><strong>praedam</strong></span> <span class='ocrx_word' id='word_1_84' title='bbox 392 1099 567 1156; x_wconf 84' lang='lat' dir='ltr'><strong>capere</strong></span> <span class='ocrx_word' id='word_1_85' title='bbox 595 1089 817 1153; x_wconf 88' lang='lat' dir='ltr'><strong>possent</strong></span> <span class='ocrx_word' id='word_1_86' title='bbox 838 1080 1222 1136; x_wconf 88' lang='lat' dir='ltr'><strong>conducerent.</strong></span> <span class='ocrx_word' id='word_1_87' title='bbox 1247 1077 1378 1134; x_wconf 85' lang='lat' dir='ltr'><strong>Erat</strong></span> <span class='ocrx_word' id='word_1_88' title='bbox 1402 1087 1586 1134; x_wconf 87' lang='lat' dir='ltr'><strong>autem</strong></span> 
     </span>
    </p>
   </div>
   <div class='ocr_carea' id='block_1_13' title="bbox 105 1169 1592 1244">
    <p class='ocr_par' dir='ltr' id='par_1_13' title="bbox 105 1169 1592 1244">
     <span class='ocr_line' id='line_1_13' title="bbox 105 1169 1592 1244; baseline -0.013 -1"><span class='ocrx_word' id='word_1_89' title='bbox 105 1200 246 1244; x_wconf 87' lang='lat' dir='ltr'><strong>nomen</strong></span> <span class='ocrx_word' id='word_1_90' title='bbox 264 1177 469 1236; x_wconf 85' lang='lat' dir='ltr'><strong>fluminis</strong></span> <span class='ocrx_word' id='word_1_91' title='bbox 491 1173 699 1230; x_wconf 85' lang='lat' dir='ltr'><strong>Farfar.</strong></span> <span class='ocrx_word' id='word_1_92' title='bbox 725 1171 1226 1242; x_wconf 81' lang='lat' dir='ltr'><strong>Conduxeruntque</strong></span> <span class='ocrx_word' id='word_1_93' title='bbox 1244 1171 1365 1226; x_wconf 89' lang='lat' dir='ltr'><strong>illos</strong></span> <span class='ocrx_word' id='word_1_94' title='bbox 1393 1171 1446 1225; x_wconf 93' lang='lat' dir='ltr'><strong>in</strong></span> <span class='ocrx_word' id='word_1_95' title='bbox 1477 1169 1592 1224; x_wconf 86' lang='lat' dir='ltr'><strong>val-</strong></span> 
     </span>
    </p>
   </div>
   <div class='ocr_carea' id='block_1_14' title="bbox 106 1263 1585 1336">
    <p class='ocr_par' dir='ltr' id='par_1_14' title="bbox 106 1263 1585 1336">
     <span class='ocr_line' id='line_1_14' title="bbox 106 1263 1585 1336; baseline -0.01 -3"><span class='ocrx_word' id='word_1_96' title='bbox 106 1282 178 1334; x_wconf 91' lang='lat' dir='ltr'><strong>lem</strong></span> <span class='ocrx_word' id='word_1_97' title='bbox 199 1275 302 1331; x_wconf 82' lang='lat' dir='ltr'><strong>satis</strong></span> <span class='ocrx_word' id='word_1_98' title='bbox 338 1271 588 1335; x_wconf 86' lang='lat' dir='ltr'><strong>idoneam,</strong></span> <span class='ocrx_word' id='word_1_99' title='bbox 638 1266 909 1336; x_wconf 86' lang='lat' dir='ltr'><strong>bonisque</strong></span> <span class='ocrx_word' id='word_1_100' title='bbox 947 1264 1204 1320; x_wconf 93' lang='lat' dir='ltr'><strong>omnibus</strong></span> <span class='ocrx_word' id='word_1_101' title='bbox 1240 1263 1585 1334; x_wconf 85' lang='lat' dir='ltr'><strong>locupletem.</strong></span> 
     </span>
    </p>
   </div>
   <div class='ocr_carea' id='block_1_15' title="bbox 104 1355 1592 1437">
    <p class='ocr_par' dir='ltr' id='par_1_15' title="bbox 104 1355 1592 1437">
     <span class='ocr_line' id='line_1_15' title="bbox 104 1355 1592 1437; baseline -0.009 -13"><span class='ocrx_word' id='word_1_102' title='bbox 104 1370 200 1423; x_wconf 86' lang='lat' dir='ltr'><strong>lluic</strong></span> <span class='ocrx_word' id='word_1_103' title='bbox 217 1370 408 1437; x_wconf 54' lang='lat' dir='ltr'><strong>praeerat</strong></span> <span class='ocrx_word' id='word_1_104' title='bbox 424 1359 688 1433; x_wconf 88' lang='lat' dir='ltr'><strong>quoddam</strong></span> <span class='ocrx_word' id='word_1_105' title='bbox 724 1357 1155 1414; x_wconf 89' lang='lat' dir='ltr'><strong>munitissimum</strong></span> <span class='ocrx_word' id='word_1_106' title='bbox 1205 1366 1450 1413; x_wconf 86' lang='lat' dir='ltr'><strong>castrum</strong></span> <span class='ocrx_word' id='word_1_107' title='bbox 1489 1355 1592 1412; x_wconf 88' lang='lat' dir='ltr'><strong>sub</strong></span> 
     </span>
    </p>
   </div>
   <div class='ocr_carea' id='block_1_16' title="bbox 104 1450 1594 1532">
    <p class='ocr_par' dir='ltr' id='par_1_16' title="bbox 104 1450 1594 1532">
     <span class='ocr_line' id='line_1_16' title="bbox 104 1450 1594 1532; baseline -0.005 -18"><span class='ocrx_word' id='word_1_108' title='bbox 104 1476 180 1532; x_wconf 85' lang='lat' dir='ltr'><strong>quo</strong></span> <span class='ocrx_word' id='word_1_109' title='bbox 220 1459 499 1512; x_wconf 89' lang='lat' dir='ltr'><strong>invenerunt</strong></span> <span class='ocrx_word' id='word_1_110' title='bbox 541 1451 730 1524; x_wconf 86' lang='lat' dir='ltr'><strong>viginti</strong></span> <span class='ocrx_word' id='word_1_111' title='bbox 760 1450 928 1507; x_wconf 86' lang='lat' dir='ltr'><strong>millia</strong></span> <span class='ocrx_word' id='word_1_112' title='bbox 959 1451 1301 1519; x_wconf 89' lang='lat' dir='ltr'><strong>animalium,</strong></span> <span class='ocrx_word' id='word_1_113' title='bbox 1354 1450 1409 1505; x_wconf 90' lang='lat' dir='ltr'><strong>in</strong></span> <span class='ocrx_word' id='word_1_114' title='bbox 1454 1450 1594 1506; x_wconf 86' lang='lat' dir='ltr'><strong>valle</strong></span> 
     </span>
    </p>
   </div>
   <div class='ocr_carea' id='block_1_17' title="bbox 99 1538 1597 1618">
    <p class='ocr_par' dir='ltr' id='par_1_17' title="bbox 99 1538 1597 1618">
     <span class='ocr_line' id='line_1_17' title="bbox 99 1538 1597 1618; baseline -0.007 -12"><span class='ocrx_word' id='word_1_115' title='bbox 99 1549 213 1606; x_wconf 81' lang='lat' dir='ltr'><strong>fertili</strong></span> <span class='ocrx_word' id='word_1_116' title='bbox 234 1544 556 1618; x_wconf 87' lang='lat' dir='ltr'><strong>pascentium,</strong></span> <span class='ocrx_word' id='word_1_117' title='bbox 604 1558 727 1613; x_wconf 79' lang='lat' dir='ltr'><strong>quae</strong></span> <span class='ocrx_word' id='word_1_118' title='bbox 769 1541 951 1597; x_wconf 91' lang='lat' dir='ltr'><strong>omnia</strong></span> <span class='ocrx_word' id='word_1_119' title='bbox 977 1540 1151 1596; x_wconf 88' lang='lat' dir='ltr'><strong>nostri</strong></span> <span class='ocrx_word' id='word_1_120' title='bbox 1178 1547 1496 1612; x_wconf 91' lang='lat' dir='ltr'><strong>rapuerunt.</strong></span> <span class='ocrx_word' id='word_1_121' title='bbox 1530 1538 1597 1595; x_wconf 86' lang='lat' dir='ltr'><strong>Et</strong></span> 
     </span>
    </p>
   </div>
   <div class='ocr_carea' id='block_1_18' title="bbox 99 1633 1595 1700">
    <p class='ocr_par' dir='ltr' id='par_1_18' title="bbox 99 1633 1595 1700">
     <span class='ocr_line' id='line_1_18' title="bbox 99 1633 1595 1700; baseline -0.007 -2"><span class='ocrx_word' id='word_1_122' title='bbox 99 1641 312 1698; x_wconf 55' lang='lat' dir='ltr'><strong>castellum</strong></span> <span class='ocrx_word' id='word_1_123' title='bbox 336 1635 572 1693; x_wconf 83' lang='lat' dir='ltr'><strong>obsidere</strong></span> <span class='ocrx_word' id='word_1_124' title='bbox 591 1637 813 1700; x_wconf 84' lang='lat' dir='ltr'><strong>vellent,</strong></span> <span class='ocrx_word' id='word_1_125' title='bbox 841 1635 988 1690; x_wconf 92' lang='lat' dir='ltr'><strong>illico</strong></span> <span class='ocrx_word' id='word_1_126' title='bbox 1021 1634 1301 1690; x_wconf 87' lang='lat' dir='ltr'><strong>castellani</strong></span> <span class='ocrx_word' id='word_1_127' title='bbox 1327 1649 1387 1690; x_wconf 93' lang='lat' dir='ltr'><strong>se</strong></span> <span class='ocrx_word' id='word_1_128' title='bbox 1415 1633 1595 1690; x_wconf 88' lang='lat' dir='ltr'><strong>reddi-</strong></span> 
     </span>
    </p>
   </div>
   <div class='ocr_carea' id='block_1_19' title="bbox 95 1727 1591 1802">
    <p class='ocr_par' dir='ltr' id='par_1_19' title="bbox 95 1727 1591 1802">
     <span class='ocr_line' id='line_1_19' title="bbox 95 1727 1591 1802; baseline -0.006 -13"><span class='ocrx_word' id='word_1_129' title='bbox 95 1737 263 1800; x_wconf 78' lang='lat' dir='ltr'><strong>derunt,</strong></span> <span class='ocrx_word' id='word_1_130' title='bbox 297 1739 604 1802; x_wconf 88' lang='lat' dir='ltr'><strong>pactumque</strong></span> <span class='ocrx_word' id='word_1_131' title='bbox 642 1728 1022 1799; x_wconf 87' lang='lat' dir='ltr'><strong>hujuscemodi</strong></span> <span class='ocrx_word' id='word_1_132' title='bbox 1049 1727 1266 1783; x_wconf 88' lang='lat' dir='ltr'><strong>tenendi</strong></span> <span class='ocrx_word' id='word_1_133' title='bbox 1308 1727 1362 1781; x_wconf 91' lang='lat' dir='ltr'><strong>in</strong></span> <span class='ocrx_word' id='word_1_134' title='bbox 1396 1743 1591 1798; x_wconf 85' lang='lat' dir='ltr'><strong>perpe-</strong></span> 
     </span>
    </p>
   </div>
   <div class='ocr_carea' id='block_1_20' title="bbox 97 1799 1672 1888">
    <p class='ocr_par' dir='ltr' id='par_1_20' title="bbox 97 1799 1672 1888">
     <span class='ocr_line' id='line_1_20' title="bbox 97 1799 1672 1888; baseline -0.004 -10"><span class='ocrx_word' id='word_1_135' title='bbox 97 1835 203 1878; x_wconf 82' lang='lat' dir='ltr'><strong>tuum</strong></span> <span class='ocrx_word' id='word_1_136' title='bbox 226 1799 435 1888; x_wconf 63' lang='lat' dir='ltr'><strong>foederis,</strong></span> <span class='ocrx_word' id='word_1_137' title='bbox 459 1799 580 1874; x_wconf 83' lang='lat' dir='ltr'><strong>cum</strong></span> <span class='ocrx_word' id='word_1_138' title='bbox 604 1818 894 1874; x_wconf 89' lang='lat' dir='ltr'><strong>comitibus</strong></span> <span class='ocrx_word' id='word_1_139' title='bbox 920 1818 1250 1872; x_wconf 84' lang='lat' dir='ltr'><strong>habuerunt.</strong></span> <span class='ocrx_word' id='word_1_140' title='bbox 1280 1816 1338 1871; x_wconf 89' lang='lat' dir='ltr'><strong>In</strong></span> <span class='ocrx_word' id='word_1_141' title='bbox 1367 1817 1470 1872; x_wconf 90' lang='lat' dir='ltr'><strong>fide</strong></span> <span class='ocrx_word' id='word_1_142' title='bbox 1493 1833 1592 1873; x_wconf 88' lang='lat' dir='ltr'><strong>sua</strong></span> <span class='ocrx_word' id='word_1_143' title='bbox 1628 1799 1672 1855; x_wconf 76' lang='grc' dir='ltr'><strong>Β</strong></span> 
     </span>
    </p>
   </div>
   <div class='ocr_carea' id='block_1_21' title="bbox 92 1909 1595 1985">
    <p class='ocr_par' dir='ltr' id='par_1_21' title="bbox 92 1909 1595 1985">
     <span class='ocr_line' id='line_1_21' title="bbox 92 1909 1595 1985; baseline -0.003 -16"><span class='ocrx_word' id='word_1_144' title='bbox 92 1913 404 1985; x_wconf 76' lang='lat' dir='ltr'><strong>promiserunt,</strong></span> <span class='ocrx_word' id='word_1_145' title='bbox 429 1921 480 1968; x_wconf 90' lang='lat' dir='ltr'><strong>et</strong></span> <span class='ocrx_word' id='word_1_146' title='bbox 506 1927 671 1982; x_wconf 87' lang='lat' dir='ltr'><strong>super</strong></span> <span class='ocrx_word' id='word_1_147' title='bbox 704 1910 876 1982; x_wconf 84' lang='lat' dir='ltr'><strong>legem</strong></span> <span class='ocrx_word' id='word_1_148' title='bbox 908 1925 1065 1965; x_wconf 91' lang='lat' dir='ltr'><strong>suam</strong></span> <span class='ocrx_word' id='word_1_149' title='bbox 1094 1910 1420 1980; x_wconf 87' lang='lat' dir='ltr'><strong>juraverunt</strong></span> <span class='ocrx_word' id='word_1_150' title='bbox 1447 1909 1595 1981; x_wconf 86' lang='lat' dir='ltr'><strong>quod</strong></span> 
     </span>
    </p>
   </div>
   <div class='ocr_carea' id='block_1_22' title="bbox 94 1999 1598 2075">
    <p class='ocr_par' dir='ltr' id='par_1_22' title="bbox 94 1999 1598 2075">
     <span class='ocr_line' id='line_1_22' title="bbox 94 1999 1598 2075; baseline -0.003 -16"><span class='ocrx_word' id='word_1_151' title='bbox 94 2019 304 2075; x_wconf 86' lang='lat' dir='ltr'><strong>nunquam</strong></span> <span class='ocrx_word' id='word_1_152' title='bbox 332 2003 556 2073; x_wconf 88' lang='lat' dir='ltr'><strong>amplius</strong></span> <span class='ocrx_word' id='word_1_153' title='bbox 589 2009 849 2058; x_wconf 87' lang='lat' dir='ltr'><strong>nocerent</strong></span> <span class='ocrx_word' id='word_1_154' title='bbox 883 1999 1212 2057; x_wconf 87' lang='lat' dir='ltr'><strong>Christianis</strong></span> <span class='ocrx_word' id='word_1_155' title='bbox 1248 2001 1598 2072; x_wconf 85' lang='lat' dir='ltr'><strong>peregrinan-</strong></span> 
     </span>
    </p>
   </div>
   <div class='ocr_carea' id='block_1_23' title="bbox 91 2090 1600 2164">
    <p class='ocr_par' dir='ltr' id='par_1_23' title="bbox 91 2090 1600 2164">
     <span class='ocr_line' id='line_1_23' title="bbox 91 2090 1600 2164; baseline -0.002 -16"><span class='ocrx_word' id='word_1_156' title='bbox 91 2095 208 2160; x_wconf 83' lang='lat' dir='ltr'><strong>tibus,</strong></span> <span class='ocrx_word' id='word_1_157' title='bbox 227 2093 393 2164; x_wconf 86' lang='lat' dir='ltr'><strong>eisque</strong></span> <span class='ocrx_word' id='word_1_158' title='bbox 426 2091 568 2149; x_wconf 88' lang='lat' dir='ltr'><strong>sicut</strong></span> <span class='ocrx_word' id='word_1_159' title='bbox 612 2100 668 2148; x_wconf 91' lang='lat' dir='ltr'><strong>et</strong></span> <span class='ocrx_word' id='word_1_160' title='bbox 711 2090 1031 2147; x_wconf 88' lang='lat' dir='ltr'><strong>hominibus</strong></span> <span class='ocrx_word' id='word_1_161' title='bbox 1059 2106 1174 2147; x_wconf 68' lang='lat' dir='ltr'><strong>suae</strong></span> <span class='ocrx_word' id='word_1_162' title='bbox 1192 2091 1371 2163; x_wconf 86' lang='lat' dir='ltr'><strong>gentis</strong></span> <span class='ocrx_word' id='word_1_163' title='bbox 1391 2091 1600 2162; x_wconf 68' lang='lat' dir='ltr'><strong>praebe-</strong></span> 
     </span>
    </p>
   </div>
   <div class='ocr_carea' id='block_1_24' title="bbox 91 2181 1600 2255">
    <p class='ocr_par' dir='ltr' id='par_1_24' title="bbox 91 2181 1600 2255">
     <span class='ocr_line' id='line_1_24' title="bbox 91 2181 1600 2255; baseline -0.001 -16"><span class='ocrx_word' id='word_1_164' title='bbox 91 2194 172 2240; x_wconf 85' lang='lat' dir='ltr'><strong>rent</strong></span> <span class='ocrx_word' id='word_1_165' title='bbox 197 2194 464 2240; x_wconf 82' lang='lat' dir='ltr'><strong>mercatum</strong></span> <span class='ocrx_word' id='word_1_166' title='bbox 507 2193 562 2240; x_wconf 92' lang='lat' dir='ltr'><strong>et</strong></span> <span class='ocrx_word' id='word_1_167' title='bbox 609 2184 930 2255; x_wconf 90' lang='lat' dir='ltr'><strong>hospitium.</strong></span> <span class='ocrx_word' id='word_1_168' title='bbox 967 2183 1286 2240; x_wconf 78' lang='lat' dir='ltr'><strong>Manserunt</strong></span> <span class='ocrx_word' id='word_1_169' title='bbox 1314 2195 1495 2238; x_wconf 86' lang='lat' dir='ltr'><strong>autem</strong></span> <span class='ocrx_word' id='word_1_170' title='bbox 1526 2181 1600 2237; x_wconf 90' lang='lat' dir='ltr'><strong>ibi</strong></span> 
     </span>
    </p>
   </div>
   <div class='ocr_carea' id='block_1_25' title="bbox 84 2275 1605 2349">
    <p class='ocr_par' dir='ltr' id='par_1_25' title="bbox 84 2275 1605 2349">
     <span class='ocr_line' id='line_1_25' title="bbox 84 2275 1605 2349; baseline -0.001 -18"><span class='ocrx_word' id='word_1_171' title='bbox 84 2293 154 2349; x_wconf 84' lang='lat' dir='ltr'><strong>per</strong></span> <span class='ocrx_word' id='word_1_172' title='bbox 173 2278 267 2332; x_wconf 86' lang='lat' dir='ltr'><strong>dies</strong></span> <span class='ocrx_word' id='word_1_173' title='bbox 289 2276 538 2348; x_wconf 85' lang='lat' dir='ltr'><strong>quinque.</strong></span> <span class='ocrx_word' id='word_1_174' title='bbox 580 2275 749 2332; x_wconf 84' lang='lat' dir='ltr'><strong>Sexto</strong></span> <span class='ocrx_word' id='word_1_175' title='bbox 771 2292 899 2334; x_wconf 88' lang='lat' dir='ltr'><strong>vero</strong></span> <span class='ocrx_word' id='word_1_176' title='bbox 921 2276 1010 2332; x_wconf 90' lang='lat' dir='ltr'><strong>die</strong></span> <span class='ocrx_word' id='word_1_177' title='bbox 1035 2276 1276 2332; x_wconf 87' lang='lat' dir='ltr'><strong>oneratis</strong></span> <span class='ocrx_word' id='word_1_178' title='bbox 1297 2275 1522 2331; x_wconf 89' lang='lat' dir='ltr'><strong>camelis</strong></span> <span class='ocrx_word' id='word_1_179' title='bbox 1549 2282 1605 2330; x_wconf 91' lang='lat' dir='ltr'><strong>et</strong></span> 
     </span>
    </p>
   </div>
   <div class='ocr_carea' id='block_1_26' title="bbox 83 2368 1602 2440">
    <p class='ocr_par' dir='ltr' id='par_1_26' title="bbox 83 2368 1602 2440">
     <span class='ocr_line' id='line_1_26' title="bbox 83 2368 1602 2440; baseline -0.001 -16"><span class='ocrx_word' id='word_1_180' title='bbox 83 2371 300 2440; x_wconf 75' lang='lat' dir='ltr'><strong>iumentis,</strong></span> <span class='ocrx_word' id='word_1_181' title='bbox 322 2369 614 2437; x_wconf 88' lang='lat' dir='ltr'><strong>frumento,</strong></span> <span class='ocrx_word' id='word_1_182' title='bbox 637 2369 836 2438; x_wconf 90' lang='lat' dir='ltr'><strong>farina,</strong></span> <span class='ocrx_word' id='word_1_183' title='bbox 863 2379 918 2426; x_wconf 88' lang='lat' dir='ltr'><strong>et</strong></span> <span class='ocrx_word' id='word_1_184' title='bbox 942 2371 1086 2437; x_wconf 90' lang='lat' dir='ltr'><strong>oleo,</strong></span> <span class='ocrx_word' id='word_1_185' title='bbox 1109 2378 1164 2424; x_wconf 90' lang='lat' dir='ltr'><strong>et</strong></span> <span class='ocrx_word' id='word_1_186' title='bbox 1185 2371 1383 2437; x_wconf 89' lang='lat' dir='ltr'><strong>caseis,</strong></span> <span class='ocrx_word' id='word_1_187' title='bbox 1407 2368 1602 2423; x_wconf 88' lang='lat' dir='ltr'><strong>rebus-</strong></span> 
     </span>
    </p>
   </div>
   <div class='ocr_carea' id='block_1_27' title="bbox 82 2462 1602 2535">
    <p class='ocr_par' dir='ltr' id='par_1_27' title="bbox 82 2462 1602 2535">
     <span class='ocr_line' id='line_1_27' title="bbox 82 2462 1602 2535; baseline -0.002 -16"><span class='ocrx_word' id='word_1_188' title='bbox 82 2480 157 2534; x_wconf 85' lang='lat' dir='ltr'><strong>que</strong></span> <span class='ocrx_word' id='word_1_189' title='bbox 176 2463 277 2518; x_wconf 85' lang='lat' dir='ltr'><strong>aliis</strong></span> <span class='ocrx_word' id='word_1_190' title='bbox 300 2463 362 2520; x_wconf 93' lang='lat' dir='ltr'><strong>ad</strong></span> <span class='ocrx_word' id='word_1_191' title='bbox 388 2462 658 2520; x_wconf 84' lang='lat' dir='ltr'><strong>edendum</strong></span> <span class='ocrx_word' id='word_1_192' title='bbox 706 2462 947 2530; x_wconf 88' lang='lat' dir='ltr'><strong>idoneis,</strong></span> <span class='ocrx_word' id='word_1_193' title='bbox 994 2463 1293 2535; x_wconf 77' lang='lat' dir='ltr'><strong>gaudentes</strong></span> <span class='ocrx_word' id='word_1_194' title='bbox 1331 2462 1602 2530; x_wconf 81' lang='lat' dir='ltr'><strong>exierunt,</strong></span> 
     </span>
    </p>
   </div>
   <div class='ocr_carea' id='block_1_28' title="bbox 82 2555 1604 2628">
    <p class='ocr_par' dir='ltr' id='par_1_28' title="bbox 82 2555 1604 2628">
     <span class='ocr_line' id='line_1_28' title="bbox 82 2555 1604 2628; baseline 0.002 -19"><span class='ocrx_word' id='word_1_195' title='bbox 82 2557 187 2610; x_wconf 67' lang='lat' dir='ltr'><strong>eiad</strong></span> <span class='ocrx_word' id='word_1_196' title='bbox 209 2557 468 2612; x_wconf 85' lang='lat' dir='ltr'><strong>castellum</strong></span> <span class='ocrx_word' id='word_1_197' title='bbox 496 2555 777 2628; x_wconf 86' lang='lat' dir='ltr'><strong>quoddam</strong></span> <span class='ocrx_word' id='word_1_198' title='bbox 807 2556 1048 2612; x_wconf 83' lang='lat' dir='ltr'><strong>Arabum</strong></span> <span class='ocrx_word' id='word_1_199' title='bbox 1085 2562 1467 2626; x_wconf 91' lang='lat' dir='ltr'><strong>pervenerunt.</strong></span> <span class='ocrx_word' id='word_1_200' title='bbox 1495 2555 1604 2612; x_wconf 90' lang='lat' dir='ltr'><strong>Do-</strong></span> 
     </span>
    </p>
   </div>
   <div class='ocr_carea' id='block_1_29' title="bbox 81 2648 1606 2719">
    <p class='ocr_par' dir='ltr' id='par_1_29' title="bbox 81 2648 1606 2719">
     <span class='ocr_line' id='line_1_29' title="bbox 81 2648 1606 2719; baseline 0.001 -18"><span class='ocrx_word' id='word_1_201' title='bbox 81 2648 216 2703; x_wconf 79' lang='lat' dir='ltr'><strong>minzs</strong></span> <span class='ocrx_word' id='word_1_202' title='bbox 239 2656 404 2704; x_wconf 89' lang='lat' dir='ltr'><strong>autem</strong></span> <span class='ocrx_word' id='word_1_203' title='bbox 439 2649 650 2704; x_wconf 89' lang='lat' dir='ltr'><strong>castelli</strong></span> <span class='ocrx_word' id='word_1_204' title='bbox 693 2649 924 2719; x_wconf 88' lang='lat' dir='ltr'><strong>sapienti</strong></span> <span class='ocrx_word' id='word_1_205' title='bbox 955 2664 1090 2704; x_wconf 84' lang='lat' dir='ltr'><strong>usus</strong></span> <span class='ocrx_word' id='word_1_206' title='bbox 1111 2648 1360 2716; x_wconf 90' lang='lat' dir='ltr'><strong>consilio,</strong></span> <span class='ocrx_word' id='word_1_207' title='bbox 1388 2649 1606 2705; x_wconf 89' lang='lat' dir='ltr'><strong>obviam</strong></span> 
     </span>
    </p>
   </div>
   <div class='ocr_carea' id='block_1_30' title="bbox 79 2741 1604 2813">
    <p class='ocr_par' dir='ltr' id='par_1_30' title="bbox 79 2741 1604 2813">
     <span class='ocr_line' id='line_1_30' title="bbox 79 2741 1604 2813; baseline 0.003 -21"><span class='ocrx_word' id='word_1_208' title='bbox 79 2741 187 2794; x_wconf 78' lang='lat' dir='ltr'><strong>venit</strong></span> <span class='ocrx_word' id='word_1_209' title='bbox 227 2741 398 2797; x_wconf 88' lang='lat' dir='ltr'><strong>comiti</strong></span> <span class='ocrx_word' id='word_1_210' title='bbox 447 2741 767 2797; x_wconf 83' lang='lat' dir='ltr'><strong>Raimundo</strong></span> <span class='ocrx_word' id='word_1_211' title='bbox 796 2783 811 2810; x_wconf 92' lang='lat'><strong>,</strong></span> <span class='ocrx_word' id='word_1_212' title='bbox 859 2750 914 2798; x_wconf 91' lang='lat' dir='ltr'><strong>et</strong></span> <span class='ocrx_word' id='word_1_213' title='bbox 965 2742 1284 2813; x_wconf 75' lang='lat' dir='ltr'><strong>pacificatus</strong></span> <span class='ocrx_word' id='word_1_214' title='bbox 1340 2751 1426 2798; x_wconf 91' lang='lat' dir='ltr'><strong>est</strong></span> <span class='ocrx_word' id='word_1_215' title='bbox 1481 2757 1604 2797; x_wconf 84' lang='lat' dir='ltr'><strong>cum</strong></span> 
     </span>
    </p>
   </div>
   <div class='ocr_carea' id='block_1_31' title="bbox 77 2832 158 2888">
    <p class='ocr_par' dir='ltr' id='par_1_31' title="bbox 77 2832 158 2888">
     <span class='ocr_line' id='line_1_31' title="bbox 77 2832 158 2888; baseline 0.025 -2"><span class='ocrx_word' id='word_1_216' title='bbox 77 2832 158 2888; x_wconf 88' lang='lat' dir='ltr'><strong>illo.</strong></span> 
     </span>
    </p>
   </div>
   <div class='ocr_carea' id='block_1_32' title="bbox 127 2923 1608 2997">
    <p class='ocr_par' dir='ltr' id='par_1_32' title="bbox 127 2923 1608 2997">
     <span class='ocr_line' id='line_1_32' title="bbox 127 2923 1608 2997; baseline 0.003 -22"><span class='ocrx_word' id='word_1_217' title='bbox 127 2923 226 2980; x_wconf 86' lang='lat' dir='ltr'><strong>inde</strong></span> <span class='ocrx_word' id='word_1_218' title='bbox 245 2933 500 2980; x_wconf 79' lang='lat' dir='ltr'><strong>venerunt</strong></span> <span class='ocrx_word' id='word_1_219' title='bbox 523 2924 594 2980; x_wconf 87' lang='lat' dir='ltr'><strong>ad</strong></span> <span class='ocrx_word' id='word_1_220' title='bbox 625 2925 922 2996; x_wconf 88' lang='lat' dir='ltr'><strong>quamdam</strong></span> <span class='ocrx_word' id='word_1_221' title='bbox 954 2925 1264 2994; x_wconf 89' lang='lat' dir='ltr'><strong>civitatem,</strong></span> <span class='ocrx_word' id='word_1_222' title='bbox 1292 2925 1346 2980; x_wconf 88' lang='lat' dir='ltr'><strong>in</strong></span> <span class='ocrx_word' id='word_1_223' title='bbox 1371 2925 1608 2997; x_wconf 90' lang='lat' dir='ltr'><strong>quadam</strong></span> 
     </span>
    </p>
   </div>
   <div class='ocr_carea' id='block_1_33' title="bbox 78 3013 1612 3086">
    <p class='ocr_par' dir='ltr' id='par_1_33' title="bbox 78 3013 1612 3086">
     <span class='ocr_line' id='line_1_33' title="bbox 78 3013 1612 3086; baseline 0.006 -23"><span class='ocrx_word' id='word_1_224' title='bbox 78 3013 178 3066; x_wconf 80' lang='lat' dir='ltr'><strong>valle</strong></span> <span class='ocrx_word' id='word_1_225' title='bbox 193 3013 416 3084; x_wconf 86' lang='lat' dir='ltr'><strong>speciosa</strong></span> <span class='ocrx_word' id='word_1_226' title='bbox 439 3024 494 3070; x_wconf 91' lang='lat' dir='ltr'><strong>et</strong></span> <span class='ocrx_word' id='word_1_227' title='bbox 522 3016 768 3086; x_wconf 89' lang='lat' dir='ltr'><strong>spatiosa</strong></span> <span class='ocrx_word' id='word_1_228' title='bbox 796 3017 1176 3083; x_wconf 83' lang='lat' dir='ltr'><strong>constitutam,</strong></span> <span class='ocrx_word' id='word_1_229' title='bbox 1201 3017 1376 3073; x_wconf 91' lang='lat' dir='ltr'><strong>muris</strong></span> <span class='ocrx_word' id='word_1_230' title='bbox 1414 3025 1470 3073; x_wconf 89' lang='lat' dir='ltr'><strong>et</strong></span> <span class='ocrx_word' id='word_1_231' title='bbox 1495 3026 1612 3072; x_wconf 89' lang='lat' dir='ltr'><strong>tur-</strong></span> 
     </span>
    </p>
   </div>
   <div class='ocr_carea' id='block_1_34' title="bbox 76 3105 1612 3180">
    <p class='ocr_par' dir='ltr' id='par_1_34' title="bbox 76 3105 1612 3180">
     <span class='ocr_line' id='line_1_34' title="bbox 76 3105 1612 3180; baseline 0.004 -24"><span class='ocrx_word' id='word_1_232' title='bbox 76 3105 188 3158; x_wconf 86' lang='lat' dir='ltr'><strong>ribus</strong></span> <span class='ocrx_word' id='word_1_233' title='bbox 203 3105 322 3160; x_wconf 89' lang='lat' dir='ltr'><strong>bene</strong></span> <span class='ocrx_word' id='word_1_234' title='bbox 344 3106 647 3175; x_wconf 87' lang='lat' dir='ltr'><strong>munitam,</strong></span> <span class='ocrx_word' id='word_1_235' title='bbox 662 3115 718 3162; x_wconf 88' lang='lat' dir='ltr'><strong>et</strong></span> <span class='ocrx_word' id='word_1_236' title='bbox 745 3107 896 3162; x_wconf 91' lang='lat' dir='ltr'><strong>omni</strong></span> <span class='ocrx_word' id='word_1_237' title='bbox 921 3123 1117 3180; x_wconf 89' lang='lat' dir='ltr'><strong>genere</strong></span> <span class='ocrx_word' id='word_1_238' title='bbox 1137 3107 1414 3163; x_wconf 90' lang='lat' dir='ltr'><strong>fructuum</strong></span> <span class='ocrx_word' id='word_1_239' title='bbox 1437 3108 1612 3163; x_wconf 87' lang='lat' dir='ltr'><strong>abun-</strong></span> 
     </span>
    </p>
   </div>
   <div class='ocr_carea' id='block_1_35' title="bbox 75 3195 1611 3271">
    <p class='ocr_par' dir='ltr' id='par_1_35' title="bbox 75 3195 1611 3271">
     <span class='ocr_line' id='line_1_35' title="bbox 75 3195 1611 3271; baseline 0.005 -24"><span class='ocrx_word' id='word_1_240' title='bbox 75 3195 336 3253; x_wconf 87' lang='lat' dir='ltr'><strong>dantissime</strong></span> <span class='ocrx_word' id='word_1_241' title='bbox 361 3197 649 3267; x_wconf 81' lang='lat' dir='ltr'><strong>refertam,</strong></span> <span class='ocrx_word' id='word_1_242' title='bbox 673 3215 839 3270; x_wconf 88' lang='lat' dir='ltr'><strong>quam</strong></span> <span class='ocrx_word' id='word_1_243' title='bbox 869 3200 1064 3257; x_wconf 65' lang='lat' dir='ltr'><strong>incolat</strong></span> <span class='ocrx_word' id='word_1_244' title='bbox 1089 3200 1365 3271; x_wconf 90' lang='lat' dir='ltr'><strong>appellant</strong></span> <span class='ocrx_word' id='word_1_245' title='bbox 1392 3199 1611 3270; x_wconf 80' lang='lat' dir='ltr'><strong>Capha-</strong></span> 
     </span>
    </p>
   </div>
   <div class='ocr_carea' id='block_1_36' title="bbox 73 3286 1614 3359">
    <p class='ocr_par' dir='ltr' id='par_1_36' title="bbox 73 3286 1614 3359">
     <span class='ocr_line' id='line_1_36' title="bbox 73 3286 1614 3359; baseline 0.003 -21"><span class='ocrx_word' id='word_1_246' title='bbox 73 3286 182 3340; x_wconf 81' lang='lat' dir='ltr'><strong>liam.</strong></span> <span class='ocrx_word' id='word_1_247' title='bbox 208 3286 369 3359; x_wconf 82' lang='lat' dir='ltr'><strong>Hujus</strong></span> <span class='ocrx_word' id='word_1_248' title='bbox 395 3290 555 3346; x_wconf 92' lang='lat' dir='ltr'><strong>urbis</strong></span> <span class='ocrx_word' id='word_1_249' title='bbox 592 3291 933 3347; x_wconf 86' lang='lat' dir='ltr'><strong>habitatores</strong></span> <span class='ocrx_word' id='word_1_250' title='bbox 966 3290 1154 3346; x_wconf 89' lang='lat' dir='ltr'><strong>audito</strong></span> <span class='ocrx_word' id='word_1_251' title='bbox 1187 3304 1408 3345; x_wconf 89' lang='lat' dir='ltr'><strong>rumore</strong></span> <span class='ocrx_word' id='word_1_252' title='bbox 1438 3287 1614 3344; x_wconf 87' lang='lat' dir='ltr'><strong>Fran-</strong></span> 
     </span>
    </p>
   </div>
   <div class='ocr_carea' id='block_1_37' title="bbox 75 3380 1617 3454">
    <p class='ocr_par' dir='ltr' id='par_1_37' title="bbox 75 3380 1617 3454">
     <span class='ocr_line' id='line_1_37' title="bbox 75 3380 1617 3454; baseline 0.003 -24"><span class='ocrx_word' id='word_1_253' title='bbox 75 3391 218 3432; x_wconf 85' lang='lat' dir='ltr'><strong>corum</strong></span> <span class='ocrx_word' id='word_1_254' title='bbox 238 3382 533 3451; x_wconf 86' lang='lat' dir='ltr'><strong>perterriti,</strong></span> <span class='ocrx_word' id='word_1_255' title='bbox 580 3384 837 3454; x_wconf 89' lang='lat' dir='ltr'><strong>proprias</strong></span> <span class='ocrx_word' id='word_1_256' title='bbox 879 3383 1038 3438; x_wconf 89' lang='lat' dir='ltr'><strong>sedes</strong></span> <span class='ocrx_word' id='word_1_257' title='bbox 1065 3382 1438 3448; x_wconf 86' lang='lat' dir='ltr'><strong>deseruerant,</strong></span> <span class='ocrx_word' id='word_1_258' title='bbox 1467 3389 1522 3437; x_wconf 88' lang='lat' dir='ltr'><strong>et</strong></span> <span class='ocrx_word' id='word_1_259' title='bbox 1548 3380 1617 3435; x_wconf 88' lang='lat' dir='ltr'><strong>ad</strong></span> 
     </span>
    </p>
   </div>
   <div class='ocr_carea' id='block_1_38' title="bbox 71 3470 1619 3544">
    <p class='ocr_par' dir='ltr' id='par_1_38' title="bbox 71 3470 1619 3544">
     <span class='ocr_line' id='line_1_38' title="bbox 71 3470 1619 3544; baseline 0.005 -25"><span class='ocrx_word' id='word_1_260' title='bbox 71 3470 230 3526; x_wconf 82' lang='lat' dir='ltr'><strong>alienas</strong></span> <span class='ocrx_word' id='word_1_261' title='bbox 257 3471 642 3544; x_wconf 82' lang='lat' dir='ltr'><strong>confugerant.</strong></span> <span class='ocrx_word' id='word_1_262' title='bbox 673 3472 885 3544; x_wconf 87' lang='lat' dir='ltr'><strong>Quippe</strong></span> <span class='ocrx_word' id='word_1_263' title='bbox 908 3472 1198 3529; x_wconf 81' lang='lat' dir='ltr'><strong>infelicitas</strong></span> <span class='ocrx_word' id='word_1_264' title='bbox 1228 3488 1350 3544; x_wconf 64' lang='lat' dir='ltr'><strong>qua:</strong></span> <span class='ocrx_word' id='word_1_265' title='bbox 1375 3472 1619 3543; x_wconf 85' lang='lat' dir='ltr'><strong>contige-</strong></span> 
     </span>
    </p>
   </div>
   <div class='ocr_carea' id='block_1_39' title="bbox 72 3568 1620 3644">
    <p class='ocr_par' dir='ltr' id='par_1_39' title="bbox 72 3568 1620 3644">
     <span class='ocr_line' id='line_1_39' title="bbox 72 3568 1620 3644; baseline 0.005 -26"><span class='ocrx_word' id='word_1_266' title='bbox 72 3575 132 3621; x_wconf 86' lang='lat' dir='ltr'><strong>rat</strong></span> <span class='ocrx_word' id='word_1_267' title='bbox 150 3568 426 3629; x_wconf 72' lang='lat' dir='ltr'><strong>Antiochiae</strong></span> <span class='ocrx_word' id='word_1_268' title='bbox 449 3581 506 3628; x_wconf 89' lang='lat' dir='ltr'><strong>et</strong></span> <span class='ocrx_word' id='word_1_269' title='bbox 537 3571 758 3640; x_wconf 68' lang='lat' dir='ltr'><strong>Marus,</strong></span> <span class='ocrx_word' id='word_1_270' title='bbox 786 3588 977 3630; x_wconf 90' lang='lat' dir='ltr'><strong>omnes</strong></span> <span class='ocrx_word' id='word_1_271' title='bbox 995 3581 1382 3644; x_wconf 90' lang='lat' dir='ltr'><strong>perterruerat,</strong></span> <span class='ocrx_word' id='word_1_272' title='bbox 1404 3581 1458 3628; x_wconf 90' lang='lat' dir='ltr'><strong>et</strong></span> <span class='ocrx_word' id='word_1_273' title='bbox 1479 3571 1620 3644; x_wconf 81' lang='lat' dir='ltr'><strong>fugae</strong></span> 
     </span>
    </p>
   </div>
   <div class='ocr_carea' id='block_1_40' title="bbox 66 3658 1620 3735">
    <p class='ocr_par' dir='ltr' id='par_1_40' title="bbox 66 3658 1620 3735">
     <span class='ocr_line' id='line_1_40' title="bbox 66 3658 1620 3735; baseline 0.005 -25"><span class='ocrx_word' id='word_1_274' title='bbox 66 3658 342 3718; x_wconf 78' lang='lat' dir='ltr'><strong>domesticos</strong></span> <span class='ocrx_word' id='word_1_275' title='bbox 365 3663 656 3720; x_wconf 79' lang='lat' dir='ltr'><strong>eﬂ‘eeerat.</strong></span> <span class='ocrx_word' id='word_1_276' title='bbox 703 3663 951 3735; x_wconf 90' lang='lat' dir='ltr'><strong>Cumque</strong></span> <span class='ocrx_word' id='word_1_277' title='bbox 997 3663 1166 3719; x_wconf 86' lang='lat' dir='ltr'><strong>nostri</strong></span> <span class='ocrx_word' id='word_1_278' title='bbox 1203 3663 1437 3718; x_wconf 89' lang='lat' dir='ltr'><strong>tentoria</strong></span> <span class='ocrx_word' id='word_1_279' title='bbox 1472 3663 1620 3719; x_wconf 89' lang='lat' dir='ltr'><strong>circa</strong></span> 
     </span>
    </p>
   </div>
   <div class='ocr_carea' id='block_1_41' title="bbox 68 3751 1620 3826">
    <p class='ocr_par' dir='ltr' id='par_1_41' title="bbox 68 3751 1620 3826">
     <span class='ocr_line' id='line_1_41' title="bbox 68 3751 1620 3826; baseline 0.005 -26"><span class='ocrx_word' id='word_1_280' title='bbox 68 3762 156 3803; x_wconf 78' lang='lat' dir='ltr'><strong>eam</strong></span> <span class='ocrx_word' id='word_1_281' title='bbox 197 3751 379 3808; x_wconf 80' lang='lat' dir='ltr'><strong>vellent</strong></span> <span class='ocrx_word' id='word_1_282' title='bbox 426 3769 667 3825; x_wconf 87' lang='lat' dir='ltr'><strong>ponere,</strong></span> <span class='ocrx_word' id='word_1_283' title='bbox 712 3754 843 3810; x_wconf 91' lang='lat' dir='ltr'><strong>etin</strong></span> <span class='ocrx_word' id='word_1_284' title='bbox 883 3769 1075 3826; x_wconf 78' lang='lat' dir='ltr'><strong>gyrum</strong></span> <span class='ocrx_word' id='word_1_285' title='bbox 1119 3753 1390 3819; x_wconf 88' lang='lat' dir='ltr'><strong>obsidere,</strong></span> <span class='ocrx_word' id='word_1_286' title='bbox 1437 3752 1620 3807; x_wconf 89' lang='lat' dir='ltr'><strong>mirati</strong></span> 
     </span>
    </p>
   </div>
   <div class='ocr_carea' id='block_1_42' title="bbox 65 3844 1621 3915">
    <p class='ocr_par' dir='ltr' id='par_1_42' title="bbox 65 3844 1621 3915">
     <span class='ocr_line' id='line_1_42' title="bbox 65 3844 1621 3915; baseline 0.004 -24"><span class='ocrx_word' id='word_1_287' title='bbox 65 3850 159 3894; x_wconf 86' lang='lat' dir='ltr'><strong>sunt</strong></span> <span class='ocrx_word' id='word_1_288' title='bbox 180 3845 309 3913; x_wconf 88' lang='lat' dir='ltr'><strong>quod</strong></span> <span class='ocrx_word' id='word_1_289' title='bbox 344 3845 414 3901; x_wconf 90' lang='lat' dir='ltr'><strong>de</strong></span> <span class='ocrx_word' id='word_1_290' title='bbox 448 3853 614 3901; x_wconf 88' lang='lat' dir='ltr'><strong>tanta</strong></span> <span class='ocrx_word' id='word_1_291' title='bbox 645 3845 862 3901; x_wconf 85' lang='lat' dir='ltr'><strong>civitate</strong></span> <span class='ocrx_word' id='word_1_292' title='bbox 897 3860 1008 3900; x_wconf 91' lang='lat' dir='ltr'><strong>non</strong></span> <span class='ocrx_word' id='word_1_293' title='bbox 1038 3844 1239 3915; x_wconf 90' lang='lat' dir='ltr'><strong>aliquis</strong></span> <span class='ocrx_word' id='word_1_294' title='bbox 1273 3844 1491 3899; x_wconf 89' lang='lat' dir='ltr'><strong>obviam</strong></span> <span class='ocrx_word' id='word_1_295' title='bbox 1523 3859 1621 3898; x_wconf 87' lang='lat' dir='ltr'><strong>ve-</strong></span> 
     </span>
    </p>
   </div>
   <div class='ocr_carea' id='block_1_43' title="bbox 67 3930 1624 4006">
    <p class='ocr_par' dir='ltr' id='par_1_43' title="bbox 67 3930 1624 4006">
     <span class='ocr_line' id='line_1_43' title="bbox 67 3930 1624 4006; baseline 0.006 -26"><span class='ocrx_word' id='word_1_296' title='bbox 67 3930 225 3997; x_wconf 82' lang='lat' dir='ltr'><strong>niebat,</strong></span> <span class='ocrx_word' id='word_1_297' title='bbox 249 3951 346 3990; x_wconf 85' lang='lat' dir='ltr'><strong>nec</strong></span> <span class='ocrx_word' id='word_1_298' title='bbox 368 3936 426 3991; x_wconf 90' lang='lat' dir='ltr'><strong>in</strong></span> <span class='ocrx_word' id='word_1_299' title='bbox 458 3937 710 3993; x_wconf 82' lang='lat' dir='ltr'><strong>excelsis</strong></span> <span class='ocrx_word' id='word_1_300' title='bbox 732 3937 978 3992; x_wconf 91' lang='lat' dir='ltr'><strong>turribus</strong></span> <span class='ocrx_word' id='word_1_301' title='bbox 1006 3944 1102 3991; x_wconf 93' lang='lat' dir='ltr'><strong>aut</strong></span> <span class='ocrx_word' id='word_1_302' title='bbox 1123 3936 1387 3991; x_wconf 80' lang='lat' dir='ltr'><strong>moenium</strong></span> <span class='ocrx_word' id='word_1_303' title='bbox 1422 3951 1624 4006; x_wconf 89' lang='lat' dir='ltr'><strong>propu-</strong></span> 
     </span>
    </p>
   </div>
   <div class='ocr_carea' id='block_1_44' title="bbox 62 4025 1625 4100">
    <p class='ocr_par' dir='ltr' id='par_1_44' title="bbox 62 4025 1625 4100">
     <span class='ocr_line' id='line_1_44' title="bbox 62 4025 1625 4100; baseline 0.004 -24"><span class='ocrx_word' id='word_1_304' title='bbox 62 4025 265 4092; x_wconf 78' lang='lat' dir='ltr'><strong>gnaculis</strong></span> <span class='ocrx_word' id='word_1_305' title='bbox 288 4029 640 4099; x_wconf 87' lang='lat' dir='ltr'><strong>apparebat;</strong></span> <span class='ocrx_word' id='word_1_306' title='bbox 670 4030 952 4100; x_wconf 89' lang='lat' dir='ltr'><strong>altumque</strong></span> <span class='ocrx_word' id='word_1_307' title='bbox 978 4029 1256 4085; x_wconf 89' lang='lat' dir='ltr'><strong>silentium</strong></span> <span class='ocrx_word' id='word_1_308' title='bbox 1285 4027 1431 4084; x_wconf 92' lang='lat' dir='ltr'><strong>intus</strong></span> <span class='ocrx_word' id='word_1_309' title='bbox 1454 4029 1625 4083; x_wconf 89' lang='lat' dir='ltr'><strong>habe-</strong></span> 
     </span>
    </p>
   </div>
   <div class='ocr_carea' id='block_1_45' title="bbox 65 4115 1628 4183">
    <p class='ocr_par' dir='ltr' id='par_1_45' title="bbox 65 4115 1628 4183">
     <span class='ocr_line' id='line_1_45' title="bbox 65 4115 1628 4183; baseline 0.005 -17"><span class='ocrx_word' id='word_1_310' title='bbox 65 4115 208 4183; x_wconf 81' lang='lat' dir='ltr'><strong>batur,</strong></span> <span class='ocrx_word' id='word_1_311' title='bbox 237 4135 335 4174; x_wconf 89' lang='lat' dir='ltr'><strong>uec</strong></span> <span class='ocrx_word' id='word_1_312' title='bbox 357 4122 538 4178; x_wconf 89' lang='lat' dir='ltr'><strong>ullius</strong></span> <span class='ocrx_word' id='word_1_313' title='bbox 580 4123 738 4179; x_wconf 90' lang='lat' dir='ltr'><strong>vocis</strong></span> <span class='ocrx_word' id='word_1_314' title='bbox 772 4138 944 4178; x_wconf 89' lang='lat' dir='ltr'><strong>sonus</strong></span> <span class='ocrx_word' id='word_1_315' title='bbox 969 4121 1314 4177; x_wconf 87' lang='lat' dir='ltr'><strong>audiebatur.</strong></span> <span class='ocrx_word' id='word_1_316' title='bbox 1348 4120 1501 4176; x_wconf 91' lang='lat' dir='ltr'><strong>Tune</strong></span> <span class='ocrx_word' id='word_1_317' title='bbox 1525 4120 1628 4175; x_wconf 88' lang='lat' dir='ltr'><strong>mi-</strong></span> 
     </span>
    </p>
   </div>
   <div class='ocr_carea' id='block_1_46' title="bbox 62 4213 1626 4286">
    <p class='ocr_par' dir='ltr' id='par_1_46' title="bbox 62 4213 1626 4286">
     <span class='ocr_line' id='line_1_46' title="bbox 62 4213 1626 4286; baseline 0.006 -27"><span class='ocrx_word' id='word_1_318' title='bbox 62 4219 210 4265; x_wconf 85' lang='lat' dir='ltr'><strong>serunt</strong></span> <span class='ocrx_word' id='word_1_319' title='bbox 241 4213 635 4284; x_wconf 80' lang='lat' dir='ltr'><strong>exploratores</strong></span> <span class='ocrx_word' id='word_1_320' title='bbox 663 4214 756 4284; x_wconf 90' lang='lat' dir='ltr'><strong>qui</strong></span> <span class='ocrx_word' id='word_1_321' title='bbox 789 4229 905 4269; x_wconf 91' lang='lat' dir='ltr'><strong>rem</strong></span> <span class='ocrx_word' id='word_1_322' title='bbox 932 4214 1222 4286; x_wconf 86' lang='lat' dir='ltr'><strong>diligenter</strong></span> <span class='ocrx_word' id='word_1_323' title='bbox 1266 4214 1626 4284; x_wconf 90' lang='lat' dir='ltr'><strong>inquirerent,</strong></span> 
     </span>
    </p>
   </div>
   <div class='ocr_carea' id='block_1_47' title="bbox 63 4298 1630 4374">
    <p class='ocr_par' dir='ltr' id='par_1_47' title="bbox 63 4298 1630 4374">
     <span class='ocr_line' id='line_1_47' title="bbox 63 4298 1630 4374; baseline 0.007 -27"><span class='ocrx_word' id='word_1_324' title='bbox 63 4298 412 4369; x_wconf 84' lang='lat' dir='ltr'><strong>etinquisitam</strong></span> <span class='ocrx_word' id='word_1_325' title='bbox 442 4305 860 4360; x_wconf 88' lang='lat' dir='ltr'><strong>renuntiarent.</strong></span> <span class='ocrx_word' id='word_1_326' title='bbox 888 4302 968 4358; x_wconf 84' lang='lat' dir='ltr'><strong>illi</strong></span> <span class='ocrx_word' id='word_1_327' title='bbox 1001 4313 1182 4359; x_wconf 87' lang='lat' dir='ltr'><strong>autem</strong></span> <span class='ocrx_word' id='word_1_328' title='bbox 1213 4301 1466 4374; x_wconf 89' lang='lat' dir='ltr'><strong>profecti,</strong></span> <span class='ocrx_word' id='word_1_329' title='bbox 1501 4319 1630 4360; x_wconf 90' lang='lat' dir='ltr'><strong>cum</strong></span> 
     </span>
    </p>
   </div>
   <div class='ocr_carea' id='block_1_48' title="bbox 61 4396 1630 4468">
    <p class='ocr_par' dir='ltr' id='par_1_48' title="bbox 61 4396 1630 4468">
     <span class='ocr_line' id='line_1_48' title="bbox 61 4396 1630 4468; baseline -0.001 -13"><span class='ocrx_word' id='word_1_330' title='bbox 61 4400 191 4455; x_wconf 61' lang='lat' dir='ltr'><strong>Mrta</strong></span> <span class='ocrx_word' id='word_1_331' title='bbox 229 4397 456 4467; x_wconf 89' lang='lat' dir='ltr'><strong>propius</strong></span> <span class='ocrx_word' id='word_1_332' title='bbox 509 4397 910 4463; x_wconf 86' lang='lat' dir='ltr'><strong>accessissent,</strong></span> <span class='ocrx_word' id='word_1_333' title='bbox 954 4396 1182 4466; x_wconf 91' lang='lat' dir='ltr'><strong>januam</strong></span> <span class='ocrx_word' id='word_1_334' title='bbox 1220 4397 1437 4467; x_wconf 86' lang='lat' dir='ltr'><strong>quidem</strong></span> <span class='ocrx_word' id='word_1_335' title='bbox 1468 4413 1630 4468; x_wconf 89' lang='lat' dir='ltr'><strong>aper-</strong></span> 
     </span>
    </p>
   </div>
   <div class='ocr_carea' id='block_1_49' title="bbox 1684 713 3276 780">
    <p class='ocr_par' dir='ltr' id='par_1_49' title="bbox 1684 713 3276 780">
     <span class='ocr_line' id='line_1_49' title="bbox 1684 713 3276 780; baseline 0.001 -14"><span class='ocrx_word' id='word_1_336' title='bbox 1684 721 1942 767; x_wconf 85' lang='lat' dir='ltr'><strong>montana</strong></span> <span class='ocrx_word' id='word_1_337' title='bbox 1964 715 2422 780; x_wconf 86' lang='lat' dir='ltr'><strong>conscenderunt,</strong></span> <span class='ocrx_word' id='word_1_338' title='bbox 2453 724 2509 769; x_wconf 93' lang='lat' dir='ltr'><strong>ct</strong></span> <span class='ocrx_word' id='word_1_339' title='bbox 2544 713 2599 768; x_wconf 91' lang='lat' dir='ltr'><strong>in</strong></span> <span class='ocrx_word' id='word_1_340' title='bbox 2624 713 2818 768; x_wconf 87' lang='lat' dir='ltr'><strong>vallem</strong></span> <span class='ocrx_word' id='word_1_341' title='bbox 2856 713 3276 770; x_wconf 88' lang='lat' dir='ltr'><strong>descenderunt.</strong></span> 
     </span>
    </p>
   </div>
   <div class='ocr_carea' id='block_1_50' title="bbox 1686 803 3274 880">
    <p class='ocr_par' dir='ltr' id='par_1_50' title="bbox 1686 803 3274 880">
     <span class='ocr_line' id='line_1_50' title="bbox 1686 803 3274 880; baseline -0.001 -19"><span class='ocrx_word' id='word_1_342' title='bbox 1686 805 1816 861; x_wconf 84' lang='lat' dir='ltr'><strong>Erat</strong></span> <span class='ocrx_word' id='word_1_343' title='bbox 1841 815 2021 862; x_wconf 87' lang='lat' dir='ltr'><strong>autem</strong></span> <span class='ocrx_word' id='word_1_344' title='bbox 2062 807 2152 862; x_wconf 91' lang='lat' dir='ltr'><strong>illa</strong></span> <span class='ocrx_word' id='word_1_345' title='bbox 2195 806 2353 862; x_wconf 88' lang='lat' dir='ltr'><strong>vallis</strong></span> <span class='ocrx_word' id='word_1_346' title='bbox 2396 807 2654 880; x_wconf 84' lang='lat' dir='ltr'><strong>gratuita,</strong></span> <span class='ocrx_word' id='word_1_347' title='bbox 2684 819 2739 862; x_wconf 87' lang='lat' dir='ltr'><strong>et</strong></span> <span class='ocrx_word' id='word_1_348' title='bbox 2778 807 3024 863; x_wconf 88' lang='lat' dir='ltr'><strong>omnium</strong></span> <span class='ocrx_word' id='word_1_349' title='bbox 3054 803 3274 874; x_wconf 84' lang='lat' dir='ltr'><strong>frugum</strong></span> 
     </span>
    </p>
   </div>
   <div class='ocr_carea' id='block_1_51' title="bbox 1687 893 3282 968">
    <p class='ocr_par' dir='ltr' id='par_1_51' title="bbox 1687 893 3282 968">
     <span class='ocr_line' id='line_1_51' title="bbox 1687 893 3282 968; baseline -0.003 -16"><span class='ocrx_word' id='word_1_350' title='bbox 1687 896 2074 968; x_wconf 83' lang='lat' dir='ltr'><strong>fructuumque</strong></span> <span class='ocrx_word' id='word_1_351' title='bbox 2103 898 2346 953; x_wconf 88' lang='lat' dir='ltr'><strong>ubertate</strong></span> <span class='ocrx_word' id='word_1_352' title='bbox 2374 897 2721 968; x_wconf 88' lang='lat' dir='ltr'><strong>plenissima;</strong></span> <span class='ocrx_word' id='word_1_353' title='bbox 2751 903 3178 964; x_wconf 86' lang='lat' dir='ltr'><strong>manseruntque</strong></span> <span class='ocrx_word' id='word_1_354' title='bbox 3207 893 3282 948; x_wconf 86' lang='lat' dir='ltr'><strong>ibi</strong></span> 
     </span>
    </p>
   </div>
   <div class='ocr_carea' id='block_1_52' title="bbox 1689 988 3282 1062">
    <p class='ocr_par' dir='ltr' id='par_1_52' title="bbox 1689 988 3282 1062">
     <span class='ocr_line' id='line_1_52' title="bbox 1689 988 3282 1062; baseline -0.003 -15"><span class='ocrx_word' id='word_1_355' title='bbox 1689 1007 1785 1062; x_wconf 89' lang='lat' dir='ltr'><strong>per</strong></span> <span class='ocrx_word' id='word_1_356' title='bbox 1822 991 1939 1046; x_wconf 88' lang='lat' dir='ltr'><strong>dies</strong></span> <span class='ocrx_word' id='word_1_357' title='bbox 1969 991 2301 1061; x_wconf 89' lang='lat' dir='ltr'><strong>quindecim.</strong></span> <span class='ocrx_word' id='word_1_358' title='bbox 2347 990 2526 1062; x_wconf 88' lang='lat' dir='ltr'><strong>Prope</strong></span> <span class='ocrx_word' id='word_1_359' title='bbox 2571 991 2766 1046; x_wconf 89' lang='lat' dir='ltr'><strong>vallem</strong></span> <span class='ocrx_word' id='word_1_360' title='bbox 2813 999 2932 1047; x_wconf 88' lang='lat' dir='ltr'><strong>erat</strong></span> <span class='ocrx_word' id='word_1_361' title='bbox 2971 988 3282 1054; x_wconf 85' lang='lat' dir='ltr'><strong>castellum,</strong></span> 
     </span>
    </p>
   </div>
   <div class='ocr_carea' id='block_1_53' title="bbox 1693 1080 3286 1155">
    <p class='ocr_par' dir='ltr' id='par_1_53' title="bbox 1693 1080 3286 1155">
     <span class='ocr_line' id='line_1_53' title="bbox 1693 1080 3286 1155; baseline -0.004 -15"><span class='ocrx_word' id='word_1_362' title='bbox 1693 1083 2124 1140; x_wconf 88' lang='lat' dir='ltr'><strong>Sarracenorum</strong></span> <span class='ocrx_word' id='word_1_363' title='bbox 2165 1084 2514 1140; x_wconf 86' lang='lat' dir='ltr'><strong>multitudine</strong></span> <span class='ocrx_word' id='word_1_364' title='bbox 2564 1085 2808 1155; x_wconf 90' lang='lat' dir='ltr'><strong>plenum.</strong></span> <span class='ocrx_word' id='word_1_365' title='bbox 2851 1081 3010 1150; x_wconf 83' lang='lat' dir='ltr'><strong>Quod</strong></span> <span class='ocrx_word' id='word_1_366' title='bbox 3039 1097 3164 1138; x_wconf 89' lang='lat' dir='ltr'><strong>cum</strong></span> <span class='ocrx_word' id='word_1_367' title='bbox 3196 1080 3286 1135; x_wconf 88' lang='lat' dir='ltr'><strong>die</strong></span> 
     </span>
    </p>
   </div>
   <div class='ocr_carea' id='block_1_54' title="bbox 1692 1173 3287 1247">
    <p class='ocr_par' dir='ltr' id='par_1_54' title="bbox 1692 1173 3287 1247">
     <span class='ocr_line' id='line_1_54' title="bbox 1692 1173 3287 1247; baseline -0.003 -16"><span class='ocrx_word' id='word_1_368' title='bbox 1692 1177 1929 1247; x_wconf 89' lang='lat' dir='ltr'><strong>quadam</strong></span> <span class='ocrx_word' id='word_1_369' title='bbox 1973 1175 2146 1231; x_wconf 90' lang='lat' dir='ltr'><strong>nostri</strong></span> <span class='ocrx_word' id='word_1_370' title='bbox 2185 1176 2627 1247; x_wconf 81' lang='lat' dir='ltr'><strong>aggrederentur,</strong></span> <span class='ocrx_word' id='word_1_371' title='bbox 2674 1173 2962 1230; x_wconf 88' lang='lat' dir='ltr'><strong>Sarraceui</strong></span> <span class='ocrx_word' id='word_1_372' title='bbox 3009 1173 3077 1229; x_wconf 91' lang='lat' dir='ltr'><strong>de</strong></span> <span class='ocrx_word' id='word_1_373' title='bbox 3124 1186 3287 1227; x_wconf 91' lang='lat' dir='ltr'><strong>muro</strong></span> 
     </span>
    </p>
   </div>
   <div class='ocr_carea' id='block_1_55' title="bbox 1692 1263 3288 1342">
    <p class='ocr_par' dir='ltr' id='par_1_55' title="bbox 1692 1263 3288 1342">
     <span class='ocr_line' id='line_1_55' title="bbox 1692 1263 3288 1342; baseline -0.004 -17"><span class='ocrx_word' id='word_1_374' title='bbox 1692 1271 2039 1342; x_wconf 89' lang='lat' dir='ltr'><strong>projecerunt</strong></span> <span class='ocrx_word' id='word_1_375' title='bbox 2075 1269 2158 1325; x_wconf 91' lang='lat' dir='ltr'><strong>eis</strong></span> <span class='ocrx_word' id='word_1_376' title='bbox 2196 1269 2395 1325; x_wconf 90' lang='lat' dir='ltr'><strong>multas</strong></span> <span class='ocrx_word' id='word_1_377' title='bbox 2417 1268 2674 1339; x_wconf 83' lang='lat' dir='ltr'><strong>pecudes,</strong></span> <span class='ocrx_word' id='word_1_378' title='bbox 2698 1269 3044 1340; x_wconf 89' lang='lat' dir='ltr'><strong>plurimaque</strong></span> <span class='ocrx_word' id='word_1_379' title='bbox 3076 1263 3288 1320; x_wconf 88' lang='lat' dir='ltr'><strong>anima—</strong></span> 
     </span>
    </p>
   </div>
   <div class='ocr_carea' id='block_1_56' title="bbox 1693 1355 3288 1434">
    <p class='ocr_par' dir='ltr' id='par_1_56' title="bbox 1693 1355 3288 1434">
     <span class='ocr_line' id='line_1_56' title="bbox 1693 1355 3288 1434; baseline -0.005 -16"><span class='ocrx_word' id='word_1_380' title='bbox 1693 1362 1786 1430; x_wconf 89' lang='lat' dir='ltr'><strong>lia,</strong></span> <span class='ocrx_word' id='word_1_381' title='bbox 1816 1371 2070 1434; x_wconf 87' lang='lat' dir='ltr'><strong>putantes</strong></span> <span class='ocrx_word' id='word_1_382' title='bbox 2090 1361 2236 1432; x_wconf 91' lang='lat' dir='ltr'><strong>quod</strong></span> <span class='ocrx_word' id='word_1_383' title='bbox 2259 1361 2434 1416; x_wconf 81' lang='lat' dir='ltr'><strong>nostri</strong></span> <span class='ocrx_word' id='word_1_384' title='bbox 2467 1361 2546 1415; x_wconf 91' lang='lat' dir='ltr'><strong>nil</strong></span> <span class='ocrx_word' id='word_1_385' title='bbox 2566 1361 2713 1415; x_wconf 90' lang='lat' dir='ltr'><strong>aliud</strong></span> <span class='ocrx_word' id='word_1_386' title='bbox 2741 1366 3051 1430; x_wconf 61' lang='lat' dir='ltr'><strong>quaererent</strong></span> <span class='ocrx_word' id='word_1_387' title='bbox 3073 1356 3181 1412; x_wconf 91' lang='lat' dir='ltr'><strong>nisi</strong></span> <span class='ocrx_word' id='word_1_388' title='bbox 3207 1355 3288 1410; x_wconf 82' lang='lat' dir='ltr'><strong>vi-</strong></span> 
     </span>
    </p>
   </div>
   <div class='ocr_carea' id='block_1_57' title="bbox 1695 1449 3289 1527">
    <p class='ocr_par' dir='ltr' id='par_1_57' title="bbox 1695 1449 3289 1527">
     <span class='ocr_line' id='line_1_57' title="bbox 1695 1449 3289 1527; baseline -0.006 -14"><span class='ocrx_word' id='word_1_389' title='bbox 1695 1467 1843 1513; x_wconf 90' lang='lat' dir='ltr'><strong>ctum</strong></span> <span class='ocrx_word' id='word_1_390' title='bbox 1871 1475 1884 1512; x_wconf 90' lang='lat'><strong>:</strong></span> <span class='ocrx_word' id='word_1_391' title='bbox 1909 1471 2032 1527; x_wconf 69' lang='lat' dir='ltr'><strong>qua:</strong></span> <span class='ocrx_word' id='word_1_392' title='bbox 2057 1454 2231 1510; x_wconf 89' lang='lat' dir='ltr'><strong>nostri</strong></span> <span class='ocrx_word' id='word_1_393' title='bbox 2262 1462 2540 1526; x_wconf 87' lang='lat' dir='ltr'><strong>gratanter</strong></span> <span class='ocrx_word' id='word_1_394' title='bbox 2567 1460 2907 1523; x_wconf 86' lang='lat' dir='ltr'><strong>receperunt,</strong></span> <span class='ocrx_word' id='word_1_395' title='bbox 2935 1461 2988 1507; x_wconf 92' lang='lat' dir='ltr'><strong>et</strong></span> <span class='ocrx_word' id='word_1_396' title='bbox 3011 1449 3078 1506; x_wconf 88' lang='lat' dir='ltr'><strong>ad</strong></span> <span class='ocrx_word' id='word_1_397' title='bbox 3110 1458 3289 1505; x_wconf 89' lang='lat' dir='ltr'><strong>tento-</strong></span> 
     </span>
    </p>
   </div>
   <div class='ocr_carea' id='block_1_58' title="bbox 1695 1542 3293 1616">
    <p class='ocr_par' dir='ltr' id='par_1_58' title="bbox 1695 1542 3293 1616">
     <span class='ocr_line' id='line_1_58' title="bbox 1695 1542 3293 1616; baseline -0.006 -10"><span class='ocrx_word' id='word_1_398' title='bbox 1695 1551 1777 1606; x_wconf 91' lang='lat' dir='ltr'><strong>ria</strong></span> <span class='ocrx_word' id='word_1_399' title='bbox 1797 1550 2196 1606; x_wconf 79' lang='lat' dir='ltr'><strong>conduxerunt.</strong></span> <span class='ocrx_word' id='word_1_400' title='bbox 2222 1545 2281 1601; x_wconf 92' lang='lat' dir='ltr'><strong>ln</strong></span> <span class='ocrx_word' id='word_1_401' title='bbox 2319 1546 2406 1602; x_wconf 91' lang='lat' dir='ltr'><strong>die</strong></span> <span class='ocrx_word' id='word_1_402' title='bbox 2429 1547 2598 1601; x_wconf 89' lang='lat' dir='ltr'><strong>altera</strong></span> <span class='ocrx_word' id='word_1_403' title='bbox 2621 1545 2959 1616; x_wconf 88' lang='lat' dir='ltr'><strong>collegerunt</strong></span> <span class='ocrx_word' id='word_1_404' title='bbox 2985 1542 3293 1614; x_wconf 84' lang='lat' dir='ltr'><strong>papiliones</strong></span> 
     </span>
    </p>
   </div>
   <div class='ocr_carea' id='block_1_59' title="bbox 1695 1635 3294 1709">
    <p class='ocr_par' dir='ltr' id='par_1_59' title="bbox 1695 1635 3294 1709">
     <span class='ocr_line' id='line_1_59' title="bbox 1695 1635 3294 1709; baseline -0.006 -9"><span class='ocrx_word' id='word_1_405' title='bbox 1695 1653 1751 1700; x_wconf 91' lang='lat' dir='ltr'><strong>et</strong></span> <span class='ocrx_word' id='word_1_406' title='bbox 1781 1642 2034 1709; x_wconf 89' lang='lat' dir='ltr'><strong>tentoria,</strong></span> <span class='ocrx_word' id='word_1_407' title='bbox 2067 1650 2119 1696; x_wconf 88' lang='lat' dir='ltr'><strong>et</strong></span> <span class='ocrx_word' id='word_1_408' title='bbox 2140 1641 2270 1696; x_wconf 91' lang='lat' dir='ltr'><strong>illuc</strong></span> <span class='ocrx_word' id='word_1_409' title='bbox 2292 1648 2473 1695; x_wconf 88' lang='lat' dir='ltr'><strong>castra</strong></span> <span class='ocrx_word' id='word_1_410' title='bbox 2501 1639 2854 1704; x_wconf 79' lang='lat' dir='ltr'><strong>direxerunt;</strong></span> <span class='ocrx_word' id='word_1_411' title='bbox 2881 1637 2977 1693; x_wconf 89' lang='lat' dir='ltr'><strong>sed</strong></span> <span class='ocrx_word' id='word_1_412' title='bbox 3003 1651 3126 1690; x_wconf 79' lang='lat' dir='ltr'><strong>eum</strong></span> <span class='ocrx_word' id='word_1_413' title='bbox 3163 1635 3294 1691; x_wconf 90' lang='lat' dir='ltr'><strong>illuc</strong></span> 
     </span>
    </p>
   </div>
   <div class='ocr_carea' id='block_1_60' title="bbox 1696 1728 3290 1805">
    <p class='ocr_par' dir='ltr' id='par_1_60' title="bbox 1696 1728 3290 1805">
     <span class='ocr_line' id='line_1_60' title="bbox 1696 1728 3290 1805; baseline -0.004 -17"><span class='ocrx_word' id='word_1_414' title='bbox 1696 1742 2082 1805; x_wconf 86' lang='lat' dir='ltr'><strong>pervenerunt,</strong></span> <span class='ocrx_word' id='word_1_415' title='bbox 2119 1733 2189 1788; x_wconf 92' lang='lat' dir='ltr'><strong>ab</strong></span> <span class='ocrx_word' id='word_1_416' title='bbox 2231 1731 2382 1787; x_wconf 91' lang='lat' dir='ltr'><strong>omni</strong></span> <span class='ocrx_word' id='word_1_417' title='bbox 2431 1741 2589 1802; x_wconf 90' lang='lat' dir='ltr'><strong>gente</strong></span> <span class='ocrx_word' id='word_1_418' title='bbox 2635 1744 2870 1784; x_wconf 87' lang='lat' dir='ltr'><strong>vacuum</strong></span> <span class='ocrx_word' id='word_1_419' title='bbox 2923 1728 3290 1784; x_wconf 87' lang='lat' dir='ltr'><strong>invenerunt:</strong></span> 
     </span>
    </p>
   </div>
   <div class='ocr_carea' id='block_1_61' title="bbox 1697 1816 3296 1894">
    <p class='ocr_par' dir='ltr' id='par_1_61' title="bbox 1697 1816 3296 1894">
     <span class='ocr_line' id='line_1_61' title="bbox 1697 1816 3296 1894; baseline -0.004 -14"><span class='ocrx_word' id='word_1_420' title='bbox 1697 1826 1788 1881; x_wconf 90' lang='lat' dir='ltr'><strong>illa</strong></span> <span class='ocrx_word' id='word_1_421' title='bbox 1816 1825 1962 1880; x_wconf 91' lang='lat' dir='ltr'><strong>enim</strong></span> <span class='ocrx_word' id='word_1_422' title='bbox 1987 1833 2145 1879; x_wconf 89' lang='lat' dir='ltr'><strong>nocte</strong></span> <span class='ocrx_word' id='word_1_423' title='bbox 2164 1839 2357 1879; x_wconf 90' lang='lat' dir='ltr'><strong>omnes</strong></span> <span class='ocrx_word' id='word_1_424' title='bbox 2379 1821 2655 1894; x_wconf 90' lang='lat' dir='ltr'><strong>fugerunt,</strong></span> <span class='ocrx_word' id='word_1_425' title='bbox 2683 1820 2777 1875; x_wconf 88' lang='lat' dir='ltr'><strong>sed</strong></span> <span class='ocrx_word' id='word_1_426' title='bbox 2801 1834 3056 1890; x_wconf 89' lang='lat' dir='ltr'><strong>magnam</strong></span> <span class='ocrx_word' id='word_1_427' title='bbox 3081 1816 3296 1888; x_wconf 84' lang='lat' dir='ltr'><strong>copiam</strong></span> 
     </span>
    </p>
   </div>
   <div class='ocr_carea' id='block_1_62' title="bbox 1701 1907 3296 1990">
    <p class='ocr_par' dir='ltr' id='par_1_62' title="bbox 1701 1907 3296 1990">
     <span class='ocr_line' id='line_1_62' title="bbox 1701 1907 3296 1990; baseline -0.006 -18"><span class='ocrx_word' id='word_1_428' title='bbox 1701 1916 1919 1990; x_wconf 87' lang='lat' dir='ltr'><strong>frugum</strong></span> <span class='ocrx_word' id='word_1_429' title='bbox 1940 1926 1993 1973; x_wconf 90' lang='lat' dir='ltr'><strong>et</strong></span> <span class='ocrx_word' id='word_1_430' title='bbox 2022 1915 2298 1972; x_wconf 89' lang='lat' dir='ltr'><strong>fructuum</strong></span> <span class='ocrx_word' id='word_1_431' title='bbox 2316 1957 2330 1982; x_wconf 96' lang='lat'><strong>,</strong></span> <span class='ocrx_word' id='word_1_432' title='bbox 2362 1916 2521 1970; x_wconf 89' lang='lat' dir='ltr'><strong>lactis</strong></span> <span class='ocrx_word' id='word_1_433' title='bbox 2551 1925 2607 1969; x_wconf 87' lang='lat' dir='ltr'><strong>et</strong></span> <span class='ocrx_word' id='word_1_434' title='bbox 2634 1912 2810 1968; x_wconf 90' lang='lat' dir='ltr'><strong>mellis</strong></span> <span class='ocrx_word' id='word_1_435' title='bbox 2831 1911 3178 1966; x_wconf 90' lang='lat' dir='ltr'><strong>dimiserunt.</strong></span> <span class='ocrx_word' id='word_1_436' title='bbox 3217 1907 3296 1964; x_wconf 84' lang='lat' dir='ltr'><strong>l’oi</strong></span> 
     </span>
    </p>
   </div>
   <div class='ocr_carea' id='block_1_63' title="bbox 1700 2000 3301 2068">
    <p class='ocr_par' dir='ltr' id='par_1_63' title="bbox 1700 2000 3301 2068">
     <span class='ocr_line' id='line_1_63' title="bbox 1700 2000 3301 2068; baseline -0.007 0"><span class='ocrx_word' id='word_1_437' title='bbox 1700 2013 2112 2068; x_wconf 88' lang='lat' dir='ltr'><strong>celebraverunt</strong></span> <span class='ocrx_word' id='word_1_438' title='bbox 2156 2008 2330 2065; x_wconf 86' lang='lat' dir='ltr'><strong>nostri</strong></span> <span class='ocrx_word' id='word_1_439' title='bbox 2378 2006 2822 2062; x_wconf 87' lang='lat' dir='ltr'><strong>Purilieationem</strong></span> <span class='ocrx_word' id='word_1_440' title='bbox 2869 2011 3072 2059; x_wconf 64' lang='lat' dir='ltr'><strong>sanctae</strong></span> <span class='ocrx_word' id='word_1_441' title='bbox 3114 2000 3301 2057; x_wconf 68' lang='lat' dir='ltr'><strong>Maria:</strong></span> 
     </span>
    </p>
   </div>
   <div class='ocr_carea' id='block_1_64' title="bbox 1703 2093 3301 2176">
    <p class='ocr_par' dir='ltr' id='par_1_64' title="bbox 1703 2093 3301 2176">
     <span class='ocr_line' id='line_1_64' title="bbox 1703 2093 3301 2176; baseline -0.009 -14"><span class='ocrx_word' id='word_1_442' title='bbox 1703 2106 1799 2162; x_wconf 91' lang='lat' dir='ltr'><strong>Dei</strong></span> <span class='ocrx_word' id='word_1_443' title='bbox 1828 2103 2127 2176; x_wconf 87' lang='lat' dir='ltr'><strong>genitricis,</strong></span> <span class='ocrx_word' id='word_1_444' title='bbox 2144 2102 2510 2175; x_wconf 86' lang='lat' dir='ltr'><strong>glorificantes</strong></span> <span class='ocrx_word' id='word_1_445' title='bbox 2527 2099 2698 2154; x_wconf 88' lang='lat' dir='ltr'><strong>Deum</strong></span> <span class='ocrx_word' id='word_1_446' title='bbox 2723 2097 2820 2168; x_wconf 92' lang='lat' dir='ltr'><strong>qui</strong></span> <span class='ocrx_word' id='word_1_447' title='bbox 2846 2105 2997 2151; x_wconf 88' lang='lat' dir='ltr'><strong>tanta</strong></span> <span class='ocrx_word' id='word_1_448' title='bbox 3022 2096 3165 2151; x_wconf 88' lang='lat' dir='ltr'><strong>bona</strong></span> <span class='ocrx_word' id='word_1_449' title='bbox 3195 2093 3301 2149; x_wconf 86' lang='lat' dir='ltr'><strong>mi-</strong></span> 
     </span>
    </p>
   </div>
   <div class='ocr_carea' id='block_1_65' title="bbox 1705 2197 2144 2255">
    <p class='ocr_par' dir='ltr' id='par_1_65' title="bbox 1705 2197 2144 2255">
     <span class='ocr_line' id='line_1_65' title="bbox 1705 2197 2144 2255; baseline -0.002 -3"><span class='ocrx_word' id='word_1_450' title='bbox 1705 2198 2014 2255; x_wconf 88' lang='lat' dir='ltr'><strong>nistrabant</strong></span> <span class='ocrx_word' id='word_1_451' title='bbox 2042 2197 2144 2254; x_wconf 88' lang='lat' dir='ltr'><strong>eis.</strong></span> 
     </span>
    </p>
   </div>
   <div class='ocr_carea' id='block_1_66' title="bbox 2322 2282 2684 2341">
    <p class='ocr_par' dir='ltr' id='par_1_66' title="bbox 2322 2282 2684 2341">
     <span class='ocr_line' id='line_1_66' title="bbox 2322 2282 2684 2341; baseline -0.008 0"><span class='ocrx_word' id='word_1_452' title='bbox 2322 2283 2552 2341; x_wconf 82' lang='lat' dir='ltr'><strong>CAPUT</strong></span> <span class='ocrx_word' id='word_1_453' title='bbox 2595 2282 2684 2338; x_wconf 75' lang='grc' dir='ltr'><strong>Ν.</strong></span> 
     </span>
    </p>
   </div>
   <div class='ocr_carea' id='block_1_67' title="bbox 1777 2366 3305 2451">
    <p class='ocr_par' dir='ltr' id='par_1_67' title="bbox 1777 2366 3305 2451">
     <span class='ocr_line' id='line_1_67' title="bbox 1777 2366 3305 2451; baseline -0.007 -16"><span class='ocrx_word' id='word_1_454' title='bbox 1777 2377 1976 2451; x_wconf 64' lang='grc' dir='ltr'><strong>Βεχξὰθ</strong></span> <span class='ocrx_word' id='word_1_455' title='bbox 1986 2376 2204 2434; x_wconf 89' lang='lat' dir='ltr'><strong>Camela</strong></span> <span class='ocrx_word' id='word_1_456' title='bbox 2224 2376 2441 2432; x_wconf 86' lang='lat' dir='ltr'><strong>civitate</strong></span> <span class='ocrx_word' id='word_1_457' title='bbox 2461 2373 2738 2445; x_wconf 78' lang='lat' dir='ltr'><strong>misit(58)</strong></span> <span class='ocrx_word' id='word_1_458' title='bbox 2761 2369 3057 2428; x_wconf 89' lang='lat' dir='ltr'><strong>comitibus</strong></span> <span class='ocrx_word' id='word_1_459' title='bbox 3081 2366 3305 2425; x_wconf 85' lang='lat' dir='ltr'><strong>nuntios</strong></span> 
     </span>
    </p>
   </div>
   <div class='ocr_carea' id='block_1_68' title="bbox 1705 2463 3305 2541">
    <p class='ocr_par' dir='ltr' id='par_1_68' title="bbox 1705 2463 3305 2541">
     <span class='ocr_line' id='line_1_68' title="bbox 1705 2463 3305 2541; baseline -0.009 -11"><span class='ocrx_word' id='word_1_460' title='bbox 1705 2487 1860 2541; x_wconf 90' lang='lat' dir='ltr'><strong>suos,</strong></span> <span class='ocrx_word' id='word_1_461' title='bbox 1889 2472 2020 2528; x_wconf 91' lang='lat' dir='ltr'><strong>dum</strong></span> <span class='ocrx_word' id='word_1_462' title='bbox 2045 2471 2119 2527; x_wconf 91' lang='lat' dir='ltr'><strong>ibi</strong></span> <span class='ocrx_word' id='word_1_463' title='bbox 2144 2478 2323 2538; x_wconf 90' lang='lat' dir='ltr'><strong>erant,</strong></span> <span class='ocrx_word' id='word_1_464' title='bbox 2350 2484 2553 2540; x_wconf 90' lang='lat' dir='ltr'><strong>rogans</strong></span> <span class='ocrx_word' id='word_1_465' title='bbox 2575 2482 2639 2523; x_wconf 91' lang='lat' dir='ltr'><strong>ea</strong></span> <span class='ocrx_word' id='word_1_466' title='bbox 2665 2481 2788 2537; x_wconf 75' lang='lat' dir='ltr'><strong>quae</strong></span> <span class='ocrx_word' id='word_1_467' title='bbox 2816 2463 2969 2535; x_wconf 86' lang='lat' dir='ltr'><strong>pacis</strong></span> <span class='ocrx_word' id='word_1_468' title='bbox 2991 2469 3141 2528; x_wconf 91' lang='lat' dir='ltr'><strong>sunt,</strong></span> <span class='ocrx_word' id='word_1_469' title='bbox 3166 2475 3305 2530; x_wconf 75' lang='lat' dir='ltr'><strong>prae-</strong></span> 
     </span>
    </p>
   </div>
   <div class='ocr_carea' id='block_1_69' title="bbox 1709 2561 3302 2633">
    <p class='ocr_par' dir='ltr' id='par_1_69' title="bbox 1709 2561 3302 2633">
     <span class='ocr_line' id='line_1_69' title="bbox 1709 2561 3302 2633; baseline -0.009 -11"><span class='ocrx_word' id='word_1_470' title='bbox 1709 2567 1930 2623; x_wconf 90' lang='lat' dir='ltr'><strong>mittens</strong></span> <span class='ocrx_word' id='word_1_471' title='bbox 1965 2564 2111 2620; x_wconf 87' lang='lat' dir='ltr'><strong>dona</strong></span> <span class='ocrx_word' id='word_1_472' title='bbox 2153 2561 2626 2633; x_wconf 90' lang='lat' dir='ltr'><strong>concupiscibilia,</strong></span> <span class='ocrx_word' id='word_1_473' title='bbox 2672 2568 2726 2615; x_wconf 90' lang='lat' dir='ltr'><strong>et</strong></span> <span class='ocrx_word' id='word_1_474' title='bbox 2766 2572 2939 2629; x_wconf 87' lang='lat' dir='ltr'><strong>equos</strong></span> <span class='ocrx_word' id='word_1_475' title='bbox 2989 2563 3044 2611; x_wconf 90' lang='lat' dir='ltr'><strong>et</strong></span> <span class='ocrx_word' id='word_1_476' title='bbox 3082 2569 3302 2610; x_wconf 90' lang='lat' dir='ltr'><strong>aurum.</strong></span> 
     </span>
    </p>
   </div>
   <div class='ocr_carea' id='block_1_70' title="bbox 1709 2645 3308 2723">
    <p class='ocr_par' dir='ltr' id='par_1_70' title="bbox 1709 2645 3308 2723">
     <span class='ocr_line' id='line_1_70' title="bbox 1709 2645 3308 2723; baseline -0.007 -12"><span class='ocrx_word' id='word_1_477' title='bbox 1709 2657 1856 2714; x_wconf 79' lang='lat' dir='ltr'><strong>Misit</strong></span> <span class='ocrx_word' id='word_1_478' title='bbox 1881 2672 2073 2713; x_wconf 88' lang='lat' dir='ltr'><strong>arcum</strong></span> <span class='ocrx_word' id='word_1_479' title='bbox 2115 2671 2369 2721; x_wconf 88' lang='lat' dir='ltr'><strong>aureum,</strong></span> <span class='ocrx_word' id='word_1_480' title='bbox 2413 2662 2594 2709; x_wconf 88' lang='lat' dir='ltr'><strong>vestes</strong></span> <span class='ocrx_word' id='word_1_481' title='bbox 2633 2649 2924 2723; x_wconf 87' lang='lat' dir='ltr'><strong>pretiosas,</strong></span> <span class='ocrx_word' id='word_1_482' title='bbox 2955 2656 3010 2702; x_wconf 94' lang='lat' dir='ltr'><strong>et</strong></span> <span class='ocrx_word' id='word_1_483' title='bbox 3047 2645 3308 2702; x_wconf 81' lang='lat' dir='ltr'><strong>micantia</strong></span> 
     </span>
    </p>
   </div>
   <div class='ocr_carea' id='block_1_71' title="bbox 1709 2736 3308 2820">
    <p class='ocr_par' dir='ltr' id='par_1_71' title="bbox 1709 2736 3308 2820">
     <span class='ocr_line' id='line_1_71' title="bbox 1709 2736 3308 2820; baseline -0.007 -15"><span class='ocrx_word' id='word_1_484' title='bbox 1709 2750 1849 2817; x_wconf 90' lang='lat' dir='ltr'><strong>tela;</strong></span> <span class='ocrx_word' id='word_1_485' title='bbox 1901 2765 2026 2820; x_wconf 70' lang='lat' dir='ltr'><strong>quae</strong></span> <span class='ocrx_word' id='word_1_486' title='bbox 2073 2747 2257 2804; x_wconf 91' lang='lat' dir='ltr'><strong>omnia</strong></span> <span class='ocrx_word' id='word_1_487' title='bbox 2289 2745 2466 2802; x_wconf 87' lang='lat' dir='ltr'><strong>nostri</strong></span> <span class='ocrx_word' id='word_1_488' title='bbox 2501 2750 2848 2814; x_wconf 87' lang='lat' dir='ltr'><strong>receperunt,</strong></span> <span class='ocrx_word' id='word_1_489' title='bbox 2904 2740 3000 2797; x_wconf 84' lang='lat' dir='ltr'><strong>sed</strong></span> <span class='ocrx_word' id='word_1_490' title='bbox 3047 2738 3124 2794; x_wconf 90' lang='lat' dir='ltr'><strong>nil</strong></span> <span class='ocrx_word' id='word_1_491' title='bbox 3169 2736 3308 2794; x_wconf 82' lang='lat' dir='ltr'><strong>certi</strong></span> 
     </span>
    </p>
   </div>
   <div class='ocr_carea' id='block_1_72' title="bbox 1710 2830 3312 2906">
    <p class='ocr_par' dir='ltr' id='par_1_72' title="bbox 1710 2830 3312 2906">
     <span class='ocr_line' id='line_1_72' title="bbox 1710 2830 3312 2906; baseline -0.008 -10"><span class='ocrx_word' id='word_1_492' title='bbox 1710 2851 1842 2898; x_wconf 91' lang='lat' dir='ltr'><strong>tunc</strong></span> <span class='ocrx_word' id='word_1_493' title='bbox 1870 2842 1978 2897; x_wconf 90' lang='lat' dir='ltr'><strong>illis</strong></span> <span class='ocrx_word' id='word_1_494' title='bbox 1999 2840 2469 2896; x_wconf 86' lang='lat' dir='ltr'><strong>renuntiaverunt.</strong></span> <span class='ocrx_word' id='word_1_495' title='bbox 2495 2836 2610 2892; x_wconf 79' lang='lat' dir='ltr'><strong>Rex</strong></span> <span class='ocrx_word' id='word_1_496' title='bbox 2636 2833 2873 2906; x_wconf 89' lang='lat' dir='ltr'><strong>Tripolis</strong></span> <span class='ocrx_word' id='word_1_497' title='bbox 2893 2830 3086 2888; x_wconf 89' lang='lat' dir='ltr'><strong>eodem</strong></span> <span class='ocrx_word' id='word_1_498' title='bbox 3103 2839 3312 2885; x_wconf 82' lang='lat' dir='ltr'><strong>terrore</strong></span> 
     </span>
    </p>
   </div>
   <div class='ocr_carea' id='block_1_73' title="bbox 1712 2922 3311 3008">
    <p class='ocr_par' dir='ltr' id='par_1_73' title="bbox 1712 2922 3311 3008">
     <span class='ocr_line' id='line_1_73' title="bbox 1712 2922 3311 3008; baseline -0.011 -15"><span class='ocrx_word' id='word_1_499' title='bbox 1712 2944 1996 3008; x_wconf 87' lang='lat' dir='ltr'><strong>permotus</strong></span> <span class='ocrx_word' id='word_1_500' title='bbox 2019 2976 2034 3000; x_wconf 88' lang='lat'><strong><em>.</em></strong></span> <span class='ocrx_word' id='word_1_501' title='bbox 2066 2933 2217 2990; x_wconf 91' lang='lat' dir='ltr'><strong>misit</strong></span> <span class='ocrx_word' id='word_1_502' title='bbox 2244 2948 2417 3002; x_wconf 90' lang='lat' dir='ltr'><strong>equos</strong></span> <span class='ocrx_word' id='word_1_503' title='bbox 2439 2931 2624 2986; x_wconf 89' lang='lat' dir='ltr'><strong>decem</strong></span> <span class='ocrx_word' id='word_1_504' title='bbox 2652 2938 2707 2984; x_wconf 90' lang='lat' dir='ltr'><strong>et</strong></span> <span class='ocrx_word' id='word_1_505' title='bbox 2735 2927 2917 2984; x_wconf 89' lang='lat' dir='ltr'><strong>mulas</strong></span> <span class='ocrx_word' id='word_1_506' title='bbox 2936 2934 3208 2997; x_wconf 88' lang='lat' dir='ltr'><strong>quatuor;</strong></span> <span class='ocrx_word' id='word_1_507' title='bbox 3233 2922 3311 2978; x_wconf 88' lang='lat' dir='ltr'><strong>si-</strong></span> 
     </span>
    </p>
   </div>
   <div class='ocr_carea' id='block_1_74' title="bbox 1713 3013 3310 3097">
    <p class='ocr_par' dir='ltr' id='par_1_74' title="bbox 1713 3013 3310 3097">
     <span class='ocr_line' id='line_1_74' title="bbox 1713 3013 3310 3097; baseline -0.01 -13"><span class='ocrx_word' id='word_1_508' title='bbox 1713 3029 1915 3084; x_wconf 90' lang='lat' dir='ltr'><strong>militer</strong></span> <span class='ocrx_word' id='word_1_509' title='bbox 1936 3042 2137 3097; x_wconf 86' lang='lat' dir='ltr'><strong>rogans</strong></span> <span class='ocrx_word' id='word_1_510' title='bbox 2162 3040 2224 3079; x_wconf 90' lang='lat' dir='ltr'><strong>ea</strong></span> <span class='ocrx_word' id='word_1_511' title='bbox 2247 3039 2371 3094; x_wconf 75' lang='lat' dir='ltr'><strong>qua:</strong></span> <span class='ocrx_word' id='word_1_512' title='bbox 2399 3022 2551 3092; x_wconf 91' lang='lat' dir='ltr'><strong>pacis</strong></span> <span class='ocrx_word' id='word_1_513' title='bbox 2581 3029 2728 3077; x_wconf 89' lang='lat' dir='ltr'><strong>sunt.</strong></span> <span class='ocrx_word' id='word_1_514' title='bbox 2769 3018 2877 3075; x_wconf 89' lang='lat' dir='ltr'><strong>Sed</strong></span> <span class='ocrx_word' id='word_1_515' title='bbox 2913 3018 3059 3074; x_wconf 89' lang='lat' dir='ltr'><strong>dona</strong></span> <span class='ocrx_word' id='word_1_516' title='bbox 3085 3013 3310 3086; x_wconf 84' lang='lat' dir='ltr'><strong>quidem</strong></span> 
     </span>
    </p>
   </div>
   <div class='ocr_carea' id='block_1_75' title="bbox 1714 3105 3314 3190">
    <p class='ocr_par' dir='ltr' id='par_1_75' title="bbox 1714 3105 3314 3190">
     <span class='ocr_line' id='line_1_75' title="bbox 1714 3105 3314 3190; baseline -0.01 -16"><span class='ocrx_word' id='word_1_517' title='bbox 1714 3125 2058 3190; x_wconf 88' lang='lat' dir='ltr'><strong>receperunt,</strong></span> <span class='ocrx_word' id='word_1_518' title='bbox 2106 3116 2293 3186; x_wconf 89' lang='lat' dir='ltr'><strong>illique</strong></span> <span class='ocrx_word' id='word_1_519' title='bbox 2332 3115 2479 3185; x_wconf 90' lang='lat' dir='ltr'><strong>quod</strong></span> <span class='ocrx_word' id='word_1_520' title='bbox 2520 3127 2803 3184; x_wconf 88' lang='lat' dir='ltr'><strong>nunquam</strong></span> <span class='ocrx_word' id='word_1_521' title='bbox 2833 3125 3023 3181; x_wconf 88' lang='lat' dir='ltr'><strong>pacem</strong></span> <span class='ocrx_word' id='word_1_522' title='bbox 3055 3123 3181 3165; x_wconf 89' lang='lat' dir='ltr'><strong>eum</strong></span> <span class='ocrx_word' id='word_1_523' title='bbox 3217 3105 3314 3160; x_wconf 85' lang='lat' dir='ltr'><strong>illo</strong></span> 
     </span>
    </p>
   </div>
   <div class='ocr_carea' id='block_1_76' title="bbox 1719 3199 3316 3276">
    <p class='ocr_par' dir='ltr' id='par_1_76' title="bbox 1719 3199 3316 3276">
     <span class='ocr_line' id='line_1_76' title="bbox 1719 3199 3316 3276; baseline -0.009 -9"><span class='ocrx_word' id='word_1_524' title='bbox 1719 3213 2002 3276; x_wconf 89' lang='lat' dir='ltr'><strong>haberent,</strong></span> <span class='ocrx_word' id='word_1_525' title='bbox 2051 3208 2158 3264; x_wconf 89' lang='lat' dir='ltr'><strong>nisi</strong></span> <span class='ocrx_word' id='word_1_526' title='bbox 2193 3206 2547 3263; x_wconf 89' lang='lat' dir='ltr'><strong>Christianus</strong></span> <span class='ocrx_word' id='word_1_527' title='bbox 2583 3204 2907 3270; x_wconf 74' lang='lat' dir='ltr'><strong>efficeretur,</strong></span> <span class='ocrx_word' id='word_1_528' title='bbox 2958 3199 3316 3257; x_wconf 84' lang='lat' dir='ltr'><strong>remandave—</strong></span> 
     </span>
    </p>
   </div>
   <div class='ocr_carea' id='block_1_77' title="bbox 1716 3290 3316 3370">
    <p class='ocr_par' dir='ltr' id='par_1_77' title="bbox 1716 3290 3316 3370">
     <span class='ocr_line' id='line_1_77' title="bbox 1716 3290 3316 3370; baseline -0.009 -11"><span class='ocrx_word' id='word_1_529' title='bbox 1716 3311 1865 3360; x_wconf 91' lang='lat' dir='ltr'><strong>runt.</strong></span> <span class='ocrx_word' id='word_1_530' title='bbox 1903 3301 2104 3357; x_wconf 91' lang='lat' dir='ltr'><strong>Comes</strong></span> <span class='ocrx_word' id='word_1_531' title='bbox 2133 3299 2280 3355; x_wconf 90' lang='lat' dir='ltr'><strong>enim</strong></span> <span class='ocrx_word' id='word_1_532' title='bbox 2321 3297 2380 3354; x_wconf 89' lang='lat' dir='ltr'><strong>S.</strong></span> <span class='ocrx_word' id='word_1_533' title='bbox 2434 3297 2639 3370; x_wconf 62' lang='lat' dir='ltr'><strong>Egidii</strong></span> <span class='ocrx_word' id='word_1_534' title='bbox 2691 3296 2924 3352; x_wconf 89' lang='lat' dir='ltr'><strong>multum</strong></span> <span class='ocrx_word' id='word_1_535' title='bbox 2969 3290 3316 3348; x_wconf 87' lang='lat' dir='ltr'><strong>desiderabat</strong></span> 
     </span>
    </p>
   </div>
   <div class='ocr_carea' id='block_1_78' title="bbox 1716 3384 3319 3462">
    <p class='ocr_par' dir='ltr' id='par_1_78' title="bbox 1716 3384 3319 3462">
     <span class='ocr_line' id='line_1_78' title="bbox 1716 3384 3319 3462; baseline -0.013 -8"><span class='ocrx_word' id='word_1_536' title='bbox 1716 3406 1921 3454; x_wconf 88' lang='lat' dir='ltr'><strong>terram</strong></span> <span class='ocrx_word' id='word_1_537' title='bbox 1940 3394 2107 3460; x_wconf 90' lang='lat' dir='ltr'><strong>illius,</strong></span> <span class='ocrx_word' id='word_1_538' title='bbox 2130 3392 2260 3462; x_wconf 87' lang='lat' dir='ltr'><strong>quia</strong></span> <span class='ocrx_word' id='word_1_539' title='bbox 2288 3391 2494 3461; x_wconf 91' lang='lat' dir='ltr'><strong>optima</strong></span> <span class='ocrx_word' id='word_1_540' title='bbox 2516 3398 2653 3455; x_wconf 90' lang='lat' dir='ltr'><strong>erat,</strong></span> <span class='ocrx_word' id='word_1_541' title='bbox 2673 3396 2729 3444; x_wconf 91' lang='lat' dir='ltr'><strong>et</strong></span> <span class='ocrx_word' id='word_1_542' title='bbox 2753 3401 2981 3457; x_wconf 88' lang='lat' dir='ltr'><strong>regnum</strong></span> <span class='ocrx_word' id='word_1_543' title='bbox 3006 3384 3148 3454; x_wconf 91' lang='lat' dir='ltr'><strong>ejus,</strong></span> <span class='ocrx_word' id='word_1_544' title='bbox 3175 3396 3319 3452; x_wconf 91' lang='lat' dir='ltr'><strong>quo-</strong></span> 
     </span>
    </p>
   </div>
   <div class='ocr_carea' id='block_1_79' title="bbox 1718 3478 3316 3560">
    <p class='ocr_par' dir='ltr' id='par_1_79' title="bbox 1718 3478 3316 3560">
     <span class='ocr_line' id='line_1_79' title="bbox 1718 3478 3316 3560; baseline -0.011 -15"><span class='ocrx_word' id='word_1_545' title='bbox 1718 3490 1866 3546; x_wconf 88' lang='lat' dir='ltr'><strong>niam</strong></span> <span class='ocrx_word' id='word_1_546' title='bbox 1899 3504 2012 3560; x_wconf 72' lang='lat' dir='ltr'><strong>prte</strong></span> <span class='ocrx_word' id='word_1_547' title='bbox 2033 3485 2246 3543; x_wconf 57' lang='lat' dir='ltr'><strong>exteris</strong></span> <span class='ocrx_word' id='word_1_548' title='bbox 2268 3492 2386 3540; x_wconf 88' lang='lat' dir='ltr'><strong>erat</strong></span> <span class='ocrx_word' id='word_1_549' title='bbox 2408 3481 2809 3538; x_wconf 88' lang='lat' dir='ltr'><strong>honorabilius.</strong></span> <span class='ocrx_word' id='word_1_550' title='bbox 2830 3478 3018 3548; x_wconf 82' lang='lat' dir='ltr'><strong>Itaque</strong></span> <span class='ocrx_word' id='word_1_551' title='bbox 3045 3483 3316 3546; x_wconf 70' lang='lat' dir='ltr'><strong>quatuor~</strong></span> 
     </span>
    </p>
   </div>
   <div class='ocr_carea' id='block_1_80' title="bbox 1718 3564 3320 3647">
    <p class='ocr_par' dir='ltr' id='par_1_80' title="bbox 1718 3564 3320 3647">
     <span class='ocr_line' id='line_1_80' title="bbox 1718 3564 3320 3647; baseline -0.012 -9"><span class='ocrx_word' id='word_1_552' title='bbox 1718 3581 1894 3639; x_wconf 87' lang='lat' dir='ltr'><strong>decim</strong></span> <span class='ocrx_word' id='word_1_553' title='bbox 1936 3579 2131 3636; x_wconf 89' lang='lat' dir='ltr'><strong>diebus</strong></span> <span class='ocrx_word' id='word_1_554' title='bbox 2157 3576 2450 3647; x_wconf 78' lang='lat' dir='ltr'><strong>explicitis,</strong></span> <span class='ocrx_word' id='word_1_555' title='bbox 2489 3574 2684 3645; x_wconf 92' lang='lat' dir='ltr'><strong>quinto</strong></span> <span class='ocrx_word' id='word_1_556' title='bbox 2709 3571 2924 3627; x_wconf 86' lang='lat' dir='ltr'><strong>decimo</strong></span> <span class='ocrx_word' id='word_1_557' title='bbox 2964 3568 3218 3624; x_wconf 76' lang='lat' dir='ltr'><strong>exierunt</strong></span> <span class='ocrx_word' id='word_1_558' title='bbox 3245 3564 3320 3619; x_wconf 84' lang='lat' dir='ltr'><strong>de</strong></span> 
     </span>
    </p>
   </div>
   <div class='ocr_carea' id='block_1_81' title="bbox 1720 3655 3319 3744">
    <p class='ocr_par' dir='ltr' id='par_1_81' title="bbox 1720 3655 3319 3744">
     <span class='ocr_line' id='line_1_81' title="bbox 1720 3655 3319 3744; baseline -0.014 -14"><span class='ocrx_word' id='word_1_559' title='bbox 1720 3671 1926 3744; x_wconf 90' lang='lat' dir='ltr'><strong>optima</strong></span> <span class='ocrx_word' id='word_1_560' title='bbox 1945 3668 2106 3734; x_wconf 90' lang='lat' dir='ltr'><strong>valle,</strong></span> <span class='ocrx_word' id='word_1_561' title='bbox 2129 3675 2185 3722; x_wconf 88' lang='lat' dir='ltr'><strong>et</strong></span> <span class='ocrx_word' id='word_1_562' title='bbox 2207 3665 2461 3722; x_wconf 90' lang='lat' dir='ltr'><strong>abierunt</strong></span> <span class='ocrx_word' id='word_1_563' title='bbox 2481 3664 2551 3719; x_wconf 89' lang='lat' dir='ltr'><strong>ad</strong></span> <span class='ocrx_word' id='word_1_564' title='bbox 2572 3661 2848 3733; x_wconf 88' lang='lat' dir='ltr'><strong>quoddam</strong></span> <span class='ocrx_word' id='word_1_565' title='bbox 2869 3655 3319 3726; x_wconf 89' lang='lat' dir='ltr'><strong>antiquissimum</strong></span> 
     </span>
    </p>
   </div>
   <div class='ocr_carea' id='block_1_82' title="bbox 1721 3748 3326 3829">
    <p class='ocr_par' dir='ltr' id='par_1_82' title="bbox 1721 3748 3326 3829">
     <span class='ocr_line' id='line_1_82' title="bbox 1721 3748 3326 3829; baseline -0.012 -9"><span class='ocrx_word' id='word_1_566' title='bbox 1721 3773 1990 3829; x_wconf 88' lang='lat' dir='ltr'><strong>castrum,</strong></span> <span class='ocrx_word' id='word_1_567' title='bbox 2013 3760 2103 3816; x_wconf 91' lang='lat' dir='ltr'><strong>cui</strong></span> <span class='ocrx_word' id='word_1_568' title='bbox 2125 3774 2325 3814; x_wconf 91' lang='lat' dir='ltr'><strong>nomen</strong></span> <span class='ocrx_word' id='word_1_569' title='bbox 2351 3767 2470 3814; x_wconf 90' lang='lat' dir='ltr'><strong>erat</strong></span> <span class='ocrx_word' id='word_1_570' title='bbox 2496 3757 2742 3821; x_wconf 83' lang='lat' dir='ltr'><strong>Arehas;</strong></span> <span class='ocrx_word' id='word_1_571' title='bbox 2766 3752 2914 3824; x_wconf 88' lang='lat' dir='ltr'><strong>quod</strong></span> <span class='ocrx_word' id='word_1_572' title='bbox 2939 3751 3067 3805; x_wconf 88' lang='lat' dir='ltr'><strong>licet</strong></span> <span class='ocrx_word' id='word_1_573' title='bbox 3092 3748 3326 3803; x_wconf 88' lang='lat' dir='ltr'><strong>haberet</strong></span> 
     </span>
    </p>
   </div>
   <div class='ocr_carea' id='block_1_83' title="bbox 1723 3841 3323 3922">
    <p class='ocr_par' dir='ltr' id='par_1_83' title="bbox 1723 3841 3323 3922">
     <span class='ocr_line' id='line_1_83' title="bbox 1723 3841 3323 3922; baseline -0.011 -10"><span class='ocrx_word' id='word_1_574' title='bbox 1723 3872 1925 3912; x_wconf 90' lang='lat' dir='ltr'><strong>nomen</strong></span> <span class='ocrx_word' id='word_1_575' title='bbox 1951 3853 2140 3920; x_wconf 91' lang='lat' dir='ltr'><strong>castri,</strong></span> <span class='ocrx_word' id='word_1_576' title='bbox 2174 3862 2356 3908; x_wconf 87' lang='lat' dir='ltr'><strong>tamen</strong></span> <span class='ocrx_word' id='word_1_577' title='bbox 2388 3849 2621 3922; x_wconf 86' lang='lat' dir='ltr'><strong>egregiis</strong></span> <span class='ocrx_word' id='word_1_578' title='bbox 2655 3847 2884 3903; x_wconf 86' lang='lat' dir='ltr'><strong>urbibus</strong></span> <span class='ocrx_word' id='word_1_579' title='bbox 2908 3851 3123 3916; x_wconf 85' lang='lat' dir='ltr'><strong>poterat</strong></span> <span class='ocrx_word' id='word_1_580' title='bbox 3148 3841 3323 3912; x_wconf 75' lang='lat' dir='ltr'><strong>aequi-</strong></span> 
     </span>
    </p>
   </div>
   <div class='ocr_carea' id='block_1_84' title="bbox 1722 3937 3324 4018">
    <p class='ocr_par' dir='ltr' id='par_1_84' title="bbox 1722 3937 3324 4018">
     <span class='ocr_line' id='line_1_84' title="bbox 1722 3937 3324 4018; baseline -0.012 -17"><span class='ocrx_word' id='word_1_581' title='bbox 1722 3945 1927 4018; x_wconf 83' lang='lat' dir='ltr'><strong>parari,</strong></span> <span class='ocrx_word' id='word_1_582' title='bbox 1960 3952 2016 3999; x_wconf 93' lang='lat' dir='ltr'><strong>et</strong></span> <span class='ocrx_word' id='word_1_583' title='bbox 2042 3942 2150 3998; x_wconf 90' lang='lat' dir='ltr'><strong>loci</strong></span> <span class='ocrx_word' id='word_1_584' title='bbox 2189 3941 2481 4012; x_wconf 87' lang='lat' dir='ltr'><strong>positione,</strong></span> <span class='ocrx_word' id='word_1_585' title='bbox 2533 3946 2588 3993; x_wconf 90' lang='lat' dir='ltr'><strong>et</strong></span> <span class='ocrx_word' id='word_1_586' title='bbox 2625 3937 2880 3992; x_wconf 88' lang='lat' dir='ltr'><strong>clausura</strong></span> <span class='ocrx_word' id='word_1_587' title='bbox 2916 3946 3225 3993; x_wconf 88' lang='lat' dir='ltr'><strong>murorum,</strong></span> <span class='ocrx_word' id='word_1_588' title='bbox 3267 3937 3324 3984; x_wconf 89' lang='lat' dir='ltr'><strong>et</strong></span> 
     </span>
    </p>
   </div>
   <div class='ocr_carea' id='block_1_85' title="bbox 1724 4026 3325 4101">
    <p class='ocr_par' dir='ltr' id='par_1_85' title="bbox 1724 4026 3325 4101">
     <span class='ocr_line' id='line_1_85' title="bbox 1724 4026 3325 4101; baseline -0.011 -6"><span class='ocrx_word' id='word_1_589' title='bbox 1724 4036 2020 4095; x_wconf 88' lang='lat' dir='ltr'><strong>eminentia</strong></span> <span class='ocrx_word' id='word_1_590' title='bbox 2042 4035 2300 4092; x_wconf 91' lang='lat' dir='ltr'><strong>turrium.</strong></span> <span class='ocrx_word' id='word_1_591' title='bbox 2323 4032 2383 4086; x_wconf 85' lang='lat' dir='ltr'><strong>In</strong></span> <span class='ocrx_word' id='word_1_592' title='bbox 2407 4033 2513 4087; x_wconf 92' lang='lat' dir='ltr'><strong>hoc</strong></span> <span class='ocrx_word' id='word_1_593' title='bbox 2530 4040 2750 4101; x_wconf 88' lang='lat' dir='ltr'><strong>propter</strong></span> <span class='ocrx_word' id='word_1_594' title='bbox 2782 4026 3158 4083; x_wconf 85' lang='lat' dir='ltr'><strong>fortitudinem</strong></span> <span class='ocrx_word' id='word_1_595' title='bbox 3188 4039 3325 4095; x_wconf 88' lang='lat' dir='ltr'><strong>gens</strong></span> 
     </span>
    </p>
   </div>
   <div class='ocr_carea' id='block_1_86' title="bbox 1725 4121 3324 4202">
    <p class='ocr_par' dir='ltr' id='par_1_86' title="bbox 1725 4121 3324 4202">
     <span class='ocr_line' id='line_1_86' title="bbox 1725 4121 3324 4202; baseline -0.009 -16"><span class='ocrx_word' id='word_1_596' title='bbox 1725 4147 1924 4202; x_wconf 88' lang='lat' dir='ltr'><strong>magna</strong></span> <span class='ocrx_word' id='word_1_597' title='bbox 1959 4127 2321 4194; x_wconf 78' lang='lat' dir='ltr'><strong>conﬂuxerat,</strong></span> <span class='ocrx_word' id='word_1_598' title='bbox 2351 4126 2479 4197; x_wconf 88' lang='lat' dir='ltr'><strong>quia</strong></span> <span class='ocrx_word' id='word_1_599' title='bbox 2504 4140 2603 4179; x_wconf 91' lang='lat' dir='ltr'><strong>nec</strong></span> <span class='ocrx_word' id='word_1_600' title='bbox 2627 4138 2800 4190; x_wconf 90' lang='lat' dir='ltr'><strong>arma,</strong></span> <span class='ocrx_word' id='word_1_601' title='bbox 2825 4136 2928 4178; x_wconf 90' lang='lat' dir='ltr'><strong>nec</strong></span> <span class='ocrx_word' id='word_1_602' title='bbox 2951 4121 3189 4184; x_wconf 90' lang='lat' dir='ltr'><strong>hostem,</strong></span> <span class='ocrx_word' id='word_1_603' title='bbox 3220 4132 3324 4171; x_wconf 89' lang='lat' dir='ltr'><strong>nec</strong></span> 
     </span>
    </p>
   </div>
   <div class='ocr_carea' id='block_1_87' title="bbox 1729 4211 3326 4296">
    <p class='ocr_par' dir='ltr' id='par_1_87' title="bbox 1729 4211 3326 4296">
     <span class='ocr_line' id='line_1_87' title="bbox 1729 4211 3326 4296; baseline -0.01 -17"><span class='ocrx_word' id='word_1_604' title='bbox 1729 4223 1948 4296; x_wconf 88' lang='lat' dir='ltr'><strong>aliquod</strong></span> <span class='ocrx_word' id='word_1_605' title='bbox 1981 4220 2261 4293; x_wconf 90' lang='lat' dir='ltr'><strong>ingenium</strong></span> <span class='ocrx_word' id='word_1_606' title='bbox 2289 4217 2586 4274; x_wconf 89' lang='lat' dir='ltr'><strong>metuebat.</strong></span> <span class='ocrx_word' id='word_1_607' title='bbox 2638 4214 2753 4271; x_wconf 82' lang='lat' dir='ltr'><strong>Hoc</strong></span> <span class='ocrx_word' id='word_1_608' title='bbox 2790 4224 2975 4269; x_wconf 89' lang='lat' dir='ltr'><strong>tamen</strong></span> <span class='ocrx_word' id='word_1_609' title='bbox 3006 4211 3204 4275; x_wconf 87' lang='lat' dir='ltr'><strong>nostri,</strong></span> <span class='ocrx_word' id='word_1_610' title='bbox 3234 4223 3326 4265; x_wconf 80' lang='lat' dir='ltr'><strong>ce-</strong></span> 
     </span>
    </p>
   </div>
   <div class='ocr_carea' id='block_1_88' title="bbox 1728 4303 3326 4379">
    <p class='ocr_par' dir='ltr' id='par_1_88' title="bbox 1728 4303 3326 4379">
     <span class='ocr_line' id='line_1_88' title="bbox 1728 4303 3326 4379; baseline -0.011 -5"><span class='ocrx_word' id='word_1_611' title='bbox 1728 4320 1826 4376; x_wconf 88' lang='lat' dir='ltr'><strong>leri</strong></span> <span class='ocrx_word' id='word_1_612' title='bbox 1870 4318 2155 4375; x_wconf 89' lang='lat' dir='ltr'><strong>obsidione</strong></span> <span class='ocrx_word' id='word_1_613' title='bbox 2194 4315 2483 4379; x_wconf 85' lang='lat' dir='ltr'><strong>vallantes,</strong></span> <span class='ocrx_word' id='word_1_614' title='bbox 2523 4326 2651 4368; x_wconf 91' lang='lat' dir='ltr'><strong>cum</strong></span> <span class='ocrx_word' id='word_1_615' title='bbox 2687 4309 3034 4365; x_wconf 86' lang='lat' dir='ltr'><strong>festinatione</strong></span> <span class='ocrx_word' id='word_1_616' title='bbox 3077 4303 3326 4376; x_wconf 84' lang='lat' dir='ltr'><strong>aggressi</strong></span> 
     </span>
    </p>
   </div>
   <div class='ocr_carea' id='block_1_89' title="bbox 1731 4395 3327 4480">
    <p class='ocr_par' dir='ltr' id='par_1_89' title="bbox 1731 4395 3327 4480">
     <span class='ocr_line' id='line_1_89' title="bbox 1731 4395 3327 4480; baseline -0.013 -11"><span class='ocrx_word' id='word_1_617' title='bbox 1731 4421 1889 4480; x_wconf 90' lang='lat' dir='ltr'><strong>sunt;</strong></span> <span class='ocrx_word' id='word_1_618' title='bbox 1917 4410 2012 4467; x_wconf 87' lang='lat' dir='ltr'><strong>sed</strong></span> <span class='ocrx_word' id='word_1_619' title='bbox 2040 4425 2232 4466; x_wconf 92' lang='lat' dir='ltr'><strong>eorum</strong></span> <span class='ocrx_word' id='word_1_620' title='bbox 2265 4408 2529 4478; x_wconf 87' lang='lat' dir='ltr'><strong>impetum</strong></span> <span class='ocrx_word' id='word_1_621' title='bbox 2557 4401 2842 4463; x_wconf 84' lang='lat' dir='ltr'><strong>castellani</strong></span> <span class='ocrx_word' id='word_1_622' title='bbox 2882 4399 3112 4455; x_wconf 89' lang='lat' dir='ltr'><strong>viriliter</strong></span> <span class='ocrx_word' id='word_1_623' title='bbox 3155 4395 3327 4452; x_wconf 86' lang='lat' dir='ltr'><strong>susti-</strong></span> 
     </span>
    </p>
   </div>
   <div class='ocr_carea' id='block_1_90' title="bbox 59 4485 3328 4572">
    <p class='ocr_par' dir='ltr' id='par_1_90' title="bbox 59 4485 3328 4572">
     <span class='ocr_line' id='line_1_90' title="bbox 59 4485 3328 4572; baseline -0.002 -38"><span class='ocrx_word' id='word_1_624' title='bbox 59 4488 144 4572; x_wconf 75' lang='lat' dir='ltr'><strong>t_am</strong></span> <span class='ocrx_word' id='word_1_625' title='bbox 173 4485 527 4553; x_wconf 87' lang='lat' dir='ltr'><strong>invenerunt,</strong></span> <span class='ocrx_word' id='word_1_626' title='bbox 566 4488 664 4543; x_wconf 90' lang='lat' dir='ltr'><strong>sed</strong></span> <span class='ocrx_word' id='word_1_627' title='bbox 703 4488 852 4543; x_wconf 90' lang='lat' dir='ltr'><strong>intus</strong></span> <span class='ocrx_word' id='word_1_628' title='bbox 885 4488 1157 4544; x_wconf 90' lang='lat' dir='ltr'><strong>neminem</strong></span> <span class='ocrx_word' id='word_1_629' title='bbox 1201 4503 1322 4544; x_wconf 91' lang='lat' dir='ltr'><strong>esse</strong></span> <span class='ocrx_word' id='word_1_630' title='bbox 1353 4490 1626 4545; x_wconf 82' lang='lat' dir='ltr'><strong>viderunt.</strong></span> <span class='ocrx_word' id='word_1_631' title='bbox 1661 4512 1706 4566; x_wconf 78' lang='grc' dir='ltr'><strong>ι)</strong></span> <span class='ocrx_word' id='word_1_632' title='bbox 1733 4512 1991 4560; x_wconf 48' lang='lat' dir='ltr'><strong>&quot;uerum.</strong></span> <span class='ocrx_word' id='word_1_633' title='bbox 2019 4501 2230 4572; x_wconf 51' lang='lat' dir='ltr'><strong>sapius</strong></span> <span class='ocrx_word' id='word_1_634' title='bbox 2255 4499 2378 4554; x_wconf 72' lang='grc' dir='ltr'><strong>ίιιοε</strong></span> <span class='ocrx_word' id='word_1_635' title='bbox 2401 4498 2723 4552; x_wconf 49' lang='lat' dir='ltr'><strong>invaserunt</strong></span> <span class='ocrx_word' id='word_1_636' title='bbox 2766 4491 2917 4549; x_wconf 66' lang='lat' dir='ltr'><strong>omni</strong></span> <span class='ocrx_word' id='word_1_637' title='bbox 2947 4504 3145 4562; x_wconf 61' lang='lat' dir='ltr'><strong>genere</strong></span> <span class='ocrx_word' id='word_1_638' title='bbox 3188 4487 3328 4541; x_wconf 68' lang='grc' dir='ltr'><strong>ιειο..</strong></span> 
     </span>
    </p>
   </div>
   <div class='ocr_carea' id='block_1_91' title="bbox 58 4568 3331 4660">
    <p class='ocr_par' dir='ltr' id='par_1_91' title="bbox 58 4568 3331 4660">
     <span class='ocr_line' id='line_1_91' title="bbox 58 4568 3331 4660; baseline -0.006 -9"><span class='ocrx_word' id='word_1_639' title='bbox 58 4568 180 4630; x_wconf 62' lang='lat' dir='ltr'><strong>Tunc</strong></span> <span class='ocrx_word' id='word_1_640' title='bbox 199 4588 348 4634; x_wconf 62' lang='lat' dir='ltr'><strong>scum</strong></span> <span class='ocrx_word' id='word_1_641' title='bbox 369 4581 638 4635; x_wconf 61' lang='lat' dir='ltr'><strong>&quot;limbus</strong></span> <span class='ocrx_word' id='word_1_642' title='bbox 663 4589 1060 4651; x_wconf 65' lang='grc' dir='ltr'><strong>Ρτωνοιιεηιεε,</strong></span> <span class='ocrx_word' id='word_1_643' title='bbox 1088 4597 1212 4636; x_wconf 72' lang='lat' dir='ltr'><strong>cum</strong></span> <span class='ocrx_word' id='word_1_644' title='bbox 1240 4582 1423 4652; x_wconf 68' lang='lat' dir='ltr'><strong>aliqua</strong></span> <span class='ocrx_word' id='word_1_645' title='bbox 1453 4583 1633 4638; x_wconf 65' lang='lat' dir='ltr'><strong>adhuc</strong></span> <span class='ocrx_word' id='word_1_646' title='bbox 1735 4614 1858 4653; x_wconf 88' lang='lat' dir='ltr'><strong>rum</strong></span> <span class='ocrx_word' id='word_1_647' title='bbox 1888 4608 1944 4652; x_wconf 92' lang='lat' dir='ltr'><strong>et</strong></span> <span class='ocrx_word' id='word_1_648' title='bbox 1968 4568 2401 4658; x_wconf 79' lang='lat' dir='ltr'><strong>tormentorum;</strong></span> <span class='ocrx_word' id='word_1_649' title='bbox 2430 4607 2486 4645; x_wconf 64' lang='lat' dir='ltr'><strong>et</strong></span> <span class='ocrx_word' id='word_1_650' title='bbox 2508 4603 2617 4644; x_wconf 90' lang='lat' dir='ltr'><strong>non</strong></span> <span class='ocrx_word' id='word_1_651' title='bbox 2644 4586 3068 4660; x_wconf 63' lang='lat' dir='ltr'><strong>praevaluerunt,</strong></span> <span class='ocrx_word' id='word_1_652' title='bbox 3092 4579 3186 4636; x_wconf 90' lang='lat' dir='ltr'><strong>sed</strong></span> <span class='ocrx_word' id='word_1_653' title='bbox 3211 4592 3331 4632; x_wconf 80' lang='lat' dir='ltr'><strong>ma-</strong></span> 
     </span>
    </p>
   </div>
   <div class='ocr_carea' id='block_1_92' title="bbox 58 4671 1632 4744">
    <p class='ocr_par' dir='ltr' id='par_1_92' title="bbox 58 4671 1632 4744">
     <span class='ocr_line' id='line_1_92' title="bbox 58 4671 1632 4744; baseline 0.008 -28"><span class='ocrx_word' id='word_1_654' title='bbox 58 4671 363 4728; x_wconf 81' lang='lat' dir='ltr'><strong>cunetatione</strong></span> <span class='ocrx_word' id='word_1_655' title='bbox 394 4681 605 4744; x_wconf 87' lang='lat' dir='ltr'><strong>portas</strong></span> <span class='ocrx_word' id='word_1_656' title='bbox 643 4672 910 4740; x_wconf 89' lang='lat' dir='ltr'><strong>subeunt;</strong></span> <span class='ocrx_word' id='word_1_657' title='bbox 940 4674 1036 4730; x_wconf 89' lang='lat' dir='ltr'><strong>sed</strong></span> <span class='ocrx_word' id='word_1_658' title='bbox 1081 4689 1181 4729; x_wconf 93' lang='lat' dir='ltr'><strong>nec</strong></span> <span class='ocrx_word' id='word_1_659' title='bbox 1208 4675 1358 4730; x_wconf 91' lang='lat' dir='ltr'><strong>viros</strong></span> <span class='ocrx_word' id='word_1_660' title='bbox 1384 4691 1485 4731; x_wconf 90' lang='lat' dir='ltr'><strong>nec</strong></span> <span class='ocrx_word' id='word_1_661' title='bbox 1506 4692 1632 4730; x_wconf 91' lang='lat' dir='ltr'><strong>mu-</strong></span> 
     </span>
    </p>
   </div>
   <div class='ocr_carea' id='block_1_93' title="bbox 53 4756 1636 4837">
    <p class='ocr_par' dir='ltr' id='par_1_93' title="bbox 53 4756 1636 4837">
     <span class='ocr_line' id='line_1_93' title="bbox 53 4756 1636 4837; baseline 0.005 -25"><span class='ocrx_word' id='word_1_662' title='bbox 53 4756 200 4829; x_wconf 73' lang='lat' dir='ltr'><strong>lieres,</strong></span> <span class='ocrx_word' id='word_1_663' title='bbox 228 4779 327 4820; x_wconf 88' lang='lat' dir='ltr'><strong>nec</strong></span> <span class='ocrx_word' id='word_1_664' title='bbox 355 4765 622 4837; x_wconf 79' lang='lat' dir='ltr'><strong>aliquam</strong></span> <span class='ocrx_word' id='word_1_665' title='bbox 665 4765 896 4821; x_wconf 90' lang='lat' dir='ltr'><strong>bestiam</strong></span> <span class='ocrx_word' id='word_1_666' title='bbox 933 4765 1082 4820; x_wconf 88' lang='lat' dir='ltr'><strong>intus</strong></span> <span class='ocrx_word' id='word_1_667' title='bbox 1125 4766 1469 4822; x_wconf 88' lang='lat' dir='ltr'><strong>invenerunt.</strong></span> <span class='ocrx_word' id='word_1_668' title='bbox 1506 4766 1636 4822; x_wconf 90' lang='lat' dir='ltr'><strong>Pul-</strong></span> 
     </span>
    </p>
   </div>
   <div class='ocr_carea' id='block_1_94' title="bbox 54 4850 1637 4927">
    <p class='ocr_par' dir='ltr' id='par_1_94' title="bbox 54 4850 1637 4927">
     <span class='ocr_line' id='line_1_94' title="bbox 54 4850 1637 4927; baseline 0.006 -25"><span class='ocrx_word' id='word_1_669' title='bbox 54 4850 188 4907; x_wconf 86' lang='lat' dir='ltr'><strong>chros</strong></span> <span class='ocrx_word' id='word_1_670' title='bbox 223 4857 449 4926; x_wconf 87' lang='lat' dir='ltr'><strong>quidem</strong></span> <span class='ocrx_word' id='word_1_671' title='bbox 480 4865 789 4927; x_wconf 86' lang='lat' dir='ltr'><strong>apparatus</strong></span> <span class='ocrx_word' id='word_1_672' title='bbox 818 4856 892 4911; x_wconf 88' lang='lat' dir='ltr'><strong>ibi</strong></span> <span class='ocrx_word' id='word_1_673' title='bbox 921 4856 1225 4923; x_wconf 91' lang='lat' dir='ltr'><strong>inveniunt,</strong></span> <span class='ocrx_word' id='word_1_674' title='bbox 1263 4857 1459 4912; x_wconf 84' lang='lat' dir='ltr'><strong>horrea</strong></span> <span class='ocrx_word' id='word_1_675' title='bbox 1489 4857 1637 4913; x_wconf 86' lang='lat' dir='ltr'><strong>scili-</strong></span> 
     </span>
    </p>
   </div>
   <div class='ocr_carea' id='block_1_95' title="bbox 53 4945 1639 5021">
    <p class='ocr_par' dir='ltr' id='par_1_95' title="bbox 53 4945 1639 5021">
     <span class='ocr_line' id='line_1_95' title="bbox 53 4945 1639 5021; baseline 0.006 -24"><span class='ocrx_word' id='word_1_676' title='bbox 53 4953 118 4998; x_wconf 69' lang='lat' dir='ltr'><strong>cet</strong></span> <span class='ocrx_word' id='word_1_677' title='bbox 143 4945 413 5006; x_wconf 88' lang='lat' dir='ltr'><strong>frumento</strong></span> <span class='ocrx_word' id='word_1_678' title='bbox 434 4951 636 5021; x_wconf 87' lang='lat' dir='ltr'><strong>plena,</strong></span> <span class='ocrx_word' id='word_1_679' title='bbox 667 4949 955 5005; x_wconf 88' lang='lat' dir='ltr'><strong>toreularia</strong></span> <span class='ocrx_word' id='word_1_680' title='bbox 984 4949 1113 5004; x_wconf 88' lang='lat' dir='ltr'><strong>vino</strong></span> <span class='ocrx_word' id='word_1_681' title='bbox 1143 4949 1522 5018; x_wconf 90' lang='lat' dir='ltr'><strong>redundantia,</strong></span> <span class='ocrx_word' id='word_1_682' title='bbox 1545 4965 1639 5005; x_wconf 85' lang='lat' dir='ltr'><strong>ar-</strong></span> 
     </span>
    </p>
   </div>
   <div class='ocr_carea' id='block_1_96' title="bbox 53 5042 1638 5111">
    <p class='ocr_par' dir='ltr' id='par_1_96' title="bbox 53 5042 1638 5111">
     <span class='ocr_line' id='line_1_96' title="bbox 53 5042 1638 5111; baseline 0.003 -16"><span class='ocrx_word' id='word_1_683' title='bbox 53 5051 128 5089; x_wconf 81' lang='lat' dir='ltr'><strong>cas</strong></span> <span class='ocrx_word' id='word_1_684' title='bbox 152 5042 330 5108; x_wconf 88' lang='lat' dir='ltr'><strong>plenas</strong></span> <span class='ocrx_word' id='word_1_685' title='bbox 362 5045 649 5111; x_wconf 89' lang='lat' dir='ltr'><strong>nucibus,</strong></span> <span class='ocrx_word' id='word_1_686' title='bbox 689 5044 867 5100; x_wconf 89' lang='lat' dir='ltr'><strong>caseis</strong></span> <span class='ocrx_word' id='word_1_687' title='bbox 905 5051 958 5098; x_wconf 91' lang='lat' dir='ltr'><strong>et</strong></span> <span class='ocrx_word' id='word_1_688' title='bbox 1001 5043 1197 5099; x_wconf 86' lang='lat' dir='ltr'><strong>farina.</strong></span> <span class='ocrx_word' id='word_1_689' title='bbox 1233 5043 1388 5100; x_wconf 91' lang='lat' dir='ltr'><strong>Tunc</strong></span> <span class='ocrx_word' id='word_1_690' title='bbox 1425 5045 1536 5100; x_wconf 92' lang='lat' dir='ltr'><strong>cito</strong></span> <span class='ocrx_word' id='word_1_691' title='bbox 1567 5045 1638 5100; x_wconf 88' lang='lat' dir='ltr'><strong>ad</strong></span> 
     </span>
    </p>
   </div>
   <div class='ocr_carea' id='block_1_97' title="bbox 51 5133 1636 5206">
    <p class='ocr_par' dir='ltr' id='par_1_97' title="bbox 51 5133 1636 5206">
     <span class='ocr_line' id='line_1_97' title="bbox 51 5133 1636 5206; baseline 0.006 -25"><span class='ocrx_word' id='word_1_692' title='bbox 51 5133 246 5191; x_wconf 84' lang='lat' dir='ltr'><strong>comites</strong></span> <span class='ocrx_word' id='word_1_693' title='bbox 276 5136 551 5203; x_wconf 88' lang='lat' dir='ltr'><strong>redeunt,</strong></span> <span class='ocrx_word' id='word_1_694' title='bbox 605 5145 656 5190; x_wconf 92' lang='lat' dir='ltr'><strong>et</strong></span> <span class='ocrx_word' id='word_1_695' title='bbox 689 5135 834 5206; x_wconf 88' lang='lat' dir='ltr'><strong>quod</strong></span> <span class='ocrx_word' id='word_1_696' title='bbox 869 5136 1194 5190; x_wconf 87' lang='lat' dir='ltr'><strong>invenerunt</strong></span> <span class='ocrx_word' id='word_1_697' title='bbox 1225 5135 1490 5192; x_wconf 83' lang='lat' dir='ltr'><strong>referunt.</strong></span> <span class='ocrx_word' id='word_1_698' title='bbox 1517 5135 1636 5191; x_wconf 83' lang='lat' dir='ltr'><strong>Non</strong></span> 
     </span>
    </p>
   </div>
   <div class='ocr_carea' id='block_1_98' title="bbox 52 5218 1640 5296">
    <p class='ocr_par' dir='ltr' id='par_1_98' title="bbox 52 5218 1640 5296">
     <span class='ocr_line' id='line_1_98' title="bbox 52 5218 1640 5296; baseline 0.008 -26"><span class='ocrx_word' id='word_1_699' title='bbox 52 5218 134 5274; x_wconf 89' lang='lat' dir='ltr'><strong>fuit</strong></span> <span class='ocrx_word' id='word_1_700' title='bbox 169 5223 237 5277; x_wconf 89' lang='lat' dir='ltr'><strong>ibi</strong></span> <span class='ocrx_word' id='word_1_701' title='bbox 261 5240 408 5296; x_wconf 87' lang='lat' dir='ltr'><strong>opus</strong></span> <span class='ocrx_word' id='word_1_702' title='bbox 435 5225 691 5285; x_wconf 83' lang='lat' dir='ltr'><strong>tentoria</strong></span> <span class='ocrx_word' id='word_1_703' title='bbox 717 5226 900 5296; x_wconf 75' lang='lat' dir='ltr'><strong>figere,</strong></span> <span class='ocrx_word' id='word_1_704' title='bbox 930 5225 1193 5296; x_wconf 87' lang='lat' dir='ltr'><strong>quoniam</strong></span> <span class='ocrx_word' id='word_1_705' title='bbox 1219 5226 1364 5282; x_wconf 92' lang='lat' dir='ltr'><strong>Deus</strong></span> <span class='ocrx_word' id='word_1_706' title='bbox 1405 5228 1640 5284; x_wconf 88' lang='lat' dir='ltr'><strong>faciebat</strong></span> 
     </span>
    </p>
   </div>
   <div class='ocr_carea' id='block_1_99' title="bbox 52 5313 1633 5392">
    <p class='ocr_par' dir='ltr' id='par_1_99' title="bbox 52 5313 1633 5392">
     <span class='ocr_line' id='line_1_99' title="bbox 52 5313 1633 5392; baseline 0.006 -25"><span class='ocrx_word' id='word_1_707' title='bbox 52 5313 153 5372; x_wconf 90' lang='lat' dir='ltr'><strong>illos</strong></span> <span class='ocrx_word' id='word_1_708' title='bbox 179 5318 231 5374; x_wconf 91' lang='lat' dir='ltr'><strong>in</strong></span> <span class='ocrx_word' id='word_1_709' title='bbox 261 5320 497 5378; x_wconf 87' lang='lat' dir='ltr'><strong>labores</strong></span> <span class='ocrx_word' id='word_1_710' title='bbox 525 5321 749 5375; x_wconf 88' lang='lat' dir='ltr'><strong>illorum</strong></span> <span class='ocrx_word' id='word_1_711' title='bbox 772 5321 890 5377; x_wconf 89' lang='lat' dir='ltr'><strong>sine</strong></span> <span class='ocrx_word' id='word_1_712' title='bbox 915 5319 1061 5376; x_wconf 91' lang='lat' dir='ltr'><strong>ferro</strong></span> <span class='ocrx_word' id='word_1_713' title='bbox 1081 5321 1164 5375; x_wconf 87' lang='lat' dir='ltr'><strong>vel</strong></span> <span class='ocrx_word' id='word_1_714' title='bbox 1185 5336 1366 5392; x_wconf 85' lang='lat' dir='ltr'><strong>pugna</strong></span> <span class='ocrx_word' id='word_1_715' title='bbox 1387 5321 1633 5377; x_wconf 87' lang='lat' dir='ltr'><strong>introire.</strong></span> 
     </span>
    </p>
   </div>
   <div class='ocr_carea' id='block_1_100' title="bbox 52 5405 1636 5485">
    <p class='ocr_par' dir='ltr' id='par_1_100' title="bbox 52 5405 1636 5485">
     <span class='ocr_line' id='line_1_100' title="bbox 52 5405 1636 5485; baseline 0.006 -24"><span class='ocrx_word' id='word_1_716' title='bbox 52 5405 113 5462; x_wconf 89' lang='lat' dir='ltr'><strong>lbi</strong></span> <span class='ocrx_word' id='word_1_717' title='bbox 140 5422 312 5469; x_wconf 84' lang='lat' dir='ltr'><strong>actum</strong></span> <span class='ocrx_word' id='word_1_718' title='bbox 337 5423 430 5471; x_wconf 85' lang='lat' dir='ltr'><strong>est</strong></span> <span class='ocrx_word' id='word_1_719' title='bbox 459 5415 626 5485; x_wconf 85' lang='lat' dir='ltr'><strong>quod</strong></span> <span class='ocrx_word' id='word_1_720' title='bbox 650 5413 848 5469; x_wconf 88' lang='lat' dir='ltr'><strong>dicitur</strong></span> <span class='ocrx_word' id='word_1_721' title='bbox 877 5413 930 5468; x_wconf 87' lang='lat' dir='ltr'><strong>in</strong></span> <span class='ocrx_word' id='word_1_722' title='bbox 953 5415 1256 5484; x_wconf 83' lang='lat' dir='ltr'><strong>proverbiis</strong></span> <span class='ocrx_word' id='word_1_723' title='bbox 1279 5413 1590 5471; x_wconf 88' lang='lat' dir='ltr'><strong>Salomonis</strong></span> <span class='ocrx_word' id='word_1_724' title='bbox 1623 5436 1636 5471; x_wconf 92' lang='lat'>:</span> 
     </span>
    </p>
   </div>
   <div class='ocr_carea' id='block_1_101' title="bbox 55 5498 1638 5580">
    <p class='ocr_par' dir='ltr' id='par_1_101' title="bbox 55 5498 1638 5580">
     <span class='ocr_line' id='line_1_101' title="bbox 55 5498 1638 5580; baseline 0.006 -26"><span class='ocrx_word' id='word_1_725' title='bbox 55 5498 388 5562; x_wconf 71' lang='lat' dir='ltr'><strong>Conseruntur</strong></span> <span class='ocrx_word' id='word_1_726' title='bbox 387 5507 562 5578; x_wconf 69' lang='lat' dir='ltr'><strong>justo</strong></span> <span class='ocrx_word' id='word_1_727' title='bbox 575 5505 875 5560; x_wconf 75' lang='lat' dir='ltr'><strong>substantia</strong></span> <span class='ocrx_word' id='word_1_728' title='bbox 890 5509 1179 5577; x_wconf 79' lang='lat' dir='ltr'><strong>peccatoris</strong></span> <span class='ocrx_word' id='word_1_729' title='bbox 1195 5507 1376 5578; x_wconf 84' lang='lat' dir='ltr'><strong>(Prov.</strong></span> <span class='ocrx_word' id='word_1_730' title='bbox 1395 5525 1513 5575; x_wconf 83' lang='lat' dir='ltr'><strong>ml,</strong></span> <span class='ocrx_word' id='word_1_731' title='bbox 1523 5509 1638 5580; x_wconf 70' lang='lat'><strong>22).</strong></span> 
     </span>
    </p>
   </div>
   <div class='ocr_carea' id='block_1_102' title="bbox 53 5591 1640 5668">
    <p class='ocr_par' dir='ltr' id='par_1_102' title="bbox 53 5591 1640 5668">
     <span class='ocr_line' id='line_1_102' title="bbox 53 5591 1640 5668; baseline 0.004 -20"><span class='ocrx_word' id='word_1_732' title='bbox 53 5591 116 5648; x_wconf 70' lang='lat' dir='ltr'><strong>lbi</strong></span> <span class='ocrx_word' id='word_1_733' title='bbox 141 5597 475 5655; x_wconf 87' lang='lat' dir='ltr'><strong>invenerunt</strong></span> <span class='ocrx_word' id='word_1_734' title='bbox 512 5601 717 5654; x_wconf 89' lang='lat' dir='ltr'><strong>hortos</strong></span> <span class='ocrx_word' id='word_1_735' title='bbox 744 5597 931 5668; x_wconf 80' lang='lat' dir='ltr'><strong>plenos</strong></span> <span class='ocrx_word' id='word_1_736' title='bbox 956 5599 1198 5654; x_wconf 89' lang='lat' dir='ltr'><strong>oleribus</strong></span> <span class='ocrx_word' id='word_1_737' title='bbox 1222 5608 1276 5653; x_wconf 86' lang='lat' dir='ltr'><strong>et</strong></span> <span class='ocrx_word' id='word_1_738' title='bbox 1292 5598 1458 5665; x_wconf 77' lang='lat' dir='ltr'><strong>fabis,</strong></span> <span class='ocrx_word' id='word_1_739' title='bbox 1487 5599 1640 5655; x_wconf 89' lang='lat' dir='ltr'><strong>aliis-</strong></span> 
     </span>
    </p>
   </div>
   <div class='ocr_carea' id='block_1_103' title="bbox 1737 4671 3330 4761">
    <p class='ocr_par' dir='ltr' id='par_1_103' title="bbox 1737 4671 3330 4761">
     <span class='ocr_line' id='line_1_103' title="bbox 1737 4671 3330 4761; baseline -0.012 -18"><span class='ocrx_word' id='word_1_740' title='bbox 1737 4691 1822 4761; x_wconf 86' lang='lat' dir='ltr'><strong>gis</strong></span> <span class='ocrx_word' id='word_1_741' title='bbox 1855 4703 2018 4759; x_wconf 90' lang='lat' dir='ltr'><strong>quam</strong></span> <span class='ocrx_word' id='word_1_742' title='bbox 2043 4687 2388 4741; x_wconf 90' lang='lat' dir='ltr'><strong>lucrarentur</strong></span> <span class='ocrx_word' id='word_1_743' title='bbox 2406 4682 2782 4753; x_wconf 87' lang='lat' dir='ltr'><strong>perdiderunt.</strong></span> <span class='ocrx_word' id='word_1_744' title='bbox 2808 4677 2962 4733; x_wconf 89' lang='lat' dir='ltr'><strong>Tunc</strong></span> <span class='ocrx_word' id='word_1_745' title='bbox 2991 4671 3330 4746; x_wconf 83' lang='lat' dir='ltr'><strong>quatuorde--</strong></span> 
     </span>
    </p>
   </div>
   <div class='ocr_carea' id='block_1_104' title="bbox 1738 4765 3329 4833">
    <p class='ocr_par' dir='ltr' id='par_1_104' title="bbox 1738 4765 3329 4833">
     <span class='ocr_line' id='line_1_104' title="bbox 1738 4765 3329 4833; baseline -0.011 0"><span class='ocrx_word' id='word_1_746' title='bbox 1738 4779 1846 4833; x_wconf 93' lang='lat' dir='ltr'><strong>cim</strong></span> <span class='ocrx_word' id='word_1_747' title='bbox 1871 4777 1938 4833; x_wconf 90' lang='lat' dir='ltr'><strong>de</strong></span> <span class='ocrx_word' id='word_1_748' title='bbox 1968 4773 2172 4830; x_wconf 89' lang='lat' dir='ltr'><strong>nostris</strong></span> <span class='ocrx_word' id='word_1_749' title='bbox 2199 4773 2469 4828; x_wconf 87' lang='lat' dir='ltr'><strong>militibus</strong></span> <span class='ocrx_word' id='word_1_750' title='bbox 2489 4774 2603 4828; x_wconf 92' lang='lat' dir='ltr'><strong>otio</strong></span> <span class='ocrx_word' id='word_1_751' title='bbox 2630 4785 2828 4826; x_wconf 88' lang='lat' dir='ltr'><strong>vacare</strong></span> <span class='ocrx_word' id='word_1_752' title='bbox 2855 4765 3329 4831; x_wconf 87' lang='lat' dir='ltr'><strong>nescientes,erga</strong></span> 
     </span>
    </p>
   </div>
   <div class='ocr_carea' id='block_1_105' title="bbox 1740 4857 3330 4940">
    <p class='ocr_par' dir='ltr' id='par_1_105' title="bbox 1740 4857 3330 4940">
     <span class='ocr_line' id='line_1_105' title="bbox 1740 4857 3330 4940; baseline -0.009 -15"><span class='ocrx_word' id='word_1_753' title='bbox 1740 4869 2004 4940; x_wconf 87' lang='lat' dir='ltr'><strong>Tripolim</strong></span> <span class='ocrx_word' id='word_1_754' title='bbox 2045 4861 2425 4938; x_wconf 79' lang='lat' dir='ltr'><strong>perrexerunt,</strong></span> <span class='ocrx_word' id='word_1_755' title='bbox 2451 4874 2506 4921; x_wconf 88' lang='lat' dir='ltr'><strong>et</strong></span> <span class='ocrx_word' id='word_1_756' title='bbox 2529 4863 2809 4935; x_wconf 85' lang='lat' dir='ltr'><strong>sexaginta</strong></span> <span class='ocrx_word' id='word_1_757' title='bbox 2852 4859 3060 4914; x_wconf 87' lang='lat' dir='ltr'><strong>Turcos</strong></span> <span class='ocrx_word' id='word_1_758' title='bbox 3103 4857 3330 4912; x_wconf 86' lang='lat' dir='ltr'><strong>invene-</strong></span> 
     </span>
    </p>
   </div>
   <div class='ocr_carea' id='block_1_106' title="bbox 1742 4949 3334 5032">
    <p class='ocr_par' dir='ltr' id='par_1_106' title="bbox 1742 4949 3334 5032">
     <span class='ocr_line' id='line_1_106' title="bbox 1742 4949 3334 5032; baseline -0.01 -14"><span class='ocrx_word' id='word_1_759' title='bbox 1742 4972 1891 5029; x_wconf 90' lang='lat' dir='ltr'><strong>runt,</strong></span> <span class='ocrx_word' id='word_1_760' title='bbox 1945 4961 2040 5032; x_wconf 91' lang='lat' dir='ltr'><strong>qui</strong></span> <span class='ocrx_word' id='word_1_761' title='bbox 2081 4961 2286 5016; x_wconf 92' lang='lat' dir='ltr'><strong>multos</strong></span> <span class='ocrx_word' id='word_1_762' title='bbox 2329 4958 2597 5029; x_wconf 87' lang='lat' dir='ltr'><strong>captivos,</strong></span> <span class='ocrx_word' id='word_1_763' title='bbox 2643 4964 2696 5011; x_wconf 88' lang='lat' dir='ltr'><strong>et</strong></span> <span class='ocrx_word' id='word_1_764' title='bbox 2739 4955 2862 5025; x_wconf 90' lang='lat' dir='ltr'><strong>plus</strong></span> <span class='ocrx_word' id='word_1_765' title='bbox 2889 4966 3055 5023; x_wconf 89' lang='lat' dir='ltr'><strong>quam</strong></span> <span class='ocrx_word' id='word_1_766' title='bbox 3101 4949 3250 5004; x_wconf 91' lang='lat' dir='ltr'><strong>mille</strong></span> <span class='ocrx_word' id='word_1_767' title='bbox 3277 4955 3334 5003; x_wconf 89' lang='lat' dir='ltr'><strong>et</strong></span> 
     </span>
    </p>
   </div>
   <div class='ocr_carea' id='block_1_107' title="bbox 1741 5041 3338 5125">
    <p class='ocr_par' dir='ltr' id='par_1_107' title="bbox 1741 5041 3338 5125">
     <span class='ocr_line' id='line_1_107' title="bbox 1741 5041 3338 5125; baseline -0.009 -15"><span class='ocrx_word' id='word_1_768' title='bbox 1741 5053 2138 5125; x_wconf 78' lang='lat' dir='ltr'><strong>quinquaginta</strong></span> <span class='ocrx_word' id='word_1_769' title='bbox 2176 5051 2435 5107; x_wconf 89' lang='lat' dir='ltr'><strong>animalia</strong></span> <span class='ocrx_word' id='word_1_770' title='bbox 2467 5055 2780 5119; x_wconf 89' lang='lat' dir='ltr'><strong>rapuerant,</strong></span> <span class='ocrx_word' id='word_1_771' title='bbox 2813 5054 2867 5102; x_wconf 91' lang='lat' dir='ltr'><strong>et</strong></span> <span class='ocrx_word' id='word_1_772' title='bbox 2901 5053 3026 5099; x_wconf 88' lang='lat' dir='ltr'><strong>ante</strong></span> <span class='ocrx_word' id='word_1_773' title='bbox 3067 5057 3128 5098; x_wconf 89' lang='lat' dir='ltr'><strong>se</strong></span> <span class='ocrx_word' id='word_1_774' title='bbox 3166 5041 3338 5096; x_wconf 82' lang='lat' dir='ltr'><strong>duce-</strong></span> 
     </span>
    </p>
   </div>
   <div class='ocr_carea' id='block_1_108' title="bbox 1743 5133 3330 5210">
    <p class='ocr_par' dir='ltr' id='par_1_108' title="bbox 1743 5133 3330 5210">
     <span class='ocr_line' id='line_1_108' title="bbox 1743 5133 3330 5210; baseline -0.009 -11"><span class='ocrx_word' id='word_1_775' title='bbox 1743 5145 1893 5200; x_wconf 74' lang='lat' dir='ltr'><strong>bant.</strong></span> <span class='ocrx_word' id='word_1_776' title='bbox 1919 5142 2069 5210; x_wconf 85' lang='lat' dir='ltr'><strong>Quos</strong></span> <span class='ocrx_word' id='word_1_777' title='bbox 2094 5155 2154 5197; x_wconf 88' lang='lat' dir='ltr'><strong>ut</strong></span> <span class='ocrx_word' id='word_1_778' title='bbox 2184 5141 2360 5197; x_wconf 91' lang='lat' dir='ltr'><strong>nostri</strong></span> <span class='ocrx_word' id='word_1_779' title='bbox 2382 5140 2653 5202; x_wconf 88' lang='lat' dir='ltr'><strong>viderunt,</strong></span> <span class='ocrx_word' id='word_1_780' title='bbox 2680 5137 2806 5192; x_wconf 84' lang='lat' dir='ltr'><strong>licet</strong></span> <span class='ocrx_word' id='word_1_781' title='bbox 2846 5133 3102 5205; x_wconf 90' lang='lat' dir='ltr'><strong>perpauci</strong></span> <span class='ocrx_word' id='word_1_782' title='bbox 3123 5138 3330 5198; x_wconf 90' lang='lat' dir='ltr'><strong>essent,</strong></span> 
     </span>
    </p>
   </div>
   <div class='ocr_carea' id='block_1_109' title="bbox 1745 5224 3332 5303">
    <p class='ocr_par' dir='ltr' id='par_1_109' title="bbox 1745 5224 3332 5303">
     <span class='ocr_line' id='line_1_109' title="bbox 1745 5224 3332 5303; baseline -0.008 -11"><span class='ocrx_word' id='word_1_783' title='bbox 1745 5237 1799 5292; x_wconf 90' lang='lat' dir='ltr'><strong>in</strong></span> <span class='ocrx_word' id='word_1_784' title='bbox 1846 5237 2045 5292; x_wconf 74' lang='lat' dir='ltr'><strong>emlum</strong></span> <span class='ocrx_word' id='word_1_785' title='bbox 2080 5249 2277 5290; x_wconf 90' lang='lat' dir='ltr'><strong>manus</strong></span> <span class='ocrx_word' id='word_1_786' title='bbox 2307 5232 2716 5303; x_wconf 88' lang='lat' dir='ltr'><strong>protendentes,</strong></span> <span class='ocrx_word' id='word_1_787' title='bbox 2757 5243 3051 5301; x_wconf 88' lang='lat' dir='ltr'><strong>regemque</strong></span> <span class='ocrx_word' id='word_1_788' title='bbox 3091 5224 3332 5280; x_wconf 89' lang='lat' dir='ltr'><strong>Sabaoth</strong></span> 
     </span>
    </p>
   </div>
   <div class='ocr_carea' id='block_1_110' title="bbox 1745 5317 3337 5393">
    <p class='ocr_par' dir='ltr' id='par_1_110' title="bbox 1745 5317 3337 5393">
     <span class='ocr_line' id='line_1_110' title="bbox 1745 5317 3337 5393; baseline -0.008 -10"><span class='ocrx_word' id='word_1_789' title='bbox 1745 5329 2084 5393; x_wconf 89' lang='lat' dir='ltr'><strong>invocantes,</strong></span> <span class='ocrx_word' id='word_1_790' title='bbox 2119 5325 2427 5380; x_wconf 88' lang='lat' dir='ltr'><strong>militariter</strong></span> <span class='ocrx_word' id='word_1_791' title='bbox 2457 5324 2806 5388; x_wconf 87' lang='lat' dir='ltr'><strong>invaserunt;</strong></span> <span class='ocrx_word' id='word_1_792' title='bbox 2833 5331 2888 5377; x_wconf 91' lang='lat' dir='ltr'><strong>et</strong></span> <span class='ocrx_word' id='word_1_793' title='bbox 2914 5317 3147 5374; x_wconf 86' lang='lat' dir='ltr'><strong>Domino</strong></span> <span class='ocrx_word' id='word_1_794' title='bbox 3173 5332 3304 5372; x_wconf 78' lang='lat' dir='ltr'><strong>exer</strong></span> <span class='ocrx_word' id='word_1_795' title='bbox 3325 5343 3337 5355; x_wconf 85' lang='lat'><strong>-</strong></span> 
     </span>
    </p>
   </div>
   <div class='ocr_carea' id='block_1_111' title="bbox 1747 5406 3338 5486">
    <p class='ocr_par' dir='ltr' id='par_1_111' title="bbox 1747 5406 3338 5486">
     <span class='ocr_line' id='line_1_111' title="bbox 1747 5406 3338 5486; baseline -0.008 -12"><span class='ocrx_word' id='word_1_796' title='bbox 1747 5419 1955 5475; x_wconf 89' lang='lat' dir='ltr'><strong>citunm</strong></span> <span class='ocrx_word' id='word_1_797' title='bbox 1986 5417 2297 5486; x_wconf 89' lang='lat' dir='ltr'><strong>adjuvanle,</strong></span> <span class='ocrx_word' id='word_1_798' title='bbox 2325 5421 2812 5486; x_wconf 84' lang='lat' dir='ltr'><strong>superaverunt,et</strong></span> <span class='ocrx_word' id='word_1_799' title='bbox 2835 5427 2928 5467; x_wconf 80' lang='lat' dir='ltr'><strong>sex</strong></span> <span class='ocrx_word' id='word_1_800' title='bbox 2956 5411 3024 5466; x_wconf 90' lang='lat' dir='ltr'><strong>de</strong></span> <span class='ocrx_word' id='word_1_801' title='bbox 3053 5408 3162 5464; x_wconf 90' lang='lat' dir='ltr'><strong>illis</strong></span> <span class='ocrx_word' id='word_1_802' title='bbox 3184 5406 3302 5463; x_wconf 86' lang='lat' dir='ltr'><strong>oeci</strong></span> <span class='ocrx_word' id='word_1_803' title='bbox 3328 5434 3338 5446; x_wconf 90' lang='lat'><strong><em>-</em></strong></span> 
     </span>
    </p>
   </div>
   <div class='ocr_carea' id='block_1_112' title="bbox 1749 5497 3336 5578">
    <p class='ocr_par' dir='ltr' id='par_1_112' title="bbox 1749 5497 3336 5578">
     <span class='ocr_line' id='line_1_112' title="bbox 1749 5497 3336 5578; baseline -0.008 -13"><span class='ocrx_word' id='word_1_804' title='bbox 1749 5511 1968 5576; x_wconf 87' lang='lat' dir='ltr'><strong>derunt,</strong></span> <span class='ocrx_word' id='word_1_805' title='bbox 1997 5518 2052 5563; x_wconf 90' lang='lat' dir='ltr'><strong>et</strong></span> <span class='ocrx_word' id='word_1_806' title='bbox 2090 5523 2282 5564; x_wconf 92' lang='lat' dir='ltr'><strong>eorum</strong></span> <span class='ocrx_word' id='word_1_807' title='bbox 2326 5522 2501 5578; x_wconf 87' lang='lat' dir='ltr'><strong>equos</strong></span> <span class='ocrx_word' id='word_1_808' title='bbox 2536 5505 2902 5574; x_wconf 88' lang='lat' dir='ltr'><strong>retinuerunt,</strong></span> <span class='ocrx_word' id='word_1_809' title='bbox 2929 5514 2984 5560; x_wconf 90' lang='lat' dir='ltr'><strong>et</strong></span> <span class='ocrx_word' id='word_1_810' title='bbox 3010 5510 3236 5559; x_wconf 74' lang='lat' dir='ltr'><strong>ovantes</strong></span> <span class='ocrx_word' id='word_1_811' title='bbox 3265 5497 3336 5555; x_wconf 89' lang='lat' dir='ltr'><strong>ad</strong></span> 
     </span>
    </p>
   </div>
   <div class='ocr_carea' id='block_1_113' title="bbox 1749 5591 3340 5670">
    <p class='ocr_par' dir='ltr' id='par_1_113' title="bbox 1749 5591 3340 5670">
     <span class='ocr_line' id='line_1_113' title="bbox 1749 5591 3340 5670; baseline -0.008 -13"><span class='ocrx_word' id='word_1_812' title='bbox 1749 5610 1929 5657; x_wconf 88' lang='lat' dir='ltr'><strong>castra</strong></span> <span class='ocrx_word' id='word_1_813' title='bbox 1982 5615 2108 5656; x_wconf 91' lang='lat' dir='ltr'><strong>eum</strong></span> <span class='ocrx_word' id='word_1_814' title='bbox 2164 5599 2432 5655; x_wconf 88' lang='lat' dir='ltr'><strong>immensa</strong></span> <span class='ocrx_word' id='word_1_815' title='bbox 2486 5597 2666 5670; x_wconf 66' lang='lat' dir='ltr'><strong>praeda</strong></span> <span class='ocrx_word' id='word_1_816' title='bbox 2712 5604 3111 5655; x_wconf 85' lang='lat' dir='ltr'><strong>remeaverunt.</strong></span> <span class='ocrx_word' id='word_1_817' title='bbox 3140 5591 3340 5665; x_wconf 77' lang='lat' dir='ltr'><strong>Ingens</strong></span> 
     </span>
    </p>
   </div>
   <div class='ocr_carea' id='block_1_114' title="bbox 1123 5687 2262 5748">
    <p class='ocr_par' dir='ltr' id='par_1_114' title="bbox 1123 5687 2262 5748">
     <span class='ocr_line' id='line_1_114' title="bbox 1123 5687 2262 5748; baseline 0.004 -4"><span class='ocrx_word' id='word_1_818' title='bbox 1123 5687 1431 5744; x_wconf 72' lang='lat' dir='ltr'><strong>NOTULIE</strong></span> <span class='ocrx_word' id='word_1_819' title='bbox 1467 5691 1914 5748; x_wconf 76' lang='lat' dir='ltr'><strong>MARGINALES</strong></span> <span class='ocrx_word' id='word_1_820' title='bbox 1953 5691 2067 5746; x_wconf 84' lang='lat' dir='ltr'><strong>MS.</strong></span> <span class='ocrx_word' id='word_1_821' title='bbox 2105 5689 2262 5748; x_wconf 89' lang='lat' dir='ltr'><strong>COD.</strong></span> 
     </span>
    </p>
   </div>
   <div class='ocr_carea' id='block_1_115' title="bbox 110 5781 1432 5852">
    <p class='ocr_par' dir='ltr' id='par_1_115' title="bbox 110 5781 1432 5852">
     <span class='ocr_line' id='line_1_115' title="bbox 110 5781 1432 5852; baseline 0.002 -15"><span class='ocrx_word' id='word_1_822' title='bbox 110 5784 212 5852; x_wconf 78' lang='lat'><strong>(58)</strong></span> <span class='ocrx_word' id='word_1_823' title='bbox 247 5785 368 5842; x_wconf 74' lang='lat' dir='ltr'><strong>Rex</strong></span> <span class='ocrx_word' id='word_1_824' title='bbox 391 5787 468 5842; x_wconf 89' lang='lat' dir='ltr'><strong>de</strong></span> <span class='ocrx_word' id='word_1_825' title='bbox 490 5781 733 5840; x_wconf 81' lang='lat' dir='ltr'><strong>Cameia</strong></span> <span class='ocrx_word' id='word_1_826' title='bbox 757 5783 916 5840; x_wconf 86' lang='lat' dir='ltr'><strong>mittit</strong></span> <span class='ocrx_word' id='word_1_827' title='bbox 940 5783 1280 5842; x_wconf 74' lang='lat' dir='ltr'><strong>splendentia</strong></span> <span class='ocrx_word' id='word_1_828' title='bbox 1306 5783 1432 5840; x_wconf 87' lang='lat' dir='ltr'><strong>tela.</strong></span> 
     </span>
    </p>
   </div>
   <div class='ocr_carea' id='block_1_116' title="bbox 1741 5909 1827 5925">
    <p class='ocr_par' dir='ltr' id='par_1_116' title="bbox 1741 5909 1827 5925">
     <span class='ocr_line' id='line_1_116' title="bbox 1741 5909 1827 5925; baseline -0.012 -4"><span class='ocrx_word' id='word_1_829' title='bbox 1741 5909 1827 5925; x_wconf 60' lang='lat' dir='ltr'><strong>...~,o</strong></span> 
     </span>
    </p>
   </div>
  </div>
