3806 6306
504 322 610 391 τιὸ

501 541 752 607 victoria,
782 548 837 595 et
861 539 1034 594 multa
1061 537 1274 609 rapina.
1299 537 1547 608 Cumque
1571 538 1687 592 haec
1711 538 1958 592 viderent
1981 536 2095 603 alii,

500 633 754 688 exierunt
775 630 958 700 plures
984 628 1051 683 de
1076 627 1316 683 exercitu
1345 625 1636 681 Raimundi
1661 625 1779 681 zelo
1813 625 2099 696 probitatis

503 723 746 790 accensi,
790 721 992 792 quibus
1034 718 1370 790 praefuerunt
1405 715 1747 774 Raimundus
1793 715 2017 786 Piletus,
2047 725 2102 773 et

511 813 856 869 tiaimundus
886 811 1191 865 vicecomes
1219 809 1286 864 de
1315 808 1593 877 Tentoria,
1621 815 1675 864 et
1695 807 1908 864 vexillis
1931 808 1986 862 in
2021 806 2101 862 al-

507 916 624 960 tum
652 903 944 974 protensis,
967 902 1350 972 equitaverunt
1385 902 1648 956 adversus
1675 899 1948 955 civitatem
1978 913 2102 970 qua:

439 1007 442 1010 ’
509 998 742 1052 Tortosa
771 996 989 1050 dicitur.
1021 994 1101 1048 Ad
1122 1009 1290 1064 quam
1316 993 1698 1064 pervenientes
1732 991 1861 1046 forti
1895 991 2098 1062 impetu

508 1091 932 1164 aggrediuntur;
963 1088 1058 1144 sed
1088 1088 1177 1143 illa
1221 1089 1310 1143 die
1343 1087 1482 1143 nihil
1525 1085 1805 1152 fecerunt;
1834 1093 2103 1155 nocteque

507 1183 925 1253 superveniente
969 1181 1026 1235 in
1085 1181 1379 1252 quemdam
1410 1179 1672 1250 angulum
1722 1185 2099 1254 secesserunt;

507 1275 861 1345 feceruntque
883 1282 1000 1328 tota
1032 1281 1194 1328 nocte
1222 1273 1525 1327 immensos
1563 1285 1728 1342 rogos
1773 1269 2002 1340 ignium,
2039 1285 2105 1326 ac

509 1369 556 1424 si
581 1377 728 1423 totus
752 1363 969 1423 adesset
991 1375 1137 1422 retro
1163 1381 1520 1422 commanens
1549 1364 1821 1420 exercitus
1837 1362 2105 1418 Christia-

509 1453 730 1518 norum.
773 1461 986 1529 Quibus
1010 1459 1356 1516 flammarum
1393 1457 1568 1531 globis
1590 1473 1722 1529 gens
1757 1472 1880 1528 qua‘
1903 1465 2021 1512 erat
2049 1456 2105 1512 in

507 1555 727 1611 civitate
747 1554 1059 1626 perterrita,
1100 1553 1476 1609 existimantes
1503 1550 1649 1624 quod
1697 1549 1872 1606 nostri
1913 1563 2106 1605 omnes

510 1645 788 1711 adessent,
833 1659 1028 1699 omnes
1073 1643 1258 1699 subito
1299 1641 1686 1714 confugerunt,
1721 1640 2108 1710 civitatemque

511 1734 732 1805 plenam
753 1733 913 1787 bonis
958 1731 1156 1801 Opibus
1186 1728 1546 1800 reliquerunt.
1583 1727 1680 1783 Est
1701 1738 1882 1784 autem
1913 1727 2108 1784 civitas

513 1826 606 1880 illa
635 1825 786 1879 omni
815 1824 1143 1879 necessitate
1178 1837 1406 1893 prorsus
1450 1821 1648 1888 aliena,
1692 1829 1753 1876 ut
1793 1820 1850 1876 in
1896 1820 2105 1891 optimo
2137 1800 2180 1860 Β
2207 1846 2362 1887 mero
2387 1848 2538 1900 ογεε,
2566 1831 2754 1902 boves,
2770 1834 2978 1904 asinos,
3005 1837 3314 1908 diversique
3329 1800 3654 1910 εεηρτίηξεωὼ

512 1928 674 1989 portu
713 1917 888 1988 pelagi
919 1917 1238 1972 constituta.
1265 1915 1324 1970 ln
1347 1916 1649 1970 crastinum
1680 1930 1805 1970 cum
1836 1912 2014 1970 nostri
2039 1913 2108 1970 ad

513 2025 638 2066 eam
668 2011 1092 2080 expugnari-lam
1121 2017 1410 2076 venerunt,
1441 2008 1669 2063 omnino
1692 2023 1923 2064 vacuam
1954 2007 2108 2062 inve-

516 2113 734 2160 nerunt.
765 2103 1024 2157 Summas
1049 2103 1217 2174 igitur
1244 2103 1432 2156 laudes
1456 2100 1565 2156 Deo
1591 2100 1914 2167 referentes,
1942 2100 2114 2155 intra—

516 2206 872 2261 verunteam,
895 2203 950 2249 et
964 2195 1207 2265 quandiu
1232 2194 1376 2265 apud
1398 2193 1608 2249 Archas
1637 2191 1855 2248 duravit
1877 2189 2110 2256 obsidio,

518 2288 594 2344 ibi
623 2297 1026 2343 remanserunt.

1143 2374 1374 2433 CAPUT
1417 2375 1481 2432 ν.

587 2467 685 2524 Est
710 2477 892 2523 autem
922 2475 976 2522 et
1006 2468 1111 2523 alia
1135 2469 1328 2524 civitas
1352 2485 1461 2524 non
1489 2468 1650 2540 longe
1681 2468 1754 2524 ab
1790 2481 1854 2524 ea
1881 2483 2006 2538 qua:
2031 2465 2116 2521 di-

515 2558 662 2615 citur
691 2557 982 2624 Maraclea,
1012 2557 1172 2628 cujus
1201 2559 1452 2630 princeps
1481 2575 1670 2630 pacem
1695 2575 1820 2615 cum
1849 2559 1930 2614 eis
1971 2557 2114 2624 iniit,

517 2663 777 2722 tpsosque
804 2658 1070 2705 eteorum
1101 2651 1296 2706 vexilla
1323 2651 1380 2705 in
1415 2652 1608 2707 urbem
1637 2653 1859 2722 recepit.
1896 2649 1946 2706 0
1976 2651 2116 2705 mira

522 2735 620 2797 Dei
664 2743 861 2808 virtus,
908 2742 1269 2812 mirandaque
1315 2744 1590 2813 potentia!
1622 2742 1759 2798 Cum
1799 2743 1991 2814 procul
2021 2727 2120 2797 ab-

519 2840 709 2888 essent
747 2831 1044 2902 principes,
1073 2832 1170 2902 qni
1196 2832 1520 2888 videbantur
1551 2849 1736 2905 regere
1775 2834 2036 2904 populum
2067 2842 2122 2889 et

520 2931 854 2991 sustentare,
881 2937 980 2994 per
1011 2924 1302 2994 pauciores
1345 2932 1400 2979 et
1447 2924 1692 2980 minores
1720 2926 1888 2996 coepit
1931 2924 2120 2981 Domi-

522 3029 631 3070 nus
664 3014 828 3070 etiam
876 3015 1026 3086 ipsos
1061 3031 1218 3087 reges
1252 3031 1536 3088 superare,
1573 3031 1644 3072 ne
1695 3017 1842 3073 dicat
1880 3018 2120 3073 humana

521 3106 876 3177 praesumptio
907 3125 920 3163 :
956 3126 974 3158 ‹
1005 3105 1118 3162 Nos
1140 3107 1490 3164 Antiochiam
1531 3109 1776 3179 aliasque
1800 3109 1966 3165 urbes
1991 3110 2124 3164 sub-
2225 3103 2418 3160 ordine
2448 3103 2783 3176 prtecipuus,
2815 3105 2910 3177 qui
2939 3105 3070 3161 dum
3103 3106 3163 3160 in
3211 3107 3416 3162 mundo
3453 3103 3551 3170 fuit,
3594 3101 3696 3157 milia

519 3197 734 3268 egimus
777 3215 790 3251 :
827 3212 930 3252 nos
967 3204 1049 3252 tot
1089 3213 1156 3253 ac
1201 3206 1351 3252 tanta
1400 3199 1539 3254 bella
1567 3199 1888 3256 devicimus.
1928 3219 1950 3252 ι
1979 3199 2122 3266 Quia
2147 3181 2191 3244 C
2223 3194 2384 3266 digna
2407 3195 2580 3250 relatu
2609 3194 2820 3266 peregit
2843 3237 2856 3262 ,
2893 3195 3096 3266 quibus
3121 3196 3266 3253 illud
3292 3192 3696 3268 praeferendumcs,

521 3299 623 3357 pro
648 3295 800 3342 certo
823 3302 1114 3357 nunquam.
1141 3299 1520 3358 superassent,
1546 3290 1655 3346 nisi
1681 3305 1806 3345 cum
1821 3291 1902 3345 eis
1929 3289 2122 3347 fuisset

522 3379 613 3434 ille
641 3394 738 3450 per
767 3394 930 3450 quem
958 3395 1116 3452 reges
1143 3389 1394 3452 regnant.
1427 3381 1566 3440 Cum
1606 3398 1740 3439 vero
1780 3383 1891 3438 dux
1918 3384 2121 3439 ducum

518 3478 578 3525 et
591 3469 748 3526 miles
769 3469 1006 3525 militum
1031 3470 1362 3528 Godel‘ridus
1397 3474 1646 3530 audisset
1667 3474 1853 3531 felices
1871 3484 2120 3543 eventus,

522 3562 882 3634 insignesque
930 3563 1243 3636 triumphos
1287 3567 1671 3639 pugnantium,
1723 3569 1838 3623 seio
1879 3567 2124 3623 victoriae

522 3655 802 3709 animatus
835 3663 969 3710 tunc
998 3656 1240 3726 primum
1287 3667 1399 3712 tam
1429 3657 1548 3729 ipse
1575 3673 1743 3729 quam
1771 3657 2124 3714 Flandrensis

523 3759 713 3804 comes
735 3746 852 3819 (5'9)
877 3757 933 3804 et
960 3747 1340 3819 Boamundus,
1373 3759 1554 3806 castra
1585 3752 1655 3807 ab
1684 3751 1975 3830 Antiochia
2004 3765 2126 3805 mo-

526 3847 746 3906 verunt,
774 3852 830 3896 et
855 3841 926 3897 ad
968 3840 1178 3898 Liciam
1205 3843 1482 3901 civitatem
1507 3851 1795 3900 venerunt.
1824 3842 1902 3898 ibi
1925 3842 2126 3914 quippe

530 3931 721 3986 divisit
742 3947 800 3986 se
821 3931 1176 3990 Boamundus
1200 3937 1268 3991 ab
1292 3937 1374 3992 eis
1398 3945 1452 3992 et
1476 3937 1546 3992 ab
1571 3938 1722 3992 omni
1743 3938 1989 3994 exercitu
2005 3936 2123 4005 Dei,

531 4023 834 4094 habuitque
862 4041 898 4080 a
930 4036 1084 4096 patre
1109 4044 1209 4083 suo
1251 4030 1346 4101 qui
1373 4030 1478 4085 fuit
1511 4030 1868 4104 Franeigena,
1921 4030 2124 4102 optima

526 4115 828 4189 principia;
851 4117 950 4173 sed
974 4133 1005 4172 a
1029 4130 1222 4188 matre,
1255 4135 1378 4191 quae
1399 4121 1709 4191 Apuliensis
1733 4123 1960 4189 exstitit,
1992 4120 2128 4176 reti-

527 4210 650 4265 nuit
673 4209 922 4282 vestigia.
977 4209 1134 4266 Tunc
1181 4213 1294 4268 dux
1340 4222 1395 4268 et
1436 4227 1630 4270 eomes
1657 4214 1724 4269 ad
1761 4216 1974 4281 urbem,
2004 4230 2128 4286 qua!

529 4299 806 4356 Gibellutn
855 4309 1105 4368 vocatur,
1154 4303 1303 4360 acies
1344 4319 1478 4361 suas
1505 4304 1846 4372 direxerant,
1896 4321 2128 4377 eamque

531 4396 823 4452 obsidione
851 4395 1162 4452 cinxerunt.
1207 4397 1304 4454 llla
1334 4399 1604 4471 siquidem
1632 4399 1788 4467 hora,
1810 4400 1960 4456 venit
1987 4416 2130 4456 nun-

530 4488 642 4543 tius
671 4486 740 4542 ad
767 4487 1024 4543 comitem
1052 4486 1240 4544 Sancti
1265 4487 1470 4561 Egidii
1492 4490 1638 4561 quod
1667 4488 1830 4546 Turci
1855 4505 2128 4562 praepara-

525 4585 723 4633 verant
751 4593 812 4634 se
843 4579 920 4634 ad.
939 4594 1179 4650 pugnam
1205 4589 1400 4636 contra
1420 4595 1568 4648 eum,
1589 4589 1845 4652 essetque
1876 4579 2120 4636 futurum

527 4670 738 4726 bellum
753 4687 920 4743 grave
941 4671 1106 4726 nimis
1131 4681 1186 4726 et
1208 4673 1629 4742 permaximum.
1659 4672 1924 4729 Protinus
1938 4687 2126 4730 eomes

529 4763 680 4819 misit
705 4765 960 4820 nuntium
984 4765 1111 4820 duci
1139 4773 1196 4820 et
1221 4763 1544 4822 Flandrensi
1581 4766 1800 4835 comiti,
1849 4774 1908 4821 ut
1949 4765 2123 4820 celer-

531 4858 670 4912 rime
712 4857 780 4912 ad
817 4857 963 4913 illud
992 4857 1245 4912 venirent
1285 4857 1557 4928 praelium,
1613 4857 1828 4928 sibique
1857 4855 2122 4911 auxilium

530 4950 765 5006 terrent.
785 4950 942 5016 Quod
970 4949 1066 5005 ubi
1095 4949 1208 5013 dux
1239 4948 1450 5005 audivit
1469 4990 1485 5016 ,
1515 4947 1749 5020 principi
1778 4947 2016 5006 civitatis
2035 4961 2129 5016 pa-

528 5058 672 5110 cem,
703 5058 872 5112 quam
917 5058 1060 5114 sepe
1106 5043 1222 5112 jam
1276 5042 1590 5112 quaesierat,
1637 5039 1938 5095 mandavit.
1983 5037 2126 5094 Pace

533 5134 699 5205 igitur
727 5135 891 5204 facta,
933 5144 1217 5206 pactaeque
1261 5129 1650 5204 promissionis
1687 5131 2010 5187 muneribus
2047 5144 2130 5184 re-

533 5227 730 5296 ceptis,
753 5228 820 5282 ad
843 5239 1119 5299 speratum
1147 5229 1350 5285 bellum
1389 5226 1772 5292 convolarunt,
1802 5233 1856 5281 et
1883 5224 1951 5280 ad
1979 5224 2130 5280 obsi-

533 5317 778 5383 dionem,
801 5333 925 5389 quae
952 5330 1070 5375 erat
1090 5321 1158 5374 ad
1199 5335 1364 5390 supra
1389 5319 1596 5374 dictum
1639 5326 1904 5386 castrum,
1931 5331 2132 5374 conve-

534 5415 760 5474 nerunt,
788 5418 843 5463 et
884 5409 940 5463 in
979 5410 1206 5466 alteram
1231 5410 1472 5481 ﬂuminis
1502 5411 1677 5481 ripam
1720 5419 1900 5466 castra
1929 5423 2128 5480 posue-

535 5510 687 5559 runt.
739 5503 846 5558 Sed
888 5513 1016 5559 cum
1057 5506 1168 5560 dux
1202 5504 1411 5560 videret
1459 5505 1606 5576 quod
1645 5504 1783 5559 nihil
1816 5503 2126 5574 proliceret,

1098 330 1192 388 an
1229 323 1678 406 consrmnu‘u
1719 299 2010 386 irrigua.
2052 315 2116 386 1i.
2153 361 2224 372 -ς-
2262 330 2532 391 MONUM.
2573 335 2661 392 ne
2700 335 2924 395 BELLO
2958 339 3190 397 saeuo.

497 447 757 528 gaudium
778 443 895 516 fuit
917 443 975 500 in
997 426 1152 500 omni
1180 445 1421 500 exercitu
1451 445 1518 500 de
1559 459 1860 516 paucorum
1893 459 2090 516 magna
2120 448 2166 506 A
2194 455 2278 503 tos
2301 448 2504 519 reperit
2529 450 2736 506 hostes.
2789 449 2987 508 Tensls
3043 451 3182 510 enim
3228 458 3592 526 arcubuslmm.

3523 355 3578 416 ili

2201 539 2416 596 nostris‘
2436 553 2832 612 opposuerunt,
2859 543 2952 599 sed
2976 547 3144 600 nostri
3171 548 3598 624 prtejcetisdypisu.

2199 645 2297 686 cus
2326 647 2522 688 eorum
2543 644 2598 688 et
2621 635 2849 706 sagittas
2875 636 3022 692 velut
3065 635 3272 708 stipulas
3293 653 3602 714 conlempscmut.

2200 719 2384 796 Pugna
2415 723 2598 796 itaque
2620 726 3002 796 committitur,
3027 728 3119 783 sed
3136 745 3235 784 non
3254 745 3377 802 atqu:
3393 730 3511 800 hair,
3529 755 3606 809 quo-

2200 813 2350 870 niam
2383 816 2573 873 tractis
2603 816 2818 889 sagittis
2844 817 2943 886 illi,
2991 828 3052 874 ut
3084 834 3262 876 eorum
3288 828 3534 882 consuetudo
3551 843 3611 892 est.

2203 905 2388 977 fugere
2413 907 2726 978 voluerunt,
2750 910 2843 966 sed
2874 911 3046 967 nostri
3077 911 3213 967 inter
3239 914 3362 984 ipsos
3381 925 3423 970 et
3450 919 3614 976 civitates

2201 998 2548 1055 olistaculum
2575 1014 2898 1071 posuerunt.
2926 1001 2994 1058 Et
3012 1003 3141 1074 quid
3159 1004 3376 1076 pluribus
3394 1019 3482 1063 utar
3495 1017 3620 1068 verL'u?

2202 1099 2417 1148 tantum
2447 1092 2522 1148 ibi
2547 1093 2774 1150 humani
2802 1096 3088 1166 sanguinis
3135 1095 3308 1154 lusum
3329 1108 3397 1154 est
3414 1103 3515 1169 quoii
3546 1121 3626 1174 aqu

2202 1183 2509 1242 rubicunda
2533 1185 2676 1243 facta
2699 1197 2803 1255 est,
2834 1205 2957 1260 qua:
2980 1189 3036 1244 in
3071 1189 3328 1246 civitatem
3353 1192 3628 1260 llueint,eteo-

2204 1292 2328 1334 rum
2353 1278 2620 1336 cisternas
2643 1281 2903 1352 replebat.
2927 1279 3234 1339 Nobiliores
3258 1284 3408 1355 ipsius
3423 1286 3632 1346 civiutisihi

2205 1371 2375 1428 occisi
2406 1382 2556 1441 sunt,
2593 1383 2648 1430 et
2672 1376 2768 1446 qui
2797 1377 2906 1431 vivi
2928 1388 3322 1446 remanserunt,
3348 1381 3404 1436 de
3420 1389 3634 1442 mnuum

2205 1461 2354 1518 tione
2379 1459 2744 1522 cisternarum
2787 1468 3023 1524 multum
3068 1468 3438 1540 ingemuerunt.
3462 1471 3544 1538 Qus
3560 1485 3638 1529 my

2206 1562 2449 1624 peracta,
2486 1557 2662 1612 nostri
2707 1559 2938 1615 minime
2976 1561 3241 1628 contenti,
3269 1562 3384 1634 quia
3417 1563 3642 1620 nihiltib-

2207 1648 2343 1703 crati
2369 1657 2544 1716 erant,
2577 1650 2686 1705 nisi
2713 1651 2818 1706 tela
2847 1660 2902 1707 et
2929 1651 3366 1712 indumentorum
3387 1656 3532 1726 spolia,
3551 1657 3646 1710 insu-

2208 1753 2304 1808 pra
2335 1739 2538 1796 dictam
2563 1741 2758 1797 vallem
2788 1739 2964 1798 Desen
2981 1755 3359 1812 cucurrerunt,
3377 1755 3422 1801 et
3444 1747 3650 1819 sisquis-

3657 2065 3668 2092 ,.

3657 2133 3670 2176 ι

3678 2245 3682 2280 i

3657 2473 3672 2510 J

3697 2663 3768 3360 1

2209 1923 2506 1994 deprzedati
2536 1933 2684 1992 sunt,
2729 1935 2784 1982 et
2808 1927 2910 1982 tria
2951 1928 3126 1983 millia
3161 1930 3464 1986 camelorum
3488 1931 3662 1986 similia

2211 2026 2467 2088 puerunt.
2509 2013 2683 2076 Tanta
2727 2021 2884 2092 copia
2925 2019 3232 2078 bestiarum
3273 2024 3401 2079 unde
3431 2037 3668 2092 convena-tt,

2212 2113 2386 2168 nostri
2415 2114 2768 2172 vehementer
2801 2117 2984 2173 mirati
3019 2129 3192 2187 sunt,
3216 2119 3340 2190 quia
3367 2119 3413 2174 in
3431 2118 3670 2176 adeunti

2212 2206 2526 2277 quindecim
2547 2208 2742 2266 diebus
2768 2209 3030 2282 bospitati
3059 2210 3306 2268 fuerunt.

2355 2319 2438 2376 Illi
2474 2337 2600 2386 cum
2633 2331 2784 2378 tanta
2807 2323 3040 2382 redeunt
3059 2324 3134 2380 ad
3163 2334 3344 2382 castra
3374 2324 3545 2395 rapina.

2217 2452 2374 2510 Nulla
2404 2471 2654 2526 unquam
2691 2457 2876 2528 inopia
2931 2457 3037 2515 fuit
3085 2460 3146 2514 in
3187 2459 3456 2516 obsidione
3488 2457 3576 2524 illa,
3605 2457 3672 2528 qui:

2219 2539 2484 2604 navcs'ad
2512 2549 2810 2620 quemdam
2836 2558 3058 2620 portum
3089 2551 3406 2622 veniebant,
3446 2567 3542 2622 quae
3571 2545 3686 2604 omnia

2219 2641 2532 2695 necessaria
2560 2639 2880 2696 aﬂerehant.
2914 2640 3272 2698 Dominieum
3302 2641 3500 2699 Pascha
3533 2641 3684 2696 edem-

2219 2741 2420 2788 vernnt
2449 2733 2548 2800 ibi,
2581 2734 2729 2804 quod
2757 2732 2858 2788 fuit
2879 2743 3012 2790 tunc
3041 2745 3252 2805 quarto
3281 2734 3401 2792 ldus
3433 2734 3601 2806 Aprilis.
3623 2731 3688 2786 DI-

2219 2825 2363 2880 ravit
2386 2834 2569 2880 autem
2601 2826 2693 2881 illa
2725 2827 2976 2883 obsessio
2999 2828 3185 2885 tribus
3232 2829 3512 2894 mensibus,
3545 2841 3617 2879 una
3640 2825 3686 2876 die

2221 2917 2427 2973 minus.
2460 2917 2588 2973 Fuit
2615 2927 2798 2975 autem
2831 2919 2903 2974 ibi
2926 2929 3188 2977 mortuus
3217 2922 3459 2977 Ansellus
3479 2921 3532 2976 de
3554 2917 3690 2972 Μαῦ-

2222 3020 2431 3079 monte,
2458 3012 2542 3066 vir
2571 3028 2670 3084 per
2697 3013 2870 3068 multa
2900 3013 3202 3071 laudabilis
3225 3057 3242 3081 ,
3277 3022 3331 3069 et
3371 3014 3423 3068 in
3447 3028 3530 3068 suo
3553 3010 3690 3066 militari

2223 3287 2370 3360 quod
2402 3285 2855 3358 Aquiscingensis
2881 3287 3121 3343 cosnobii
3152 3287 3461 3345 indefessus
3497 3287 3650 3357 adiutor
3671 3281 3700 3332 il

2225 3377 2487 3432 omnibus
2517 3377 2748 3434 exstitit.
2789 3377 3056 3434 Similiter
3085 3379 3164 3436 ibi
3194 3387 3444 3436 mortuus
3465 3387 3535 3434 est
3560 3375 3702 3430 Pontius

2224 3467 2550 3526 Balcnensis
2571 3468 2681 3543 [vel
2713 3470 2782 3527 de
2824 3470 3138 3546 Baladino],
3166 3471 3334 3544 cujus
3364 3483 3574 3544 tempora
3594 3465 3703 3540 prlio

2225 3562 2368 3618 ravit
2393 3561 2536 3619 ictus
2566 3563 2786 3634 lapidis,
2809 3571 3086 3621 termento
3108 3565 3367 3637 jaculati.
3395 3565 3645 3622 Willcrmns
3661 3559 3706 3612 l‘i

2225 3657 2428 3713 eardus
2453 3698 2468 3725 ,
2509 3666 2565 3713 et
2599 3656 2881 3716 Guarinus
2901 3660 2969 3716 de
2994 3659 3155 3717 Petra
3180 3661 3363 3732 Mora,
3384 3655 3709 3736 primusjaculo.

2226 3749 2365 3806 alter
2398 3749 2534 3806 obiit
2566 3751 2786 3824 sagitta.
2816 3750 2914 3809 His
2952 3754 3067 3809 vita
3098 3751 3312 3813 functis
3338 3798 3354 3824 ,
3385 3755 3656 3812 obsidionem
3673 3747 3710 3798 i1-

2225 3841 2336 3898 lam
2367 3843 2542 3899 nostri
2562 3843 2916 3913 dimiserunt,
2945 3846 3076 3917 quia
3103 3846 3243 3902 illud
3275 3842 3642 3919 inexpugnabile
3657 3853 3711 3894 u-

2228 3943 2403 3990 strum
2432 3934 2641 3990 nullam
2669 3936 2901 3992 timebat
2927 3937 3253 3993 violentiam
3279 3935 3668 4010 impugnantium.

2299 4025 2551 4084 Detensis
2588 4027 2754 4100 igitur
2777 4029 3030 4084 tentoriis
3049 4071 3063 4095 ,
3087 4029 3158 4086 ad
3188 4029 3456 4102 Tripolim
3481 4033 3671 4102 pergunk
3687 4027 3718 4072 εί

2227 4133 2418 4190 pacem
2446 4135 2478 4174 a
2511 4133 2639 4191 rege
2681 4127 2736 4175 et
2763 4119 2980 4176 civibus
3024 4121 3121 4178 diu
3168 4121 3461 4196 quaesitam
3507 4117 3717 4176 subibunt

2228 4209 2380 4266 Datis
2406 4211 2571 4285 igitur
2596 4212 2830 4267 invicem
2859 4213 3087 4282 dextris,
3120 4214 3250 4271 lidei
3273 4217 3488 4272 illorum
3515 4213 3560 4269 in
3582 4219 3720 4267 tantum

2229 4315 2288 4358 se
2316 4318 2574 4374 proceres
2603 4306 3127 4363 commendaverunt
3156 4319 3220 4363 ut
3248 4325 3429 4382 usque
3463 4309 3522 4363 ad
3544 4304 3722 4378 palatium

2228 4395 2375 4465 regis
2423 4395 2699 4452 civitatem
2757 4395 3090 4453 introierint.
3137 4397 3259 4455 Rex
3301 4411 3480 4458 autem
3523 4409 3572 4456 ut
3595 4393 3722 4452 ﬁducia

2229 4488 2382 4558 pacis
2412 4488 2659 4545 tenendae
2687 4505 2756 4545 ex
2791 4505 2888 4546 sua
2911 4499 3068 4562 parte
3108 4493 3317 4548 certior
3341 4496 3634 4554 crederetur,
3656 4498 3726 4540 tn“

2231 4587 2420 4634 centos
2445 4579 2767 4650 peregrinos
2790 4595 2859 4636 ex
2894 4581 3101 4637 nostris
3130 4582 3392 4640 dissolvit
3425 4602 3455 4639 a
3478 4581 3676 4642 vinculis.
3695 4585 3728 4629 α

2230 4671 2553 4740 proceribus
2589 4671 2833 4728 donavit.
2868 4673 3025 4730 Dedit
3058 4683 3113 4731 et
3143 4676 3463 4747 quindecim
3493 4677 3628 4732 millia
3661 4671 3728 4739 ΒΞ·

2231 4777 2581 4830 sanceorum,
2641 4773 2696 4819 et
2753 4764 3062 4836 quindecim
3105 4783 3282 4838 equos
3332 4769 3499 4824 multa
3527 4769 3731 4822 honestate

2231 4856 2524 4927 praeditos,
2562 4856 2824 4934 misitque
2857 4859 3007 4914 omni
3050 4861 3318 4916 exercitui
3369 4871 3636 4918 mercatum
3657 4856 3732 4908 bu-

2233 4949 2413 5005 dabile
2437 4991 2452 5015 ,
2486 4949 2630 5019 quod
2660 4950 2886 5005 omnino
2922 4951 3157 5022 privavit
3179 4951 3306 5010 illos
3339 4953 3410 5009 ab
3439 4953 3574 5008 omni
3601 4960 3731 5004 nurs-

2227 5041 2409 5097 sitate.
2441 5039 2655 5112 Pepigit
2676 5042 2840 5104 etiam
2865 5051 2920 5097 et
2957 5042 3165 5112 juravit
3193 5045 3304 5100 illis
3329 5056 3392 5100 ut
3421 5047 3465 5100 si
3508 5039 3732 5098 Jerusalrm

2227 5131 2329 5186 sibi
2361 5137 2586 5200 possent
2610 5115 2911 5200 acquirere,
2951 5141 3005 5186 et
3033 5133 3236 5188 bellum
3273 5135 3424 5204 quod
3450 5134 3522 5188 eis
3550 5121 3732 5186 admini‘

2228 5221 2335 5279 dus
2360 5221 2673 5296 Babylonia:
2710 5221 2915 5278 inferre
2942 5223 3288 5292 minabatur,
3324 5238 3595 5296 superare.
3622 5212 3733 5270 Chri-

2229 5315 2442 5372 stianus
2463 5315 2798 5381 clllceretur,
2831 5323 2886 5370 et
2912 5316 3056 5387 regis
3079 5315 3386 5372 Jerusalem
3425 5312 3597 5370 ditioni
3617 5303 3732 5371 sul'il'

2231 5419 2464 5480 cerctur.
2493 5408 2740 5464 Fuerunt
2767 5417 2947 5463 autem
2974 5409 3118 5480 apud
3137 5409 3401 5480 Tripolim
3425 5423 3515 5479 per
3532 5405 3625 5462 dies
3648 5409 3733 5452 uri-

2233 5500 2491 5556 Vidcntes
2546 5511 2729 5556 autem
2763 5516 3019 5572 proceres
3055 5511 3110 5557 et
3156 5502 3259 5556 viri
3316 5500 3611 5556 bellatores.
3635 5483 3736 5558 <1“?d

533 5605 727 5654 contra
773 5595 1040 5666 Tripolim
1080 5595 1282 5651 direxit
1311 5573 1844 5667 acies,‘cunctosgue
1867 5596 1940 5651 ibi
1966 5610 2128 5666 para-
2226 5594 2341 5668 jam
2389 5603 2603 5664 tempus
2633 5609 2898 5648 novarum
2954 5592 3172 5664 frugum
3210 5593 3468 5650 instabat.
3495 5573 3735 5644 conconlsli

1594 5685 1902 5742 NOTULE
1938 5684 2385 5743 MARGINALES
2424 5682 2538 5738 MS.
2577 5681 2732 5739 COD.

607 5780 722 5852 (59)
759 5781 880 5837 Dux
907 5779 1257 5849 Godefridus,
1283 5779 1433 5836 ensis
1463 5779 1621 5850 cujus
1644 5775 1783 5834 bene
1805 5779 1964 5836 lidus.

2299 5776 2506 5833 Consul
2531 5775 2904 5846 Flandrensis,
2933 5777 3091 5850 cujus
3115 5792 3227 5835 non
3250 5777 3454 5833 fallitur
3475 5784 3618 5828 cnsrs.
