3846 6306
104 355 189 419 τω
837 346 1129 405 ROBERTI
1167 345 1476 404 MONACHI
1517 348 1702 411 lllST,

101 470 355 547 peregrinis
380 469 708 533 intulerant,
742 466 916 525 ulcisci
948 464 1221 536 cupiebat.
1256 462 1315 521 In
1344 463 1496 519 nullo
1523 479 1625 518 au-
1656 466 1699 523 Λ

101 577 187 621 tem
225 558 350 618 bello
390 560 560 615 talem
606 559 794 615 habuit
835 554 1113 612 occidendi
1158 552 1497 623 facultatem,
1526 567 1627 608 nec

100 668 230 727 super
254 660 483 724 spontem
511 649 835 716 Antiochiae,
869 660 992 704 cum
1025 648 1340 720 giganteum
1369 643 1628 701 dimidia-

101 750 158 803 vit
184 740 433 818 gentilem.
468 739 637 799 Nunc
685 753 807 798 vero
844 741 1047 809 absque
1091 738 1202 793 ulla
1244 735 1628 808 refragatione,

96 852 183 896 tam
201 840 304 910 ipse
345 852 509 908 quam
545 830 890 900 Guicberius,
916 831 1010 903 qui
1040 829 1300 888 medium'
1321 828 1497 886 secuit
1524 828 1632 884 leo-

96 942 212 997 nem,
237 929 502 1001 multaque
553 930 844 986 electorum
881 926 1119 982 militum
1151 924 1345 992 millia,
1379 939 1411 979 a
1455 922 1634 994 capite

94 1032 234 1093 iustine
254 1022 315 1077 ad
340 1036 498 1077 renes
527 1021 786 1077 secabant
807 1019 1044 1074 humana
1070 1032 1326 1089 corpora,
1355 1024 1411 1073 et
1441 1015 1631 1072 dextra

94 1114 294 1181 lzevaqne
321 1126 416 1182 per
457 1122 691 1181 utraque
728 1110 911 1165 latera.
953 1107 1150 1164 Nullus
1191 1107 1268 1163 ibi
1313 1111 1632 1162 nostrorum

88 1203 207 1259 iners
228 1200 342 1268 fuit,
387 1200 746 1257 meticulosns
779 1199 981 1266 nullus,
1007 1198 1102 1254 ubi
1134 1212 1296 1253 nemo
1321 1196 1630 1264 resistebat,

89 1291 164 1350 sed
190 1302 281 1364 pro
302 1302 461 1364 posse
488 1306 593 1347 suo
622 1292 997 1363 unusquisque
1023 1289 1299 1363 fugiebat;
1326 1290 1421 1346 sed
1446 1288 1633 1361 lingere

85 1404 216 1444 nemo
237 1384 760 1458 poterat,,qu0niam
807 1382 1097 1441 multitudo
1126 1397 1158 1439 a
1210 1381 1388 1453 seipsa
1434 1381 1488 1436 in
1519 1383 1630 1438 sei-

84 1493 210 1550 psam
250 1477 520 1549 perplexa.
551 1475 773 1532 sibimet
809 1473 1200 1546 impedimento
1227 1481 1367 1529 erat.
1411 1472 1517 1540 Qui
1552 1482 1634 1529 ta-

82 1567 264 1626 nteude
300 1576 463 1625 tanta
501 1567 675 1625 cladis
718 1569 1081 1623 maceratione
1129 1564 1271 1621 elabi
1314 1562 1631 1636 potuerunt,

81 1661 303 1731 tuuplum
326 1658 645 1717 Salomonis
663 1659 1028 1725 intraverunt,
1054 1667 1110 1714 et
1138 1673 1200 1713 se
1234 1658 1308 1713 ibi
1332 1657 1497 1728 longo
1525 1657 1632 1713 diei

79 1752 224 1823 spatio
249 1750 629 1807 defenderunt.
674 1750 783 1809 Sed
810 1766 936 1809 cum
975 1750 1089 1822 jam
1122 1749 1241 1807 dies
1270 1747 1524 1806 inclinari
1551 1748 1634 1805 vi-

1744 344 2105 404 IHEROSOL.
2144 381 2217 389 ——
2246 347 2374 403 LiB.
2416 347 2505 402 IX.
3217 354 3322 416 750

1729 462 2002 530 viderunt,
2032 462 2249 519 obviam
2273 463 2439 519 nudis
2467 462 2696 520 ensibus
2720 464 3029 535 veniebant,
3055 468 3324 531 malentes

1732 552 1999 609 citissima
2028 562 2203 610 morte
2245 554 2571 611 occumbere
2596 571 2763 627 quam
2788 557 3005 614 miserae
3027 558 3160 631 jugo
3197 576 3323 616 ser-

1730 645 1922 702 vitutis
1945 646 2265 718 longissime
2291 649 2487 720 perire.
2538 649 2677 708 Nam
2722 668 2782 709 se
2823 661 2983 710 terrae
3010 655 3323 726 prarcipites

1731 736 1955 805 dabant,
1997 747 2050 794 et
2085 740 2152 796 ad
2194 748 2417 809 terram,
2446 757 2572 815 qua:
2593 743 2807 802 cunctis
2838 745 3164 803 mortalibus
3187 747 3319 804 vitae

1732 827 1938 898 praebet
1964 827 2244 898 alimenta,
2289 841 2524 888 mortem
2570 833 2940 892 inveniebant.
2982 834 3095 892 Nec
3141 845 3327 894 tamen

1730 929 1926 975 omnes
1955 919 2297 990 occiderunt,
2325 923 2418 979 sed
2443 924 2693 981 servituti
2718 942 2833 983 sua:
2852 926 3119 999 plurimos
3149 942 3327 983 reser-

1731 1022 2020 1069 vaverunt.
2063 1011 2221 1071 Tunc
2254 1016 2613 1074 constitutum
2642 1028 2726 1076 est
2767 1028 2830 1075 ut
2861 1020 3057 1077 civitas
3086 1020 3326 1077 munda-

1732 1111 1909 1172 retur;
1941 1113 1995 1161 et
2016 1105 2320 1178 injunctum
2344 1116 2429 1165 cst
2448 1108 2772 1169 Sarracenis
2792 1110 2955 1181 vivis,
2987 1122 3049 1168 ut
3077 1120 3329 1169 mortuos

1735 1196 1885 1253 foras
1933 1200 2305 1267 extraherent,
2337 1200 2726 1276 civitatemque
2766 1206 2837 1262 ab
2872 1207 3021 1263 omni
3061 1208 3328 1279 spurcitia

1733 1290 1869 1346 tanti
1918 1289 2214 1347 morticinii
2259 1300 2489 1363 prorsus
2537 1297 2895 1364 mundarent;
2938 1298 3033 1370 qui
3076 1298 3329 1368 protinus

1727 1382 1904 1454 jussis
1932 1382 2392 1454 obtemperantes,
2422 1393 2477 1440 et
2499 1385 2755 1458 lugebant
2784 1396 2839 1444 et
2861 1389 3239 1456 extraliebant,
3271 1399 3327 1447 et

1732 1484 1886 1531 extra
1934 1482 2149 1547 portam
2189 1474 2456 1548 ingentes,
2501 1476 2671 1532 veluti
2712 1479 3026 1537 castellinas
3068 1479 3328 1537 defensa-

1733 1567 1944 1637 lesque.
1984 1564 2203 1634 domos,
2246 1580 2411 1638 pyras
2450 1567 2866 1623 construebant.
2901 1567 3141 1624 Membra
3171 1579 3330 1625 trun-

1733 1667 1857 1716 cata
1885 1658 1942 1714 in
1976 1658 2180 1730 sportis
2227 1659 2577 1731 colligebant,
2624 1668 2680 1716 et
2724 1659 2860 1717 foris
2894 1660 3239 1730 deferebant;
3273 1670 3332 1719 et

1733 1753 2045 1826 pavimenta
2106 1752 2438 1825 templorum
2464 1796 2480 1822 ,
2528 1754 2933 1826 domorumque
2986 1771 3017 1812 a
3063 1756 3331 1829 sanguine

78 1846 280 1911 duetur,
305 1843 482 1900 nostri
516 1843 772 1900 timentes
801 1843 934 1900 solis
960 1859 1241 1910 occasum,
1283 1842 1634 1898 animositate
1666 1846 1706 1905 θ
1736 1863 1878 1918 aqua
1904 1846 2182 1903 elucbant.

74 1945 316 2004 concepta,
359 1932 547 1989 abdita
585 1933 772 2005 templi
823 1932 1156 2004 irrumpunt,
1185 1948 1392 2004 eosque
1429 1932 1631 1989 misera

78 2035 219 2082 morte
249 2025 656 2096 pessundarunt
686 2025 820 2097 (60).
853 2025 1088 2083 Tantum
1120 2026 1195 2082 ibi
1240 2027 1464 2082 humani
1503 2043 1633 2083 san-

75 2116 223 2188 guinis
246 2116 477 2174 effusum
508 2126 595 2173 est
626 2127 687 2173 ut
728 2133 999 2174 caesorum
1046 2132 1300 2190 corpora,
1332 2119 1477 2174 unda
1505 2134 1633 2176 san-

76 2207 222 2278 guinis
255 2207 597 2278 impellente,
627 2209 979 2265 volverentnr
1015 2223 1112 2280 per
1154 2208 1548 2280 pavimentum,
1580 2216 1634 2264 et

76 2300 258 2357 brachia
284 2300 397 2356 sive
423 2307 700 2357 truncata:
740 2317 940 2357 manus
970 2316 1135 2373 super
1161 2317 1414 2358 cruorem
1454 2300 1633 2356 ﬂuita-

74 2396 193 2460 bant,
224 2403 276 2451 et
306 2402 579 2452 extraneo
619 2397 837 2468 corpori
862 2395 1255 2469 jungebantur,
1285 2398 1357 2454 ita
1382 2404 1442 2454 ut
1471 2410 1633 2454 nemo

73 2486 241 2542 valeret
284 2487 606 2545 discernere
655 2489 815 2560 cujus
862 2498 980 2545 erat
1025 2491 1276 2562 corporis
1321 2489 1630 2555 brachium,

70 2579 185 2649 quod
220 2588 473 2636 truncato
515 2581 737 2652 corpori
781 2589 901 2638 erat
943 2581 1283 2653 adjunctum.
1313 2581 1422 2653 ipsi
1466 2582 1630 2639 etiam

71 2668 238 2727 milites
259 2673 349 2743 qui
374 2671 483 2729 hoc
513 2673 863 2729 carnificium
887 2674 1278 2746 operabantur,
1314 2675 1633 2734 exbalentes

70 2762 200 2818 calidi
233 2761 461 2820 fervoris
499 2764 738 2821 nebulas
764 2764 857 2821 vix
900 2765 1269 2837 patiebantur.
1310 2763 1423 2823 liae
1449 2767 1633 2838 itaque

69 2854 375 2912 inenarrabili
402 2856 562 2913 aede
587 2864 829 2927 peracta,
862 2857 1267 2929 aliquantulum
1308 2866 1518 2915 natura:
1548 2860 1633 2915 in-

69 2947 329 3014 dulserunt,
361 2959 417 3005 et
456 2949 657 3021 plures
685 2964 752 3005 ex
795 2949 1096 3020 juvenibus
1128 2959 1236 3005 tam
1288 2952 1435 3008 viros
1464 2968 1630 3023 quam

70 3040 285 3097 mulieres
309 3042 437 3097 vitae
469 3051 920 3110 reservaverunt,
942 3051 997 3099 et
1027 3057 1130 3100 suo
1157 3043 1442 3100 famulatui
1470 3061 1630 3101 man-

70 3132 359 3202 ripaverunt.
400 3133 533 3190 Mox
583 3150 684 3206 per
710 3136 865 3191 vicos
909 3145 965 3191 et
1003 3137 1211 3207 plateas
1237 3138 1627 3205 discurrentes,

69 3224 286 3297 quidquid
308 3226 651 3283 invenerunt
674 3238 996 3299 rapuerunt,
1022 3239 1073 3286 et
1097 3228 1243 3301 quod
1272 3231 1508 3302 quisque
1540 3244 1628 3286 ra-

69 3318 159 3386 puit
187 3319 281 3376 hoc
318 3334 485 3375 suum
521 3319 649 3375 fuit.

121 3407 230 3466 Erat
265 3422 445 3468 autem
474 3411 789 3470 Jerusalem
820 3420 953 3471 tunc
996 3413 1195 3470 referta
1239 3415 1631 3488 temporalibus

67 3502 209 3571 bonis,
231 3522 329 3563 nec
349 3508 547 3580 aliquo
570 3507 872 3579 indigebat,
897 3507 1003 3563 nisi
1032 3508 1370 3579 spiritalibus
1399 3509 1626 3566 deliciis.

70 3592 189 3652 Tunc
212 3599 409 3672 quippe
455 3601 610 3657 ﬁlios
652 3614 806 3667 suos,
831 3601 900 3657 de
929 3601 1088 3675 longe
1136 3600 1204 3657 ad
1235 3618 1294 3658 se
1330 3603 1628 3669 venientes,

69 3690 122 3744 ita
140 3692 329 3759 ditavit,
350 3694 488 3766 quia
515 3696 573 3751 in
604 3711 669 3751 ea
693 3693 877 3752 nullus
898 3710 1107 3767 panper
1134 3696 1419 3752 remansit.
1441 3694 1632 3754 Tantis

69 3782 214 3855 itaque
236 3785 386 3843 dilati
420 3788 663 3854 divitiis,
703 3789 769 3844 ad
799 3796 1052 3844 sanctum
1078 3788 1294 3844 Domini
1318 3790 1629 3861 sepulcrum

68 3875 162 3931 late
196 3879 403 3938 incessu
448 3890 840 3953 perrexerunt,
887 3889 940 3937 et
975 3881 1025 3937 ei
1060 3882 1155 3954 qui
1194 3882 1248 3937 in
1284 3895 1351 3937 eo
1386 3882 1631 3953 sepultus

69 3966 148 4024 fuit
180 3973 371 4042 gratias
422 3971 740 4031 referentes
790 3973 1097 4045 eapitalicia
1147 3986 1246 4031 sua
1294 3974 1627 4030 obtulerunt.

68 4060 162 4131 ipsa
187 4064 286 4132 die,
338 4066 490 4122 sicut
540 4081 645 4137 per
689 4064 1020 4138 Prophetam
1066 4065 1242 4122 fuerat
1288 4067 1630 4137 praedictum,

70 4155 323 4222 sepulcrum
349 4156 588 4214 Domini
626 4156 732 4213 fuit
752 4158 1043 4230 gforiosum
1070 4155 1230 4229 (Isai.
1260 4173 1338 4224 χι,
1362 4157 1475 4229 10),
1505 4173 1631 4213 cum

71 4260 224 4305 omnes
249 4263 358 4306 non
393 4250 629 4307 incessu
663 4251 884 4322 pedatu,
918 4250 1012 4307 sed
1042 4249 1307 4321 poplitum
1339 4258 1393 4305 et
1415 4249 1631 4305 cubito-

70 4351 162 4392 nun
187 4342 332 4411 praui
356 4341 700 4399 incedebant
725 4352 780 4399 et
804 4344 1116 4415 pavimenta
1162 4343 1335 4399 imbre
1365 4342 1635 4416 lacryma-

69 4445 161 4487 runi
189 4435 554 4493 inundabant.
590 4433 706 4493 Hac
749 4436 934 4510 itaque
959 4436 1237 4494 oblatione
1276 4437 1506 4493 solemni
1538 4439 1635 4494 de-

1661 3198 1701 3253 C

2368 1934 2600 1993 CAPUT
2637 1937 2702 1992 ll.

1806 2025 2116 2087 Elimiuatis
2156 2030 2341 2102 itaque
2383 2030 2643 2086 omnibus
2679 2029 2941 2098 inimicis,
2978 2030 3048 2085 ab
3077 2030 3213 2087 urbe
3242 2046 3333 2102 pa-

1735 2123 1876 2180 cifici
1916 2122 2178 2189 nominis,
2223 2122 2290 2178 dc
2318 2122 2627 2179 ordinando
2655 2137 2803 2194 rege,
2826 2122 3060 2194 quaestio
3102 2123 3338 2181 debebat

1736 2211 1951 2286 agitari,
1984 2220 2046 2267 ut
2070 2212 2280 2267 scilicet
2303 2227 2449 2268 unus
2469 2224 2537 2268 ex
2572 2212 2708 2283 ipsis
2730 2212 2990 2269 omnibus
3011 2212 3326 2284 eligeretur,

1735 2304 1829 2376 qui
1854 2312 2020 2361 tantae
2043 2304 2165 2360 urbi
2197 2312 2463 2375 tantoque
2492 2303 2695 2376 populo
2734 2304 3119 2375 praeficeretur.
3162 2303 3332 2359 Com-

1736 2394 1890 2450 muni
1917 2394 2083 2467 igitur
2110 2393 2331 2450 decreto
2361 2394 2632 2461 omnium,
2668 2394 2786 2466 pari
2817 2402 2948 2449 voto
2980 2394 3331 2465 generaliqne

1735 2501 1990 2554 assensu,
2021 2486 2132 2543 dux
2172 2483 2504 2543 Godefridus
2525 2486 2765 2559 eligitur,
2790 2494 2988 2543 octavo
3012 2487 3219 2544 scilicet
3242 2486 3335 2543 die

1734 2595 1846 2652 quo
1875 2578 2072 2637 civitas
2102 2578 2467 2653 expugnatur.
2502 2577 2560 2634 In
2586 2594 2698 2651 quo
2736 2579 2876 2635 bene
2921 2594 3181 2636 assensus
3207 2595 3332 2634 om-

1735 2673 1890 2729 nium
1915 2672 2209 2730 convenire
2250 2672 2459 2741 debuit,
2491 2673 2621 2744 quia
2664 2672 2720 2728 in
2748 2672 2842 2728 illo
2872 2672 3140 2746 regimine
3165 2674 3332 2730 talem

1735 2782 1795 2823 se
1820 2766 2088 2833 exhibuit,
2120 2772 2184 2821 ut
2211 2764 2328 2837 ipse
2359 2766 2537 2838 magis
2575 2765 2783 2838 regiam
2809 2765 3128 2838 dignitatem
3157 2782 3326 2838 quam

1736 2857 1882 2929 regia
1911 2855 2150 2928 dignitas
2173 2855 2353 2927 ipsum
2381 2854 2801 2911 commendarit.
2845 2852 2963 2912 Non
2995 2855 3174 2912 honor
3205 2856 3333 2911 illu-

1735 2959 1904 3008 strem
1928 2948 2163 3005 faciebat
2187 2963 2337 3015 eum,
2369 2948 2465 3005 sed
2491 2948 2686 3005 honori
2718 2948 3188 3020 multiplicabatur
3214 2951 3333 3022 glo-

1734 3044 1813 3099 ria
1853 3051 2076 3115 propter
2121 3056 2271 3097 eum.
2316 3039 2376 3096 In
2430 3048 2645 3097 tantum
2687 3041 2834 3097 enim
2877 3041 3042 3113 regia:
3081 3041 3336 3114 dignitati

1736 3133 2034 3206 prtefuitet
2062 3131 2462 3204 profuitquod,
2507 3132 2553 3188 si
2588 3132 2701 3187 fieri
2736 3140 2941 3203 posset,
2982 3141 3045 3187 ut
3092 3132 3335 3188 universi

1737 3241 1892 3298 reges
1917 3234 2076 3280 terra:
2108 3224 2264 3295 juxta
2297 3223 2451 3281 illum
2495 3223 2773 3289 adessent,
2803 3237 3035 3279 censura
3061 3223 3337 3294 aequitatis

1737 3320 1995 3376 omnibus
2025 3318 2323 3390 principari
2344 3316 2707 3389 judicaretur,
2734 3327 2787 3373 et
2829 3319 3027 3373 merito
3061 3319 3338 3388 equestris

1737 3413 2047 3485 probitatis,
2075 3420 2130 3466 et
2151 3411 2404 3465 vultuosa
2428 3409 2680 3480 corporis
2704 3408 2972 3480 elegantia
2994 3416 3048 3464 et
3068 3409 3336 3464 nobilium

1738 3521 1956 3562 morum
2004 3503 2383 3576 praerogativa.
2437 3502 2759 3573 Congruum
2809 3515 3031 3572 quoque
3076 3501 3337 3572 deinceps

1736 3606 1875 3662 erat,
1906 3606 1966 3651 ut
1997 3599 2092 3667 qui
2125 3595 2228 3651 sibi
2267 3594 2688 3666 gubernatorem
2736 3606 3033 3662 corporum
3080 3591 3338 3647 decenter

1736 3698 1789 3746 et
1838 3690 2118 3747 decentem
2174 3688 2480 3759 elegerant,
2528 3695 2797 3741 rectorem
2848 3684 3160 3740 animarum
3212 3685 3332 3754 pari

1737 3783 1902 3840 modo
1932 3782 2035 3838 sibi
2066 3788 2450 3851 proponerent.
2486 3777 2775 3851 Elegerunt
2817 3778 3000 3848 itaque
3040 3777 3333 3848 quemdam

1736 3878 2017 3943 clericum,
2043 3878 2264 3930 nomine
2288 3873 2602 3940 Arnulfum,
2638 3874 2822 3929 divina
2851 3883 2905 3929 et
2932 3874 3171 3929 humana
3216 3873 3334 3946 lege

1736 3971 1875 4025 bene
1902 3968 2197 4024 eruditum.
2247 3965 2377 4020 Erat
2426 3974 2609 4021 autem
2653 3966 2828 4019 scriba
2858 3966 3045 4019 doctus
3076 3966 3133 4019 in
3179 3981 3336 4036 regno

1737 4062 2008 4126 calorum,
2037 4060 2090 4115 id
2116 4068 2199 4115 est
2227 4059 2281 4113 in
2314 4068 2503 4135 sancta
2538 4055 2806 4124 Ecclesia,
2831 4057 2926 4128 qui
2959 4056 3097 4112 bene
3122 4064 3338 4128 poterat

1737 4156 1802 4213 de
1825 4155 2072 4210 thesauro
2103 4168 2197 4208 suo
2226 4149 2475 4223 proferre
2504 4166 2637 4205 nova
2659 4159 2709 4204 et
2745 4160 2919 4205 vetera
2957 4147 3179 4221 (Matth.
3211 4164 3335 4215 xm,

1737 4247 1849 4317 52).
1879 4244 2012 4317 Ejus
2055 4235 2325 4314 siquidem
2358 4241 2552 4298 electio
2595 4238 2736 4296 facta
2778 4239 2882 4295 fuit
2928 4240 2983 4294 in
3035 4238 3336 4295 festivitate

1740 4339 1799 4395 S.
1830 4336 1975 4395 Petri
2018 4337 2087 4393 ad
2138 4334 2365 4392 Vincula
2418 4350 2541 4406 quae
2590 4333 2856 4391 festivitas
2904 4333 3041 4389 bene
3083 4332 3339 4404 congruit

1738 4431 2032 4488 vinculatze
2080 4429 2312 4496 civitati,
2361 4442 2486 4500 qua:
2546 4427 2899 4484 daemoniacis
2943 4425 3177 4482 nexibus
3232 4425 3331 4481 diu

68 4526 247 4585 ratione
286 4531 599 4603 completa,
632 4532 701 4587 ad
723 4531 917 4587 domos
961 4546 1116 4599 suas,
1146 4532 1227 4588 eis
1257 4546 1289 4585 a
1324 4529 1436 4587 Deo
1460 4531 1633 4588 desti-
1666 4556 1713 4617 υ
1741 4524 1927 4617 fuerat
1947 4524 2177 4617 illigata,
2200 4521 2462 4617 quoniam
2492 4520 2733 4617 ipso_die_
2754 4535 2865 4591 quo
2891 4520 3115 4617 dignum
3140 4518 3335 4617 habuit

68 4627 210 4689 natas,
236 4621 550 4690 redierunt,
583 4630 641 4679 et
671 4631 883 4678 natura:
910 4622 1239 4679 necessariis
1264 4621 1631 4694 indulgentes,

69 4707 197 4768 fessis
217 4717 553 4787 corporibus
597 4713 783 4772 cibum
811 4724 865 4772 et
890 4716 1071 4771 somni
1114 4716 1358 4788 requiem
1397 4716 1635 4773 tradide-

67 4802 261 4861 runt.ln
303 4807 626 4864 crastinum
660 4806 986 4878 igitur-cum
1036 4817 1202 4878 caput
1239 4822 1441 4864 aurora
1472 4808 1637 4865 terris

67 4897 353 4965 ostenderet,
387 4915 460 4955 ne
506 4898 661 4954 ullus
687 4899 743 4954 in
786 4899 922 4955 urbe
953 4899 1109 4955 locus
1139 4899 1355 4957 insidiis
1380 4916 1636 4957 remane-

68 4994 148 5053 ret,
171 4990 352 5047 armati
380 4989 451 5048 ad
501 4990 773 5061 templum
804 4990 1117 5047 Salomonis
1145 4997 1539 5058 cucurrerunt,
1574 5001 1634 5045 nt

68 5080 237 5139 scilicet
290 5084 417 5140 illos
469 5083 728 5140 delerent
785 5083 880 5154 qui
944 5098 1110 5154 supra
1170 5083 1356 5155 templi
1412 5082 1633 5155 fastigia

67 5174 403 5233 ascenderant.
451 5173 702 5232 Maxima
749 5175 896 5230 enim
944 5174 1075 5230 illuc
1118 5175 1276 5245 copia
1326 5170 1633 5230 Turcornm

68 5270 443 5337 conscenderat,
496 5282 632 5341 quae
682 5267 942 5324 libentius
997 5267 1247 5339 fugisset,
1307 5267 1354 5321 si
1401 5265 1637 5336 sumptis

70 5355 149 5413 alis
169 5359 340 5417 volare
367 5362 673 5434 potuisset.
702 5358 808 5416 Sed
850 5360 1054 5431 quibus
1099 5367 1295 5414 natura
1325 5358 1441 5413 alas
1470 5372 1636 5425 nega-

70 5448 144 5513 τὶι,
176 5452 365 5508 misera
396 5454 521 5509 vita
575 5450 823 5507 infelices
865 5452 1047 5507 exitus
1084 5450 1329 5506 donavit.
1379 5446 1451 5503 Ut
1488 5447 1634 5502 enim

73 5550 254 5600 nostros
290 5560 356 5600 ex
403 5544 651 5601 adverso
682 5541 786 5597 sibi
823 5557 1116 5598 occursare.
1159 5555 1325 5612 supra
1372 5540 1637 5609 templum

1742 4616 2079 4674 sacerdotem
2128 4615 2297 4669 libera
2344 4613 2449 4669 fuit
2485 4622 2540 4669 et
2584 4612 2853 4669 absoluta.
2904 4610 3121 4666 Gratias
3171 4609 3337 4681 igitur

1744 4709 1854 4765 Deo
1901 4708 2162 4765 salvatori
2199 4717 2252 4763 et
2294 4705 2573 4763 liberatori
2612 4720 2864 4770 suorum,
2896 4703 2990 4773 qui
3025 4702 3185 4757 toties
3210 4716 3335 4755 eam

1742 4802 1951 4860 destrui
1985 4810 2039 4857 et
2067 4800 2315 4858 ancillari
2357 4798 2628 4871 permisit,
2672 4797 2945 4865 totiesque
2995 4793 3336 4849 destructam

1743 4894 2111 4959 reaedificavit,
2134 4902 2188 4949 et
2209 4892 2519 4949 ancillatam
2540 4889 2776 4946 mirabili
2800 4885 3039 4958 potentia
3061 4885 3332 4939 liberavit.

1746 4985 1862 5050 llis,
1895 4994 1955 5040 ut
2003 4983 2288 5056 przefatum
2335 4991 2438 5047 est,
2489 4980 2757 5035 bellorum
2806 4974 3151 5032 conflictibus
3200 4986 3337 5043 gens

1741 5076 2021 5136 Gallicana
2067 5076 2203 5132 fines
2235 5074 2464 5130 orientis
2490 5070 2815 5143 penetravit.
2843 5076 2898 5123 et
2935 5067 3005 5123 ab
3030 5064 3335 5122 immundi—

1743 5173 1835 5228 tiis
1855 5171 2163 5244 gentilium,
2188 5168 2389 5239 quibus
2411 5180 2509 5237 per
2536 5177 2713 5220 annos
2732 5162 2953 5219 circiter
2973 5159 3338 5231 quadraginta

1742 5263 2043 5321 Jerusalem
2070 5261 2247 5316 fuerat
2270 5258 2576 5329 inquinata,
2602 5255 2785 5311 divina
2813 5252 3117 5324 opitulante
3138 5250 3334 5323 gratia,

1743 5354 2081 5412 emnndavit.
2126 5349 2184 5407 ln
2216 5366 2324 5421 qua
2363 5348 2648 5404 sacerdote
2676 5346 2943 5402 canonice
2991 5348 3335 5405 consecrato,

1744 5457 1797 5503 et
1827 5461 1952 5517 rege
1992 5443 2312 5507 sublimato,
2341 5439 2680 5495 Francorum
2714 5436 2927 5492 celebre
2954 5449 3153 5490 nomen
3185 5429 3337 5488 omni

1746 5532 1955 5590 Orienti
1988 5531 2244 5598 innotuit,
2274 5540 2328 5586 et
2366 5527 2759 5600 omni-potentia
2789 5523 2917 5581 Jesu
2945 5524 3149 5580 Christi
3183 5525 3238 5577 in
3270 5536 3337 5576 ea

1108 5692 1417 5753 NOTULIE
1456 5690 1910 5751 MARGINMJES
1943 5688 2057 5745 MS.
2096 5687 2236 5745 COD

130 5792 225 5864 (60)
260 5795 417 5852 Anno
453 5794 691 5852 milleno
722 5802 948 5851 centeno
976 5809 1087 5864 quo
1118 5792 1299 5847 minus
1322 5806 1461 5863 uno,

1822 5786 1900 5841 Je;
1917 5785 2120 5841 usalem
2144 5782 2340 5838 Franci
2364 5781 2590 5855 capiunt
2616 5782 2812 5863 virtute
2838 5781 3066 5853 potenti.
