3846 6306
481 369 581 426 751
1061 355 1146 417 AD
1184 356 1635 419 GODEFRIDUM
1672 342 1963 409 APPEND.
2002 351 2067 409 ll.
2106 383 2177 394 -—
2214 350 2483 409 NONUM.
2529 351 2616 408 DE
2653 303 2879 410 liELLO
2918 346 3164 411 SACRO.
3630 362 3708 421 τεῇ

480 481 736 542 cruciﬁxi
757 479 1036 538 mentibus
1060 478 1230 535 etiam
1255 474 1554 532 inﬁdelium
1578 470 1932 543 respletuiuit.
1959 469 2081 537 Quo
2110 474 2158 535 Α
2188 470 2514 526 retulerunt.
2545 467 2658 525 ilex
2683 477 2866 524 autem
2896 476 2957 525 ut
2978 467 3206 536 audivit,
3247 467 3586 539 patriarcham
3604 489 3708 530 eon-

483 574 775 647 splendere
799 571 1085 632 renitentis
1112 569 1322 643 gratiae,
1347 584 1473 623 cum
1502 563 1805 622 sacerdotis
1832 579 1897 619 ac
1930 562 2077 635 regis
2181 563 2366 619 vocati
2399 566 2676 636 pmmepit,
2704 576 2758 621 et
2797 567 2867 621 ab
2896 582 2963 623 eo
2995 567 3291 624 consilium
3330 570 3544 642 accepit,
3568 582 3616 627 ιιι
3639 565 3712 645 pr:

482 667 764 724 ordinatio
789 664 1018 724 solemni
1040 662 1242 735 gaudio
1272 660 1465 717 fuisset
1495 657 1767 724 exhibita,
1804 655 1981 712 nuntii
2008 656 2077 711 de
2181 664 2351 711 totam
2392 656 2669 713 civitatem
2724 668 3152 729 prteconaretur,
3213 675 3325 731 quo
3379 659 3431 715 in
3463 665 3711 720 crastinum

481 758 844 832 Neapolitana
887 757 1022 815 urbe
1048 756 1118 812 ad
1157 769 1341 826 regem
1386 749 1741 809 Godcfridum
1786 757 2076 814 venerunt,
2181 762 2402 803 summo
2432 761 2596 802 mane
2628 762 2824 803 omnes
2871 748 2939 803 ad
2980 749 3271 804 ecclesiam
3314 752 3651 819 convenirent,
3669 764 3715 810 ut

482 852 693 910 civium
724 865 953 909 suorum
988 846 1247 904 mandata
1282 843 1538 911 ferentes,
1565 851 1627 898 ut
1666 841 1735 899 ad
1766 841 1938 914 ipsos,
1969 841 2077 897 sci-
2180 851 2306 913 post
2352 856 2509 897 sacra
2559 840 2857 897 missarum
2885 841 3176 897 ‘solemnia
3226 840 3488 899 Dominici
3519 847 3716 917 corporis

482 945 615 1003 licet
660 944 730 1001 de
757 944 896 1010 suis,
928 940 1189 1006 mitteret,
1232 947 1286 994 et
1314 937 1464 995 cives
1490 946 1545 993 et
1574 935 1851 993 civitatem
1881 950 2076 991 eorum
2180 933 2573 990 eucharistiam
2599 934 2962 1005 perciperent,
2984 943 3040 991 et
3064 934 3133 991 ad
3160 934 3363 991 bellum
3389 950 3569 992 versus
3590 937 3720 995 Asca-

485 1039 543 1094 in
569 1051 674 1095 suo
701 1035 988 1109 regimine,
1018 1046 1230 1102 suaque
1263 1030 1468 1086 ditione
1498 1028 1795 1100 reciperet;
1824 1026 2079 1083 volebant
2182 1025 2368 1082 lenam
2397 1025 2727 1097 cquitarent.

486 1129 633 1184 enim
659 1128 727 1183 de
757 1125 955 1197 scipsis
985 1139 1149 1180 suum
1176 1122 1408 1178 dilatare
1449 1120 1763 1192 imperium,
1794 1118 1969 1192 magis
1996 1117 2079 1173 af-
2256 1118 2469 1177 [tumor
2505 1118 2608 1174 iste
2656 1118 2883 1174 minime
2926 1118 3269 1189 perturbavit
3314 1119 3521 1175 animos
3538 1120 3718 1179 audien-

487 1219 754 1276 fectantcs
789 1233 949 1274 suum
979 1231 1145 1288 quant
1178 1214 1407 1271 alterius
1441 1213 1831 1285 principatum.
1858 1211 1954 1268 Est
1981 1228 2081 1268 au—
2183 1212 2344 1279 tium,
2377 1212 2471 1269 sed
2496 1227 2603 1267 nox
2643 1212 2989 1282 subsequens
3019 1211 3137 1268 visa
3162 1220 3248 1267 est
3274 1211 3349 1266 illi
3388 1212 3593 1268 tardiori
3616 1229 3716 1269 suc-

487 1322 596 1366 tem
623 1309 882 1381 Neapolis
903 1308 1098 1365 civitas
1125 1307 1320 1374 Cat-im,
1347 1323 1471 1378 qnzc
1496 1317 1581 1362 est
1606 1306 1886 1378 provincia
1914 1306 2077 1361 Asiae.
2184 1318 2344 1358 cessu
2372 1301 2683 1372 protensior
2709 1299 2927 1357 czeteris
2950 1300 3231 1356 exstitisse
3261 1317 3276 1353 :

486 1401 629 1470 Rex,
682 1409 908 1471 accepto
958 1400 1214 1468 consilio,
1253 1398 1403 1455 misit
1445 1399 1513 1453 ad
1543 1398 1679 1470 illos
1722 1397 2080 1455 Eustachium
2190 1393 2265 1471 l_Jt_
2285 1394 2526 1471 primum
2559 1392 2828 1448 matutina
2858 1400 3026 1462 caput
3051 1407 3255 1447 aurora
3275 1391 3492 1459 levavit,

484 1493 715 1551 fratrem
763 1510 950 1561 suum,
999 1501 1056 1548 et
1094 1492 1463 1561 Tancredum,
1502 1507 1627 1547 cum
1674 1506 1872 1563 magna
1914 1506 2080 1547 manu
2185 1466 3612 1591 ᾒῗεέξς’ἓξὲξὶξξβηὲἓκῖξὲθῧξηξῗὲξῗξὲῗᾶἶεξξτη·

2243 1535 2351 1592 issa
2386 1543 2691 1605 peroratur,
2728 1534 2967 1605 populus
2990 1532 3226 1589 Domino
3240 1532 3509 1605 sociatur.

484 1589 725 1644 militum
754 1596 809 1643 et
842 1586 1122 1659 peditum;
1163 1601 1304 1657 quos
1335 1585 1412 1640 illi
1451 1601 1577 1642 cum
1615 1600 1826 1657 magna:
1850 1600 2082 1640 venera-
2186 1585 2759 1674 δίῇξῶιςώίῶᾖίίηξ
2775 1585 3667 1675 ἐξιεὶςιὴάἦέιίξᾱιξιίίξξρίήηιυτ,

485 1680 656 1737 tionis
700 1678 879 1735 ollieio
918 1685 1304 1749 susceperunt,
1348 1686 1402 1733 et
1445 1677 1661 1749 seipsos
1702 1684 1757 1732 et
1806 1675 2082 1733 civitatem
2188 1677 2313 1749 Exit
2337 1678 2407 1749 ab
2430 1676 2662 1733 ecclesia
2685 1676 2859 1746 plebs,
2892 1684 3063 1749 atque
3085 1676 3337 1749 cucurrit
3362 1676 3428 1730 ad
3460 1691 3615 1739 anna,

491 1772 548 1829 in
579 1773 702 1846 ejus
725 1772 988 1828 ditionem
1019 1745 1382 1826 tradiderunt.
1529 1745 1546 1749 ⁷

2188 1748 2460 1846 ἓὶίῗὲἓὲῗδ
2482 1762 2644 1846 531‘}?!
2666 1745 3495 1846 θέἶῖἱξὶ³νῖἶῇῗβξεη³ἓὶῖ⁰ἒῖίέἷ¹ξ

1109 1815 1468 1918 {illim
2112 1860 2161 1921 Β
2188 1815 2678 1921 ἓέὲῗξῖῖῗμδῖξξεῗε.
2693 1815 3676 1921 ‘3'.‘.”.‘.’.'...'.’.°.§‘2}'.‘L".3..§?.§.‘3‘3.131“

2188 1890 2487 1946 Insonuere
2515 1889 2681 1946 simul
2714 1908 2727 1944 :
2751 1904 2999 1960 quorum
3014 1888 3389 1960 clangoribus,
3414 1903 3590 1960 omnes

561 1954 703 2011 Cum
727 1955 843 2011 lucc
884 1954 958 2010 ita
980 1954 1096 2010 fieri
1124 1953 1450 2026 inciperent,
1480 1951 1573 2008 ille
1607 1959 1893 2009 tortuosus
1919 1958 1974 2008 et
2000 1950 2085 2006 lu-
2187 1960 2245 2033 l_u
2264 1977 2459 2033 gyrum
2488 1969 2724 2033 montes,
2759 1950 3171 2033 cummallibusv
3182 1950 3590 2033 eehonisabattt,

488 2047 679 2104 bricus
707 2046 926 2118 anguis,
962 2046 1055 2117 qui
1081 2044 1319 2101 ﬁdelium
1345 2058 1562 2114 semper
1587 2043 1791 2099 invidet
1815 2041 2084 2108 felicitati,
2187 2028 2590 2103 Τεὲίοτοιηίιιιῡ
2615 2031 2735 2087 suis
2757 2028 2998 2086 ίηίηιίείε
3029 2030 3393 2087 incutiebant

487 2140 710 2196 titulum
742 2135 1278 2195 sciliceLChristiani
1324 2135 1568 2192 nominis
1611 2134 1685 2190 ita
1726 2134 2000 2206 ampliari,
2031 2141 2088 2189 ct
2186 2139 2264 2197 Ita
2292 2139 2596 2212 procedunt
2637 2140 2705 2196 ad
2751 2139 3003 2211 ριιωιίιιω
3039 2138 3375 2196 Christiana:
3404 2140 3566 2207 acies,
3596 2138 3730 2196 Deum

487 2246 718 2304 regnum
760 2238 1035 2287 renovata:
1060 2228 1365 2286 Jerusalem
1411 2228 1485 2283 ita
1516 2227 1759 2295 dilatari,
1789 2227 2084 2283 admodum
2186 2234 2448 2289 victorem
2475 2232 2623 2301 belli,
2664 2247 2892 2303 corpore
2933 2240 2990 2289 ct
3032 2241 3213 2290 mente
3256 2241 3547 2305 gestantes,
3570 2242 3617 2287 et
3634 2249 3731 2304 pro-

486 2321 743 2379 indoluit.
792 2320 859 2377 Ει
888 2320 1224 2378 Clementem
1276 2318 1390 2376 imo
1433 2318 1742 2376 dementem
1783 2317 2084 2388 admiravi-
2186 2333 2371 2395 plet-ca
2423 2338 2531 2379 non
2581 2332 2858 2379 terrentur
2898 2323 3188 2379 hominum
3237 2323 3349 2380 ulla
3409 2324 3734 2389 multitudine,

492 2428 616 2469 sum
675 2411 1008 2485 Babyloniae,
1059 2420 1252 2467 contra
1294 2410 1446 2481 ipsos
1496 2408 1619 2465 felle
1665 2409 2001 2475 commovit,
2034 2417 2088 2463 et
2187 2415 2317 2484 quia
2340 2429 2450 2469 non
2477 2415 2759 2470 confidunt
2787 2415 2840 2470 in
2870 2430 2994 2481 sua,
3021 2414 3116 2472 sed
3151 2416 3207 2471 in
3234 2415 3413 2487 ipsius
3438 2416 3639 2473 virtute.
3659 2416 3735 2471 Pa-

488 2521 618 2561 cum
664 2506 785 2576 ipso
814 2520 1035 2561 onmem
1077 2502 1355 2560 Orientem
1386 2502 1664 2560 excitavit.
1714 2502 1964 2574 Speravit
2007 2511 2087 2557 ει·
2188 2507 2429 2563 triarcha
2449 2507 2674 2578 quidem
2698 2506 2991 2580 dereliquit
3012 2507 3162 2565 vices
3181 2524 3317 2565 snas
3330 2507 3494 2564 Petro
3511 2510 3734 2575 eremitr,

488 2598 635 2654 enim
677 2597 844 2653 totius
886 2596 1112 2653 malitia
1137 2605 1523 2668 praesumptor,
1548 2611 1741 2652 omnes
1766 2595 1891 2651 illos
1913 2603 1967 2651 et
1995 2610 2089 2650 ur—
2189 2607 2249 2654 nt
2280 2598 2480 2654 missas
2517 2598 2820 2666 ordinaret,
2860 2599 3140 2657 orationes
3165 2600 3545 2667 constitueret,
3570 2611 3618 2656 et
3642 2616 3735 2670 pro

486 2689 612 2745 hem
654 2688 855 2756 delere,
899 2698 954 2746 et
998 2688 1321 2745 memoriam
1367 2686 1640 2744 Dominiei
1674 2686 1909 2759 sepulcri
1962 2685 2083 2742 fun-
2189 2689 2468 2747 cessiones
2496 2701 2851 2762 componeret
2871 2691 2939 2748 ad
2967 2693 3307 2764 sepulcrum,
3334 2702 3397 2749 ut
3419 2692 3561 2749 Deus
3586 2693 3737 2757 homo,

489 2780 641 2838 ditus
669 2782 905 2837 abolere.
946 2780 1055 2837 Sed
1091 2781 1236 2837 sicut
1273 2780 1639 2853 cogitationes
1676 2778 1963 2835 hominum
1987 2794 2083 2833 va-
2189 2784 2284 2853 qui
2313 2782 2369 2838 in
2412 2798 2479 2839 eo
2523 2783 2724 2854 jaeuit,
2750 2784 2957 2855 populo
2998 2798 3103 2839 suo
3151 2783 3304 2840 ﬁeret
3346 2785 3402 2841 in
3446 2784 3737 2855 praesidium.

488 2890 575 2931 nte
609 2884 760 2941 sunt,
801 2874 877 2930 ita
905 2883 961 2929 et
988 2874 1245 2947 potentia:
1279 2852 1630 2930 evanescunt.
1664 2871 1894 2944 Collegit
1921 2870 2089 2941 igitur
2190 2852 2440 2947 Cumque
2480 2852 2574 2932 re}:
2604 2890 2730 2931 cum
2752 2852 2875 2931 suo
2901 2876 3147 2932 exercitu
3185 2877 3399 2933 veniret
3557 2876 3741 2939 ﬁumen,

490 2966 756 3039 quidquid
806 2968 983 3038 potuit
1038 2967 1357 3033 hominum,
1402 2975 1457 3021 et
1510 2980 1778 3038 pomposo
1821 2972 2087 3037 apparatu
2190 2968 2337 3038 quod
2375 2976 2460 3024 est
2484 2968 2629 3025 circa
2650 2967 3008 3037 Ascalonam,
3031 2969 3239 3025 invenit
3282 2969 3359 3025 ibi
3411 2970 3578 3025 multa
3609 2967 3742 3023 millia

491 3062 821 3119 Ascalonam
855 3060 1120 3131 pervenit.
1145 3059 1264 3127 Quo
1292 3076 1416 3117 cum
1471 3058 1831 3131 pervenisset,
1859 3058 2088 3115 nuntius
2190 3059 2383 3127 boum,
2416 3063 2754 3116 camelorum
2775 3102 2791 3127 ,
2833 3060 3150 3127 asinorum,
3196 3061 3474 3118 mulorum
3513 3073 3568 3120 et
3603 3063 3745 3118 mula-

492 3157 560 3211 ad
594 3171 774 3227 regem
808 3154 1040 3211 festinus
1063 3154 1230 3221 venit,
1258 3162 1315 3209 et
1348 3169 1464 3209 rem
1509 3162 1570 3208 nt
1612 3161 1752 3218 erat,
1776 3152 1828 3207 ei
1862 3150 2087 3207 intima-
2191 3166 2346 3217 rum;
2378 3166 2500 3222 quae
2538 3166 2648 3206 non
2691 3151 2869 3207 solum
2901 3159 3061 3207 erant
3087 3152 3153 3207 de
3182 3152 3423 3218 civitate,
3460 3154 3554 3209 sed
3579 3163 3743 3210 etcum

489 3250 589 3303 vit.
617 3246 728 3303 Nec
753 3262 908 3303 mora
937 3247 1100 3317 longa
1135 3244 1255 3314 fuit,
1280 3246 1426 3317 quod
1453 3261 1547 3301 rex
1571 3245 1639 3301 ad
1663 3245 1789 3301 illos
1813 3259 1958 3315 quos
1980 3242 2084 3298 mi-
2111 3229 2158 3285 α
2186 3242 2429 3299 exercitu
2473 3242 2792 3299 adrniravisi
2831 3253 3114 3299 venerant.
3160 3243 3297 3311 Quae
3338 3246 3523 3301 omnia
3563 3256 3741 3303 centum

493 3349 647 3397 serat
677 3340 851 3407 misit,
888 3348 949 3395 ut
982 3338 1236 3395 videlicet
1278 3338 1606 3396 festinarent
1650 3338 1718 3393 ad
1763 3338 1965 3393 bellum
1992 3351 2088 3392 ve-
2188 3336 2397 3393 Arabes
2424 3336 2826 3415 custodiebant,
2859 3337 2956 3392 sed
2992 3346 3051 3392 ut
3084 3336 3327 3407 primunt
3377 3348 3592 3395 nostros
3628 3337 3744 3394 vidc-

492 3435 644 3502 nire,
692 3434 841 3506 quod
892 3442 1299 3506 praeparaverat
1340 3433 1706 3490 admiravisus
1754 3432 2087 3505 Babyloniae.
2188 3438 2339 3495 runt,
2372 3437 2429 3485 et
2454 3429 2696 3500 pnedam
2737 3429 2821 3486 eis
2845 3428 3280 3500 dereliquernnt,
3335 3439 3390 3485 et
3426 3428 3567 3503 fuga:
3604 3430 3744 3485 subsi-

491 3526 614 3599 ipse
641 3527 789 3583 enim
814 3526 930 3599 jam
960 3542 1086 3584 cum
1124 3527 1411 3583 innumera
1440 3534 1599 3597 gente
1641 3525 1929 3581 Ascalonae
1949 3535 2087 3592 erat,
2188 3523 2342 3579 dium
2390 3522 2496 3580 sibi
2543 3522 2899 3594 quaesierunt.
2940 3520 3127 3578 Nostri
3169 3538 3300 3577 vero
3349 3524 3613 3593 persecuti
3648 3531 3746 3578 sunt

493 3629 550 3676 et
579 3618 1012 3692 Hierosolymam
1043 3619 1297 3675 obsidere
1332 3619 1579 3689 parabat.
1600 3617 1754 3686 Quod
1773 3618 1865 3673 ubi
1894 3616 2103 3673 Eusta-.
2190 3616 2346 3682 illos,
2377 3616 2473 3671 sed
2515 3613 2924 3686 apprehendere
2971 3628 3080 3669 non
3125 3623 3431 3685 potuerunt
3476 3615 3584 3670 nisi
3617 3614 3743 3669 duos.

491 3710 656 3767 chius
696 3718 754 3766 et
792 3708 1144 3775 Tancredus,
1182 3709 1477 3780 cmterique
1520 3708 1624 3764 viri
1660 3708 1951 3765 bellatores
1986 3723 2088 3763 λιι-
2190 3707 2434 3763 Praedam
2462 3716 2642 3762 autem
2674 3707 2987 3762 universam
3018 3716 3343 3779 rapuerunt,
3387 3716 3442 3763 et
3484 3706 3744 3763 Jerusalem

492 3802 732 3869 dierunt,
757 3800 1054 3857 imminens
1080 3800 1206 3857 belli
1238 3800 1516 3874 negotium
1553 3799 1926 3871 Neapolitanis
1955 3800 2091 3857 civi-
2189 3816 2257 3856 ex
2285 3816 2348 3856 ea
2379 3800 2602 3871 copiose
2629 3799 2963 3855 ditaverunt.
3003 3799 3114 3856 ilex
3145 3800 3369 3871 quidem
3405 3801 3496 3856 die
3526 3801 3632 3873 jam
3668 3796 3745 3854 ad-

489 3893 598 3950 bus
633 3893 1016 3959 ostenderunt,
1061 3901 1118 3949 et
1155 3893 1276 3950 vale
1318 3894 1401 3951 eis
1448 3893 1717 3961 dicentes,
1769 3909 1895 3950 cum
1943 3894 2091 3949 bono
2190 3900 2631 3964 vesperascente,
2688 3891 2979 3948 vociferari
3024 3893 3281 3964 pratccpit
3323 3910 3423 3965 per
3469 3895 3744 3949 universum

494 3984 682 4057 gaudii
707 3992 764 4040 et
788 3984 1045 4041 amicitiae
1082 3984 1479 4042 discesserunt.
1512 3983 1697 4042 Nostri
1727 3986 1927 4057 quippe
1954 3983 2093 4041 Tur—
2196 4002 2414 4057 agmen.
2445 3994 2504 4042 ut
2538 4001 2731 4043 omnes
2787 3985 3163 4057 quiescerent,
3199 3995 3254 4042 et
3309 3987 3490 4057 primo
3547 3985 3749 4043 diluculo

492 4091 685 4133 eorum
707 4092 1001 4133 occursum
1032 4077 1431 4147 desiderantes,
1463 4085 1725 4135 montana
1754 4078 2093 4136 conscende—
2191 4086 2606 4151 consurgerent,
2635 4094 2804 4150 seque
2847 4078 2992 4134 bella
3035 4088 3430 4150 nmpanmnt.
3468 4077 3748 4135 Patriarcha

490 4176 645 4235 runt,
673 4177 728 4223 et
753 4176 866 4224 tota
898 4167 988 4224 die
1030 4184 1094 4224 ac
1122 4177 1283 4225 nocte
1320 4169 1602 4226 insomnes
1627 4178 1683 4226 et
1717 4169 1949 4240 inquieti
1982 4169 2096 4226 Cze—
2192 4188 2323 4228 vero
2362 4171 2846 4228 anathematizavit
2889 4188 3107 4240 onmcs,
3144 4173 3239 4243 qui
3292 4172 3349 4227 in
3412 4174 3509 4228 illo
3537 4172 3747 4228 conﬂictu

493 4274 706 4315 vaream
743 4269 1130 4331 pervenerunt.
1158 4259 1216 4316 ln
1247 4262 1552 4319 crastinum
1576 4262 1735 4333 juxta
1781 4277 1933 4318 mare
1975 4278 2096 4317 am-
2192 4261 2397 4335 aliquid
2426 4272 2703 4335 raperent,
2731 4272 2858 4319 ante
2880 4273 3233 4320 consecutam
3264 4264 3577 4320 victoriam.

497 4352 841 4420 nulaverunt,
887 4363 942 4409 et
995 4354 1064 4410 ad
1105 4354 1403 4425 quamdam
1458 4354 1650 4409 urbem
1682 4369 1806 4425 qua:
1857 4353 2091 4410 Ramola
2262 4353 2431 4411 Necte
2448 4354 2611 4427 igitur
2638 4363 2935 4422 transacta,
2963 4371 3163 4410 aurora
3188 4355 3350 4411 solito
3379 4356 3582 4411 clarior
3597 4355 3747 4407 incan-

489 4441 694 4499 dicitur
718 4453 1109 4514 pervenerunt,
1136 4444 1450 4515 multosque
1472 4442 1547 4498 ibi
1576 4444 1807 4511 Arabes,
1842 4446 1939 4516 qui
1967 4446 2092 4501 belli
2193 4441 2332 4509 duit,
2360 4453 2412 4497 et
2428 4450 2648 4499 nostros
2677 4459 2707 4497 a
2732 4459 2928 4498 somno
2960 4441 3241 4498 excitavit.
3271 4440 3405 4497 Erat
3444 4453 3619 4497 autem
3647 4437 3751 4493 feria

488 4549 863 4605 praecursores
891 4546 1071 4603 erant,
1102 4537 1450 4593 invenerunt.
1492 4534 1643 4604 Quos
1667 4534 1883 4593 fortiter
1914 4538 2088 4594 nostri
2122 4600 2151 4605 ῳ
2194 4541 2368 4601 sexta,
2400 4533 2454 4588 in
2481 4548 2592 4604 qua
2645 4531 2899 4588 Salvator
2947 4534 3171 4605 generis
3207 4533 3464 4601 humani,
3512 4531 3748 4590 diabolum

487 4600 866 4698 insequentes,
897 4600 1085 4698 plures
1106 4641 1173 4682 ex
1195 4627 1277 4683 eis
1310 4600 1810 4698 apprehendcrunt,
1833 4628 1928 4699 qui
1956 4629 2089 4699 ipsis
2122 4600 2167 4660 θ
2195 4642 2375 4699 regem
2430 4600 2762 4698 Babyloniae,
2813 4600 3059 4697 trophseo
3115 4626 3300 4682 crucis
3354 4626 3672 4697 prostravit;
3712 4632 3753 4677 et

487 4732 710 4774 omnem
767 4718 895 4774 belli
951 4727 1278 4790 apparatum
1333 4717 1390 4773 in
1441 4717 1670 4774 veritate
1730 4730 2082 4791 aperuerunt.
2194 4735 2343 4776 nunc
2382 4719 2580 4774 iterum
2610 4718 3001 4774 adntiravisum
3047 4735 3161 4774 suze
3203 4716 3653 4792 Babylonize,per
3685 4730 3750 4770 sa-

487 4808 689 4878 Quare
715 4819 1018 4882 comperta,
1037 4810 1260 4867 nuntios
1285 4809 1566 4866 velocibus
1582 4809 1740 4881 cquis
1763 4811 2084 4880 insidentes,
2194 4810 2388 4866 tellitcs
2435 4825 2575 4865 suos
2618 4808 2884 4865 Dominus
2927 4808 3224 4879 superavit.
3269 4807 3413 4878 Rex,
3447 4817 3507 4864 ut
3540 4805 3755 4879 superius

485 4903 602 4973 regi
631 4902 800 4959 citius
832 4902 1178 4975 legaverunt,
1224 4910 1286 4957 ut
1333 4916 1529 4957 omnes
1570 4902 1779 4973 absque
1824 4903 2084 4962 dilatione
2192 4905 2458 4971 diximus,
2500 4903 2705 4961 ﬁumen
2749 4896 3123 4969 transmeavit,
3166 4903 3260 4958 sed
3298 4903 3613 4974 patriarcha
3654 4916 3750 4957 cum

488 5002 865 5051 commoneret
896 5003 989 5049 :et
1033 5003 1226 5049 contra
1258 4991 1587 5049 Ascalonem
1622 4994 1688 5050 ad
1725 4994 1925 5050 bellum
1955 5011 2083 5066 pro—
2193 4996 2467 5067 episcopis
2491 4996 2724 5067 aliisque
2759 4995 3031 5066 religiosis
3056 4995 3211 5062 viris,
3247 5004 3356 5051 tam
3392 4995 3599 5053 Graecis
3620 5008 3751 5066 quam

485 5086 727 5143 cederet.
776 5083 876 5142 Est
919 5094 1107 5145 autem
1152 5085 1426 5141 Ascalona
1464 5085 1659 5144 civitas
1709 5086 1942 5157 insignis
1978 5086 2083 5141 Pa-
2194 5085 2425 5154 Latinis,
2474 5085 2611 5143 citra
2664 5085 2953 5142 remansit.
3013 5083 3310 5141 Descendit
3361 5086 3552 5158 itaque
3590 5103 3674 5141 rex
3712 5084 3750 5136 'n.

485 5176 735 5240 Iastium,
767 5176 963 5249 viginti
1012 5177 1259 5248 quinque
1288 5176 1564 5234 milliariis
1607 5179 1821 5236 distans
1861 5180 1932 5235 ab
1956 5178 2082 5234 llie-
2191 5178 2488 5251 quamdam
2512 5177 2710 5233 vallem
2740 5177 3044 5248 speciosam
3092 5188 3148 5235 et
3195 5181 3502 5250 spatiosam
3528 5196 3641 5238 eum
3664 5178 3753 5235 suis

486 5265 803 5337 rosolyma;
836 5280 1017 5336 quam
1056 5266 1336 5336 quondam
1382 5267 1641 5340 allophyli
1698 5268 2085 5337 condiderunt,
2190 5270 2473 5337 omnibus,
2498 5280 2552 5326 et
2574 5286 2735 5326 secus
2777 5270 2930 5326 littus
2959 5271 3129 5328 maris
3167 5272 3422 5337 intravit,
3446 5273 3625 5345 ibique
3651 5284 3754 5328 suas

488 5364 545 5410 et
565 5355 895 5412 Ascalonam
944 5370 1012 5412 ex
1068 5353 1291 5412 nomine
1342 5354 1543 5425 Colon,
1590 5357 1685 5428 qui
1751 5354 1855 5414 fuit
1912 5374 2084 5429 nepos
2192 5366 2340 5423 acies
2375 5365 2670 5422 ordinavit.
2710 5365 2830 5437 ipse
2877 5382 3036 5422 suam
3072 5367 3361 5424 constituit
3408 5369 3749 5440 primam;co-

488 5444 663 5501 Cham
709 5454 765 5502 et
803 5447 950 5503 lilius
999 5445 1274 5514 Mesraim,
1319 5459 1672 5506 vocaverunt.
1727 5448 1855 5505 Fuit
1899 5460 2083 5506 autem
2195 5476 2312 5515 mes
2336 5457 2749 5515 Northmalmus
2779 5460 3111 5530 secundam;
3141 5477 3330 5518 comes
3358 5460 3548 5518 Sancti
3588 5456 3753 5530 ειεῖὲἦάἰὶ

491 5551 709 5607 semper
753 5537 1097 5595 adversatrix
1137 5538 1464 5609 Jerusalem,
1499 5551 1556 5598 ct
1597 5558 1723 5599 cum
1768 5543 1946 5599 vicina
1992 5543 2084 5611 sit,
2191 5550 2434 5616 tertiam;
2474 5564 2661 5605 eomes
2706 5548 3063 5607 Flandrensis
3112 5562 3404 5622 quartam;
3446 5567 3628 5607 comes
3670 5546 3753 5601 Eu-

488 5636 676 5683 tamen
715 5630 867 5686 nulla
906 5646 1152 5703 unquam
1182 5631 1557 5691 familiaritate
1591 5634 1853 5707 conjungi
1890 5636 2082 5692 voluit.
2187 5643 2435 5699 stachius
2479 5651 2535 5698 et
2579 5641 2898 5699 Tancredus
2937 5654 2992 5699 et
3020 5642 3266 5707 Guastou
3297 5645 3369 5701 de
3400 5644 3591 5701 Bcbert
3619 5642 3752 5714 quin-

490 5716 550 5770 ιη
582 5718 685 5776 hac
743 5721 910 5793 igitur
958 5724 1329 5797 adntiravisus
1368 5727 1704 5800 Babyloniae
1756 5738 1908 5797 erat,
1957 5745 2083 5786 cum
2188 5746 2322 5789 tam.
2351 5731 2714 5805 Universiqne
2754 5733 2967 5805 pedites
3003 5750 3131 5791 cum
3161 5735 3404 5808 sagittis,
3458 5747 3516 5792 et
3563 5735 3693 5807 pilis,
3713 5740 3754 5784 ct

476 5811 787 5910 _nuutii_ad
830 5829 1011 5890 regem
1059 5826 1351 5893 venerunt,
1369 5829 1425 5878 et
1447 5835 1571 5892 quae
1609 5834 1776 5895 supra
1817 5821 2085 5894 diximus,
2188 5826 2310 5883 telis
2333 5832 2753 5898 pra-posuerunt
2785 5841 2845 5884 se
2885 5826 3172 5898 militibus,
3216 5837 3274 5884 et
3310 5827 3392 5886 sic
3422 5829 3649 5886 ordinati
3674 5825 3752 5881 ob-
