3846 6306
187 367 263 441 ῗὸδ
889 371 1184 431 ROBERTI
1220 373 1533 431 MONAClll
1569 375 1747 432 lllST.
1790 377 2154 435 IIIEROSOL.
2192 413 2263 422 —
2299 381 2429 437 LIB.
2471 381 2563 438 IX.

3278 397 3389 458 754

183 493 291 547 viam
306 487 370 541 ire
387 492 653 557 creperum
676 482 1184 555 Babyloniensibus.
1215 485 1274 542 in
1298 487 1521 542 dextera
1540 496 1693 558 parte
1723 498 1764 552 Α
1796 498 2036 545 strorum
2082 491 2294 563 gladios
2341 492 2712 565 impellebant.
2762 495 3076 561 Tancredus
3121 516 3176 562 et
3217 509 3385 566 Bolo-

175 583 294 655 justa
322 591 468 639 mare,
499 588 687 630 comes
742 573 926 631 Sancti
957 576 1155 647 Aigiau
1201 576 1334 645 fuit;
1369 578 1424 633 in
1467 579 1690 635 sinistra

177 683 275 724 vero
291 681 387 729 rex,
414 661 498 717 ubi
527 661 707 731 major
735 661 972 718 hostium
1018 664 1282 721 fortitudo
1320 667 1687 735 incumbebat,

171 755 402 829 equitavit.
435 750 573 806 inter
599 751 705 808 hos
724 752 820 808 alii
849 769 1037 810 omnes
1062 754 1303 813 fuerunt.

223 869 306 924 Sed
338 884 433 922 non
470 874 554 920 est
590 871 1032 938 praetereundum
1076 873 1207 943 quid
1236 873 1491 934 Clemens
1513 877 1689 937 admi-

166 961 336 1017 ravisus
389 958 599 1027 dixerit,
645 976 774 1017 cum
836 962 886 1018 ei
939 966 1086 1035 quod
1122 968 1296 1023 nostri
1337 979 1531 1028 contra
1560 988 1687 1031 eum

162 1050 422 1123 equilabant
447 1052 511 1107 ad
541 1053 793 1122 praelium
824 1057 1137 1113 nuntiatum
1177 1057 1298 1115 fuit.
1342 1060 1417 1119 De
1445 1066 1688 1123 serotina

160 1132 275 1200 enim
308 1142 465 1213 praeda
485 1160 650 1215 quam
702 1147 876 1202 nostri
919 1158 1198 1219 ceperant,
1243 1153 1428 1210 nullus
1463 1157 1513 1210 el
1542 1172 1687 1214 nun-

160 1232 358 1297 tiaverat,
381 1233 630 1302 quoniam
684 1234 794 1291 nisi
847 1237 970 1293 beta
1016 1249 1070 1295 et
1098 1256 1365 1313 prospera
1408 1246 1590 1304 nullus
1636 1249 1686 1306 ei

156 1324 299 1378 dicere
315 1325 681 1394 praesumebat,
711 1329 839 1398 quia
880 1330 934 1384 in
965 1333 1165 1403 gaudio
1201 1350 1419 1407 semper
1445 1354 1567 1395 esse
1589 1357 1688 1398 vo-

155 1414 282 1469 lelut.
309 1414 612 1487 Quicunque
633 1420 781 1474 enim
805 1420 854 1476 ei
886 1422 1112 1480 adversa
1136 1428 1442 1497 nnntialat,
1481 1433 1684 1490 nullam

150 1505 358 1578 deinceps
389 1509 612 1579 gratiam
638 1510 694 1566 in
724 1525 1021 1585 conspectu
1054 1518 1172 1589 ejus
1214 1520 1544 1581 inveniebat.
1577 1524 1687 1584 Nec

151 1599 268 1653 illum
295 1608 459 1654 tamen
481 1601 592 1657 ulla
627 1619 718 1660 res
749 1621 1006 1677 possessa
1050 1627 1152 1666 suo
1194 1611 1459 1670 distractu
1494 1618 1684 1675 turba-

148 1698 281 1758 verat,
311 1699 460 1749 tantae
491 1691 770 1752 facultatis
795 1707 914 1753 erat
959 1701 1104 1771 quod
1144 1706 1481 1763 remanebat.
1516 1707 1584 1765 Et
1610 1725 1712 1765 ne'

145 1779 350 1835 frivolum
383 1797 500 1839 esse
520 1784 669 1841 dicat
696 1788 821 1858 quis
844 1789 990 1860 quod
1017 1791 1214 1848 dicturi
1247 1811 1462 1867 sumus,
1492 1815 1525 1855 a
1547 1815 1684 1871 quo-

1795 581 2001 638 niensrs
2045 598 2231 639 eomes
2267 583 2599 643 anachius
2628 588 2911 646 irruerunt
2947 593 3000 649 in
3040 613 3233 656 eorum
3261 611 3385 659 tea-

1795 672 1955 741 toria,
1989 690 2044 729 er.
2072 676 2243 730 multa
2293 676 2367 731 ibi
2397 678 2658 747 praeclara
2697 692 2953 755 egerunt;
2987 702 3113 757 quae
3156 690 3205 745 si
3239 693 3383 747 scri-

1791 762 2070 833 berentur,
2096 764 2258 838 digna
2288 774 2474 824 essent
2501 773 2787 828 memoria.
2834 772 3028 833 Nullus
3067 789 3382 839 nostrorum

1791 855 1996 927 segnis,
2020 857 2206 915 nullus
2230 859 2463 930 pavidus
2496 873 2745 934 repertus
2777 874 2879 934 est,
2920 869 3014 925 sed
3049 886 3241 929 omnes
3272 892 3382 932 uno

1791 947 1984 1019 spiritu
2018 951 2275 1022 animati,
2320 956 2653 1014 unanimiter
2689 963 3166 1033 prosequebantur
3199 966 3381 1023 inimi-

1790 1055 1886 1097 cos
1912 1043 2095 1100 crucis
2135 1042 2365 1103 Christi.
2394 1046 2592 1105 Mirum
2623 1052 2825 1124 quippe
2865 1068 3005 1123 erat,
3034 1059 3180 1129 quod
3207 1062 3382 1116 tanto-

1791 1148 1911 1188 rum
1957 1135 2362 1195 multitudinem
2402 1150 2740 1198 armatorum
2770 1145 3019 1217 paucitas
3063 1157 3381 1208 nostrorum

1790 1238 1898 1277 non
1957 1227 2369 1296 expavescebat,
2417 1231 2514 1287 sed
2563 1232 2749 1289 divina
2796 1235 3129 1310 suﬂragante
3179 1239 3376 1311 gratia,

1790 1318 1965 1390 magis
1999 1335 2065 1377 ac
2094 1320 2268 1392 magis
2296 1324 2732 1394 convalescebat,
2757 1336 2812 1383 et
2844 1343 3035 1385 eorum
3078 1331 3376 1388 cervicosi-

1791 1414 1956 1461 tatcm
1991 1406 2309 1477 inclinabat,
2344 1409 2534 1482 sicque
2572 1413 2662 1469 die
2704 1422 2815 1471 tota
2848 1432 3043 1488 pugnae
3089 1419 3378 1475 conﬂictus

1790 1495 1957 1551 initur
1976 1514 2264 1570 usquequo
2294 1501 2377 1556 sol
2417 1513 2668 1560 centrum
2715 1507 2824 1576 poli
2863 1508 3203 1577 conscendit,
3242 1510 3379 1565 hora

1788 1585 2038 1643 videlicet
2061 1604 2171 1659 qua
2219 1590 2486 1649 Dominus
2524 1604 2708 1650 noster
2741 1593 2903 1655 Jesus
2932 1613 3152 1655 crucem
3184 1615 3380 1656 ascen-

1787 1675 1895 1743 dit;
1923 1676 2040 1748 ipsa
2082 1680 2270 1736 eadem
2311 1682 2445 1738 hora
2481 1697 2646 1739 omne
2674 1685 2843 1741 robur
2876 1690 3167 1745 contraria:
3200 1687 3378 1762 gentis

1785 1768 2076 1836 emarcuit,
2114 1771 2208 1841 qui
2250 1771 2325 1827 ita
2356 1786 2522 1829 sensu
2561 1775 2758 1830 mutati
2781 1786 2938 1833 erant
2965 1778 3112 1849 quod
3154 1795 3254 1835 nec
3292 1777 3379 1840 fu.-

142 1871 240 1926 dam
277 1870 462 1942 'fureo,
495 1876 593 1947 qui
642 1843 758 1935 haic
790 1843 979 1952 postea
1028 1882 1082 1939 in
1129 1843 1681 1962 Jerusalem’ret‘nlit,
1716 1843 1759 1903 Β
1787 1872 1915 1931 gere
1937 1869 2211 1962 pPﬁemm’
2249 1877 2351 1918 “cc
2392 1878 2452 1919 se
2500 1864 2791 1962 “Helm?”
2820 1868 3103 1949 “Id-"mh
3139 1869 3379 1925 Arbores
3427 1906 3437 1945 λ.

141 1963 407 2035 habuimus,
439 1966 532 2038 qui
580 1978 777 2040 sponte
821 1989 920 2028 sua
963 1973 1141 2032 factus
1188 1968 1681 2055 est'Christianus,

138 2056 244 2111 etin
280 2058 591 2130 baptismate
622 2072 852 2120 vocatus
900 2075 986 2123 est
1032 2067 1408 2130 Boamundus.
1455 2074 1684 2136 Summo

137 2151 285 2223 itaque
307 2170 455 2210 mane
475 2155 688 2213 dictum
714 2168 798 2215 est
827 2160 899 2226 ei,
930 2163 1078 2233 quod
1122 2181 1311 2222 revera
1347 2166 1539 2227 Franci
1582 2187 1684 2242 pa—

135 2245 215 2298 rati
232 2255 368 2301 erant
411 2247 479 2303 ad
530 2249 804 2319 prmlium,
832 2263 885 2308 et
928 2255 1074 2325 quod
1105 2256 1220 2327 jam
1266 2275 1436 2331 prope
1476 2274 1679 2332 essent,

133 2338 367 2393 venientis
388 2348 581 2395 contra
617 2341 818 2412 ipsum.
844 2343 1001 2403 Tunc
1020 2345 1197 2404 fertur
1223 2350 1449 2411 demens
1477 2356 1683 2413 dixisse

135 2428 323 2484 nuntio:
352 2429 501 2497 Quod
543 2433 678 2489 mihi
720 2435 880 2504 dicis,
943 2455 1047 2494 non
1076 2442 1244 2507 audeo
1296 2447 1526 2516 credere,
1553 2451 1683 2521 quia

131 2535 201 2571 nec
227 2519 370 2574 etiam
405 2522 549 2577 intra
587 2541 769 2579 muros
800 2524 1102 2584 Jerusalem
1136 2533 1341 2586 a'stimo
1377 2534 1498 2591 illos
1538 2519 1683 2594 inve-

131 2608 232 2664 nire.
260 2609 351 2666 Cui
378 2621 430 2667 et
463 2613 554 2670 ille
586 2634 601 2670 :
637 2614 944 2674 Certissima
984 2622 1144 2689 sciat,
1195 2622 1438 2696 Domine,
1477 2631 1684 2701 magni-

129 2701 228 2753 tudo
251 2710 352 2770 tua,
403 2706 532 2776 quia
567 2710 754 2777 parati
784 2710 856 2764 ad
899 2712 1146 2782 pra’fium
1195 2718 1429 2787 veniunt,
1473 2730 1525 2776 et
1561 2722 1680 2793 jam

127 2808 252 2863 prope
270 2805 401 2850 sunt.
439 2795 602 2855 Tunc
629 2802 888 2873 praecepit
914 2811 975 2859 ut
1001 2820 1195 2862 omnes
1220 2824 1375 2866 arma
1401 2825 1676 2884 caperent,

124 2889 166 2936 et
197 2881 255 2937 ad
297 2884 491 2942 bellum
538 2900 921 2959 properarent.
969 2892 1220 2967 Cumque
1262 2902 1438 2970 parati
1468 2881 1679 2962 amnes

124 2986 175 3026 ex
213 2974 420 3032 adverso
450 2986 687 3048 starent,
717 2989 774 3037 et
814 2981 933 3053 ipse
979 2995 1203 3045 nostros
1247 2989 1478 3048 intuitus
1508 3003 1675 3063 esset,

122 3062 232 3157 digit
264 3082 277 3117 :
309 3086 327 3118 ι
362 3065 405 3123 0
430 3085 667 3142 regnum
697 3070 1008 3145 Babyloniae
1046 3080 1261 3138 cunctis
1300 3084 1485 3157 regnis
1524 3062 1679 3144 ante?-

125 3154 309 3222 cellens,
358 3168 636 3227 quantum
689 3160 926 3220 dedecus
982 3166 1146 3224 hodie
1198 3154 1429 3241 pateris,
1478 3174 1539 3229 in
1571 3176 1677 3233 hoc

120 3248 234 3315 quod
260 3250 457 3307 tantilla
492 3267 653 3322 gens,
682 3263 871 3311 contra
904 3266 955 3313 te
984 3259 1173 3315 venire
1214 3265 1524 3332 praesumit!
1557 3265 1671 3340 Ego

121 3350 221 3407 vero
248 3354 520 3411 nunquam
558 3342 830 3399 arstimavi
861 3345 986 3405 illos
1014 3363 1117 3404 nec
1142 3349 1286 3406 intra
1313 3360 1465 3425 septa
1505 3356 1671 3412 etiam

118 3426 365 3495 Cujuslibet
393 3432 551 3489 urbis
598 3434 879 3506 invenire;
916 3448 969 3495 et
998 3439 1100 3510 ipsi
1128 3452 1317 3499 contra
1350 3461 1437 3501 me
1480 3447 1673 3507 itinere

119 3514 201 3569 diei
225 3519 376 3575 unius
397 3521 520 3577 ausi
548 3533 681 3579 sunt
703 3525 926 3581 venire?
954 3527 1063 3583 Aut
1087 3544 1311 3586 sensum
1342 3536 1668 3607 amiserunt,

116 3613 189 3659 aut
219 3609 344 3664 mori
388 3611 538 3668 sicut
578 3623 636 3669 et
663 3613 855 3671 vivere
892 3616 1146 3690 diligunt.
1186 3619 1450 3694 Praecipio
1489 3626 1672 3700 itaque

115 3696 266 3765 vobis,
294 3716 325 3756 ο
355 3700 677 3776 Babylonici
725 3705 1048 3776 bellatores,
1097 3719 1157 3767 ut
1198 3728 1390 3772 omnes
1431 3696 1671 3777 istos—de

114 3793 229 3844 tetra
252 3792 471 3862 tollatis,
501 3795 645 3851 nulli
687 3810 877 3868 parcat
902 3801 1097 3858 oculus
1132 3812 1328 3873 vester,
1358 3809 1673 3882 nullinsque

114 3880 463 3942 misereamini.
506 3907 526 3940 ι
570 3886 665 3945 Sic
695 3905 826 3962 ergo
871 3894 1228 3961 commissum
1269 3907 1355 3955 est
1398 3880 1667 3972 praaliu'm.

113 3965 294 4030 Primus
326 3976 603 4048 siquidem
628 3994 816 4037 eomes
840 3978 935 4038 No.
955 3983 1253 4043 thmannia:
1286 3965 1443 4047 miles
1469 3991 1670 4065 imper-

111 4066 295 4121 territus
331 4084 457 4124 cum
515 4084 622 4126 sua
668 4071 788 4128 acie
838 4076 1282 4145 congressionem
1334 4081 1579 4155 incmpit,
1612 4086 1670 4143 in

111 4153 179 4210 illa
220 4159 417 4218 scilicet
472 4164 723 4235 regione,
764 4165 819 4220 iu
865 4182 972 4236 qua
1022 4170 1278 4227 vexillum
1330 4153 1668 4247 admiravisi,

109 4253 226 4318 quod
254 4256 617 4312 standardum
648 4267 868 4324 vocant,
899 4262 1205 4331 conspexit.
1243 4264 1348 4333 Qui
1392 4267 1539 4325 ferro
1573 4286 1671 4341 per

112 4342 282 4400 medias
303 4347 450 4402 acies
466 4348 619 4403 viam
646 4349 1078 4422 interrumpens,
1115 4356 1316 4414 multas
1351 4368 1563 4433 strages
1581 4361 1671 4418 de-

106 4432 188 4500 dit;
229 4446 281 4492 et
322 4440 549 4495 tandem
597 4441 666 4496 ad
704 4441 860 4497 illum
908 4444 1003 4514 qui
1046 4448 1407 4508 standardum
1452 4454 1671 4512 tenebat

1785 1953 2173 2024 ascendebant,
2201 1966 2456 2028 putantes
2498 1959 2645 2030 quod
2678 1960 2758 2017 sic
2804 1946 2864 2018 se
2907 1971 3192 2029 tuerentur
3228 1978 3296 2019 ne
3345 1980 3377 2019 a

1785 2047 1992 2103 nostris
2044 2048 2407 2105 intuerentur.
2457 2049 2641 2108 Nostri
2684 2068 2821 2109 vero
2865 2054 3199 2127 sagittabaut
3254 2056 3378 2112 illos

1784 2134 1928 2191 sicut
1962 2153 2202 2209 aucupes
2224 2140 2489 2208 volatilia,
2530 2150 2587 2197 ct
2616 2143 2683 2197 ad
2730 2154 2931 2199 terram
2957 2146 3239 2202 demersos
3266 2154 3379 2202 tru-

1782 2232 2060 2301 cidabant,
2090 2243 2153 2290 ut
2181 2236 2236 2290 in
2262 2237 2491 2293 macello
2509 2238 2797 2296 carnifices
2824 2241 3103 2297 animalia.
3136 2240 3243 2296 Alii
3272 2256 3380 2297 au-

1782 2335 1895 2383 tem
1941 2338 2186 2387 tenentes
2225 2332 2436 2404 gladios
2467 2332 2522 2387 in
2558 2333 2851 2400 manibus,
2889 2333 3121 2404 pedibus
3155 2343 3375 2391 nostro-

1783 2435 1906 2476 rum
1931 2422 2226 2492 provoluti,
2249 2433 2409 2480 terra;
2440 2441 2498 2481 se
2547 2425 2907 2494 inclinabant,
2961 2434 3017 2482 et
3062 2411 3270 2499 erigere
3312 2440 3377 2483 se

1781 2521 1973 2569 contra
1997 2512 2341 2574 Christianos
2367 2533 2476 2573 non
2507 2518 2800 2574 audebant.

1852 2603 1973 2659 Jam
2022 2620 2157 2663 vero
2196 2607 2369 2679 prima
2426 2625 2556 2680 pars
2604 2608 2920 2681 Babylonici
2953 2612 3230 2668 exercitus
3260 2620 3374 2669 tota

1783 2696 2047 2770 fugiebat,
2080 2708 2137 2757 et
2159 2703 2432 2772 posterior
2457 2703 2525 2759 de
2554 2703 2783 2759 victoria
2810 2703 2971 2775 cujus
2993 2714 3159 2772 esset,
3192 2706 3374 2763 adhuc

1781 2790 2091 2862 dubitabat,
2156 2794 2286 2866 quia
2342 2794 2480 2849 nihil
2541 2811 2782 2866 unquam
2848 2797 3033 2853 minus
3095 2798 3372 2868 sperabat,

1779 2902 1945 2957 quam
1970 2902 2199 2943 suorum
2239 2886 2447 2959 fugam,
2489 2896 2544 2943 et
2584 2889 2875 2945 victoriam
2904 2884 3369 2950 Christianorum.

1775 2975 1917 3031 Cum
1944 2976 2091 3031 enim
2129 2991 2261 3033 suos
2291 2977 2712 3048 conspicabatur
2732 2992 2831 3048 per
2850 2979 3011 3050 plana
3047 2994 3373 3052 camporum

1780 3064 2038 3138 fugiendo
2062 3067 2392 3135 discurrere,
2421 3069 2725 3124 aestimabat
2765 3069 2888 3125 illos
2916 3071 3173 3142 persequi
3206 3071 3371 3128 Chri-

1702 3202 1747 3264 c
1780 3159 2011 3227 stianos,
2034 3168 2088 3215 et
2112 3160 2251 3215 velle
2294 3160 2564 3216 occidere.
2610 3158 2720 3216 Sed
2760 3170 3055 3233 postquam
3088 3179 3372 3233 compere-

1778 3262 1909 3309 runt
1948 3254 2096 3325 quod
2141 3253 2588 3310 Christianorum
2634 3263 2754 3309 erat
2803 3255 3053 3323 victoria,
3107 3257 3373 3329 gaudium

1777 3343 1924 3415 quod
1948 3344 2274 3413 habuerant,
2325 3344 2605 3416 superavit
2640 3345 2924 3401 mmstitia.
2974 3344 3129 3403 Tunc
3165 3356 3221 3405 et
3265 3347 3372 3418 ipsi

1774 3436 2043 3508 perterriti
2088 3435 2323 3509 fugiunt,
2370 3445 2425 3491 et
2460 3437 2788 3509 sequacibus
2818 3439 2934 3494 suis
2962 3438 3203 3511 fugiendi
3232 3455 3371 3511 prae-

1775 3535 1921 3582 stant
1945 3527 2306 3584 consortium.
2342 3525 2408 3582 Et
2437 3539 2499 3582 ut
2544 3541 2741 3584 ventus
2781 3530 2967 3599 aquilo
2997 3530 3230 3602 dissipat
3258 3548 3366 3588 nu-

1772 3615 1890 3685 bes,
1917 3626 1972 3673 et
2017 3617 2300 3674 immissus
2326 3618 2488 3673 turbo
2524 3633 2748 3690 aggeres
2778 3619 3126 3689 stipularum,
3158 3623 3240 3678 sic
3264 3636 3369 3679 no-

1772 3706 1873 3763 stri
1898 3706 2240 3777 dissipabunt
2265 3707 2383 3763 alas
2408 3715 2462 3762 et
2492 3724 2699 3764 cuneos
2730 3708 3077 3781 fugientium.
3122 3727 3129 3733 ‘

2377 3797 2612 3855 CAPUT
2648 3798 2738 3855 ιν.

1843 3888 1982 3944 Dum
2014 3889 2131 3946 haec
2159 3891 2231 3946 ita
2265 3892 2480 3960 tierent,
2510 3892 2642 3947 dum
2675 3893 2757 3948 sic
2797 3892 3000 3949 milites
3036 3892 3241 3949 Christi
3272 3910 3364 3951 sa—

1771 3979 1970 4037 tellites
1996 3980 2197 4037 diaboli
2230 3982 2596 4053 destruerent,
2635 3992 2690 4039 et
2714 3998 2901 4041 comes
2935 3983 3121 4041 Sancti
3161 3985 3367 4059 IEgidii

1770 4072 1868 4143 qui
1895 4072 2052 4144 juxta
2083 4090 2235 4130 mare
2278 4075 2576 4146 pugnabat,
2613 4077 3096 4148 absque-numero
3120 4080 3365 4150 perime-

1771 4175 1873 4234 ret,
1901 4175 1955 4221 et
1980 4167 2152 4222 multo
2187 4167 2374 4238 plures
2403 4168 2457 4222 in
2488 4184 2637 4225 mare
2665 4170 2976 4252 praecipites
3007 4172 3084 4226 ire
3112 4174 3363 4245 compel-

1769 4260 1926 4329 leret,
1951 4261 2081 4332 quid
2106 4260 2378 4331 Clemens,
2402 4278 2551 4319 nunc
2576 4278 2704 4319 vero
2735 4264 2962 4319 demens
3001 4266 3366 4324 azhniravisus

1772 4362 1926 4411 stans
1957 4362 2082 4410 ante
2120 4364 2331 4426 portam
2376 4355 2664 4411 Ascalonae
2690 4354 2908 4423 dixerit,
2944 4358 3253 4427 audiamus,
3285 4359 3363 4415 si-

1772 4456 1867 4504 cut
1897 4464 2061 4521 supra
2111 4448 2291 4505 dictus
2329 4448 2639 4521 proselytus
2685 4448 3079 4532 Hierosolymis
3108 4452 3366 4523 deinceps

108 4538 415 4609 perveniens,
440 4540 603 4597 illum
644 4551 771 4599 ante
795 4545 959 4615 pedes
988 4544 1306 4601 admiravisi
1348 4547 1668 4617 prostravit,
1702 4559 1749 4621 υ
1775 4544 1959 4599 retulit
1983 4542 2078 4615 qui
2101 4541 2258 4612 juxta
2290 4540 2443 4595 illum
2477 4550 2616 4609 erat,
2663 4548 2725 4595 ut
2771 4542 3001 4609 assecla,
3029 4549 3083 4596 et
3104 4541 3367 4599 domesti-

104 4628 403 4686 etrexillum
450 4633 685 4705 accepit.
718 4634 1098 4697 Admiravisus
1127 4648 1309 4696 autem
1336 4638 1428 4694 vix
1470 4640 1666 4709 evasit,

105 4721 150 4768 et
169 4715 481 4777 Asealonam
496 4722 739 4795 fugiens,
761 4735 888 4783 ante
907 4727 1061 4783 urbis
1076 4728 1303 4799 jannam
1315 4729 1582 4785 constitit.
1604 4729 1668 4787 Et

102 4808 243 4864 miser
262 4814 632 4870 miserrimam
654 4833 881 4875 suorum
898 4820 1130 4889 cladem,
1148 4821 1349 4893 alonge
1361 4823 1662 4893 prospexit.

104 4895 201 4956 Non
221 4904 471 4963 dissimili
503 4909 736 4966 audacia
758 4926 855 4967 rex
899 4920 955 4968 et
992 4913 1186 4984 reliqui
1228 4914 1454 4971 comites
1484 4914 1537 4969 in
1563 4930 1664 4986 op-

103 4994 280 5059 positos
304 4999 562 5068 irruunt;
586 5011 641 5058 et
667 5004 966 5060 saevissima
1005 5006 1328 5062 multatione
1348 5008 1538 5063 dextra
1568 5008 1664 5063 lae-

102 5096 247 5156 taque
281 5091 568 5160 perimunt
598 5103 866 5167 quotquot
894 5097 998 5152 sibi
1023 5107 1341 5154 occurrunt.
1393 5098 1472 5155 lbi
1522 5097 1664 5155 Tur-

100 5178 251 5236 censis
276 5197 440 5241 arcus
468 5184 611 5241 nulli
650 5202 839 5243 eorum
870 5189 1096 5260 profuit,
1127 5191 1254 5262 quia
1299 5191 1535 5262 impetus
1561 5206 1665 5247 no-

101 5278 307 5354 strorum
353 5284 469 5331 tam
520 5279 667 5334 celer
699 5289 920 5352 tamque
962 5282 1327 5340 densissimus
1365 5282 1492 5351 fuit,
1516 5285 1664 5354 quod

103 5350 211 5447 nulli
239 5367 458 5423 trabeae
490 5368 669 5438 licuit,
697 5370 791 5426 sed
829 5350 1017 5445 iugere
1046 5373 1225 5430 libuit.
1271 5374 1436 5431 Multa
1463 5350 1665 5447 q‘uippe

102 5445 161 5505 ibi
182 5455 337 5511 millia
361 5468 591 5515 mortua
622 5469 769 5528 sunt,
791 5480 914 5534 quae
938 5474 1152 5521 mortua
1178 5481 1286 5520 non
1314 5445 1666 5535 esset,isifu-

101 5557 206 5610 gere
234 5548 677 5616 praevaluissent.
716 5548 818 5608 Sed
852 5554 1143 5611 multitudo
1170 5556 1322 5611 tanta
1349 5564 1488 5623 erat,
1529 5569 1666 5627 quo-

102 5632 223 5689 niam
247 5639 337 5708 qui
375 5648 536 5695 retro
578 5650 755 5710 erant,
784 5646 1097 5713 praemissos
1131 5646 1184 5700 in
1212 5647 1527 5703 mortiferos
1561 5660 1663 5700 no-

1774 4651 1873 4691 cus
1897 4643 1952 4690 et
1982 4647 2148 4688 verna
2179 4631 2346 4686 illius.
2379 4628 2633 4688 Clemens
2667 4631 2833 4703 igitur
2857 4640 2917 4688 ut
2965 4631 3191 4689 demens
3218 4631 3367 4687 dice—

1774 4731 1869 4786 bat
1897 4728 2031 4802 (61),
2053 4729 2181 4784 dum
2212 4735 2426 4801 gentem
2456 4744 2612 4785 suam
2639 4744 2772 4799 gens
2799 4726 3109 4782 Christiana
3138 4724 3365 4779 detrun—

1774 4822 1932 4877 cabat
1964 4840 1977 4875 :
2019 4840 2037 4874 ι
2068 4819 2113 4874 Ο
2140 4819 2450 4876 Machomet
2483 4827 2783 4889 praeceptor
2822 4827 3006 4874 noster
3033 4826 3088 4873 et
3115 4825 3363 4888 patrone,

1779 4913 1872 4967 ubi
1899 4920 1984 4968 est
2012 4910 2185 4967 virtus
2214 4913 2340 4968 tua?
2389 4910 2492 4965 Ubi
2535 4918 2620 4965 est
2647 4910 2950 4965 caelestium
2979 4909 3156 4966 virtus
3183 4909 3367 4964 numi-

1774 5020 1927 5072 num,
1954 5020 2079 5060 cum
2108 5004 2310 5075 quibus
2345 5003 2461 5075 ipsc
2508 5002 2794 5075 gloriaris?
2840 5000 2943 5056 Ubi
2973 5011 3058 5057 est
3084 4998 3364 5055 Creatoris

1772 5096 1956 5153 cllicax
1994 5098 2258 5167 potentia,
2302 5096 2391 5152 cui
2440 5110 2657 5167 semper
2699 5101 2845 5149 astat
2889 5102 2985 5149 tua
3031 5090 3366 5164 prtesentia?

1773 5187 1887 5243 Cur
1911 5186 1991 5243 sic
2020 5186 2288 5260 reliquisti
2314 5195 2526 5258 gentem
2557 5196 2738 5252 tuam,
2768 5200 2936 5265 quam
2968 5183 3362 5240 immisericor-

1774 5279 1913 5334 diter
1936 5278 2187 5350 dissipat,
2216 5277 2465 5345 destruit,
2489 5286 2546 5333 et
2564 5276 2830 5333 interﬁcit
2853 5292 2986 5349 gens
3012 5275 3359 5348 pauperi-ima

1773 5379 1828 5428 et
1855 5385 2099 5441 pannosa
2129 5386 2283 5444 gens,
2316 5370 2548 5426 aliarum
2594 5371 2835 5442 gentium
2875 5370 3202 5441 peripsema,
3232 5384 3357 5425 om-

1772 5464 2034 5534 niumque
2064 5479 2291 5534 prorsus
2322 5463 2608 5519 hominum
2658 5462 2783 5530 faex,
2811 5463 3007 5535 rubigo
3053 5470 3108 5518 et
3153 5460 3353 5517 scoria.

1771 5553 1940 5621 Gens,
1995 5553 2242 5625 inquam,
2295 5568 2418 5623 quae
2451 5570 2483 5608 a
2519 5563 2707 5610 nostra
2748 5552 2907 5609 solita
2953 5560 3071 5608 erat
3110 5562 3357 5621 quaerere

1770 5661 1987 5717 panem,
2013 5661 2136 5717 quae
2158 5646 2297 5701 nihil
2319 5661 2546 5718 prorsus
2586 5645 2825 5704 habebat
2863 5645 2967 5701 nisi
3008 5644 3263 5699 baculum
3302 5648 3357 5699 et

1132 5735 1437 5793 NOTULA‘I
1478 5737 1927 5794 MAllGINALES
1967 5737 2080 5794 MS.
2124 5736 2281 5795 COD.

163 5818 261 5887 (61)
299 5820 423 5878 [lare
456 5832 525 5878 ιιι
560 5822 827 5885 dementis
862 5838 985 5885 sunt
1016 5830 1193 5887 tristia
1213 5820 1375 5887 verba
1406 5828 1720 5888 Clementis.
