3846 6306
474 412 483 451 7
512 446 619 503 755

1086 439 1179 493 AD
1218 432 1667 494 GODEFRIDUH
1709 431 2002 487 APPEND.
2045 430 2109 486 ll.
2150 462 2217 472 —-
2256 430 2526 488 NONUM.
2571 431 2659 486 DE
2694 430 2918 488 θειιο
2960 418 3215 489 ΞΑΕῙὶοξ

3648 441 3728 497 756

507 556 732 632 peram?
764 554 951 610 Toties
979 553 1059 609 eis
1079 552 1480 622 eleemosynam
1505 547 1774 615 dedimus,
1808 546 1968 601 toties
1996 561 2094 601 co-
2123 548 2178 611 Α
2201 545 2500 617 degeneres
2526 542 2815 612 efﬁcimur,
2845 561 2971 601 cum
3020 562 3238 601 onmem
3291 545 3383 603 tibi
3429 548 3728 610 exhibeamus

514 668 639 708 rum
686 648 899 706 miserti
940 659 1153 704 sumus.
1200 642 1317 699 Heu
1339 646 1352 697 !
1378 641 1517 697 heu!
1546 654 1715 711 quare
1748 639 1829 695 eis
1850 637 2099 709 peperci-

511 743 674 799 mus?
705 741 1057 796 Cutiliarum
1098 734 1334 791 miseria:
1356 730 1722 788 indulsimus?
1766 729 1948 798 Quare
1989 745 2099 784 non

512 851 706 892 omnes
729 830 1066 889 occidimus?
1105 825 1262 881 Nunc
1304 824 1445 880 scire
1478 837 1772 893 possumus
1804 821 1951 894 quod
1993 822 2102 876 huc

510 928 805 985 veniebam
847 940 956 981 non
999 930 1061 979 ut
1108 919 1223 975 veri
1266 919 1609 984 adoratores,
1648 918 1744 973 sed
1784 924 1845 971 ut
1882 914 2100 973 subdoli

509 1021 902 1091 exploratores.
927 1013 1167 1071 Gloriam
1189 1019 1392 1068 nostra:
1423 1008 1701 1067 felicitatis
1722 1008 1997 1075 viderunt,
2018 1006 2102 1062 di-

508 1112 678 1167 vitias
700 1118 916 1165 nostras
935 1104 1355 1176 concupierunt,
1381 1098 1880 1172 concupiscentiam
1913 1113 2101 1155 secum

506 1200 566 1255 in
610 1210 812 1256 terram
854 1212 1013 1254 suam
1055 1195 1387 1268 detulerunt,
1431 1203 1486 1250 et
1526 1193 1649 1249 istis
1691 1191 2096 1247 nuntiaverunt.

474 1293 481 1301 ’
506 1290 664 1348 Nunc
685 1292 850 1363 igitur
866 1289 954 1346 isti
979 1289 1174 1345 sitiunt
1191 1304 1385 1344 aurum
1410 1296 1805 1357 argentumque
1829 1293 2102 1352 nostrum,

507 1394 563 1440 et
592 1384 664 1440 ob
698 1385 804 1439 hoc
832 1393 942 1439 tam
980 1383 1277 1440 crudeliter
1313 1381 1600 1437 effundunt
1640 1378 1960 1451 sanguinem
2004 1393 2102 1432 no-

509 1485 708 1532 strum.
747 1475 961 1547 Ergone
984 1484 1115 1531 sunt
1139 1473 1392 1530 homines
1414 1471 1525 1539 isti,
1547 1472 1640 1542 qui
1669 1480 1875 1527 tantam
1901 1469 2103 1524 habent

507 1577 855 1640 potestatem,
883 1577 978 1624 aut
1000 1576 1147 1624 certe
1170 1565 1464 1621 infernales
1486 1565 1596 1621 dii?
1643 1562 1895 1619 Forsitan
1935 1560 2102 1617 infer-

508 1679 617 1719 nus
640 1670 835 1733 ruptus
855 1669 959 1728 est,
983 1669 1037 1717 et
1062 1659 1294 1731 populus
1320 1659 1421 1714 iste
1441 1666 1667 1727 eruptus
1710 1664 1811 1712 est.
1856 1655 2101 1726 Abyssus

511 1753 747 1824 crepuit,
773 1752 897 1808 inde
919 1767 1052 1824 gens
1074 1752 1178 1808 ista
1198 1750 1478 1816 cﬂ‘erbuit;
1525 1749 1673 1804 nulla
1711 1749 1860 1803 enim
1898 1747 2103 1803 habent

507 1847 722 1901 viscera
749 1844 1141 1910 humanitatis;
1177 1844 1324 1900 nulla
1348 1842 1549 1898 indicia
1571 1840 1808 1913 pietatis.
1841 1839 1902 1896 Si
1924 1838 2101 1895 homi-

509 1953 608 1993 nes
630 1947 831 2003 essent,
858 1937 997 1992 mori
1021 1937 1296 2005 timerent,
1326 1936 1420 1992 sed
1454 1935 1597 1992 unde
1636 1943 2002 1999 emerserunt,
2043 1931 2097 1986 in

510 2028 786 2084 infernum
831 2028 1006 2084 redire
1057 2043 1167 2082 non
1208 2034 1594 2098 expavescunt.
1636 2024 1681 2080 Ο
1729 2023 1900 2096 gloria
1943 2023 2097 2094 regni

508 2119 847 2192 Babyloniae!
894 2136 1059 2191 quam
1095 2120 1325 2190 turpiter
1349 2119 1509 2175 hodie
1549 2118 1949 2183 dehonestaris,
1976 2132 2098 2187 qua:

508 2209 799 2267 bellatores
824 2220 946 2267 tuos
970 2213 1096 2266 olim
1124 2212 1294 2269 fortes
1319 2228 1465 2267 nunc
1491 2212 1800 2267 debilitatos
1846 2210 2055 2268 amittis
2080 2210 2092 2249 ν

505 2300 638 2369 Qus
681 2318 814 2374 gens
840 2305 1073 2360 ulterius
1135 2305 1330 2375 poterit
1373 2305 1500 2360 huic
1548 2304 1770 2362 nefaria:
1810 2304 1961 2376 genti
2010 2319 2097 2360 re-

505 2397 719 2461 sistere,
744 2412 868 2452 cum
891 2412 1024 2459 gens
1049 2407 1139 2453 tua
1163 2407 1355 2453 contra
1390 2413 1512 2453 eam
1546 2414 1648 2453 nec
1680 2397 1749 2453 ad
1782 2398 1975 2454 horam
1999 2412 2098 2467 po-

505 2488 630 2542 terit
649 2488 957 2544 sustinere?
994 2488 1138 2544 Heu!
1168 2489 1304 2544 heu!
1350 2504 1497 2544 nunc
1530 2487 1766 2560 fugiunt,
1810 2487 1906 2560 qui
1950 2503 2095 2543 nun-

500 2595 666 2650 quam
717 2579 905 2651 fugere
929 2580 1270 2646 didicerunt.
1302 2589 1356 2636 et
1401 2581 1632 2651 turpiter
1672 2588 2098 2652 prosternuntur

499 2674 593 2742 qui
640 2671 778 2728 alios
822 2682 1167 2743 prosternere
1225 2680 1653 2729 consueverunt.
1705 2670 1850 2727 Proh
1896 2671 2091 2727 dolor!

500 2764 687 2818 omnia
718 2764 876 2818 nobis
902 2763 1104 2821 cedunt
1134 2765 1188 2818 in
1221 2764 1581 2823 contrarium.
1628 2763 1855 2821 Vincere
1882 2764 2096 2821 soleba-

500 2871 648 2922 mus,
682 2865 737 2911 et
765 2856 1055 2911 vincimur.
1101 2854 1159 2911 in
1191 2856 1373 2913 lmtitia
1405 2858 1587 2914 cordis
1619 2856 1837 2913 assidue
1866 2857 2093 2924 versari,

498 2960 649 3002 nunc
668 2962 906 3004 maerore
934 2947 1221 3005 allicimu‘r.
1252 2948 1387 3016 Quis
1416 2950 1564 3007 enim
1590 2951 1730 3006 valet
1752 2949 1942 3007 oculos
1965 2964 2095 3005 suos

502 3054 533 3089 a
581 3037 842 3110 lacrymis
887 3046 1231 3110 temperare.
1281 3049 1335 3096 et
1382 3050 1733 3111 erumpentes
1781 3041 1852 3098 ab
1900 3040 2095 3096 intimo

501 3130 666 3185 corde
687 3130 959 3201 singultus
981 3131 1272 3187 cohibere?
1294 3130 1395 3187 Diu
1420 3141 1505 3188 est
1527 3133 1673 3203 quod
1697 3132 1751 3187 in
1776 3131 2096 3189 collectione

503 3220 670 3289 hujus
690 3220 962 3276 exercitus
988 3236 1177 3278 curam
1199 3238 1412 3295 magnae
1435 3222 1818 3279 sollicitudinis
1838 3223 2090 3293 expendi,

502 3311 846 3381 multumque
894 3321 1107 3384 tempus
1154 3312 1357 3370 frustra
1414 3314 1753 3386 consumpsi.
1816 3313 2095 3370 Fortiores

504 3402 670 3459 totius
695 3402 932 3460 Orientis
957 3404 1159 3462 milites
1207 3405 1593 3463 innumerabili
1633 3406 1811 3476 pretio
1834 3405 2093 3473 conduxi,

500 3501 554 3549 cl
585 3495 652 3549 ad
705 3496 809 3552 boe
857 3497 1059 3555 bellum
1100 3500 1325 3567 adduxi,
1354 3509 1409 3558 et
1436 3517 1583 3555 nunc
1609 3501 1677 3556 ad
1704 3510 2010 3558 extremum
2041 3511 2097 3557 et

499 3586 650 3657 ipsos
677 3597 729 3643 ct
759 3589 994 3658 pretium
1025 3590 1206 3647 amisi.
1245 3589 1415 3647 Multo
1440 3593 1652 3664 argenti
1680 3592 1967 3664 dispendio
1995 3608 2093 3663 pa-

499 3696 747 3735 raveram
798 3681 944 3753 ligna
993 3683 1062 3738 ad
1107 3684 1507 3740 construendas
1554 3692 1732 3741 turres
1782 3685 2013 3757 ligneas,
2041 3696 2096 3742 et

499 3774 680 3830 omnis
725 3776 941 3845 generis
989 3776 1273 3832 machinas
1321 3777 1374 3831 in
1408 3776 1640 3833 circuitu
1678 3776 2000 3845 Jerusalem,
2036 3788 2096 3834 ut

500 3881 597 3923 eos
624 3866 957 3934 obsiderem,
985 3876 1039 3925 et
1071 3868 1175 3939 ipsi
1202 3868 1362 3940 longe
1390 3868 1460 3924 ab
1494 3884 1559 3925 ea
1591 3878 1972 3940 praevenerunt
2014 3870 2095 3926 fa-

497 3959 638 4014 ciem
664 3976 862 4015 meam.
890 3958 1064 4027 Quem
1088 3961 1353 4017 honorem
1377 3961 1590 4018 habebu
1612 3963 1841 4021 ulterius
1868 3964 1924 4020 in
1949 3973 2094 4022 terra

497 4066 644 4117 mea,
675 4067 799 4106 cum
848 4051 929 4109 sic
961 4067 1047 4107 me
1090 4052 1413 4110 dehonestat
1437 4071 1570 4127 gens
1598 4056 1826 4125 advena,
1859 4058 2093 4129 populus

498 4141 750 4197 alienus?
777 4140 821 4197 Ο
847 4141 1185 4202 Machomet!
1216 4143 1550 4203 Machomet!
1580 4146 1704 4219 quis
1731 4163 1974 4219 unquam
2003 4164 2095 4204 ve-

495 4231 732 4287 nustioii
765 4234 911 4289 cultu
943 4243 996 4289 te
1023 4234 1245 4303 colitur,
1294 4236 1351 4291 in
1393 4237 1637 4293 delubris
1674 4253 1811 4293 auro
1841 4249 2094 4311 argento-

501 4338 611 4393 que
642 4322 940 4395 insignitis,
971 4324 1327 4396 pulchrisque
1372 4326 1441 4382 de
1481 4336 1535 4383 te
1570 4327 1900 4399 imaginibus
1924 4328 2092 4385 deco-

500 4415 659 4485 ratis,
689 4425 744 4470 et
774 4416 1105 4472 cerimoniis
1132 4425 1187 4473 et
1212 4417 1653 4474 solemnitatibus
1691 4419 1953 4490 omnique
1982 4421 2092 4480 ritu

496 4510 817 4565 sacrorum?
859 4508 963 4564 Sed
992 4510 1098 4566 hoc
1120 4519 1205 4568 est
1228 4510 1374 4582 quod
1403 4509 1703 4566 Christiani
1730 4511 1889 4567 nobis
1917 4512 2092 4570 insul-

2132 1908 2191 1967 Β.

2202 639 2491 707 honorem,
2514 648 2569 695 et
2600 639 2807 694 nullam
2836 639 2999 695 nobis
3026 638 3278 710 rependis
3309 640 3504 696 vicem?
3547 641 3586 698 0
3606 642 3727 717 Jeru-

2201 733 2399 790 salem!
2428 733 2622 790 civitas
2651 731 2928 789 seductrix
2956 742 3010 789 et
3035 733 3304 800 adultera,
3331 734 3380 789 si
3403 734 3508 791 ullo
3535 743 3729 809 tempore

2202 810 2629 897 contingeret'ut
2657 824 2711 880 in
2744 839 2941 880 manus
2968 831 3187 879 nostras
3212 823 3509 892 devenires,
3536 834 3674 884 totam
3690 839 3733 885 te

2203 916 2321 972 solo
2345 931 2710 988 comquarem,
2755 924 2810 971 et
2856 916 3050 986 sepulti
3084 915 3177 989 tui
3207 914 3508 987 sepulcrum
3536 916 3734 976 funditus

2202 1008 2647 1064 exterminarcm.
2683 1028 2700 1060 ι
2734 1006 2872 1064 Cum
2904 1007 3019 1063 haec
3045 1015 3101 1063 et
3131 1007 3218 1062 his
3242 1005 3619 1077 equipollent'a
3638 1007 3727 1065 Cle-
3758 1018 3767 1045 ι’

2204 1115 2359 1156 mens
2383 1099 2747 1157 admirarisus
2777 1115 2910 1155 voce
2946 1100 3176 1172 querula
3204 1108 3429 1168 rotaret,
3471 1100 3620 1156 nostri
3660 1116 3732 1158 as-

2204 1200 2371 1249 sueta:
2401 1192 2621 1247 virtutis
2650 1206 2763 1249 sua:
2795 1206 2903 1247 non
2939 1192 3318 1258 immemores,
3369 1202 3492 1246 ante
3517 1191 3645 1247 urbis
3665 1192 3733 1261 ja-
3759 1200 3776 1253 ίδ

2205 1301 2368 1341 uuam
2397 1294 2550 1341 tanto
2594 1286 2798 1356 impetu
2849 1285 2904 1340 in
2950 1283 3279 1356 Babylonios
3325 1281 3587 1337 irruerunt
3622 1282 3736 1352 quod
3774 1288 3779 1329 έ

2203 1380 2477 1436 neminem
2500 1395 2690 1437 eorum
2714 1380 2821 1437 nisi
2848 1388 3122 1435 mortuum
3151 1384 3249 1431 aut
3275 1374 3446 1447 plagis
3466 1374 3737 1433 exhaustum

2202 1486 2356 1535 extra
2379 1476 2607 1548 januam
2639 1476 2996 1545 reliquerunt.
3050 1471 3169 1527 Tali
3208 1470 3395 1539 itaque
3423 1466 3575 1523 modo
3594 1468 3738 1523 divina

2204 1571 2380 1626 virtus
2413 1569 2614 1628 bellum
2657 1567 2877 1634 devicit,
2909 1577 2962 1622 et
2989 1574 3214 1621 nostros
3259 1561 3487 1621 victoria
3506 1574 3736 1618 cometem

2202 1661 2369 1717 davit.
2420 1659 2487 1716 Et
2530 1660 2657 1732 quis
2705 1660 2773 1716 ad
2803 1659 3022 1731 plenum
3071 1656 3215 1712 valet
3241 1653 3445 1710 referre
3469 1661 3588 1727 quot
3608 1651 3737 1707 occisi

2202 1763 2333 1809 sunt
2365 1754 2417 1810 in
2450 1763 2684 1826 angusto
2713 1761 2884 1826 portae
2906 1749 3169 1807 introitu?
3217 1746 3374 1804 Tunc
3397 1745 3627 1803 Clemens
3645 1745 3742 1817 jure

2202 1847 2331 1903 flere
2357 1849 2554 1919 potuit,
2586 1862 2712 1903 cum
2746 1855 2825 1903 tot
2855 1855 2982 1904 ante
3024 1860 3084 1901 se
3131 1857 3362 1902 suorum
3405 1840 3645 1897 cadavera
3664 1855 3740 1894 er-

2202 1940 2400 1996 stincta
2428 1939 2581 1996 vidit.
2615 1937 2849 2009 Quidam
2877 1936 3059 1992 adhuc
3086 1934 3143 1990 in
3173 1948 3432 2004 supremo
3459 1930 3630 2003 spiritu
3663 1945 3741 2001 po-

2201 2032 2292 2089 siti
2322 2031 2679 2104 palpitabant,
2707 2040 2763 2087 et
2788 2027 3057 2087 Clementi
3083 2028 3179 2101 qui
3208 2026 3339 2083 illuc
3365 2039 3462 2081 eos
3494 2023 3742 2079 adduxerat

2202 2122 2615 2179 maledicebant.
2665 2121 2860 2179 Fertur
2914 2130 3045 2177 tunc
3097 2118 3355 2175 Clemens
3400 2114 3635 2186 ejulando
3666 2114 3740 2169 ﬂe-

2199 2213 2364 2281 visse,
2396 2222 2450 2269 et
2478 2223 2699 2270 nostros
2729 2212 3104 2268 maledixissc.
3142 2209 3311 2264 Erant
3335 2216 3514 2265 autem
3543 2206 3590 2259 in
3615 2204 3747 2268 mari,

2199 2304 2345 2374 quod
2373 2303 2586 2375 adjaeet
2613 2304 2842 2370 civitati,
2888 2312 3069 2359 nauta:
3118 2312 3172 2357 et
3220 2316 3387 2357 naves
3435 2297 3745 2366 circumadja-

2199 2396 2439 2451 centium
2481 2396 2790 2469 regionum,
2823 2396 2918 2471 qui
2948 2396 3109 2467 jussu
3140 2391 3460 2450 adniiravisi
3499 2391 3745 2447 attulerant

2199 2488 2369 2544 totius
2392 2488 2686 2559 opulentia:
2709 2489 3149 2560 supplementum
3180 2487 3248 2544 ad
3277 2484 3604 2545 obsidionem
3624 2482 3744 2539 urbis

2170 2578 2499 2636 Jerusalem
2528 2581 2923 2637 necessarium.
2951 2578 3057 2647 Qui
3089 2588 3148 2635 ut
3172 2578 3429 2639 viderunt
3453 2592 3575 2633 suos
3600 2585 3646 2630 et
3665 2575 3742 2630 do-

2200 2674 2408 2726 minum
2439 2689 2601 2728 suum
2632 2681 2742 2728 tam
2775 2673 3005 2744 turpiter
3026 2671 3342 2739 confusum,
3364 2670 3553 2726 timore
3579 2678 3747 2739 perqu

2200 2765 2287 2819 riti
2321 2766 2435 2820 vela
2472 2767 2897 2839 suspenderunt,
2925 2776 2979 2823 et
3008 2766 3061 2821 in
3094 2766 3267 2823 altum
3294 2781 3448 2822 mare
3473 2779 3528 2820 se
3552 2762 3745 2832 impule-

2199 2866 2345 2913 runt.
2380 2857 2566 2914 Nostri
2613 2875 2743 2916 vero
2787 2875 2912 2916 eum
2946 2858 3201 2915 manibus
3245 2858 3446 2915 erectis
3472 2856 3534 2912 ad
3564 2855 3744 2919 cerium,

2197 2950 2452 3007 cordibus
2484 2951 2594 3007 Deo
2624 2952 2827 3023 gratias
2856 2952 3184 3020 retulerunt,
3214 2961 3270 3008 et
3295 2952 3365 3008 ad
3395 2967 3579 3009 eorum
3601 2958 3745 3005 tento-

2198 3043 2278 3098 ria
2327 3054 2661 3102 revertentes
2692 3062 2890 3101 aurum
2937 3054 2993 3101 et
3035 3054 3350 3119 argentum,
3402 3053 3459 3101 et
3502 3044 3746 3099 innumera

2197 3136 2370 3206 spolia
2397 3138 2652 3206 vestium,
2684 3139 3010 3212 copiamque
3055 3139 3332 3206 ciborum,
3384 3138 3549 3193 multa
3585 3151 3748 3208 genere

2198 3230 2518 3285 animalium
2548 3231 2817 3299 omnium,
2851 3230 3216 3290 instrumenta
3244 3231 3749 3298 armorum,inveue-

2201 3331 2350 3376 runt.
2380 3321 2709 3381 invenerunt
2732 3324 2896 3381 etiam
2932 3340 3105 3397 equos
3138 3333 3195 3380 et
3230 3325 3500 3395 jumenta,
3527 3323 3689 3378 mulos
3708 3330 3751 3377 et

2201 3413 2402 3481 mulas,
2451 3415 2650 3471 asellos
2695 3419 2752 3471 et
2799 3415 3009 3483 asinas,
3035 3424 3091 3472 et
3132 3413 3545 3471 dromcdariurn
3591 3429 3746 3468 unum.

2202 3504 2344 3573 Quid
2373 3505 2440 3561 de
2468 3506 2665 3562 ovibus
2702 3515 2758 3562 et
2781 3506 3067 3574 arietibus,
3098 3506 3334 3576 aliisque
3365 3505 3648 3577 pecoribus
3684 3519 3749 3558 ree

2198 3597 2392 3664 feram,
2420 3613 2545 3669 quae
2569 3583 2637 3655 ad
2664 3614 2822 3655 esum
2851 3608 3039 3670 parata
3065 3599 3255 3656 erant?
3286 3597 3512 3655 Lebetes
3542 3606 3594 3656 et
3612 3597 3754 3653 calda-

2198 3691 2314 3759 riae,
2345 3691 2556 3760 cacabi,
2585 3691 2731 3759 lecti,
2785 3708 3088 3764 eorumque
3126 3692 3362 3760 exuviae,
3392 3691 3607 3764 eophini
3639 3688 3752 3761 pleni

2198 3800 2335 3839 auro
2357 3792 2714 3856 argentoque,
2743 3785 3036 3856 aureisque
3081 3785 3349 3852 vestibus,
3380 3784 3657 3855 omnisque
3678 3796 3753 3836 εον

2198 3892 2322 3931 rum
2352 3888 2649 3948 apparatus
2675 3877 2749 3933 ibi
2779 3878 3034 3934 inventus
3060 3889 3178 3943 est;
3205 3874 3750 3948 ditissimaquepmla

2198 3969 2511 4041 locupletati
2557 3979 2715 4039 sunt,
2747 3972 2843 4042 qui
2874 3971 3108 4028 tentoria
3159 3970 3486 4027 admiravisi
3526 3969 3754 4042 regalibm

2196 4062 2397 4120 referta
2445 4064 2654 4121 divitiis
2722 4065 3050 4121 habuerunt.
3120 4062 3495 4121 Standardum
3543 4063 3673 4135 quod
3710 4061 3753 4117 in

2198 4157 2515 4213 summitate
2540 4166 2812 4230 argenteae
2840 4157 3014 4213 hastae
3034 4171 3261 4228 pomum
3283 4157 3525 4215 habebat
3544 4170 3752 4218 aureum.

2196 4265 2382 4307 comes
2428 4247 2843 4306 Northmannia:
2881 4249 3081 4306 obtulit
3109 4249 3366 4320 sepulcro
3396 4249 3631 4316 Domini,
3654 4247 3756 4304 fuit-

2196 4356 2303 4411 que
2333 4340 2696 4413 appretiatum
2743 4341 2917 4412 pretio
2963 4341 3156 4413 viginti
3208 4357 3550 4398 marcarum.
3594 4340 3756 4397 Enseul

2197 4447 2327 4488 vero
2357 4435 2493 4488 alter
2520 4433 2653 4489 emit
2678 4433 2961 4505 sexaginta
2989 4433 3283 4506 byzanceis
3328 4433 3469 4505 (62).
3502 4432 3633 4489 Dum
3655 4446 3759 4487 vero

2198 4526 2375 4584 nostri
2419 4527 2501 4585 sic
2536 4526 2940 4599 triumphaliter
2990 4535 3415 4595 reverterentur,
3449 4527 3758 4586 inveniebant

496 4607 612 4656 tare
660 4602 857 4669 solent,
904 4603 1034 4675 quia
1081 4604 1258 4675 major
1303 4610 1389 4659 est
1433 4602 1610 4660 virtus
1638 4602 1899 4660 Crueilixi
1929 4622 2095 4676 quam

2201 4622 2424 4694 agmina
2449 4621 2805 4688 rusticorum,
2855 4636 2984 4677 vasa
3035 4621 3245 4677 vinaria
3273 4630 3330 4677 et
3357 4621 3617 4693 aquatilia
3640 4616 3757 4675 dele-

492 4703 611 4758 tua,
642 4694 902 4763 quoniam
952 4694 1069 4765 ipse
1113 4703 1311 4766 potens
1354 4703 1437 4750 est
1484 4694 1537 4749 in
1588 4695 1729 4752 cudo
1758 4706 1811 4752 et
1842 4696 1897 4752 in
1929 4706 2091 4755 terra.

493 4782 731 4856 Apparet
779 4799 959 4842 autem
1009 4803 1157 4844 nunc
1204 4787 1464 4858 quoniam
1509 4788 1689 4858 quiin
1719 4791 2090 4851 eoeonfidunt

492 4879 755 4948 vincunt;
792 4880 864 4937 illi
896 4897 1024 4935 vero
1054 4881 1371 4947 vincuntur,
1395 4879 1490 4950 qui
1523 4889 1574 4935 te
1601 4890 1957 4939 venerantur.
1989 4884 2094 4939 Sed

2201 4712 2436 4768 ‘entium
2466 4755 2482 4780 ,
2529 4729 2654 4784 quae
2696 4714 3007 4770 necessaria
3057 4728 3183 4769 esse
3229 4713 3503 4784 putabant
3545 4714 3597 4769 in
3642 4712 3757 4767 obsi-

2199 4805 2380 4873 dione,
2430 4820 2657 4861 suorum
2713 4804 2907 4860 usibus
2951 4804 3303 4860 dominorum
3338 4822 3351 4857 :
3383 4807 3506 4877 qui,
3536 4802 3759 4860 velutbe-

2220 4898 2336 4962 tize,
2366 4895 2654 4968 stupefacti
2687 4912 2959 4967 nusquam
3012 4896 3380 4963 divertebant,
3429 4908 3487 4955 et
3524 4894 3757 4953 inclinatis
3812 4952 3813 4971 ξ

486 4973 601 5035 hoc
629 4989 737 5026 ιιοη
767 4973 934 5045 exigit
965 4972 1175 5027 incuria
1204 4981 1416 5036 nostra.
1445 4973 1705 5043 quoniam
1750 4990 1906 5041 auro.
1939 4992 2093 5046 gem-
2194 4986 2514 5051 verticibus.
2545 5002 2706 5043 enses
2733 4996 3048 5045 nostrorum
3092 4988 3512 5057 exspectabant.
3550 4987 3758 5056 Plerique

482 5064 625 5128 .rnis,
650 5062 974 5133 cunctisque
997 5062 1193 5132 Opibus
1222 5063 1498 5132 pretiosis,
1527 5063 1704 5132 magis
1728 5064 1989 5134 insignita
2011 5075 2093 5121 est

495 5155 774 5223 sepultura
810 5165 899 5209 tua
930 5171 1097 5227 quam
1126 5153 1351 5211 Christi.
1380 5154 1587 5211 Civitas
1616 5155 1704 5210 illa
1728 5173 1849 5227 quae
1872 5166 1965 5213 tuo
1988 5174 2089 5213 no-

494 5247 741 5305 bilitatur
772 5264 1020 5318 corpore,
1068 5263 1349 5319 nunquam
1400 5247 1583 5305 decisa
1629 5258 1713 5305 est
1760 5250 1829 5304 ab
1860 5249 2088 5316 honore,

495 5340 592 5394 sed
626 5340 776 5393 omni
804 5340 1139 5395 sublimitate
1172 5356 1389 5414 semper
1417 5342 1678 5408 excrevit,
1711 5341 1972 5413 omnique
2002 5339 2087 5399 fa-

494 5430 702 5482 mulatu
732 5430 927 5485 debita:
954 5431 1321 5487 venerationis
1349 5432 1563 5487 enituit.
1597 5431 1706 5488 Ista
1733 5447 1863 5488 vero
1898 5433 1951 5486 in
1980 5449 2088 5504 qua

494 5519 790 5577 crucifixus
824 5522 1123 5578 tumulatus
1148 5532 1253 5589 est,
1282 5540 1560 5595 nunquam
1603 5523 1861 5595 deinceps
1910 5525 2086 5581 hono-

496 5628 608 5667 res.
643 5616 853 5683 habuit,
886 5616 982 5673 sed
1010 5616 1286 5673 destructa
1314 5627 1367 5673 et
1391 5620 1730 5686 conculcata,
1760 5628 1814 5674 et
1843 5618 1912 5674 ad
1944 5620 2087 5675 nihi-

494 5701 608 5760 lum
642 5709 859 5765 redacta
907 5708 1185 5764 multoties
1234 5707 1353 5765 fuit.
1406 5709 1579 5781 Cujus
1625 5712 1791 5785 igitur
1821 5712 1981 5781 culpa
2012 5712 2082 5767 ita

2200 5095 2252 5134 ιιι
2303 5088 2645 5138 mortuorum
2695 5077 2964 5150 sanguine
3013 5094 3073 5135 se
3122 5080 3493 5148 volutabam,
3539 5091 3592 5137 et
3632 5077 3757 5150 quasi

2199 5169 2399 5226 mortui
2429 5171 2569 5227 inter
2598 5179 2823 5231 mortua
2850 5185 3082 5241 corpora
3133 5171 3451 5235 latitabant.
3501 5171 3569 5230 Ur
3611 5180 3758 5229 autem

2199 5259 2371 5317 nostri
2399 5276 2760 5333 pervenerunt
2789 5262 2858 5319 ad
2888 5262 3115 5332 ﬂumen,
3160 5262 3256 5321 ubi
3300 5277 3663 5336 paurarcuam
3685 5265 3759 5319 de-

2194 5352 2571 5423 r.liquerant,
2623 5354 2986 5426 quieverunt,
3035 5365 3202 5427 utque
3252 5357 3491 5431 fatigati,
3543 5372 3756 5415 :orntuna

2194 5458 2357 5499 suum
2389 5443 2747 5501 dormierunt.
2797 5444 2977 5518 thue
3006 5447 3124 5503 dies
3150 5449 3314 5503 terris
3342 5466 3544 5505 aurora
3580 5464 3758 5521 praetc-

2198 5533 2403 5601 n'e;:tc,
2436 5533 2699 5602 redditur,
2729 5547 3054 5609 exsurgunt,
3097 5547 3152 5594 et
3192 5538 3297 5599 iter
3327 5551 3569 5611 ereptum
3598 5553 3756 5612 propc-

2196 5633 2406 5679 raruat.
2444 5625 2547 5693 Qui
2590 5634 2649 5681 ut
2676 5628 2885 5687 civitati
2912 5629 3026 5686 fere
3051 5631 3119 5685 ad
3144 5631 3256 5686 duo
3283 5633 3457 5689 millia
3485 5634 3758 5705 proximam
3806 5678 3807 5705 1

2195 5727 2521 5785 cmperunt,
2582 5721 2727 5777 sicut
2781 5723 3211 5796 triumphatorcs
3262 5725 3562 5785 insonuere
3605 5726 3756 5789 tubiS.

1560 5800 1867 5858 NOTULsE
1906 5802 2361 5865 MARCINALES
2401 5810 2511 5866 MS.
2557 5813 2710 5870 COD.

573 5894 682 5967 (6‘2)
724 5893 923 5951 Munus
950 5892 1242 5967 pulchrum
1267 5893 1440 5950 defert
1467 5910 1649 5950 cernes
1677 5906 1798 5951 ante
1831 5897 2165 5969 sepulcrum.
