3846 6306
160 447 241 504 757
819 440 878 498 P.
914 439 1259 497 TUDEBODI
1296 441 1475 499 lllST.
1515 443 1604 497 DE
1639 444 2004 502 lilEllOSOL.
2047 446 2208 505 lTlN.
2250 480 2321 490 —
2355 449 2565 506 PRrEF

3208 442 3352 517 V758

156 560 301 622 sistris
324 567 369 615 et
388 557 666 624 cornibus,
697 567 852 628 atque
876 558 1059 613 omnis
1084 558 1300 630 generis
1327 558 1554 617 musicis
1583 560 1668 617 in-
1695 581 1739 636 Α
1770 574 2015 632 vocatur,
2045 574 2100 621 et
2123 583 2155 621 a
2175 568 2458 638 prophetis
2502 566 2633 624 Sion
2667 569 2889 637 dicitur,
2914 574 3060 644 quod
3086 575 3141 629 in
3166 588 3354 635 nostra

154 651 434 714 stramentis,
461 650 533 704 ita
567 658 627 705 ut
653 658 861 705 montes
885 658 941 705 et
962 649 1131 707 colles
1152 650 1453 707 harmonia:
1474 653 1669 708 modu-

151 748 250 804 latis
268 743 526 801 tinnitibus
554 740 963 812 responderent,
1009 750 1066 798 et
1102 744 1509 813 quodammodo
1540 759 1667 800 cum

147 840 210 895 eis
248 835 448 892 Domino
493 834 808 905 jubilarent.
874 833 1030 890 Tunc
1072 835 1293 890 realiter
1341 835 1668 906 implehatur

146 930 261 1003 quod
287 928 621 999 spiritualiter
646 943 743 998 per
785 926 981 985 Isaiam
1023 926 1093 983 de
1138 926 1380 985 Ecclesia
1426 928 1665 984 ﬁdelium

143 1023 302 1079 dicitur
328 1040 342 1075 :
370 1019 562 1074 Montes
590 1030 641 1074 et
666 1019 824 1075 colles
847 1020 1135 1075 cantabunt
1157 1037 1337 1076 coram
1373 1021 1515 1076 vobis
1547 1020 1667 1075 lau—

141 1113 234 1168 dem
259 1110 378 1183 (ha.
403 1127 483 1178 LV,
512 1109 624 1182 Η).
649 1109 782 1168 Erat
799 1121 980 1168 autem
1007 1113 1303 1173 admodum
1332 1124 1485 1186 grata
1508 1115 1663 1170 multi

138 1205 314 1276 ﬁdaque
350 1204 611 1260 suavitate
656 1205 995 1284 deiectqbilis
1041 1207 1353 1275 harmonia,
1392 1225 1518 1264 cum
1544 1209 1666 1266 voci

137 1299 328 1355 militum
352 1296 657 1368 sonituique
704 1298 961 1354 tubarum
1005 1299 1392 1356 echunisarent
1434 1301 1665 1359 tinnitus

132 1392 375 1458 montium,
397 1407 631 1448 concava
655 1392 897 1463 rupium,
923 1401 979 1449 et
1004 1392 1114 1448 ima
1141 1394 1492 1450 convallium.
1523 1394 1662 1451 Cum

132 1500 236 1542 vero
257 1492 371 1541 ante
397 1494 579 1555 portas
604 1485 764 1541 urbis
789 1486 1060 1554 venirent,
1099 1487 1168 1543 ab
1192 1487 1281 1544 his
1307 1488 1403 1559 qui
1449 1503 1667 1545 reman-

127 1587 296 1645 serant,
320 1591 439 1634 eum
484 1577 687 1634 divinis
730 1578 1006 1647 laudibus,
1037 1594 1147 1636 non
1190 1579 1307 1652 jam
1356 1596 1388 1636 a
1433 1582 1666 1637 terrenis

127 1670 381 1738 montibus,
410 1668 501 1726 sed
528 1684 563 1725 a
591 1669 909 1728 cmlestibus
934 1680 1336 1742 prmconantur.
1373 1670 1441 1729 Et
1470 1674 1667 1730 merito

124 1761 241 1817 Deus
264 1777 418 1831 super
461 1761 567 1817 hoc
607 1762 955 1828 laudabatur,
1003 1763 1266 1835 quoniam
1312 1779 1462 1820 nunc
1507 1780 1665 1835 pere-

123 1854 235 1925 grini
260 1853 339 1909 sui
379 1853 549 1923 portis
597 1855 802 1925 apertis
852 1854 1193 1924 recipiuntur
1228 1869 1357 1912 cum
1385 1855 1660 1922 laudibus,

1769 654 1951 725 lingua
1993 657 2284 725 specularia
2324 659 2742 730 interpretatur,
2806 678 2907 732 pro
2969 679 3037 719 eo
3095 668 3241 735 quod
3295 669 3355 724 in

1769 754 1954 800 monte
1976 748 2293 816 constituta,
2318 749 2387 803 de
2417 749 2577 821 longe
2614 752 2887 807 venientia
2929 754 3351 825 contemplatur.

1766 837 2070 896 Jerusalem
2092 851 2298 910 autem,
2322 843 2378 899 in
2402 852 2594 900 nostro
2616 858 2871 901 sermone
2887 886 2906 912 ,
2922 847 3151 917 paci/ica
3175 855 3355 904 trans-

1766 926 1959 984 fertur.
1987 927 2064 984 De
2084 931 2308 1001 antiqua
2332 931 2498 1001 hujus
2518 932 2755 1004 gloriosa
2777 934 3057 1004 opulentia
3086 935 3354 1005 scriptum

1767 1019 2080 1078 invenimus
2120 1022 2176 1077 in
2213 1023 2368 1080 libris
2411 1023 2642 1097 Regum,
2670 1025 2799 1097 quia
2842 1025 3102 1081 Salomon
3134 1025 3264 1082 fecit
3294 1033 3356 1081 ut

1766 1118 1915 1167 tanta
1932 1111 2269 1169 abundantia
2290 1115 2500 1185 argenti
2537 1125 2685 1172 esset
2715 1116 2770 1171 in
2793 1113 3119 1186 Jerusalem,
3148 1124 3356 1187 quanta

1763 1212 1821 1259 et
1840 1203 2104 1274 lapidum.
2140 1202 2432 1262 Enimvero
2452 1208 2625 1263 multo
2646 1208 2926 1279 copiosius
2950 1209 3116 1267 ditior
3134 1208 3353 1275 enituit,

1765 1313 1891 1353 cum
1932 1296 1987 1351 in
2032 1312 2097 1352 ea
2123 1296 2216 1352 Dei
2241 1296 2434 1364 Filius,
2458 1315 2558 1369 pro
2581 1300 2817 1371 generali
2844 1302 3093 1357 omnium
3135 1300 3353 1357 redem-

1766 1388 1973 1460 ptione,
1999 1404 2216 1445 crucem
2241 1389 2524 1457 sustinuit,
2548 1391 2748 1449 caelum
2787 1392 2902 1448 suis
2942 1391 3216 1449 sideribus
3254 1390 3356 1445 ob-

1765 1479 2053 1544 nubilavit,
2076 1486 2130 1535 et
2151 1487 2294 1534 terra
2320 1480 2559 1545 tremuit,
2585 1489 2751 1549 petra:
2773 1480 2963 1537 scissa;
2982 1490 3131 1548 sunt,
3158 1495 3357 1535 monu-

1766 1580 1947 1625 menta
1971 1579 2157 1641 aperta
2179 1580 2329 1637 sunt,
2353 1579 2408 1626 et
2429 1572 2600 1626 multa
2624 1588 2850 1642 corpora
2896 1582 3214 1629 sanctorum
3258 1571 3356 1643 qui

1766 1662 2107 1718 dormierant
2132 1671 2510 1718 surrexerunt.
2545 1661 2605 1716 1n
2628 1679 2739 1733 qua
2758 1664 2978 1720 civitate
3000 1663 3232 1735 contigit
3253 1679 3356 1717 un-

1760 1769 1931 1824 quam
1957 1762 2067 1810 tam
2090 1754 2337 1811 mirabile
2372 1714 2715 1827 mysterium,
2737 1756 2805 1811 de
2823 1770 2938 1826 quo
2958 1714 3233 1811 emana‘vjit
3265 1714 3378 1808 εει-ἶ

1764 1844 1853 1900 lus
1868 1844 2122 1902 omnium
2150 1843 2430 1901 ﬁdelium?
2472 1843 2553 1899 Ex
2593 1861 2707 1915 quo
2749 1846 2855 1901 hoe
2898 1843 3188 1915 conjicitur
3211 1839 3358 1913 quod

118 1947 192 2017 qui
218 1945 332 2001 olim
381 1962 503 2001 cum
552 1962 752 2018 magna
783 1945 1096 2003 difﬁcultate
1124 1947 1181 2002 in
1211 1947 1429 2018 magnis
1453 1948 1669 2019 injuriis

1772 1936 1915 1993 hanc
1956 1937 2030 1992 ita
2070 1935 2166 1993 Dei
2207 1937 2378 1995 Fitius
2403 1954 2504 1993 sua
2548 1938 2787 2010 gloriosa
2830 1948 3006 1995 morte
3047 1936 3356 2002 illustravit,

119 2038 538 2109 suscipiebantur,
563 2038 708 2093 datis
730 2039 898 2096 etiam
926 2038 1269 2097 muneribus.
1300 2039 1377 2096 De
1395 2040 1482 2097 his
1510 2056 1666 2112 pere-

115 2128 256 2198 grinis
291 2138 341 2183 et
389 2129 564 2199 portis
593 2145 693 2200 per
714 2128 913 2186 Isaiam
943 2130 1147 2187 dicitur
1193 2150 1207 2188 :
1251 2131 1320 2186 Et
1354 2142 1524 2202 ρον-ιω
1559 2142 1666 2189 tua:

113 2220 174 2273 ris
204 2221 497 2290 aperiuntur
522 2220 748 2292 jngiter,
786 2222 874 2277 die
919 2239 982 2277 ac
1012 2231 1163 2278 nocte
1202 2239 1307 2278 non
1348 2224 1666 2279 claudentur

114 2306 223 2379 (Ita.
247 2326 327 2377 rx,
355 2311 466 2382 11).
504 2309 633 2367 Haec
659 2312 942 2383 prophetia
972 2313 1177 2369 nostris
1202 2314 1540 2384 temporibus
1566 2316 1667 2371 ad-

112 2403 349 2473 impletur,
375 2405 509 2474 quia
535 2421 686 2461 nunc
727 2414 899 2473 porta:
921 2404 1230 2463 Jerusalem
1262 2407 1392 2465 ﬁliis
1418 2409 1662 2480 peregri-

109 2511 272 2551 norum
299 2496 645 2567 aperiuntur,
673 2513 795 2569 quae
821 2498 901 2555 eis
929 2508 1091 2554 antea
1114 2499 1203 2556 die
1230 2515 1295 2556 ac
1322 2510 1483 2558 nocte
1508 2502 1661 2559 clau-

108 2586 355 2642 debantur.
406 2587 646 2644 Factum
691 2597 774 2644 est
820 2598 1005 2645 autem
1036 2590 1143 2646 hoc
1173 2591 1421 2662 przelium
1450 2592 1519 2648 ad
1545 2593 1664 2648 lau-

104 2678 203 2734 dem
224 2686 273 2735 et
296 2679 531 2752 gloriam
563 2679 782 2737 Domini
829 2680 1007 2737 nostri
1048 2681 1180 2740 Jcsu
1229 2681 1462 2753 Christi,
1489 2685 1664 2756 pridie

104 2762 207 2823 ldus
227 2767 470 2841 Augusti.

696 2902 928 2961 CAPUT
958 2903 1019 2963 ν.

156 3034 276 3103 Quia
321 3052 452 3094 vero
499 3038 806 3096 historicus
841 3055 1029 3098 sermo
1058 3041 1162 3099 iste
1188 3042 1259 3098 ab
1284 3041 1660 3116 Hierosolyma

98 3128 297 3198 sumpsit
314 3129 612 3186 exordium
637 3131 876 3187 nominis
899 3131 1007 3198 sui,
1030 3140 1085 3187 et
1113 3131 1277 3188 linem
1301 3133 1499 3189 retinet
1518 3133 1663 3190 sicut

97 3228 142 3275 et
162 3220 402 3289 medium,
432 3221 580 3278 nulli
640 3222 1003 3280 inconsonum
1048 3216 1318 3289 videatur,
1353 3225 1400 3281 si
1429 3225 1485 3281 in
1511 3226 1660 3281 calce

96 3311 233 3381 hujus
255 3314 460 3384 operis,
514 3314 649 3386 quis
694 3330 818 3372 eam
864 3315 1120 3387 primitus
1165 3315 1380 3383 fecerit,
1409 3318 1539 3387 quis
1584 3317 1660 3373 ita

95 3405 446 3474 appellaverit,
494 3406 857 3464 inseribatur.
906 3406 1302 3465 Melchisedech
1335 3406 1510 3464 fcrtur
1536 3424 1658 3465 eam

95 3503 196 3560 post
236 3494 504 3551 diluvium
549 3496 868 3554 condidisse
895 3538 912 3563 ,
970 3512 1136 3567 quem
1183 3495 1357 3553 Judaei
1402 3507 1661 3554 asserunt

93 3582 237 3641 ﬁlium
262 3585 372 3644 Noe
401 3588 587 3646 fuisse
614 3589 748 3662 (63).
800 3588 954 3646 Hanc
979 3590 1037 3645 iu
1069 3589 1227 3662 Syria
1252 3590 1529 3646 conditam
1559 3590 1659 3647 Sa-

88 3675 175 3731 lem
202 3682 509 3751 appellavit,
539 3692 599 3739 et
624 3683 681 3737 in
711 3698 774 3740 ea
812 3683 1069 3754 deinceps
1114 3684 1381 3754 permulta
1412 3692 1659 3755 tempora

91 3771 333 3839 regnavit;
359 3789 538 3844 quam
565 3784 754 3845 postea
776 3773 996 3831 Jebusei
1024 3782 1337 3843 tenuerunt,
1365 3783 1419 3831 et
1449 3784 1657 3846 partem

76 3861 156 3927 sui
180 3864 431 3932 nominis,
465 3881 599 3936 qua:
642 3876 730 3922 est
772 3865 961 3933 Jebus,
1010 3866 1061 3922 ei
1114 3867 1462 3934 addiderunt,
1495 3877 1550 3923 et
1576 3868 1659 3925 sic

87 3950 295 4010 collectis
338 3955 398 4010 in
448 3972 633 4013 unum
678 3957 1015 4025 nominibus,
1057 3957 1087 4011 b
1116 3958 1171 4013 in
1201 3975 1230 4013 r
1260 3968 1468 4015 mutata
1497 3957 1659 4014 Jeru-

85 4044 225 4100 salem
243 4060 611 4105 vocaverunt.
647 4048 842 4106 Postea
874 4065 1006 4107 vero
1031 4067 1063 4106 a
1089 4049 1387 4107 Salomone
1417 4053 1657 4109 nobilius

82 4126 359 4207 composita
398 4152 462 4197 et
510 4143 725 4212 templo
770 4142 985 4199 Domini
1030 4153 1087 4200 et
1137 4159 1238 4200 sua
1280 4144 1446 4200 domo
1484 4144 1656 4217 regia,

81 4225 344 4298 multisque
371 4230 504 4286 aliis
536 4229 767 4287 fabricis
795 4240 852 4289 et
879 4234 1056 4289 hortis
1082 4243 1137 4291 et
1160 4234 1386 4306 piscinis
1408 4233 1662 4292 Hieroso-

80 4321 199 4384 lyma
224 4321 557 4390 appellatur,
589 4328 646 4377 et
669 4323 829 4393 quasi
857 4324 924 4380 de
965 4341 1068 4381 suo
1091 4326 1315 4382 nomine
1342 4326 1658 4382 Hierusale-

77 4410 235 4468 monia
277 4413 639 4487 intelligitur.
686 4413 812 4476 Ilaec
844 4432 877 4475 a
903 4402 1082 4489 poetis
1128 4417 1350 4492 Solyma
1396 4427 1657 4491 corrupte

1765 2029 1896 2105 quia
1916 2030 1966 2085 si
1989 2030 2195 2086 nostris
2219 2031 2511 2100 placuisset
2532 2032 2874 2098 auctoribus,
2898 2046 3008 2086 non
3030 2029 3357 2093 Jerusalem,

1766 2121 1862 2178 sed
1886 2138 1911 2175 r
1930 2122 1986 2176 in
2009 2122 2039 2175 b
2065 2130 2275 2177 mutata
2296 2120 2637 2179 Jebussalem
2669 2123 2949 2179 debuisset
2971 2122 3178 2187 vocari,
3202 2129 3257 2176 ct
3279 2120 3361 2177 sic

1766 2215 1823 2269 in
1858 2225 2047 2271 nostro
2073 2214 2331 2271 idiomate
2366 2216 2515 2295 salus
2537 2216 2765 2286 paciﬁca
2794 2214 3062 2285 potuisset
3088 2214 3360 2283 interpre-

1765 2308 1892 2364 tari.
1945 2305 2049 2363 Pro
2088 2308 2175 2364 his
2202 2316 2257 2363 et
2305 2308 2623 2380 hujusmodi
2672 2307 2979 2380 ﬁgurativis
3026 2305 3357 2370 actionibus,
3462 2350 3473 2359 ,

1765 2400 1942 2456 forma
1974 2408 2061 2457 est
2100 2401 2392 2472 mysticum
2438 2408 2848 2457 sacramentum
2881 2399 3028 2455 illius
3053 2396 3360 2453 Jerusalem
3471 2404 3475 2408 '

1764 2493 2025 2561 caelestis,
2056 2493 2126 2549 de
2153 2509 2260 2567 qua
2289 2494 2492 2550 dicitur
2541 2512 2555 2550 :
2604 2493 2740 2550 Urbs
2782 2493 3115 2564 fortitudinis
3165 2500 3360 2546 nostra:

1764 2583 1896 2640 Sion
1931 2581 2208 2652 Salvator,
2244 2592 2466 2655 ponetur
2497 2585 2553 2638 in
2591 2600 2654 2640 ea
2688 2598 2871 2638 martis
2914 2590 2963 2636 et
3006 2578 3357 2635 antemurale.

1762 2677 1977 2747 Aperite
2002 2685 2207 2748 portas,
2249 2685 2300 2731 et
2344 2675 2672 2747 ingredietur
2700 2691 2823 2746 gens
2854 2674 3029 2746 justo,
3059 2670 3360 2727 custodiens

1763 2767 2561 2840 veritatem(lsa.xxvr,i,2).
2611 2764 2687 2822 De
2727 2765 2894 2837 hujus
2945 2765 3107 2821 laude
3158 2770 3361 2819 cuncta

1763 2859 1970 2918 referre
1993 2875 2106 2918 non
2131 2874 2430 2932 possumus
2459 2874 2583 2929 quae
2605 2857 2751 2914 dicta
2784 2865 2914 2914 sunt
2940 2872 2971 2911 a
2999 2853 3278 2927 prophetis
3305 2860 3363 2909 et

1646 2973 1650 2979 ·
1762 2955 1900 3027 legis
1924 2953 2258 3013 doctoribus.
2287 2952 2415 3010 Hinc
2438 2969 2569 3010 vero
2601 2961 2817 3009 terrena
2841 2958 3030 3006 nostra
3076 2956 3235 3005 aetate
3257 2945 3363 3002 fuit

1760 3062 1794 3102 a
1819 3046 1931 3104 Deo
1956 3046 2236 3114 derelicta,
2267 3055 2322 3102 et
2345 3046 2472 3102 odio
2500 3045 2707 3113 habita,
2738 3062 2774 3100 a
2811 3043 3026 3099 malitia
3051 3040 3361 3096 inhabitan-

1763 3141 1897 3195 tium
1918 3141 1976 3195 in
2004 3157 2067 3195 ea
2112 3138 2287 3208 (Psal.
2313 3154 2422 3206 cvr,
2444 3136 2557 3207 54).
2602 3136 2740 3193 Cum
2771 3142 2955 3192 autem
2986 3132 3093 3204 ipsi
3122 3131 3358 3188 Domino

1764 3231 1990 3302 placuit,
2035 3229 2264 3287 adduxit
2309 3229 2707 3302 Francigeuam
2750 3236 2966 3301 gentem
2999 3226 3068 3282 ab
3092 3223 3358 3280 extremis

1763 3330 1945 3392 tem,
1974 3329 2030 3379 et
2069 3337 2169 3393 per
2192 3337 2316 3378 eam
2360 3322 2431 3377 ab
2473 3320 2775 3377 immundis
2799 3318 3094 3391 gentilibus
3123 3316 3358 3372 liberare

1760 3429 1885 3471 eam
1910 3413 2200 3486 disposuit.
2248 3411 2365 3469 Hoc
2404 3428 2438 3468 a
2477 3412 2639 3484 longe
2683 3427 2780 3482 per
2800 3410 3123 3483 prophetam
3153 3406 3357 3462 Isaiam

1763 3505 2108 3577 praedixerat,
2132 3520 2257 3561 cum
2283 3504 2359 3559 ait
2390 3522 2406 3558 :
2440 3503 2720 3557 Adducam
2750 3500 2893 3571 ﬁlios
2934 3508 3050 3554 tuos
3081 3498 3146 3552 de
3181 3497 3355 3566 longe,

1761 3607 2039 3670 argentum
2068 3613 2251 3652 eorum
2276 3605 2327 3652 et
2365 3612 2556 3650 aurum
2586 3610 2767 3650 eorum
2788 3609 2909 3648 cum
2940 3592 3038 3655 eis,
3065 3591 3120 3644 in
3145 3589 3356 3643 nomine

1762 3689 1978 3745 Domini
2013 3688 2111 3744 Dei
2139 3690 2239 3755 tui,
2264 3698 2313 3743 et
2338 3696 2524 3743 sancto
2553 3685 2766 3751 Israeli,
2791 3685 2918 3756 quia
2943 3681 3259 3754 gloriﬁcavit
3280 3690 3350 3735 te.

1764 3780 2137 3852 (Ediﬁcabunt
2164 3780 2270 3851 ﬁlii
2301 3780 2695 3850 peregrinorum
2733 3792 2910 3831 muros
2956 3784 3094 3843 tuos,
3130 3781 3180 3829 et
3209 3789 3353 3845 reges

1761 3889 1943 3930 eorum
1977 3872 2355 3927 ministrabant
2392 3872 2489 3925 tibi
2526 3869 2685 3943 (Isa.
2721 3885 2812 3935 ιχ,
2854 3869 2909 3934 9,
2953 3866 3086 3939 ια).
3135 3864 3262 3922 “me
3297 3873 3355 3921 et

1762 3964 1933 4019 multa
1956 3963 2060 4018 alia
2083 3962 2396 4018 invenimus
2424 3962 2478 4016 in
2503 3960 2838 4033 propheticis
2860 3959 3039 4026 libris,
3069 3973 3193 4029 quae.
3213 3972 3350 4013 con-

1763 4062 1965 4124 gruunt
1987 4053 2115 4109 huic
2149 4053 2457 4109 liberationi
2501 4051 2658 4108 factm
2687 4050 2941 4107 natatibus
2978 4047 3204 4105 nostris.
3247 4045 3352 4103 Per

1761 4146 1949 4201 omnia
1987 4154 2044 4201 et
2084 4161 2248 4216 super
2291 4144 2480 4200 omnia
2520 4143 2842 4201 benedictus
2881 4142 3047 4210 Deus,
3073 4141 3169 4213 qui
3197 4141 3350 4211 justo

1755 4238 1965 4309 judicio
2001 4236 2238 4308 percutit
2279 4245 2334 4292 et
2374 4236 2645 4302 vulnerat,
2688 4244 2743 4291 et
2783 4234 3019 4307 gratuita
3081 4232 3346 4297 bonitate,

1758 4330 1980 4399 quando
2013 4330 2130 4385 vult
2169 4338 2226 4386 et
2266 4327 2546 4402 quomodo
2584 4326 2702 4382 vult
2766 4326 3058 4382 miseretur
3080 4334 3134 4379 et
3166 4328 3346 4379 sanat.

1756 4422 1952 4478 Amen.
1988 4420 2246 4493 Explicit.

1132 4530 1441 4590 NOTULA'J
1479 4532 1932 4591 MARGINALES
1968 4533 2084 4591 MS.
2121 4533 2278 4593 COD.
2336 4598 2343 4605 ,

131 4618 232 4689 (65)
266 4620 554 4680 Monstrat
580 4620 904 4695 Jerusalem,
936 4624 1031 4697 qui
1056 4625 1269 4698 primus
1290 4626 1533 4683 condidit
1557 4626 1726 4683 illam.

85 4730 3342 4779 ww

948 4923 1136 5043 AD
1218 4926 1645 5041 PETRI
1732 4927 2453 5042 TUDEBODI

1233 5126 1673 5186 SACERDOTIS
1708 5126 2125 5186 SIURACENSI

344 5290 1001 5451 HISTORIAM
1104 5297 1250 5450 DE
1355 5292 2439 5454 lllEllllSOIrYlll’l‘ANb
2552 5293 3024 5451 l'l‘INlillE

717 5555 1158 5637 JOANNIS
1220 5556 1531 5634 BESLY
1589 5554 2081 5636 PICTONIS
2140 5557 2699 5665 PRIEFATIO.

130 5797 360 5890 ineptius
408 5802 1088 5890 Bongarsiusdelitt'eris
1128 5805 1543 5887 bene_mcritus,
1567 5807 1758 5890 ingens
1793 5807 2045 5889 volumen
2090 5818 2382 5890 auctorum
2404 5804 2696 5890 Orientalis
2716 5803 2982 5890 Διξίεεριῆειξ
3005 5793 3342 5890 ntllanoﬁfc

72 5882 197 5929 uno
221 5874 347 5930 1611
378 5862 679 5941 εόοπέίυτ,
704 5862 908 5930 curavit
934 5874 1169 5949 _llorum
1207 5876 1468 5948 primum,
1493 5862 1587 5948 qui
1613 5862 1973 5936 slineinornine
2003 5893 2197 5952 agmen
2236 5877 2407 5947 ducit,
2429 5893 2493 5933 ex
2514 5862 2656 5949 Stj‘lu
2680 5886 2731 5933 et
2757 5879 2810 5932 in
2840 5873 3221 5930 Buamundum
3245 5862 3304 5918 af
3324 5891 3338 5901 τ
