3806 6306
55 454 142 511 755
242 491 246 496 .
739 441 800 498 Ρ.
842 439 1192 498 TUDEBODI
1231 439 1410 495 IIIST.
1456 437 1542 492 DE
1583 437 1956 494 IIIEROSOL.
2002 438 2161 494 ITIN.
2201 473 2267 479 —
2304 439 2432 494 LIB.
2472 439 2512 494 I.
3197 444 3305 501 766

49 583 132 624 nos
154 562 300 631 estis,
327 559 476 631 quod
509 574 634 616 cum
679 557 875 613 Turcis
904 557 1142 628 praeliari
1173 557 1420 612 valeatis.
1456 575 1474 608 ι
1501 553 1611 626 Ipsi
1643 561 1687 619 Α
1717 557 1862 628 quod
1919 558 2168 628 nequiret
2219 559 2450 615 retinere
2482 558 2758 614 indomita.-
2786 561 2962 631 gentis
2992 561 3301 633 vesanam;

46 673 154 714 vero
181 652 478 710 Christiani
533 651 778 721 nequiter
806 666 868 705 se
912 649 968 705 in
1006 649 1264 727 omnibus
1310 649 1604 704 habebant.
1709 647 1804 719 qui
1847 664 1948 704 nec
1977 649 2030 703 in
2060 651 2276 706 modico
2309 651 2687 721 obtemperare
2717 653 2972 707 volebant
3004 655 3302 710 saluberri-

41 749 157 805 Nam
206 745 406 818 palatia
457 744 698 800 civitatis
745 741 1102 798 destruebant
1135 751 1191 796 et
1219 741 1508 808 ardebant,
1552 747 1608 796 et
1709 742 1814 798 mis
1859 742 2084 798 monitis
2132 743 2328 813 ipsius.
2371 743 2541 815 Igitur
2578 743 2776 809 Turci,
2812 745 3082 802 irruentes
3134 763 3305 820 super

41 842 326 899 auferebam
349 839 662 911 plumbum,
703 837 845 893 unde
884 835 1130 892 ecclesiae
1149 842 1303 892 erant
1337 843 1608 905 cooperta:
1705 847 1822 899 eos,
1854 833 2060 888 multos
2086 835 2427 901 occiderunt,
2476 835 2614 892 alios
2644 836 3004 904 dormientes,
3045 838 3182 894 alios
3209 839 3298 909 ja-

39 945 83 990 et
108 932 396 989 vendebant
424 931 653 987 Graecis.
687 928 1032 1000 QuaprOpter
1057 927 1356 999 imperator
1381 927 1606 983 Alexius
1705 935 1915 992 centes,
1945 927 2087 982 alios
2119 928 2318 996 nudos,
2345 945 2446 984 nec
2493 945 2602 984 non
2639 939 2692 984 et
2721 931 3071 1002 presbyteros
3101 933 3299 988 missas

39 1025 178 1084 nimis
231 1024 438 1090 iratus,
494 1022 664 1094 jussit
724 1021 852 1078 illos
904 1029 1245 1078 transmeare
1293 1019 1602 1077 brachium.
1705 1019 2042 1075 celebrantes
2079 1035 2245 1090 super
2300 1021 2492 1076 altaria
2529 1022 3040 1094 martyrizaverunt.
3090 1024 3168 1079 Illi
3201 1027 3296 1097 qui

36 1119 302 1187 Postquam
367 1131 509 1171 vero
579 1113 1094 1180 transfretaverunt,
1148 1127 1260 1166 non
1317 1111 1608 1168 cessabant
1705 1120 2003 1181 potuerunt
2025 1112 2279 1179 evadere,
2315 1111 2568 1184 fugerunt
2595 1113 2858 1182 Civitoth,
2905 1116 2996 1171 alii
3025 1117 3299 1174 miserunt

36 1223 169 1278 agere
212 1205 394 1262 omnia
433 1205 604 1259 mala.
662 1203 800 1258 Nam
850 1203 1117 1260 ardebant
1166 1210 1222 1258 et
1249 1201 1608 1258 devastabant
1705 1219 1764 1260 se
1811 1204 1870 1260 in
1897 1220 2073 1273 mare,
2103 1205 2198 1259 alii
2231 1205 2287 1260 in
2336 1205 2540 1273 silvas,
2567 1207 2659 1260 alii
2703 1207 2758 1261 in
2807 1218 3086 1264 montana.
3132 1209 3298 1266 Turci

35 1301 196 1354 domos
220 1307 273 1354 ει
291 1297 586 1362 ecclesias.
613 1295 858 1352 Tandem
884 1303 1252 1366 pervenerunt
1271 1291 1600 1348 Nicomiam.
1706 1313 1944 1368 namque
1995 1308 2388 1368 persequentes
2415 1314 2511 1354 eos
2541 1299 2595 1353 in
2624 1310 2887 1368 castrum,
2917 1303 3298 1358 adunaverunt

31 1391 130 1445 Illic
153 1388 303 1445 divisi
330 1397 465 1445 sunt
492 1387 794 1445 Lombal'di
817 1397 873 1442 et
892 1385 1262 1458 Langobardi,
1280 1392 1336 1440 ει
1356 1383 1605 1438 Aleman-
1704 1391 1870 1460 ligna,
1899 1399 1960 1448 ut
1986 1405 2083 1445 eos
2115 1390 2372 1448 arderent
2393 1406 2526 1446 eum
2554 1401 2757 1448 castro.
2784 1392 3082 1448 Christiani
3107 1395 3290 1466 igitur,

35 1485 78 1540 ni
103 1500 129 1536 a
153 1481 394 1547 Francis,
429 1481 567 1552 quia
592 1479 791 1536 Franci
814 1478 960 1550 pleni
993 1486 1151 1534 erant
1189 1477 1397 1532 invidia
1435 1485 1489 1531 et
1517 1485 1606 1533 tu-
1705 1482 1801 1553 qui
1854 1481 1909 1536 in
1957 1482 2182 1540 castello
2216 1490 2393 1548 erant,
2431 1483 2808 1540 submiserunt
2841 1485 3016 1556 ignem
3049 1486 3104 1540 in
3130 1487 3294 1558 lignis

34 1577 152 1632 mida
173 1576 443 1648 superbia.
480 1574 889 1646 Elegeruntque
909 1571 1208 1639 seniorem,
1232 1570 1458 1625 nomine
1480 1567 1606 1624 Rai-
1702 1573 1981 1642 adunatis,
2014 1582 2068 1629 et
2097 1589 2163 1630 ex
2196 1573 2294 1632 Dei
2322 1575 2601 1630 voluntate
2647 1590 2899 1631 reversus
2925 1584 3010 1631 est
3061 1577 3202 1648 ignis
3225 1576 3295 1634 ad

34 1671 240 1735 naldum,
291 1677 346 1724 et
390 1668 750 1724 intraverunt
779 1663 1128 1730 Romaniam,
1161 1672 1217 1718 et
1244 1678 1339 1733 per
1367 1670 1604 1732 quatuor
1703 1664 1936 1732 Turcos,
1965 1674 2020 1721 et
2055 1666 2260 1723 idcirco
2291 1683 2390 1724 eos
2423 1668 2785 1741 reliquerunt.
2819 1665 2990 1738 Igitur
3020 1667 3184 1724 Turci
3205 1669 3292 1724 di—

29 1761 122 1816 dies
147 1760 318 1816 ierunt
341 1758 492 1815 ultra
533 1755 814 1814 Niczenam
853 1755 1158 1820 civitatem,
1181 1762 1235 1809 et
1265 1753 1604 1808 invenerunt
1702 1757 1946 1814 videntes
1981 1758 2126 1826 illos,
2158 1774 2299 1828 quos
2323 1757 2798 1830 apprehenderant
2815 1759 2990 1826 vivos,
3020 1759 3284 1815 distraxe-

29 1850 263 1920 quoddam
294 1857 547 1906 castrum
603 1846 982 1916 Exerogorgo,
1012 1844 1162 1916 Quod
1207 1858 1444 1899 vacuum
1482 1852 1605 1899 erat
1702 1859 1832 1906 runt
1879 1853 2152 1922 quosdam
2183 1853 2522 1908 Corosanam
2545 1895 2562 1921 ,
2613 1851 2753 1907 alios
2782 1851 2837 1906 in
2877 1850 3185 1920 Persidam,
3239 1859 3295 1906 et

31 1950 174 2013 gente.
210 1939 274 1997 Et
315 1939 808 2012 apprchenderunt
856 1937 1014 2005 ίιιυά,
1048 1935 1104 1992 in
1129 1951 1241 2008 quo
1277 1937 1602 1991 invenerunt
1631 1925 1676 1987 Β
1703 1941 1841 1998 alios
1870 1958 1967 2013 per
1991 1943 2238 2000 diversas
2264 1942 2594 2014 provincias.
2629 1940 2742 1997 Hoc
2767 1949 2939 1996 totum
2982 1939 3186 1995 factum
3209 1949 3296 1996 est

29 2034 322 2088 lrumentum
352 2030 730 2098 abundanter,
759 2038 814 2087 et
835 2030 1047 2097 vinum,
1084 2038 1140 2084 et
1167 2044 1366 2085 carnes
1396 2037 1451 2084 et
1478 2043 1595 2083 om-
1701 2033 1758 2089 in
1807 2050 1997 2091 mense
2042 2033 2323 2091 Oetobrio.
2371 2033 2615 2089 Audiens
2659 2033 2764 2088 hoc
2799 2033 3115 2103 imperator,
3147 2033 3292 2102 quod

31 2126 98 2180 nia
133 2125 282 2180 bona.
331 2125 646 2180 Audientes
682 2124 872 2194 itaque
923 2121 1094 2178 Turci
1123 2121 1273 2193 quod
1293 2119 1594 2176 Christiani
1699 2119 1863 2177 Turci
1902 2124 1977 2179 ita
1998 2123 2371 2196 dissipassent
2393 2123 2808 2191 nostros,lzetus
2827 2131 2881 2177 et
2915 2123 3139 2194 gavisus
3166 2121 3290 2187 fuit,

30 2228 177 2274 essent
220 2217 274 2272 in
300 2226 513 2284 castro,
543 2225 821 2273 venerunt
852 2216 1118 2273 continuo
1144 2215 1397 2271 obsidere
1433 2213 1588 2269 illud.
1694 2212 1933 2286 fecitque
1953 2231 2048 2271 eos
2073 2231 2317 2272 remeare
2341 2224 2494 2271 trans
2516 2214 2822 2270 brachium.
2845 2213 2979 2270 Post
2999 2215 3114 2270 haec
3139 2231 3295 2270 com-

29 2315 136 2370 Ante
161 2321 360 2384 portam
383 2313 619 2385 quidem
643 2315 814 2369 castri
836 2322 954 2369 erat
983 2321 1203 2384 puteus,
1227 2319 1280 2366 et
1309 2309 1376 2365 ad
1397 2309 1586 2381 pedem
1694 2305 1906 2376 paravit
1954 2305 2142 2362 omnia
2194 2321 2348 2360 arma
2389 2321 2602 2362 eorum.
2634 2304 2761 2362 Haec
2791 2305 2978 2362 omnia
3029 2305 3104 2360 ita
3135 2313 3290 2377 gesta

28 2407 159 2461 castri
183 2414 294 2462 erat
335 2405 466 2464 fons
513 2405 700 2474 vivus,
723 2406 882 2478 juxta
927 2420 1094 2477 quem
1132 2404 1266 2460 exiit
1285 2400 1589 2458 Rainaldus
1689 2405 1842 2452 sunt.

27 2498 252 2554 excubare
295 2507 527 2570 propter
563 2496 802 2554 Turcos.
859 2495 1155 2554 Venientes
1205 2495 1390 2566 itaque
1419 2492 1586 2550 Turci
1763 2489 2016 2546 Secunda
2043 2505 2176 2547 vero
2210 2507 2340 2562 pars
2367 2489 2592 2546 intravit
2617 2499 2797 2562 partes
2834 2490 3142 2557 Sclaviniaz,
3179 2490 3288 2546 sei-

29 2590 71 2646 in
95 2591 168 2646 die
190 2591 550 2648 dedicationis
575 2589 634 2646 S.
672 2589 976 2658 Michaelis,
1001 2589 1331 2644 invenerunt
1354 2585 1584 2642 Rainal-
1686 2582 1815 2640 licet
1881 2581 2226 2640 Raimundus
2273 2583 2460 2639 Sancti
2493 2583 2696 2656 IEgidii
2727 2599 2932 2650 comes,
2981 2593 3036 2640 ct
3064 2601 3188 2640 cum
3219 2601 3287 2640 eo

29 2681 146 2747 dum,
169 2691 218 2738 et
239 2683 372 2739 alios
396 2697 602 2739 omnes
626 2681 869 2753 quicum
895 2695 963 2736 eo
988 2687 1167 2746 erant,
1191 2688 1243 2737 et
1266 2677 1586 2734 occiderunt
1687 2676 2028 2733 honorabilis
2057 2675 2346 2733 Podiensis
2369 2676 2680 2749 episcopus.
2708 2675 2893 2732 Tertia
2927 2686 3110 2732 autem
3155 2691 3286 2746 pars

32 2773 194 2830 multos
228 2789 292 2830 ex
320 2775 424 2830 eis.
458 2773 574 2828 Alii
600 2787 731 2828 vero
760 2771 857 2842 qui
915 2778 1302 2827 remanserunt
1325 2769 1584 2841 fugerunt
1685 2785 1782 2840 per
1811 2770 2093 2842 antiquam
2147 2769 2376 2826 Romam
2403 2769 2572 2826 venit.
2602 2768 2662 2824 In
2699 2770 2803 2827 ista
2835 2779 2989 2842 parte
3014 2777 3287 2842 praeerant

30 2861 70 2916 in
91 2872 326 2932 castrum,
370 2865 527 2936 quod
572 2863 740 2920 Turci
776 2863 1112 2922 obsederunt
1149 2861 1435 2928 continuo,
1467 2861 1579 2916 eis-
1681 2862 2036 2920 Flandrcnsis
2082 2877 2290 2930 comes,
2321 2872 2376 2918 et
2408 2861 2704 2919 Rotbertus
2753 2861 3190 2929 Northmannus,
3221 2869 3279 2918 et

31 2970 112 3022 que
145 2972 328 3027 aquam
375 2957 752 3014 abstulerunt.
801 2953 1047 3010 Fuerunt
1076 2953 1262 3023 itaque
1309 2951 1483 3008 nostri
1523 2951 1578 3006 in
1683 2955 1840 3028 Ilugo
1889 2955 2139 3029 Magnus,
2167 2964 2222 3012 et
2274 2956 2367 3012 alii
2390 2956 2595 3027 plures.
2625 2953 2692 3012 Hi
2740 2971 2933 3012 omnes
2987 2955 3269 3026 applicuc‘

31 3055 147 3102 tanta
191 3049 473 3106 afflictione
521 3049 676 3114 sitis,
727 3047 874 3118 quod
927 3045 1292 3119 ﬂebotomare
1335 3043 1580 3100 facerent
1678 3059 1810 3108 runt
1872 3050 1941 3106 ad
1997 3059 2217 3121 portum
2280 3048 2676 3119 Brundusium,
2727 3058 2782 3105 et
2823 3047 3064 3116 Bai-nm,
3103 3057 3275 3118 atque

33 3153 133 3194 suos
156 3155 312 3211 equos
338 3154 394 3197 et
414 3140 634 3208 asinos,
661 3153 899 3210 quorum
928 3138 1252 3210 sanguinem
1279 3137 1572 3203 bibebant;
1678 3137 1996 3195 Tarentum.
2029 3139 2150 3196 Mox
2199 3139 2355 3213 Ilugo
2403 3140 2652 3213 Magnus,
2686 3148 2742 3196 et
2765 3139 3094 3197 Guillclmus
3126 3157 3276 3195 mar-

30 3239 71 3284 et
107 3231 196 3289 alia
236 3233 646 3306 quamplurima
691 3232 954 3288 terribilia
1006 3240 1229 3304 propter
1283 3231 1570 3302 penuriam
1603 3287 1641 3306 η
1677 3232 1815 3287 chisi
1861 3233 2036 3299 ﬁlius,
2087 3233 2368 3290 mittentes
2417 3249 2478 3290 se
2528 3233 2584 3288 in
2640 3250 2793 3289 mare
2823 3243 2982 3305 porto
3031 3232 3273 3301 Barum,

33 3335 152 3391 aqua:
186 3332 584 3396 perpetrarunt.
617 3323 726 3378 Alii
753 3338 884 3379 vero
913 3323 1201 3378 mittebant
1229 3323 1471 3379 cincidas
1517 3323 1572 3377 in
1601 3323 1642 3345 ν
1677 3323 2173 3381 transfretaverunt
2203 3325 2524 3382 Durachim.
2557 3325 2714 3394 Quod
2753 3326 2982 3382 audiens
3004 3325 3114 3380 dux
3138 3325 3275 3380 civi»

35 3413 251 3480 piscinam
293 3425 347 3472 et
391 3425 591 3488 postea
639 3414 990 3472 dimittebant
1036 3415 1091 3470 in
1144 3429 1209 3472 os
1249 3430 1433 3470 suum.
1465 3413 1574 3470 Alii
1676 3417 1826 3484 tatis,
1888 3419 2010 3474 illos
2059 3418 2311 3474 videlicet
2359 3419 2691 3490 applicatos,
2757 3419 3022 3475 continuo
3080 3418 3270 3490 iniqua

32 3508 188 3578 quippe
205 3509 516 3582 mingebant
536 3509 593 3564 in
620 3509 824 3580 pugillo
845 3508 1092 3574 alterius,
1115 3517 1170 3564 et
1197 3509 1569 3566 sicbibebaut.
1675 3508 2005 3579 cogitatione
2060 3525 2361 3567 succensus
2401 3510 2572 3581 jussit
2619 3511 2742 3565 illos
2787 3509 3154 3581 apprehendi,
3215 3519 3272 3565 et

33 3596 113 3652 Alii
140 3609 300 3656 autem
347 3601 632 3658 fodiebant
685 3601 968 3656 humidam
1016 3609 1240 3668 terram,
1292 3610 1348 3658 et
1389 3601 1573 3672 supini
1677 3598 2213 3672 Constantinopolim
2282 3610 2408 3658 ante
2461 3601 2850 3674 imperatorem
2922 3601 3162 3668 deduci,
3213 3609 3278 3657 ut

23 3684 255 3752 iactabant
277 3705 355 3758 se,
383 3701 438 3748 et
472 3691 766 3747 mittebant
788 3706 908 3745 eam
932 3706 1095 3762 super
1117 3707 1310 3748 eorum
1351 3702 1572 3762 pectora
1676 3691 1728 3749 ei
1764 3691 2078 3747 ﬁdelitatem
2110 3693 2372 3748 facerent.
2407 3691 2528 3747 Dux
2563 3695 2748 3764 itaque
2781 3691 3111 3748 Godcfridus
3143 3707 3273 3746 cum

31 3786 104 3830 aut
124 3794 328 3850 corpora
351 3798 451 3853 pro
484 3782 660 3837 nimia
690 3781 944 3838 ariditate
993 3781 1139 3838 sitis.
1188 3780 1442 3853 Episcopi
1469 3798 1572 3838 au-
1677 3801 1780 3840 suo
1842 3785 2086 3840 exercitu
2161 3783 2695 3855 Constantinopolim
2745 3782 3043 3839 adveniens
3095 3783 3274 3853 pridie

32 3874 182 3924 temet
211 3872 528 3945 presbyteri,
573 3873 669 3944 qui
713 3872 822 3928 illic
851 3872 1100 3942 aderant,
1152 3875 1575 3931 commonebant
1677 3875 1868 3933 Natale
1901 3875 2138 3944 Domini,
2163 3877 2476 3948 hospitatus
2510 3885 2595 3932 est
2617 3875 2776 3947 juxta
2803 3875 3102 3942 civitatem,
3137 3874 3272 3930 fuit-

33 3973 102 4012 eos
137 3962 357 4024 dicentes
403 3985 417 4021 :
454 3985 476 4018 ι
524 3965 711 4022 Estote
743 3965 912 4022 fortes
931 4008 948 4033 ,
978 3966 1345 4035 dilectissimi,
1375 3967 1428 4022 in
1468 3968 1573 4023 ﬁde
1677 3986 1784 4041 que
1814 3969 1910 4037 ibi,
1941 3969 2117 4025 donec
2142 3968 2441 4040 imperator
2457 3968 2627 4040 jussit
2656 3983 2781 4023 eum
2807 3968 2860 4023 in
2883 3967 3056 4038 burgo
3079 3966 3268 4038 recipi.

34 4047 296 4120 Christi,et
321 4057 490 4113 nolite
532 4057 724 4112 timere
745 4072 842 4113 eos
885 4058 980 4128 qui
1010 4073 1108 4114 vos
1137 4068 1569 4130 persequuntur.
1676 4062 1928 4133 Cumque
1979 4071 2230 4132 receptus
2275 4059 2490 4127 fuisset,
2539 4059 2775 4131 eligebat
2822 4073 3015 4115 secure
3040 4074 3107 4114 ex
3152 4059 3272 4114 suis

37 4137 136 4198 Nam
165 4145 412 4206 Dominus
448 4151 631 4206 dixit:
667 4148 853 4206 Nolite
881 4151 1066 4206 timere
1093 4167 1178 4206 eos
1200 4153 1292 4222 qui
1325 4152 1572 4207 occidunt
1676 4169 1817 4225 quos
1863 4169 1960 4225 per
2006 4153 2254 4225 singulos
2286 4152 2405 4208 dies
2433 4150 2840 4208 transmittebat
2889 4149 3058 4216 foras,
3091 4159 3150 4204 ut
3176 4165 3269 4204 as-

35 4244 446 4307 torpus,animam
489 4253 805 4298 autemnon
834 4253 1053 4315 possunt
1090 4244 1326 4300 occidere
1349 4243 1569 4315 (Matth.
1677 4254 1958 4316 portarent
2009 4247 2200 4317 paleas
2256 4254 2312 4300 et
2364 4244 2472 4300 alia
2519 4243 2854 4300 necessaria.
2895 4240 3000 4298 Sed
3029 4241 3272 4312 perﬁdus

35 4340 75 4388 κ,
97 4328 189 4401 28).
215 4331 334 4391 Haec
368 4337 680 4407 persecutio
711 4335 815 4392 fuit
840 4337 1035 4393 diebus
1063 4345 1208 4393 octo.
1238 4335 1448 4392 Interea
1477 4337 1575 4392 do-
1677 4339 1975 4409 imperator
2028 4338 2144 4395 suis
2163 4336 2506 4408 iTurcopulis
2535 4347 2589 4392 et
2618 4335 2961 4392 Pinciunatis
3011 4334 3115 4389 sub
3145 4333 3270 4388 dole

38 4420 182 4479 minus
217 4426 638 4485 Alemannorum
691 4430 1016 4486 consiliatus
1055 4439 1141 4486 est
1173 4445 1300 4486 cum
1353 4429 1570 4496 Turcis,
1677 4430 1980 4501 imperabat
2015 4445 2111 4486 eos
2153 4427 2414 4498 invadere
2449 4437 2506 4486 et
2531 4428 2797 4485 occidere.
2831 4425 2988 4496 Quod
3019 4422 3271 4480 animad-

38 4513 222 4577 qualiter
249 4520 480 4576 traderet
530 4521 670 4577 alios
708 4537 922 4578 omnes.
953 4521 1017 4576 Et
1074 4521 1286 4593 ﬁngens
1331 4537 1390 4578 se
1421 4522 1572 4578 exire
1675 4531 1893 4580 vertens
1915 4521 2230 4596 Baudoinus
2253 4520 2424 4577 frater
2448 4521 2627 4590 ducis,
2653 4537 2778 4576 mox
2806 4519 3078 4593 sagaciter
3103 4517 3270 4589 coepit

36 4599 84 4692 al
108 4600 298 4675 bellum,
320 4608 478 4682 fugiit
505 4611 572 4666 ad
603 4611 726 4666 illos
749 4627 874 4667 cum
899 4611 1107 4666 multis.
1139 4610 1218 4666 Illi
1240 4621 1446 4678 autem,
1473 4613 1569 4683 qui
1603 4633 1646 4689 υ
1675 4613 1991 4685 perquirere
2015 4628 2085 4668 an
2137 4601 2277 4692 fqi‘te
2306 4612 2432 4668 illos
2455 4621 2735 4682 utcunque
2771 4612 3016 4667 invenire
3056 4609 3268 4681 potuis-

39 4686 276 4753 Dominum
314 4718 514 4773 negare
554 4704 870 4771 noluerunt,
901 4705 1189 4774 capitalem
1236 4705 1564 4761 sententiam
1603 4686 1632 4689 —
1671 4711 1774 4760 set.
1794 4702 2036 4758 Tandem
2054 4686 2271 4774 gentem
2297 4718 2456 4758 suam
2479 4717 2573 4758 eos
2593 4701 2940 4757 devastantes
2964 4697 3266 4768 reperiens,

38 4794 353 4856 Susceperunt.
383 4795 538 4851 Alios
569 4796 1051 4866 apprehenderunt
1073 4795 1261 4865 Turci,
1289 4807 1345 4854 et
1364 4799 1566 4856 divise-
1671 4794 2021 4850 animositate
2051 4785 2270 4861 invasit,
2303 4803 2358 4850 et
2385 4793 2498 4849 Deo
2544 4793 2837 4864 adjuvante
2870 4789 3164 4860 superavit.
3199 4787 3267 4844 Et

42 4887 141 4931 runt
168 4879 364 4942 interse
398 4888 543 4943 sicut
579 4889 837 4960 quzclibet
873 4889 1156 4950 animalia.
1201 4889 1352 4946 Alios
1401 4891 1566 4947 mise-
1668 4885 2079 4956 apprehendens
2108 4901 2176 4941 ex
2209 4884 2293 4952 eis
2315 4881 2628 4954 sexaginta,
2651 4881 2786 4936 alios
2809 4877 3097 4944 interfecit,
3125 4876 3266 4933 alios

40 4977 135 5020 runt
157 4972 212 5025 ad
244 4975 472 5047 signum,
501 4988 555 5035 et
590 4981 924 5052 sagittabant
949 4981 1232 5049 eos;alios
1261 4981 1567 5038 vendebant
1670 4989 1796 5034 ante
1831 4977 1990 5034 ducis
2024 4986 2382 5049 conspectum
2410 4975 2656 5031 deduxit.
2689 4973 2846 5042 Quod
2877 4972 3106 5028 audiens
3153 4972 3262 5026 im-

42 5065 82 5145 tt
111 5058 368 5136 donabant,
397 5080 558 5140 prout
578 5071 685 5126 illis
716 5080 835 5128 erat
865 5072 1138 5129 voluntas.
1170 5071 1564 5145 Unusquisque
1669 5078 1910 5140 perator,
1962 5070 2134 5126 tristis
2162 5069 2328 5126 nimis
2361 5068 2588 5125 etlectus
2621 5075 2724 5122 est.
2759 5065 2877 5120 Dux
2919 5073 3100 5120 autem
3133 5081 3262 5120 sen-

37 5142 281 5209 vinumet-at
307 5174 432 5216 suos
466 5163 560 5218 ubi
613 5163 720 5232 ipsi
761 5164 1079 5229 manebant,
1110 5165 1203 5220 alii
1245 5165 1300 5219 in
1329 5142 1566 5222 Carosa-
1669 5161 1811 5218 tiens
1844 5162 2190 5232 imperatoris
2220 5161 2732 5225 stomachationcm,
2759 5159 2928 5230 jussit
2953 5171 3087 5214 suos
3108 5172 3263 5214 com-

43 5245 266 5306 minualii
290 5248 341 5304 in
382 5251 749 5323 Antiochiam,
788 5256 881 5311 alii
921 5245 1118 5328 Alepb.
1157 5256 1247 5313 Isti
1279 5257 1440 5328 primi
1471 5273 1564 5314 ac-
1667 5254 1944 5322 militones
1973 5255 2040 5310 de
2078 5255 2254 5326 burgo
2305 5255 2487 5328 exire,
2541 5261 2597 5308 et
2627 5261 2782 5308 extra
2817 5251 3091 5308 civitatem
3118 5251 3263 5306 sicut

43 5338 250 5418 filerunt
291 5338 508 5400 feliciter
553 5347 897 5418 martyrium.
929 5347 1062 5402 Post
1113 5349 1231 5404 haec
1275 5349 1560 5406 audientes
1667 5345 1822 5417 prius
1851 5355 2035 5403 castra
2083 5363 2306 5418 ponere.
2337 5346 2640 5417 Imperator
2679 5360 2808 5402 vero
2843 5361 2968 5402 sero
2995 5359 3256 5416 superve-

43 5411 171 5521 Iurei
209 5429 337 5496 quod
367 5431 554 5490 Petrus
582 5435 820 5492 Eremita
842 5447 896 5493 et
924 5436 1216 5493 Cauterius
1240 5437 1478 5494 fuissent
1506 5439 1560 5495 in
1667 5437 1852 5494 nientc
1899 5439 2073 5496 misso
2118 5440 2361 5496 exercitu
2405 5439 2534 5498 fecit
2579 5438 2834 5496 invadere
2861 5439 3092 5507 ducem,
3142 5439 3259 5510 plc-

47 5503 252 5584 Civitoth,
283 5526 417 5592 quod
458 5537 544 5584 est
583 5543 748 5600 supra
779 5529 1056 5586 Nictenam
1081 5531 1384 5598 civitatem,
1421 5548 1556 5588 con-
1669 5529 1906 5601 bemque
1956 5540 2227 5587 sanctam.
2272 5531 2423 5599 Quos
2476 5548 2814 5604 persequens
2858 5503 3096 5590 invictus
3142 5503 3256 5587 dux

46 5607 280 5703 siluerunt
320 5615 437 5674 illnc
482 5636 606 5675 cum
661 5636 861 5692 magno
909 5621 1130 5693 gaudio,
1158 5622 1434 5678 trucidare
1461 5639 1558 5680 cos
1661 5637 1785 5678 cum
1818 5622 2150 5680 Christianis
2183 5625 2484 5694 militibus,
2528 5626 2732 5684 occidit
2773 5635 2982 5698 septem
3017 5642 3086 5681 ex
3123 5623 3253 5691 illis,

51 5700 293 5792 Cupientes.
336 5706 396 5763 Et
423 5727 544 5768 cum
573 5713 910 5772 invenissent
935 5713 1256 5770 Cauterium
1286 5731 1412 5771 cum
1441 5716 1558 5773 suis
1660 5717 2040 5787 persequendo
2063 5717 2203 5772 alios
2222 5733 2396 5789 usque
2427 5719 2496 5774 ad
2525 5728 2737 5790 portam
2762 5718 3018 5792 civitatis.
3047 5715 3254 5771 Dehinc

52 5781 277 5889 llltitliiltts,
296 5812 468 5859 omnes
487 5805 772 5883 confestim
793 5808 1132 5863 occiderunt.
1160 5807 1355 5865 Petrus
1375 5816 1556 5865 autem
1661 5822 1914 5863 reversus
1945 5808 2012 5863 ad
2040 5809 2295 5876 tentor'a,
2328 5811 2530 5866 inansit
2556 5811 2687 5866 inibi
2720 5827 2816 5882 per
2840 5790 3087 5881 quinque
3108 5807 3246 5862 dies.

57 5864 239 5937 b'emita
280 5891 424 5962 paulo
470 5907 593 5953 ante
630 5909 848 5957 venerat
903 5901 1460 5972 Constantinopolim,
1492 5917 1556 5959 eo
1657 5898 1788 5956 Post
1811 5901 1925 5959 haec
1953 5903 2461 5979 transfrctm'itdux
2499 5905 2784 5962 brachium
2821 5902 3002 5960 Sancti
3032 5899 3252 5973 Georgii
