  <div class='ocr_page' id='page_1' title='image "/cluster/home/n/w/nwhite01/storage/ocr_20150623/155/hvd.32044015473838/389.png"; bbox 0 0 3806 6306; ppageno 0'>
   <div class='ocr_carea' id='block_1_1' title="bbox 569 323 2150 432">
    <p class='ocr_par' dir='ltr' id='par_1_1' title="bbox 569 351 2150 432">
     <span class='ocr_line' id='line_1_1' title="bbox 569 351 2150 432; baseline -0.002 -1"><span class='ocrx_word' id='word_1_1' title='bbox 569 375 673 432; x_wconf 79' lang='grc'><strong>767</strong></span> <span class='ocrx_word' id='word_1_2' title='bbox 1087 351 1230 428; x_wconf 55' lang='grc' dir='ltr'>λιιι)</span> <span class='ocrx_word' id='word_1_3' title='bbox 1267 371 1715 430; x_wconf 70' lang='lat' dir='ltr'><strong>conurmnun</strong></span> <span class='ocrx_word' id='word_1_4' title='bbox 1752 371 2042 428; x_wconf 77' lang='lat' dir='ltr'><strong>APPEND.</strong></span> <span class='ocrx_word' id='word_1_5' title='bbox 2086 372 2150 428; x_wconf 93' lang='grc' dir='ltr'>ιι.</span> 
     </span>
    </p>
   </div>
   <div class='ocr_carea' id='block_1_2' title="bbox 2189 342 3720 446">
    <p class='ocr_par' dir='ltr' id='par_1_2' title="bbox 2189 342 3720 446">
     <span class='ocr_line' id='line_1_2' title="bbox 2189 342 3720 446; baseline 0.001 -17"><span class='ocrx_word' id='word_1_6' title='bbox 2189 403 2258 414; x_wconf 75' lang='lat'><strong>-—</strong></span> <span class='ocrx_word' id='word_1_7' title='bbox 2293 372 2567 430; x_wconf 69' lang='lat' dir='ltr'><strong>nonum.</strong></span> <span class='ocrx_word' id='word_1_8' title='bbox 2611 342 2700 428; x_wconf 67' lang='lat' dir='ltr'><strong>ni:</strong></span> <span class='ocrx_word' id='word_1_9' title='bbox 2735 346 2960 431; x_wconf 62' lang='lat' dir='ltr'><strong>nuto</strong></span> <span class='ocrx_word' id='word_1_10' title='bbox 2997 374 3242 432; x_wconf 59' lang='lat' dir='ltr'><strong>saeuo.</strong></span> <span class='ocrx_word' id='word_1_11' title='bbox 3656 386 3720 446; x_wconf 60' lang='grc' dir='ltr'><strong>τε</strong></span> 
     </span>
    </p>
   </div>
   <div class='ocr_carea' id='block_1_3' title="bbox 569 489 3720 567">
    <p class='ocr_par' dir='ltr' id='par_1_3' title="bbox 569 489 3720 567">
     <span class='ocr_line' id='line_1_3' title="bbox 569 489 3720 567; baseline 0 -18"><span class='ocrx_word' id='word_1_12' title='bbox 569 509 696 550; x_wconf 89' lang='lat' dir='ltr'><strong>cum</strong></span> <span class='ocrx_word' id='word_1_13' title='bbox 740 489 889 555; x_wconf 83' lang='lat' dir='ltr'><strong>omni</strong></span> <span class='ocrx_word' id='word_1_14' title='bbox 919 490 1182 557; x_wconf 80' lang='lat' dir='ltr'><strong>exercitu,</strong></span> <span class='ocrx_word' id='word_1_15' title='bbox 1228 490 1522 546; x_wconf 65' lang='lat' dir='ltr'><strong>fmderatus</strong></span> <span class='ocrx_word' id='word_1_16' title='bbox 1573 491 1726 562; x_wconf 89' lang='lat' dir='ltr'><strong>prius</strong></span> <span class='ocrx_word' id='word_1_17' title='bbox 1755 507 1879 546; x_wconf 90' lang='lat' dir='ltr'><strong>cum</strong></span> <span class='ocrx_word' id='word_1_18' title='bbox 1920 491 2153 561; x_wconf 88' lang='lat' dir='ltr'><strong>impera-</strong></span> <span class='ocrx_word' id='word_1_19' title='bbox 2184 491 2229 548; x_wconf 72' lang='grc' dir='ltr'>Α</span> <span class='ocrx_word' id='word_1_20' title='bbox 2255 491 2401 563; x_wconf 85' lang='lat' dir='ltr'><strong>quod</strong></span> <span class='ocrx_word' id='word_1_21' title='bbox 2423 491 2686 548; x_wconf 89' lang='lat' dir='ltr'><strong>continuo</strong></span> <span class='ocrx_word' id='word_1_22' title='bbox 2709 491 2775 567; x_wconf 16' lang='lat' dir='ltr'><strong>[in</strong></span> <span class='ocrx_word' id='word_1_23' title='bbox 2818 499 3012 547; x_wconf 85' lang='lat' dir='ltr'><strong>nostro</strong></span> <span class='ocrx_word' id='word_1_24' title='bbox 3032 489 3273 547; x_wconf 87' lang='lat' dir='ltr'><strong>subdunt</strong></span> <span class='ocrx_word' id='word_1_25' title='bbox 3315 491 3534 564; x_wconf 87' lang='lat' dir='ltr'><strong>imperio.</strong></span> <span class='ocrx_word' id='word_1_26' title='bbox 3556 499 3720 561; x_wconf 63' lang='grc' dir='ltr'><strong>Λέρου</strong></span> 
     </span>
    </p>
   </div>
   <div class='ocr_carea' id='block_1_4' title="bbox 570 582 2156 654">
    <p class='ocr_par' dir='ltr' id='par_1_4' title="bbox 570 582 2156 654">
     <span class='ocr_line' id='line_1_4' title="bbox 570 582 2156 654; baseline -0.002 -13"><span class='ocrx_word' id='word_1_27' title='bbox 570 595 711 650; x_wconf 89' lang='lat' dir='ltr'><strong>tore,</strong></span> <span class='ocrx_word' id='word_1_28' title='bbox 745 584 838 639; x_wconf 90' lang='lat' dir='ltr'><strong>tali</strong></span> <span class='ocrx_word' id='word_1_29' title='bbox 870 582 1119 639; x_wconf 78' lang='lat' dir='ltr'><strong>videlicet</strong></span> <span class='ocrx_word' id='word_1_30' title='bbox 1152 591 1330 654; x_wconf 85' lang='lat' dir='ltr'><strong>pacto,</strong></span> <span class='ocrx_word' id='word_1_31' title='bbox 1373 593 1432 638; x_wconf 93' lang='lat' dir='ltr'><strong>ut</strong></span> <span class='ocrx_word' id='word_1_32' title='bbox 1462 584 1647 639; x_wconf 86' lang='lat' dir='ltr'><strong>omnia</strong></span> <span class='ocrx_word' id='word_1_33' title='bbox 1673 600 1796 654; x_wconf 68' lang='lat' dir='ltr'><strong>qua:</strong></span> <span class='ocrx_word' id='word_1_34' title='bbox 1829 582 1932 638; x_wconf 82' lang='lat' dir='ltr'><strong>sibi</strong></span> <span class='ocrx_word' id='word_1_35' title='bbox 1969 597 2156 639; x_wconf 86' lang='lat' dir='ltr'><strong>ncces-</strong></span> 
     </span>
    </p>
   </div>
   <div class='ocr_carea' id='block_1_5' title="bbox 571 673 2156 746">
    <p class='ocr_par' dir='ltr' id='par_1_5' title="bbox 571 673 2156 746">
     <span class='ocr_line' id='line_1_5' title="bbox 571 673 2156 746; baseline -0.002 -14"><span class='ocrx_word' id='word_1_36' title='bbox 571 677 715 733; x_wconf 81' lang='lat' dir='ltr'><strong>saria</strong></span> <span class='ocrx_word' id='word_1_37' title='bbox 741 675 920 730; x_wconf 80' lang='lat' dir='ltr'><strong>forent</strong></span> <span class='ocrx_word' id='word_1_38' title='bbox 968 676 1140 730; x_wconf 91' lang='lat' dir='ltr'><strong>multo</strong></span> <span class='ocrx_word' id='word_1_39' title='bbox 1175 675 1304 728; x_wconf 88' lang='lat' dir='ltr'><strong>vilio</strong></span> <span class='ocrx_word' id='word_1_40' title='bbox 1338 675 1355 728; x_wconf 94' lang='lat' dir='ltr'><strong>i</strong></span> <span class='ocrx_word' id='word_1_41' title='bbox 1384 675 1560 746; x_wconf 77' lang='lat' dir='ltr'><strong>pretio</strong></span> <span class='ocrx_word' id='word_1_42' title='bbox 1589 675 1852 730; x_wconf 74' lang='lat' dir='ltr'><strong>exercitui</strong></span> <span class='ocrx_word' id='word_1_43' title='bbox 1874 673 2156 730; x_wconf 85' lang='lat' dir='ltr'><strong>venunda-</strong></span> 
     </span>
    </p>
   </div>
   <div class='ocr_carea' id='block_1_6' title="bbox 571 766 2160 838">
    <p class='ocr_par' dir='ltr' id='par_1_6' title="bbox 571 766 2160 838">
     <span class='ocr_line' id='line_1_6' title="bbox 571 766 2160 838; baseline -0.001 -15"><span class='ocrx_word' id='word_1_44' title='bbox 571 779 762 825; x_wconf 89' lang='lat' dir='ltr'><strong>rcntur</strong></span> <span class='ocrx_word' id='word_1_45' title='bbox 807 785 973 838; x_wconf 91' lang='lat' dir='ltr'><strong>quam</strong></span> <span class='ocrx_word' id='word_1_46' title='bbox 1020 768 1172 838; x_wconf 86' lang='lat' dir='ltr'><strong>prius</strong></span> <span class='ocrx_word' id='word_1_47' title='bbox 1203 767 1258 822; x_wconf 92' lang='lat' dir='ltr'><strong>in</strong></span> <span class='ocrx_word' id='word_1_48' title='bbox 1298 767 1518 823; x_wconf 89' lang='lat' dir='ltr'><strong>civitate</strong></span> <span class='ocrx_word' id='word_1_49' title='bbox 1558 768 1899 822; x_wconf 90' lang='lat' dir='ltr'><strong>emebantur.</strong></span> <span class='ocrx_word' id='word_1_50' title='bbox 1929 766 2160 837; x_wconf 88' lang='lat' dir='ltr'><strong>Insuper</strong></span> 
     </span>
    </p>
   </div>
   <div class='ocr_carea' id='block_1_7' title="bbox 570 861 2159 934">
    <p class='ocr_par' dir='ltr' id='par_1_7' title="bbox 570 861 2159 934">
     <span class='ocr_line' id='line_1_7' title="bbox 570 861 2159 934; baseline -0.002 -15"><span class='ocrx_word' id='word_1_51' title='bbox 570 865 736 919; x_wconf 76' lang='lat' dir='ltr'><strong>etiam</strong></span> <span class='ocrx_word' id='word_1_52' title='bbox 781 863 1034 934; x_wconf 85' lang='lat' dir='ltr'><strong>promisit</strong></span> <span class='ocrx_word' id='word_1_53' title='bbox 1077 862 1391 932; x_wconf 81' lang='lat' dir='ltr'><strong>imperator,</strong></span> <span class='ocrx_word' id='word_1_54' title='bbox 1433 862 1691 917; x_wconf 91' lang='lat' dir='ltr'><strong>omnibus</strong></span> <span class='ocrx_word' id='word_1_55' title='bbox 1736 861 2159 916; x_wconf 81' lang='lat' dir='ltr'><strong>adventantibus</strong></span> 
     </span>
    </p>
   </div>
   <div class='ocr_carea' id='block_1_8' title="bbox 572 953 2158 1028">
    <p class='ocr_par' dir='ltr' id='par_1_8' title="bbox 572 953 2158 1028">
     <span class='ocr_line' id='line_1_8' title="bbox 572 953 2158 1028; baseline -0.003 -17"><span class='ocrx_word' id='word_1_56' title='bbox 572 955 904 1028; x_wconf 81' lang='lat' dir='ltr'><strong>pauperibus</strong></span> <span class='ocrx_word' id='word_1_57' title='bbox 928 955 1186 1010; x_wconf 89' lang='lat' dir='ltr'><strong>alimonia</strong></span> <span class='ocrx_word' id='word_1_58' title='bbox 1209 969 1458 1024; x_wconf 89' lang='lat' dir='ltr'><strong>erogare,</strong></span> <span class='ocrx_word' id='word_1_59' title='bbox 1487 953 1632 1009; x_wconf 89' lang='lat' dir='ltr'><strong>unde</strong></span> <span class='ocrx_word' id='word_1_60' title='bbox 1661 953 1843 1008; x_wconf 81' lang='lat' dir='ltr'><strong>vivere</strong></span> <span class='ocrx_word' id='word_1_61' title='bbox 1873 953 2158 1009; x_wconf 73' lang='lat' dir='ltr'><strong>abandon-</strong></span> 
     </span>
    </p>
   </div>
   <div class='ocr_carea' id='block_1_9' title="bbox 570 1048 1006 1118">
    <p class='ocr_par' dir='ltr' id='par_1_9' title="bbox 570 1048 1006 1118">
     <span class='ocr_line' id='line_1_9' title="bbox 570 1048 1006 1118; baseline -0.009 -14"><span class='ocrx_word' id='word_1_62' title='bbox 570 1059 654 1104; x_wconf 88' lang='lat' dir='ltr'><strong>ter</strong></span> <span class='ocrx_word' id='word_1_63' title='bbox 683 1048 1006 1118; x_wconf 81' lang='lat' dir='ltr'><strong>potuissent.</strong></span> 
     </span>
    </p>
   </div>
   <div class='ocr_carea' id='block_1_10' title="bbox 786 1136 1936 1209">
    <p class='ocr_par' dir='ltr' id='par_1_10' title="bbox 786 1136 1936 1209">
     <span class='ocr_line' id='line_1_10' title="bbox 786 1136 1936 1209; baseline -0.001 -17"><span class='ocrx_word' id='word_1_64' title='bbox 786 1139 1060 1204; x_wconf 84' lang='lat' dir='ltr'><strong>Quomodo</strong></span> <span class='ocrx_word' id='word_1_65' title='bbox 1097 1136 1442 1193; x_wconf 78' lang='lat' dir='ltr'><strong>Boamundus</strong></span> <span class='ocrx_word' id='word_1_66' title='bbox 1479 1153 1686 1192; x_wconf 80' lang='lat' dir='ltr'><strong>crucem</strong></span> <span class='ocrx_word' id='word_1_67' title='bbox 1715 1138 1936 1209; x_wconf 80' lang='lat' dir='ltr'><strong>accepit.</strong></span> 
     </span>
    </p>
   </div>
   <div class='ocr_carea' id='block_1_11' title="bbox 640 1227 2156 1301">
    <p class='ocr_par' dir='ltr' id='par_1_11' title="bbox 640 1227 2156 1301">
     <span class='ocr_line' id='line_1_11' title="bbox 640 1227 2156 1301; baseline -0.002 -16"><span class='ocrx_word' id='word_1_68' title='bbox 640 1230 851 1288; x_wconf 80' lang='lat' dir='ltr'><strong>Interea</strong></span> <span class='ocrx_word' id='word_1_69' title='bbox 882 1231 1255 1298; x_wconf 88' lang='lat' dir='ltr'><strong>Boamundus,</strong></span> <span class='ocrx_word' id='word_1_70' title='bbox 1280 1231 1374 1301; x_wconf 91' lang='lat' dir='ltr'><strong>qui</strong></span> <span class='ocrx_word' id='word_1_71' title='bbox 1399 1238 1516 1285; x_wconf 87' lang='lat' dir='ltr'><strong>erat</strong></span> <span class='ocrx_word' id='word_1_72' title='bbox 1541 1230 1596 1284; x_wconf 89' lang='lat' dir='ltr'><strong>in</strong></span> <span class='ocrx_word' id='word_1_73' title='bbox 1619 1229 1904 1286; x_wconf 87' lang='lat' dir='ltr'><strong>obsidione</strong></span> <span class='ocrx_word' id='word_1_74' title='bbox 1933 1227 2156 1298; x_wconf 79' lang='lat' dir='ltr'><strong>Malphi,</strong></span> 
     </span>
    </p>
   </div>
   <div class='ocr_carea' id='block_1_12' title="bbox 571 1321 2161 1394">
    <p class='ocr_par' dir='ltr' id='par_1_12' title="bbox 571 1321 2161 1394">
     <span class='ocr_line' id='line_1_12' title="bbox 571 1321 2161 1394; baseline -0.004 -13"><span class='ocrx_word' id='word_1_75' title='bbox 571 1323 778 1381; x_wconf 73' lang='lat' dir='ltr'><strong>Scilicet</strong></span> <span class='ocrx_word' id='word_1_76' title='bbox 799 1322 1071 1394; x_wconf 87' lang='lat' dir='ltr'><strong>Caphardi</strong></span> <span class='ocrx_word' id='word_1_77' title='bbox 1109 1323 1314 1393; x_wconf 88' lang='lat' dir='ltr'><strong>pontis,</strong></span> <span class='ocrx_word' id='word_1_78' title='bbox 1345 1321 1572 1378; x_wconf 84' lang='lat' dir='ltr'><strong>audiens</strong></span> <span class='ocrx_word' id='word_1_79' title='bbox 1597 1321 1816 1378; x_wconf 83' lang='lat' dir='ltr'><strong>venisse</strong></span> <span class='ocrx_word' id='word_1_80' title='bbox 1842 1321 2161 1375; x_wconf 88' lang='lat' dir='ltr'><strong>innumera-</strong></span> 
     </span>
    </p>
   </div>
   <div class='ocr_carea' id='block_1_13' title="bbox 571 1411 2159 1486">
    <p class='ocr_par' dir='ltr' id='par_1_13' title="bbox 571 1411 2159 1486">
     <span class='ocr_line' id='line_1_13' title="bbox 571 1411 2159 1486; baseline -0.002 -16"><span class='ocrx_word' id='word_1_81' title='bbox 571 1411 738 1470; x_wconf 85' lang='lat' dir='ltr'><strong>bilem</strong></span> <span class='ocrx_word' id='word_1_82' title='bbox 769 1423 980 1486; x_wconf 82' lang='lat' dir='ltr'><strong>gentem</strong></span> <span class='ocrx_word' id='word_1_83' title='bbox 1017 1413 1378 1480; x_wconf 86' lang='lat' dir='ltr'><strong>Francorum,</strong></span> <span class='ocrx_word' id='word_1_84' title='bbox 1410 1424 1680 1485; x_wconf 82' lang='lat' dir='ltr'><strong>quatenus</strong></span> <span class='ocrx_word' id='word_1_85' title='bbox 1701 1414 1845 1468; x_wconf 87' lang='lat' dir='ltr'><strong>viam</strong></span> <span class='ocrx_word' id='word_1_86' title='bbox 1869 1413 2045 1468; x_wconf 87' lang='lat' dir='ltr'><strong>sancti</strong></span> <span class='ocrx_word' id='word_1_87' title='bbox 2070 1428 2159 1468; x_wconf 90' lang='lat' dir='ltr'><strong>se-</strong></span> 
     </span>
    </p>
   </div>
   <div class='ocr_carea' id='block_1_14' title="bbox 570 1507 2158 1579">
    <p class='ocr_par' dir='ltr' id='par_1_14' title="bbox 570 1507 2158 1579">
     <span class='ocr_line' id='line_1_14' title="bbox 570 1507 2158 1579; baseline 0 -19"><span class='ocrx_word' id='word_1_88' title='bbox 570 1507 748 1579; x_wconf 81' lang='lat' dir='ltr'><strong>pulcri</strong></span> <span class='ocrx_word' id='word_1_89' title='bbox 791 1507 858 1562; x_wconf 90' lang='lat' dir='ltr'><strong>de</strong></span> <span class='ocrx_word' id='word_1_90' title='bbox 908 1523 1073 1562; x_wconf 90' lang='lat' dir='ltr'><strong>manu</strong></span> <span class='ocrx_word' id='word_1_91' title='bbox 1113 1507 1349 1578; x_wconf 88' lang='lat' dir='ltr'><strong>eriperet</strong></span> <span class='ocrx_word' id='word_1_92' title='bbox 1390 1507 1758 1579; x_wconf 87' lang='lat' dir='ltr'><strong>pessimorum</strong></span> <span class='ocrx_word' id='word_1_93' title='bbox 1785 1521 2158 1577; x_wconf 78' lang='lat' dir='ltr'><strong>paganorum,</strong></span> 
     </span>
    </p>
   </div>
   <div class='ocr_carea' id='block_1_15' title="bbox 573 1596 2162 1666">
    <p class='ocr_par' dir='ltr' id='par_1_15' title="bbox 573 1596 2162 1666">
     <span class='ocr_line' id='line_1_15' title="bbox 573 1596 2162 1666; baseline -0.001 -13"><span class='ocrx_word' id='word_1_94' title='bbox 573 1609 627 1653; x_wconf 89' lang='lat' dir='ltr'><strong>ut</strong></span> <span class='ocrx_word' id='word_1_95' title='bbox 661 1599 890 1658; x_wconf 87' lang='lat' dir='ltr'><strong>ulterius</strong></span> <span class='ocrx_word' id='word_1_96' title='bbox 926 1597 1119 1654; x_wconf 86' lang='lat' dir='ltr'><strong>fuisset</strong></span> <span class='ocrx_word' id='word_1_97' title='bbox 1154 1598 1413 1666; x_wconf 87' lang='lat' dir='ltr'><strong>liberata,</strong></span> <span class='ocrx_word' id='word_1_98' title='bbox 1446 1607 1499 1653; x_wconf 91' lang='lat' dir='ltr'><strong>et</strong></span> <span class='ocrx_word' id='word_1_99' title='bbox 1541 1596 1875 1652; x_wconf 83' lang='lat' dir='ltr'><strong>Christianis</strong></span> <span class='ocrx_word' id='word_1_100' title='bbox 1905 1596 2162 1652; x_wconf 87' lang='lat' dir='ltr'><strong>omnibus</strong></span> 
     </span>
    </p>
   </div>
   <div class='ocr_carea' id='block_1_16' title="bbox 573 1688 2162 1761">
    <p class='ocr_par' dir='ltr' id='par_1_16' title="bbox 573 1688 2162 1761">
     <span class='ocr_line' id='line_1_16' title="bbox 573 1688 2162 1761; baseline 0 -17"><span class='ocrx_word' id='word_1_101' title='bbox 573 1690 815 1761; x_wconf 83' lang='lat' dir='ltr'><strong>undique</strong></span> <span class='ocrx_word' id='word_1_102' title='bbox 835 1698 1003 1746; x_wconf 88' lang='lat' dir='ltr'><strong>staret</strong></span> <span class='ocrx_word' id='word_1_103' title='bbox 1023 1689 1311 1760; x_wconf 86' lang='lat' dir='ltr'><strong>patefacta,</strong></span> <span class='ocrx_word' id='word_1_104' title='bbox 1329 1691 1587 1746; x_wconf 89' lang='lat' dir='ltr'><strong>continuo</strong></span> <span class='ocrx_word' id='word_1_105' title='bbox 1598 1689 1742 1761; x_wconf 88' lang='lat' dir='ltr'><strong>capit</strong></span> <span class='ocrx_word' id='word_1_106' title='bbox 1759 1688 2162 1760; x_wconf 87' lang='lat' dir='ltr'><strong>sapientissime</strong></span> 
     </span>
    </p>
   </div>
   <div class='ocr_carea' id='block_1_17' title="bbox 2256 584 3719 655">
    <p class='ocr_par' dir='ltr' id='par_1_17' title="bbox 2256 584 3719 655">
     <span class='ocr_line' id='line_1_17' title="bbox 2256 584 3719 655; baseline 0.004 -17"><span class='ocrx_word' id='word_1_107' title='bbox 2256 585 2442 654; x_wconf 84' lang='lat' dir='ltr'><strong>itaque</strong></span> <span class='ocrx_word' id='word_1_108' title='bbox 2480 584 2605 655; x_wconf 82' lang='lat' dir='ltr'><strong>igne</strong></span> <span class='ocrx_word' id='word_1_109' title='bbox 2643 584 3071 639; x_wconf 82' lang='lat' dir='ltr'><strong>eombussernnt</strong></span> <span class='ocrx_word' id='word_1_110' title='bbox 3114 592 3356 639; x_wconf 79' lang='lat' dir='ltr'><strong>castrum</strong></span> <span class='ocrx_word' id='word_1_111' title='bbox 3387 585 3502 641; x_wconf 73' lang='lat' dir='ltr'><strong>illud</strong></span> <span class='ocrx_word' id='word_1_112' title='bbox 3541 604 3719 651; x_wconf 69' lang='lat' dir='ltr'><strong>unam</strong></span> 
     </span>
    </p>
   </div>
   <div class='ocr_carea' id='block_1_18' title="bbox 2255 673 3721 755">
    <p class='ocr_par' dir='ltr' id='par_1_18' title="bbox 2255 673 3721 755">
     <span class='ocr_line' id='line_1_18' title="bbox 2255 673 3721 755; baseline 0.003 -26"><span class='ocrx_word' id='word_1_113' title='bbox 2255 675 2658 730; x_wconf 86' lang='lat' dir='ltr'><strong>habitatoribus</strong></span> <span class='ocrx_word' id='word_1_114' title='bbox 2695 675 2845 742; x_wconf 85' lang='lat' dir='ltr'><strong>suis,</strong></span> <span class='ocrx_word' id='word_1_115' title='bbox 2889 673 3100 730; x_wconf 84' lang='lat' dir='ltr'><strong>scilicet</strong></span> <span class='ocrx_word' id='word_1_116' title='bbox 3128 675 3491 732; x_wconf 72' lang='lat' dir='ltr'><strong>haereticorum</strong></span> <span class='ocrx_word' id='word_1_117' title='bbox 3525 695 3721 755; x_wconf 64' lang='lat' dir='ltr'><strong>«suum</strong></span> 
     </span>
    </p>
   </div>
   <div class='ocr_carea' id='block_1_19' title="bbox 2257 764 3724 838">
    <p class='ocr_par' dir='ltr' id='par_1_19' title="bbox 2257 764 3724 838">
     <span class='ocr_line' id='line_1_19' title="bbox 2257 764 3724 838; baseline 0.004 -18"><span class='ocrx_word' id='word_1_118' title='bbox 2257 765 2424 821; x_wconf 89' lang='lat' dir='ltr'><strong>tione.</strong></span> <span class='ocrx_word' id='word_1_119' title='bbox 2449 764 2646 821; x_wconf 89' lang='lat' dir='ltr'><strong>Postea</strong></span> <span class='ocrx_word' id='word_1_120' title='bbox 2701 767 2848 822; x_wconf 91' lang='lat' dir='ltr'><strong>enim</strong></span> <span class='ocrx_word' id='word_1_121' title='bbox 2885 777 3251 838; x_wconf 88' lang='lat' dir='ltr'><strong>pervenerunt</strong></span> <span class='ocrx_word' id='word_1_122' title='bbox 3287 768 3353 823; x_wconf 85' lang='lat' dir='ltr'><strong>ad</strong></span> <span class='ocrx_word' id='word_1_123' title='bbox 3394 769 3566 826; x_wconf 79' lang='lat' dir='ltr'><strong>ﬂumen</strong></span> <span class='ocrx_word' id='word_1_124' title='bbox 3599 773 3724 830; x_wconf 60' lang='lat' dir='ltr'><strong>Bardi.</strong></span> 
     </span>
    </p>
   </div>
   <div class='ocr_carea' id='block_1_20' title="bbox 2255 853 3724 935">
    <p class='ocr_par' dir='ltr' id='par_1_20' title="bbox 2255 853 3724 935">
     <span class='ocr_line' id='line_1_20' title="bbox 2255 853 3724 935; baseline 0.005 -21"><span class='ocrx_word' id='word_1_125' title='bbox 2255 873 2404 916; x_wconf 86' lang='lat' dir='ltr'><strong>rum.</strong></span> <span class='ocrx_word' id='word_1_126' title='bbox 2442 857 2693 914; x_wconf 80' lang='lat' dir='ltr'><strong>Perrexit</strong></span> <span class='ocrx_word' id='word_1_127' title='bbox 2733 859 2920 930; x_wconf 85' lang='lat' dir='ltr'><strong>itaque</strong></span> <span class='ocrx_word' id='word_1_128' title='bbox 2962 853 3318 916; x_wconf 77' lang='lat' dir='ltr'><strong>Boamundus</strong></span> <span class='ocrx_word' id='word_1_129' title='bbox 3358 877 3474 916; x_wconf 85' lang='lat' dir='ltr'><strong>cum</strong></span> <span class='ocrx_word' id='word_1_130' title='bbox 3515 880 3600 918; x_wconf 85' lang='lat' dir='ltr'><strong>una</strong></span> <span class='ocrx_word' id='word_1_131' title='bbox 3629 881 3724 935; x_wconf 67' lang='lat' dir='ltr'><strong>parte</strong></span> 
     </span>
    </p>
   </div>
   <div class='ocr_carea' id='block_1_21' title="bbox 2260 947 3726 1020">
    <p class='ocr_par' dir='ltr' id='par_1_21' title="bbox 2260 947 3726 1020">
     <span class='ocr_line' id='line_1_21' title="bbox 2260 947 3726 1020; baseline 0.007 -19"><span class='ocrx_word' id='word_1_132' title='bbox 2260 947 2440 1018; x_wconf 82' lang='lat' dir='ltr'><strong>gentis</strong></span> <span class='ocrx_word' id='word_1_133' title='bbox 2471 963 2606 1004; x_wconf 67' lang='lat' dir='ltr'><strong>suae.</strong></span> <span class='ocrx_word' id='word_1_134' title='bbox 2653 947 2772 1002; x_wconf 86' lang='lat' dir='ltr'><strong>Alia</strong></span> <span class='ocrx_word' id='word_1_135' title='bbox 2813 965 2942 1020; x_wconf 80' lang='lat' dir='ltr'><strong>pars</strong></span> <span class='ocrx_word' id='word_1_136' title='bbox 2981 951 3246 1006; x_wconf 85' lang='lat' dir='ltr'><strong>remansit</strong></span> <span class='ocrx_word' id='word_1_137' title='bbox 3275 951 3432 1006; x_wconf 85' lang='lat' dir='ltr'><strong>simul</strong></span> <span class='ocrx_word' id='word_1_138' title='bbox 3472 968 3574 1007; x_wconf 80' lang='lat' dir='ltr'><strong>cunt</strong></span> <span class='ocrx_word' id='word_1_139' title='bbox 3601 958 3726 1012; x_wconf 79' lang='lat' dir='ltr'><strong>comite</strong></span> 
     </span>
    </p>
   </div>
   <div class='ocr_carea' id='block_1_22' title="bbox 2259 1039 3727 1114">
    <p class='ocr_par' dir='ltr' id='par_1_22' title="bbox 2259 1039 3727 1114">
     <span class='ocr_line' id='line_1_22' title="bbox 2259 1039 3727 1114; baseline 0.003 -18"><span class='ocrx_word' id='word_1_140' title='bbox 2259 1041 2327 1096; x_wconf 85' lang='lat' dir='ltr'><strong>de</strong></span> <span class='ocrx_word' id='word_1_141' title='bbox 2353 1039 2672 1107; x_wconf 77' lang='lat' dir='ltr'><strong>Russinolo,</strong></span> <span class='ocrx_word' id='word_1_142' title='bbox 2701 1053 2753 1096; x_wconf 90' lang='lat' dir='ltr'><strong>et</strong></span> <span class='ocrx_word' id='word_1_143' title='bbox 2781 1057 2906 1097; x_wconf 91' lang='lat' dir='ltr'><strong>cum</strong></span> <span class='ocrx_word' id='word_1_144' title='bbox 2960 1041 3130 1098; x_wconf 81' lang='lat' dir='ltr'><strong>fratre</strong></span> <span class='ocrx_word' id='word_1_145' title='bbox 3156 1059 3260 1099; x_wconf 82' lang='lat' dir='ltr'><strong>suo</strong></span> <span class='ocrx_word' id='word_1_146' title='bbox 3297 1045 3547 1114; x_wconf 80' lang='lat' dir='ltr'><strong>episcopo.</strong></span> <span class='ocrx_word' id='word_1_147' title='bbox 3573 1044 3727 1104; x_wconf 66' lang='lat' dir='ltr'><strong>Veniens</strong></span> 
     </span>
    </p>
   </div>
   <div class='ocr_carea' id='block_1_23' title="bbox 2258 1132 3727 1205">
    <p class='ocr_par' dir='ltr' id='par_1_23' title="bbox 2258 1132 3727 1205">
     <span class='ocr_line' id='line_1_23' title="bbox 2258 1132 3727 1205; baseline 0.003 -17"><span class='ocrx_word' id='word_1_148' title='bbox 2258 1149 2498 1204; x_wconf 86' lang='lat' dir='ltr'><strong>namque</strong></span> <span class='ocrx_word' id='word_1_149' title='bbox 2524 1132 2798 1190; x_wconf 76' lang='lat' dir='ltr'><strong>exercitus</strong></span> <span class='ocrx_word' id='word_1_150' title='bbox 2819 1135 3085 1190; x_wconf 77' lang='lat' dir='ltr'><strong>exsecrati</strong></span> <span class='ocrx_word' id='word_1_151' title='bbox 3117 1135 3476 1205; x_wconf 84' lang='lat' dir='ltr'><strong>imperatoris,</strong></span> <span class='ocrx_word' id='word_1_152' title='bbox 3516 1136 3727 1192; x_wconf 62' lang='lat' dir='ltr'><strong>invasit»</strong></span> 
     </span>
    </p>
   </div>
   <div class='ocr_carea' id='block_1_24' title="bbox 2259 1226 3727 1296">
    <p class='ocr_par' dir='ltr' id='par_1_24' title="bbox 2259 1226 3727 1296">
     <span class='ocr_line' id='line_1_24' title="bbox 2259 1226 3727 1296; baseline 0.003 -14"><span class='ocrx_word' id='word_1_153' title='bbox 2259 1228 2448 1282; x_wconf 87' lang='lat' dir='ltr'><strong>mitem</strong></span> <span class='ocrx_word' id='word_1_154' title='bbox 2474 1243 2600 1283; x_wconf 90' lang='lat' dir='ltr'><strong>cum</strong></span> <span class='ocrx_word' id='word_1_155' title='bbox 2632 1226 2798 1284; x_wconf 80' lang='lat' dir='ltr'><strong>fratre</strong></span> <span class='ocrx_word' id='word_1_156' title='bbox 2829 1244 2955 1296; x_wconf 92' lang='lat' dir='ltr'><strong>suo,</strong></span> <span class='ocrx_word' id='word_1_157' title='bbox 2987 1239 3041 1283; x_wconf 92' lang='lat' dir='ltr'><strong>et</strong></span> <span class='ocrx_word' id='word_1_158' title='bbox 3069 1229 3209 1284; x_wconf 90' lang='lat' dir='ltr'><strong>alios</strong></span> <span class='ocrx_word' id='word_1_159' title='bbox 3237 1244 3442 1284; x_wconf 85' lang='lat' dir='ltr'><strong>omnes.</strong></span> <span class='ocrx_word' id='word_1_160' title='bbox 3465 1227 3650 1285; x_wconf 81' lang='lat' dir='ltr'><strong>Audiens</strong></span> <span class='ocrx_word' id='word_1_161' title='bbox 3665 1233 3727 1286; x_wconf 80' lang='lat' dir='ltr'><strong>ita-</strong></span> 
     </span>
    </p>
   </div>
   <div class='ocr_carea' id='block_1_25' title="bbox 2261 1319 3779 1394">
    <p class='ocr_par' dir='ltr' id='par_1_25' title="bbox 2261 1319 3779 1394">
     <span class='ocr_line' id='line_1_25' title="bbox 2261 1319 3779 1394; baseline 0 -19"><span class='ocrx_word' id='word_1_162' title='bbox 2261 1335 2369 1390; x_wconf 90' lang='lat' dir='ltr'><strong>que</strong></span> <span class='ocrx_word' id='word_1_163' title='bbox 2399 1319 2717 1376; x_wconf 83' lang='lat' dir='ltr'><strong>Tancredus</strong></span> <span class='ocrx_word' id='word_1_164' title='bbox 2764 1320 3233 1392; x_wconf 76' lang='lat' dir='ltr'><strong>prudentissimus</strong></span> <span class='ocrx_word' id='word_1_165' title='bbox 3268 1319 3728 1390; x_wconf 60' lang='lat' dir='ltr'><strong>miles,projectwa</strong></span> <span class='ocrx_word' id='word_1_166' title='bbox 3778 1391 3779 1394; x_wconf 17' lang='grc' dir='ltr'><strong>η</strong></span> 
     </span>
    </p>
   </div>
   <div class='ocr_carea' id='block_1_26' title="bbox 2261 1410 3730 1484">
    <p class='ocr_par' dir='ltr' id='par_1_26' title="bbox 2261 1410 3730 1484">
     <span class='ocr_line' id='line_1_26' title="bbox 2261 1410 3730 1484; baseline 0.001 -18"><span class='ocrx_word' id='word_1_167' title='bbox 2261 1411 2463 1468; x_wconf 81' lang='lat' dir='ltr'><strong>ﬂumen</strong></span> <span class='ocrx_word' id='word_1_168' title='bbox 2494 1413 2734 1469; x_wconf 89' lang='lat' dir='ltr'><strong>natando</strong></span> <span class='ocrx_word' id='word_1_169' title='bbox 2779 1413 3026 1484; x_wconf 84' lang='lat' dir='ltr'><strong>pervenit</strong></span> <span class='ocrx_word' id='word_1_170' title='bbox 3052 1413 3120 1468; x_wconf 91' lang='lat' dir='ltr'><strong>ad</strong></span> <span class='ocrx_word' id='word_1_171' title='bbox 3162 1412 3308 1468; x_wconf 86' lang='lat' dir='ltr'><strong>illos.</strong></span> <span class='ocrx_word' id='word_1_172' title='bbox 3347 1410 3459 1466; x_wconf 84' lang='lat' dir='ltr'><strong>Duo</strong></span> <span class='ocrx_word' id='word_1_173' title='bbox 3479 1413 3614 1467; x_wconf 80' lang='lat' dir='ltr'><strong>millia</strong></span> <span class='ocrx_word' id='word_1_174' title='bbox 3647 1415 3730 1468; x_wconf 71' lang='lat' dir='ltr'><strong>Bi-</strong></span> 
     </span>
    </p>
   </div>
   <div class='ocr_carea' id='block_1_27' title="bbox 2266 1502 3729 1574">
    <p class='ocr_par' dir='ltr' id='par_1_27' title="bbox 2266 1502 3729 1574">
     <span class='ocr_line' id='line_1_27' title="bbox 2266 1502 3729 1574; baseline -0.002 -14"><span class='ocrx_word' id='word_1_175' title='bbox 2266 1513 2379 1560; x_wconf 91' lang='lat' dir='ltr'><strong>tum</strong></span> <span class='ocrx_word' id='word_1_176' title='bbox 2408 1505 2680 1562; x_wconf 88' lang='lat' dir='ltr'><strong>miserunt</strong></span> <span class='ocrx_word' id='word_1_177' title='bbox 2700 1519 2760 1560; x_wconf 89' lang='lat' dir='ltr'><strong>se</strong></span> <span class='ocrx_word' id='word_1_178' title='bbox 2791 1505 2846 1559; x_wconf 90' lang='lat' dir='ltr'><strong>in</strong></span> <span class='ocrx_word' id='word_1_179' title='bbox 2879 1503 3130 1571; x_wconf 84' lang='lat' dir='ltr'><strong>ﬂumine,</strong></span> <span class='ocrx_word' id='word_1_180' title='bbox 3159 1503 3441 1574; x_wconf 82' lang='lat' dir='ltr'><strong>sequendo</strong></span> <span class='ocrx_word' id='word_1_181' title='bbox 3473 1502 3729 1559; x_wconf 71' lang='grc' dir='ltr'>τικτοιιιιιιι.</span> 
     </span>
    </p>
   </div>
   <div class='ocr_carea' id='block_1_28' title="bbox 2262 1593 3731 1665">
    <p class='ocr_par' dir='ltr' id='par_1_28' title="bbox 2262 1593 3731 1665">
     <span class='ocr_line' id='line_1_28' title="bbox 2262 1593 3731 1665; baseline 0 -15"><span class='ocrx_word' id='word_1_182' title='bbox 2262 1595 2570 1652; x_wconf 83' lang='lat' dir='ltr'><strong>Novissime</strong></span> <span class='ocrx_word' id='word_1_183' title='bbox 2596 1596 2924 1652; x_wconf 88' lang='lat' dir='ltr'><strong>invenerunt</strong></span> <span class='ocrx_word' id='word_1_184' title='bbox 2949 1595 3294 1665; x_wconf 82' lang='lat' dir='ltr'><strong>Tureopolos</strong></span> <span class='ocrx_word' id='word_1_185' title='bbox 3318 1603 3372 1650; x_wconf 91' lang='lat' dir='ltr'><strong>et</strong></span> <span class='ocrx_word' id='word_1_186' title='bbox 3396 1593 3731 1650; x_wconf 75' lang='lat' dir='ltr'><strong>Pincinnatosdi-</strong></span> 
     </span>
    </p>
   </div>
   <div class='ocr_carea' id='block_1_29' title="bbox 2263 1687 3779 1759">
    <p class='ocr_par' dir='ltr' id='par_1_29' title="bbox 2263 1687 3779 1759">
     <span class='ocr_line' id='line_1_29' title="bbox 2263 1687 3779 1759; baseline -0.002 -15"><span class='ocrx_word' id='word_1_187' title='bbox 2263 1689 2532 1745; x_wconf 87' lang='lat' dir='ltr'><strong>micantes</strong></span> <span class='ocrx_word' id='word_1_188' title='bbox 2563 1688 2726 1745; x_wconf 90' lang='lat' dir='ltr'><strong>simul</strong></span> <span class='ocrx_word' id='word_1_189' title='bbox 2753 1704 2878 1744; x_wconf 88' lang='lat' dir='ltr'><strong>eum</strong></span> <span class='ocrx_word' id='word_1_190' title='bbox 2925 1687 3168 1754; x_wconf 85' lang='lat' dir='ltr'><strong>nostris,</strong></span> <span class='ocrx_word' id='word_1_191' title='bbox 3217 1703 3364 1759; x_wconf 82' lang='lat' dir='ltr'><strong>quos</strong></span> <span class='ocrx_word' id='word_1_192' title='bbox 3388 1698 3579 1758; x_wconf 76' lang='lat' dir='ltr'><strong>repente</strong></span> <span class='ocrx_word' id='word_1_193' title='bbox 3603 1687 3732 1742; x_wconf 63' lang='lat' dir='ltr'><strong>fortitr</strong></span> <span class='ocrx_word' id='word_1_194' title='bbox 3778 1705 3779 1759; x_wconf 30' lang='grc' dir='ltr'>ζ</span> 
     </span>
    </p>
   </div>
   <div class='ocr_carea' id='block_1_30' title="bbox 571 1778 3779 1854">
    <p class='ocr_par' dir='ltr' id='par_1_30' title="bbox 571 1778 3779 1854">
     <span class='ocr_line' id='line_1_30' title="bbox 571 1778 3779 1854; baseline -0.001 -18"><span class='ocrx_word' id='word_1_195' title='bbox 571 1791 626 1836; x_wconf 90' lang='lat' dir='ltr'><strong>et</strong></span> <span class='ocrx_word' id='word_1_196' title='bbox 652 1782 941 1853; x_wconf 85' lang='lat' dir='ltr'><strong>diligenter</strong></span> <span class='ocrx_word' id='word_1_197' title='bbox 967 1783 1241 1854; x_wconf 89' lang='lat' dir='ltr'><strong>inquirere</strong></span> <span class='ocrx_word' id='word_1_198' title='bbox 1264 1798 1388 1854; x_wconf 61' lang='lat' dir='ltr'><strong>qua:</strong></span> <span class='ocrx_word' id='word_1_199' title='bbox 1408 1799 1558 1838; x_wconf 89' lang='lat' dir='ltr'><strong>arma</strong></span> <span class='ocrx_word' id='word_1_200' title='bbox 1589 1781 1866 1853; x_wconf 82' lang='lat' dir='ltr'><strong>pugnandi</strong></span> <span class='ocrx_word' id='word_1_201' title='bbox 1890 1783 2007 1838; x_wconf 58' lang='lat' dir='ltr'><strong>hac</strong></span> <span class='ocrx_word' id='word_1_202' title='bbox 2028 1797 2162 1853; x_wconf 85' lang='lat' dir='ltr'><strong>gens</strong></span> <span class='ocrx_word' id='word_1_203' title='bbox 2196 1849 2232 1854; x_wconf 94' lang='lat'><em>_</em></span> <span class='ocrx_word' id='word_1_204' title='bbox 2264 1781 2612 1849; x_wconf 89' lang='lat' dir='ltr'><strong>invaserunt,</strong></span> <span class='ocrx_word' id='word_1_205' title='bbox 2643 1791 2698 1838; x_wconf 91' lang='lat' dir='ltr'><strong>et</strong></span> <span class='ocrx_word' id='word_1_206' title='bbox 2737 1781 3036 1852; x_wconf 88' lang='lat' dir='ltr'><strong>prudenter</strong></span> <span class='ocrx_word' id='word_1_207' title='bbox 3061 1795 3159 1835; x_wconf 88' lang='lat' dir='ltr'><strong>eos</strong></span> <span class='ocrx_word' id='word_1_208' title='bbox 3203 1787 3589 1850; x_wconf 85' lang='lat' dir='ltr'><strong>superaverunt.</strong></span> <span class='ocrx_word' id='word_1_209' title='bbox 3619 1778 3731 1849; x_wconf 58' lang='lat' dir='ltr'><strong>Bap</strong></span> <span class='ocrx_word' id='word_1_210' title='bbox 3778 1778 3779 1854; x_wconf 52' lang='grc' dir='ltr'><em>ξ</em></span> 
     </span>
    </p>
   </div>
   <div class='ocr_carea' id='block_1_31' title="bbox 571 1872 2159 1946">
    <p class='ocr_par' dir='ltr' id='par_1_31' title="bbox 571 1872 2159 1946">
     <span class='ocr_line' id='line_1_31' title="bbox 571 1872 2159 1946; baseline 0 -16"><span class='ocrx_word' id='word_1_211' title='bbox 571 1872 766 1940; x_wconf 80' lang='lat' dir='ltr'><strong>defert,</strong></span> <span class='ocrx_word' id='word_1_212' title='bbox 790 1884 848 1929; x_wconf 88' lang='lat' dir='ltr'><strong>et</strong></span> <span class='ocrx_word' id='word_1_213' title='bbox 890 1891 1056 1945; x_wconf 90' lang='lat' dir='ltr'><strong>quam</strong></span> <span class='ocrx_word' id='word_1_214' title='bbox 1096 1875 1463 1932; x_wconf 89' lang='lat' dir='ltr'><strong>ostensionem</strong></span> <span class='ocrx_word' id='word_1_215' title='bbox 1494 1873 1698 1930; x_wconf 88' lang='lat' dir='ltr'><strong>Christi</strong></span> <span class='ocrx_word' id='word_1_216' title='bbox 1729 1882 1910 1946; x_wconf 88' lang='lat' dir='ltr'><strong>portat</strong></span> <span class='ocrx_word' id='word_1_217' title='bbox 1941 1875 1996 1930; x_wconf 92' lang='lat' dir='ltr'><strong>in</strong></span> <span class='ocrx_word' id='word_1_218' title='bbox 2029 1873 2117 1930; x_wconf 88' lang='lat' dir='ltr'><strong>via</strong></span> <span class='ocrx_word' id='word_1_219' title='bbox 2143 1916 2159 1942; x_wconf 89' lang='lat'><strong>,</strong></span> 
     </span>
    </p>
   </div>
   <div class='ocr_carea' id='block_1_32' title="bbox 571 1967 2163 2039">
    <p class='ocr_par' dir='ltr' id='par_1_32' title="bbox 571 1967 2163 2039">
     <span class='ocr_line' id='line_1_32' title="bbox 571 1967 2163 2039; baseline 0.001 -19"><span class='ocrx_word' id='word_1_220' title='bbox 571 1967 656 2022; x_wconf 87' lang='lat' dir='ltr'><strong>vel</strong></span> <span class='ocrx_word' id='word_1_221' title='bbox 689 1967 835 2037; x_wconf 89' lang='lat' dir='ltr'><strong>quod</strong></span> <span class='ocrx_word' id='word_1_222' title='bbox 867 1967 1083 2038; x_wconf 87' lang='lat' dir='ltr'><strong>signum</strong></span> <span class='ocrx_word' id='word_1_223' title='bbox 1123 1969 1176 2023; x_wconf 94' lang='lat' dir='ltr'><strong>in</strong></span> <span class='ocrx_word' id='word_1_224' title='bbox 1212 1968 1507 2023; x_wconf 86' lang='lat' dir='ltr'><strong>certamine</strong></span> <span class='ocrx_word' id='word_1_225' title='bbox 1535 1977 1713 2024; x_wconf 89' lang='lat' dir='ltr'><strong>sonat.</strong></span> <span class='ocrx_word' id='word_1_226' title='bbox 1747 1967 1849 2024; x_wconf 89' lang='lat' dir='ltr'><strong>Cui</strong></span> <span class='ocrx_word' id='word_1_227' title='bbox 1891 1983 1988 2039; x_wconf 87' lang='lat' dir='ltr'><strong>per</strong></span> <span class='ocrx_word' id='word_1_228' title='bbox 2013 1967 2163 2029; x_wconf 88' lang='lat' dir='ltr'><strong>ordi-</strong></span> 
     </span>
    </p>
   </div>
   <div class='ocr_carea' id='block_1_33' title="bbox 576 2058 2162 2132">
    <p class='ocr_par' dir='ltr' id='par_1_33' title="bbox 576 2058 2162 2132">
     <span class='ocr_line' id='line_1_33' title="bbox 576 2058 2162 2132; baseline -0.001 -18"><span class='ocrx_word' id='word_1_229' title='bbox 576 2075 701 2114; x_wconf 90' lang='lat' dir='ltr'><strong>nem</strong></span> <span class='ocrx_word' id='word_1_230' title='bbox 726 2059 869 2114; x_wconf 89' lang='lat' dir='ltr'><strong>dicta</strong></span> <span class='ocrx_word' id='word_1_231' title='bbox 899 2068 1028 2114; x_wconf 90' lang='lat' dir='ltr'><strong>sunt</strong></span> <span class='ocrx_word' id='word_1_232' title='bbox 1055 2059 1262 2114; x_wconf 89' lang='lat' dir='ltr'><strong>omnia.</strong></span> <span class='ocrx_word' id='word_1_233' title='bbox 1299 2058 1559 2115; x_wconf 84' lang='lat' dir='ltr'><strong>Deferunt</strong></span> <span class='ocrx_word' id='word_1_234' title='bbox 1584 2076 1737 2115; x_wconf 88' lang='lat' dir='ltr'><strong>arma</strong></span> <span class='ocrx_word' id='word_1_235' title='bbox 1761 2059 2162 2132; x_wconf 83' lang='lat' dir='ltr'><strong>itaquejugiter</strong></span> 
     </span>
    </p>
   </div>
   <div class='ocr_carea' id='block_1_34' title="bbox 575 2151 2162 2222">
    <p class='ocr_par' dir='ltr' id='par_1_34' title="bbox 575 2151 2162 2222">
     <span class='ocr_line' id='line_1_34' title="bbox 575 2151 2162 2222; baseline 0 -16"><span class='ocrx_word' id='word_1_236' title='bbox 575 2151 642 2206; x_wconf 88' lang='lat' dir='ltr'><strong>ad</strong></span> <span class='ocrx_word' id='word_1_237' title='bbox 671 2151 870 2207; x_wconf 84' lang='lat' dir='ltr'><strong>bellum</strong></span> <span class='ocrx_word' id='word_1_238' title='bbox 908 2153 1296 2222; x_wconf 82' lang='lat' dir='ltr'><strong>congruentia;</strong></span> <span class='ocrx_word' id='word_1_239' title='bbox 1324 2151 1379 2206; x_wconf 89' lang='lat' dir='ltr'><strong>in</strong></span> <span class='ocrx_word' id='word_1_240' title='bbox 1405 2153 1595 2207; x_wconf 80' lang='lat' dir='ltr'><strong>dextra</strong></span> <span class='ocrx_word' id='word_1_241' title='bbox 1624 2153 1708 2207; x_wconf 87' lang='lat' dir='ltr'><strong>vel</strong></span> <span class='ocrx_word' id='word_1_242' title='bbox 1731 2152 1874 2207; x_wconf 90' lang='lat' dir='ltr'><strong>inter</strong></span> <span class='ocrx_word' id='word_1_243' title='bbox 1901 2162 2162 2222; x_wconf 89' lang='lat' dir='ltr'><strong>utrasque</strong></span> 
     </span>
    </p>
   </div>
   <div class='ocr_carea' id='block_1_35' title="bbox 572 2242 2162 2314">
    <p class='ocr_par' dir='ltr' id='par_1_35' title="bbox 572 2242 2162 2314">
     <span class='ocr_line' id='line_1_35' title="bbox 572 2242 2162 2314; baseline 0.003 -17"><span class='ocrx_word' id='word_1_244' title='bbox 572 2244 826 2314; x_wconf 80' lang='lat' dir='ltr'><strong>scapulas</strong></span> <span class='ocrx_word' id='word_1_245' title='bbox 851 2259 1066 2300; x_wconf 85' lang='lat' dir='ltr'><strong>crucem</strong></span> <span class='ocrx_word' id='word_1_246' title='bbox 1091 2242 1295 2300; x_wconf 91' lang='lat' dir='ltr'><strong>Christi</strong></span> <span class='ocrx_word' id='word_1_247' title='bbox 1320 2245 1587 2314; x_wconf 87' lang='lat' dir='ltr'><strong>bajulant.</strong></span> <span class='ocrx_word' id='word_1_248' title='bbox 1624 2243 1830 2300; x_wconf 89' lang='lat' dir='ltr'><strong>Sonum</strong></span> <span class='ocrx_word' id='word_1_249' title='bbox 1862 2261 1992 2299; x_wconf 90' lang='lat' dir='ltr'><strong>vero</strong></span> <span class='ocrx_word' id='word_1_250' title='bbox 2016 2245 2162 2302; x_wconf 89' lang='lat' dir='ltr'><strong>Deus</strong></span> 
     </span>
    </p>
   </div>
   <div class='ocr_carea' id='block_1_36' title="bbox 573 2335 2161 2404">
    <p class='ocr_par' dir='ltr' id='par_1_36' title="bbox 573 2335 2161 2404">
     <span class='ocr_line' id='line_1_36' title="bbox 573 2335 2161 2404; baseline 0.001 -14"><span class='ocrx_word' id='word_1_251' title='bbox 573 2336 679 2391; x_wconf 90' lang='lat' dir='ltr'><strong>hoc</strong></span> <span class='ocrx_word' id='word_1_252' title='bbox 705 2336 840 2402; x_wconf 82' lang='lat' dir='ltr'><strong>vult,</strong></span> <span class='ocrx_word' id='word_1_253' title='bbox 875 2335 1018 2392; x_wconf 89' lang='lat' dir='ltr'><strong>Deus</strong></span> <span class='ocrx_word' id='word_1_254' title='bbox 1064 2337 1169 2392; x_wconf 91' lang='lat' dir='ltr'><strong>hoc</strong></span> <span class='ocrx_word' id='word_1_255' title='bbox 1207 2337 1343 2403; x_wconf 91' lang='lat' dir='ltr'><strong>vult,</strong></span> <span class='ocrx_word' id='word_1_256' title='bbox 1375 2336 1519 2393; x_wconf 88' lang='lat' dir='ltr'><strong>Deus</strong></span> <span class='ocrx_word' id='word_1_257' title='bbox 1551 2337 1652 2393; x_wconf 85' lang='lat' dir='ltr'><strong>hoc</strong></span> <span class='ocrx_word' id='word_1_258' title='bbox 1672 2338 1826 2404; x_wconf 89' lang='lat' dir='ltr'><strong>vult,</strong></span> <span class='ocrx_word' id='word_1_259' title='bbox 1854 2338 2018 2394; x_wconf 90' lang='lat' dir='ltr'><strong>simul</strong></span> <span class='ocrx_word' id='word_1_260' title='bbox 2053 2353 2161 2392; x_wconf 89' lang='lat' dir='ltr'><strong>una</strong></span> 
     </span>
    </p>
   </div>
   <div class='ocr_carea' id='block_1_37' title="bbox 570 2429 2159 2502">
    <p class='ocr_par' dir='ltr' id='par_1_37' title="bbox 570 2429 2159 2502">
     <span class='ocr_line' id='line_1_37' title="bbox 570 2429 2159 2502; baseline 0.001 -18"><span class='ocrx_word' id='word_1_261' title='bbox 570 2445 705 2485; x_wconf 89' lang='lat' dir='ltr'><strong>voce</strong></span> <span class='ocrx_word' id='word_1_262' title='bbox 744 2430 1112 2486; x_wconf 84' lang='lat' dir='ltr'><strong>conclamant.</strong></span> <span class='ocrx_word' id='word_1_263' title='bbox 1163 2429 1284 2485; x_wconf 83' lang='lat' dir='ltr'><strong>Mox</strong></span> <span class='ocrx_word' id='word_1_264' title='bbox 1308 2439 1500 2486; x_wconf 89' lang='lat' dir='ltr'><strong>sancto</strong></span> <span class='ocrx_word' id='word_1_265' title='bbox 1547 2430 1757 2502; x_wconf 88' lang='lat' dir='ltr'><strong>Spiritu</strong></span> <span class='ocrx_word' id='word_1_266' title='bbox 1807 2439 2119 2489; x_wconf 89' lang='lat' dir='ltr'><strong>commotus</strong></span> <span class='ocrx_word' id='word_1_267' title='bbox 2144 2473 2159 2499; x_wconf 96' lang='lat'><strong>,</strong></span> 
     </span>
    </p>
   </div>
   <div class='ocr_carea' id='block_1_38' title="bbox 565 2519 2160 2596">
    <p class='ocr_par' dir='ltr' id='par_1_38' title="bbox 565 2519 2160 2596">
     <span class='ocr_line' id='line_1_38' title="bbox 565 2519 2160 2596; baseline 0.006 -22"><span class='ocrx_word' id='word_1_268' title='bbox 565 2519 733 2591; x_wconf 85' lang='lat' dir='ltr'><strong>jussit</strong></span> <span class='ocrx_word' id='word_1_269' title='bbox 755 2521 1028 2592; x_wconf 86' lang='lat' dir='ltr'><strong>quoddam</strong></span> <span class='ocrx_word' id='word_1_270' title='bbox 1053 2521 1513 2592; x_wconf 89' lang='lat' dir='ltr'><strong>pretiosissimum</strong></span> <span class='ocrx_word' id='word_1_271' title='bbox 1549 2524 1773 2594; x_wconf 89' lang='lat' dir='ltr'><strong>pallium</strong></span> <span class='ocrx_word' id='word_1_272' title='bbox 1797 2567 1812 2592; x_wconf 90' lang='lat'><strong>,</strong></span> <span class='ocrx_word' id='word_1_273' title='bbox 1841 2525 1986 2596; x_wconf 83' lang='lat' dir='ltr'><strong>quod</strong></span> <span class='ocrx_word' id='word_1_274' title='bbox 2015 2524 2160 2596; x_wconf 88' lang='lat' dir='ltr'><strong>apud</strong></span> 
     </span>
    </p>
   </div>
   <div class='ocr_carea' id='block_1_39' title="bbox 573 2611 2162 2688">
    <p class='ocr_par' dir='ltr' id='par_1_39' title="bbox 573 2611 2162 2688">
     <span class='ocr_line' id='line_1_39' title="bbox 573 2611 2162 2688; baseline 0.002 -22"><span class='ocrx_word' id='word_1_275' title='bbox 573 2625 633 2666; x_wconf 90' lang='lat' dir='ltr'><strong>se</strong></span> <span class='ocrx_word' id='word_1_276' title='bbox 656 2611 910 2679; x_wconf 88' lang='lat' dir='ltr'><strong>habebat,</strong></span> <span class='ocrx_word' id='word_1_277' title='bbox 932 2611 1154 2682; x_wconf 81' lang='lat' dir='ltr'><strong>deferri,</strong></span> <span class='ocrx_word' id='word_1_278' title='bbox 1181 2613 1343 2685; x_wconf 86' lang='lat' dir='ltr'><strong>idque</strong></span> <span class='ocrx_word' id='word_1_279' title='bbox 1367 2613 1533 2670; x_wconf 88' lang='lat' dir='ltr'><strong>incidi</strong></span> <span class='ocrx_word' id='word_1_280' title='bbox 1557 2615 1836 2687; x_wconf 75' lang='lat' dir='ltr'><strong>prtecepit,</strong></span> <span class='ocrx_word' id='word_1_281' title='bbox 1864 2616 2008 2688; x_wconf 92' lang='lat' dir='ltr'><strong>quod</strong></span> <span class='ocrx_word' id='word_1_282' title='bbox 2031 2624 2086 2671; x_wconf 90' lang='lat' dir='ltr'><strong>et</strong></span> <span class='ocrx_word' id='word_1_283' title='bbox 2107 2614 2162 2670; x_wconf 92' lang='lat' dir='ltr'><strong>in</strong></span> 
     </span>
    </p>
   </div>
   <div class='ocr_carea' id='block_1_40' title="bbox 571 2703 2162 2778">
    <p class='ocr_par' dir='ltr' id='par_1_40' title="bbox 571 2703 2162 2778">
     <span class='ocr_line' id='line_1_40' title="bbox 571 2703 2162 2778; baseline 0.004 -23"><span class='ocrx_word' id='word_1_284' title='bbox 571 2715 766 2756; x_wconf 85' lang='lat' dir='ltr'><strong>cruces</strong></span> <span class='ocrx_word' id='word_1_285' title='bbox 820 2709 996 2756; x_wconf 87' lang='lat' dir='ltr'><strong>totum</strong></span> <span class='ocrx_word' id='word_1_286' title='bbox 1045 2717 1368 2771; x_wconf 81' lang='lat' dir='ltr'><strong>expensum.</strong></span> <span class='ocrx_word' id='word_1_287' title='bbox 1410 2703 1586 2778; x_wconf 56' lang='lat' dir='ltr'><strong>Crepit</strong></span> <span class='ocrx_word' id='word_1_288' title='bbox 1635 2720 1871 2775; x_wconf 85' lang='lat' dir='ltr'><strong>namque</strong></span> <span class='ocrx_word' id='word_1_289' title='bbox 1920 2704 1989 2760; x_wconf 87' lang='lat' dir='ltr'><strong>ad</strong></span> <span class='ocrx_word' id='word_1_290' title='bbox 2035 2720 2162 2761; x_wconf 91' lang='lat' dir='ltr'><strong>eum</strong></span> 
     </span>
    </p>
   </div>
   <div class='ocr_carea' id='block_1_41' title="bbox 572 2793 2165 2869">
    <p class='ocr_par' dir='ltr' id='par_1_41' title="bbox 572 2793 2165 2869">
     <span class='ocr_line' id='line_1_41' title="bbox 572 2793 2165 2869; baseline 0.006 -24"><span class='ocrx_word' id='word_1_291' title='bbox 572 2805 904 2847; x_wconf 87' lang='lat' dir='ltr'><strong>concurrere</strong></span> <span class='ocrx_word' id='word_1_292' title='bbox 945 2793 1184 2849; x_wconf 79' lang='lat' dir='ltr'><strong>maxima</strong></span> <span class='ocrx_word' id='word_1_293' title='bbox 1215 2811 1342 2866; x_wconf 89' lang='lat' dir='ltr'><strong>pars</strong></span> <span class='ocrx_word' id='word_1_294' title='bbox 1372 2796 1630 2864; x_wconf 89' lang='lat' dir='ltr'><strong>militum,</strong></span> <span class='ocrx_word' id='word_1_295' title='bbox 1667 2797 1763 2869; x_wconf 89' lang='lat' dir='ltr'><strong>qui</strong></span> <span class='ocrx_word' id='word_1_296' title='bbox 1800 2808 1957 2854; x_wconf 92' lang='lat' dir='ltr'><strong>erant</strong></span> <span class='ocrx_word' id='word_1_297' title='bbox 1984 2799 2040 2854; x_wconf 93' lang='lat' dir='ltr'><strong>in</strong></span> <span class='ocrx_word' id='word_1_298' title='bbox 2067 2800 2165 2855; x_wconf 82' lang='lat' dir='ltr'><strong>ob-</strong></span> 
     </span>
    </p>
   </div>
   <div class='ocr_carea' id='block_1_42' title="bbox 572 2882 2163 2960">
    <p class='ocr_par' dir='ltr' id='par_1_42' title="bbox 572 2882 2163 2960">
     <span class='ocr_line' id='line_1_42' title="bbox 572 2882 2163 2960; baseline 0.005 -22"><span class='ocrx_word' id='word_1_299' title='bbox 572 2882 786 2939; x_wconf 77' lang='lat' dir='ltr'><strong>sidione</strong></span> <span class='ocrx_word' id='word_1_300' title='bbox 811 2885 922 2952; x_wconf 92' lang='lat' dir='ltr'><strong>illa,</strong></span> <span class='ocrx_word' id='word_1_301' title='bbox 949 2884 1021 2940; x_wconf 90' lang='lat' dir='ltr'><strong>ita</strong></span> <span class='ocrx_word' id='word_1_302' title='bbox 1053 2894 1112 2940; x_wconf 93' lang='lat' dir='ltr'><strong>ut</strong></span> <span class='ocrx_word' id='word_1_303' title='bbox 1141 2902 1324 2942; x_wconf 90' lang='lat' dir='ltr'><strong>comes</strong></span> <span class='ocrx_word' id='word_1_304' title='bbox 1348 2886 1616 2960; x_wconf 80' lang='lat' dir='ltr'><strong>Rogerius</strong></span> <span class='ocrx_word' id='word_1_305' title='bbox 1641 2905 1778 2960; x_wconf 87' lang='lat' dir='ltr'><strong>pene</strong></span> <span class='ocrx_word' id='word_1_306' title='bbox 1800 2891 1950 2947; x_wconf 89' lang='lat' dir='ltr'><strong>solus</strong></span> <span class='ocrx_word' id='word_1_307' title='bbox 1977 2906 2163 2946; x_wconf 81' lang='lat' dir='ltr'><strong>rema-</strong></span> 
     </span>
    </p>
   </div>
   <div class='ocr_carea' id='block_1_43' title="bbox 575 2978 2162 3060">
    <p class='ocr_par' dir='ltr' id='par_1_43' title="bbox 575 2978 2162 3060">
     <span class='ocr_line' id='line_1_43' title="bbox 575 2978 2162 3060; baseline 0.005 -30"><span class='ocrx_word' id='word_1_308' title='bbox 575 2993 732 3044; x_wconf 90' lang='lat' dir='ltr'><strong>nens,</strong></span> <span class='ocrx_word' id='word_1_309' title='bbox 761 2992 1124 3050; x_wconf 87' lang='lat' dir='ltr'><strong>reversusqne</strong></span> <span class='ocrx_word' id='word_1_310' title='bbox 1156 2978 1420 3048; x_wconf 88' lang='lat' dir='ltr'><strong>Siciliam,</strong></span> <span class='ocrx_word' id='word_1_311' title='bbox 1454 2982 1664 3038; x_wconf 85' lang='lat' dir='ltr'><strong>doleret</strong></span> <span class='ocrx_word' id='word_1_312' title='bbox 1693 2998 1752 3038; x_wconf 92' lang='lat' dir='ltr'><strong>se</strong></span> <span class='ocrx_word' id='word_1_313' title='bbox 1787 2984 2000 3056; x_wconf 81' lang='lat' dir='ltr'><strong>gentem</strong></span> <span class='ocrx_word' id='word_1_314' title='bbox 2021 2985 2162 3060; x_wconf 62' lang='lat' dir='ltr'><strong>amio</strong></span> 
     </span>
    </p>
   </div>
   <div class='ocr_carea' id='block_1_44' title="bbox 573 3067 2162 3145">
    <p class='ocr_par' dir='ltr' id='par_1_44' title="bbox 573 3067 2162 3145">
     <span class='ocr_line' id='line_1_44' title="bbox 573 3067 2162 3145; baseline 0.006 -22"><span class='ocrx_word' id='word_1_315' title='bbox 573 3067 716 3124; x_wconf 91' lang='lat' dir='ltr'><strong>sisse</strong></span> <span class='ocrx_word' id='word_1_316' title='bbox 739 3085 918 3124; x_wconf 87' lang='lat' dir='ltr'><strong>suam.</strong></span> <span class='ocrx_word' id='word_1_317' title='bbox 944 3068 1219 3128; x_wconf 83' lang='lat' dir='ltr'><strong>Reversus</strong></span> <span class='ocrx_word' id='word_1_318' title='bbox 1260 3073 1444 3145; x_wconf 87' lang='lat' dir='ltr'><strong>itaque</strong></span> <span class='ocrx_word' id='word_1_319' title='bbox 1493 3071 1810 3130; x_wconf 80' lang='lat' dir='ltr'><strong>Romandus</strong></span> <span class='ocrx_word' id='word_1_320' title='bbox 1855 3075 1912 3131; x_wconf 92' lang='lat' dir='ltr'><strong>in</strong></span> <span class='ocrx_word' id='word_1_321' title='bbox 1959 3085 2162 3132; x_wconf 86' lang='lat' dir='ltr'><strong>terram</strong></span> 
     </span>
    </p>
   </div>
   <div class='ocr_carea' id='block_1_45' title="bbox 574 3163 2164 3238">
    <p class='ocr_par' dir='ltr' id='par_1_45' title="bbox 574 3163 2164 3238">
     <span class='ocr_line' id='line_1_45' title="bbox 574 3163 2164 3238; baseline 0.006 -22"><span class='ocrx_word' id='word_1_322' title='bbox 574 3177 732 3216; x_wconf 88' lang='lat' dir='ltr'><strong>suam</strong></span> <span class='ocrx_word' id='word_1_323' title='bbox 793 3163 1014 3218; x_wconf 88' lang='lat' dir='ltr'><strong>iterum.</strong></span> <span class='ocrx_word' id='word_1_324' title='bbox 1060 3163 1355 3236; x_wconf 82' lang='lat' dir='ltr'><strong>Diligenter</strong></span> <span class='ocrx_word' id='word_1_325' title='bbox 1383 3166 1529 3220; x_wconf 89' lang='lat' dir='ltr'><strong>enim</strong></span> <span class='ocrx_word' id='word_1_326' title='bbox 1577 3167 1817 3238; x_wconf 90' lang='lat' dir='ltr'><strong>undique</strong></span> <span class='ocrx_word' id='word_1_327' title='bbox 1855 3167 2164 3225; x_wconf 85' lang='lat' dir='ltr'><strong>honestavit</strong></span> 
     </span>
    </p>
   </div>
   <div class='ocr_carea' id='block_1_46' title="bbox 581 3255 2164 3330">
    <p class='ocr_par' dir='ltr' id='par_1_46' title="bbox 581 3255 2164 3330">
     <span class='ocr_line' id='line_1_46' title="bbox 581 3255 2164 3330; baseline 0.004 -21"><span class='ocrx_word' id='word_1_328' title='bbox 581 3269 704 3310; x_wconf 87' lang='lat' dir='ltr'><strong>sese</strong></span> <span class='ocrx_word' id='word_1_329' title='bbox 749 3255 816 3309; x_wconf 89' lang='lat' dir='ltr'><strong>ad</strong></span> <span class='ocrx_word' id='word_1_330' title='bbox 857 3255 1226 3327; x_wconf 90' lang='lat' dir='ltr'><strong>incipiendum</strong></span> <span class='ocrx_word' id='word_1_331' title='bbox 1262 3258 1438 3314; x_wconf 89' lang='lat' dir='ltr'><strong>sancti</strong></span> <span class='ocrx_word' id='word_1_332' title='bbox 1481 3259 1713 3330; x_wconf 85' lang='lat' dir='ltr'><strong>sepulcri</strong></span> <span class='ocrx_word' id='word_1_333' title='bbox 1747 3259 1869 3315; x_wconf 90' lang='lat' dir='ltr'><strong>iter.</strong></span> <span class='ocrx_word' id='word_1_334' title='bbox 1921 3259 2164 3316; x_wconf 83' lang='lat' dir='ltr'><strong>Tandem</strong></span> 
     </span>
    </p>
   </div>
   <div class='ocr_carea' id='block_1_47' title="bbox 572 3345 2164 3418">
    <p class='ocr_par' dir='ltr' id='par_1_47' title="bbox 572 3345 2164 3418">
     <span class='ocr_line' id='line_1_47' title="bbox 572 3345 2164 3418; baseline 0.005 -16"><span class='ocrx_word' id='word_1_335' title='bbox 572 3345 980 3403; x_wconf 88' lang='lat' dir='ltr'><strong>transfretravit</strong></span> <span class='ocrx_word' id='word_1_336' title='bbox 1026 3364 1178 3405; x_wconf 89' lang='lat' dir='ltr'><strong>mare</strong></span> <span class='ocrx_word' id='word_1_337' title='bbox 1219 3365 1348 3408; x_wconf 89' lang='lat' dir='ltr'><strong>cum</strong></span> <span class='ocrx_word' id='word_1_338' title='bbox 1391 3365 1494 3406; x_wconf 91' lang='lat' dir='ltr'><strong>suo</strong></span> <span class='ocrx_word' id='word_1_339' title='bbox 1544 3351 1808 3418; x_wconf 85' lang='lat' dir='ltr'><strong>exercitu,</strong></span> <span class='ocrx_word' id='word_1_340' title='bbox 1845 3359 1901 3407; x_wconf 93' lang='lat' dir='ltr'><strong>et</strong></span> <span class='ocrx_word' id='word_1_341' title='bbox 1939 3369 2064 3408; x_wconf 84' lang='lat' dir='ltr'><strong>eum</strong></span> <span class='ocrx_word' id='word_1_342' title='bbox 2099 3369 2164 3410; x_wconf 91' lang='lat' dir='ltr'><strong>eo</strong></span> 
     </span>
    </p>
   </div>
   <div class='ocr_carea' id='block_1_48' title="bbox 573 3441 2164 3512">
    <p class='ocr_par' dir='ltr' id='par_1_48' title="bbox 573 3441 2164 3512">
     <span class='ocr_line' id='line_1_48' title="bbox 573 3441 2164 3512; baseline 0.006 -19"><span class='ocrx_word' id='word_1_343' title='bbox 573 3441 1036 3511; x_wconf 87' lang='lat' dir='ltr'><strong>prudentissimus</strong></span> <span class='ocrx_word' id='word_1_344' title='bbox 1067 3442 1385 3500; x_wconf 90' lang='lat' dir='ltr'><strong>Tancredus</strong></span> <span class='ocrx_word' id='word_1_345' title='bbox 1433 3445 1694 3501; x_wconf 89' lang='lat' dir='ltr'><strong>marebisi</strong></span> <span class='ocrx_word' id='word_1_346' title='bbox 1729 3444 1908 3512; x_wconf 84' lang='lat' dir='ltr'><strong>filius,</strong></span> <span class='ocrx_word' id='word_1_347' title='bbox 1941 3454 1994 3502; x_wconf 89' lang='lat' dir='ltr'><strong>et</strong></span> <span class='ocrx_word' id='word_1_348' title='bbox 2036 3463 2164 3503; x_wconf 88' lang='lat' dir='ltr'><strong>cum</strong></span> 
     </span>
    </p>
   </div>
   <div class='ocr_carea' id='block_1_49' title="bbox 572 3533 2163 3610">
    <p class='ocr_par' dir='ltr' id='par_1_49' title="bbox 572 3533 2163 3610">
     <span class='ocr_line' id='line_1_49' title="bbox 572 3533 2163 3610; baseline 0.004 -22"><span class='ocrx_word' id='word_1_349' title='bbox 572 3547 638 3588; x_wconf 87' lang='lat' dir='ltr'><strong>eo</strong></span> <span class='ocrx_word' id='word_1_350' title='bbox 668 3533 760 3587; x_wconf 89' lang='lat' dir='ltr'><strong>alii</strong></span> <span class='ocrx_word' id='word_1_351' title='bbox 785 3533 990 3602; x_wconf 88' lang='lat' dir='ltr'><strong>plures.</strong></span> <span class='ocrx_word' id='word_1_352' title='bbox 1015 3533 1217 3590; x_wconf 89' lang='lat' dir='ltr'><strong>Omnes</strong></span> <span class='ocrx_word' id='word_1_353' title='bbox 1242 3534 1784 3605; x_wconf 86' lang='lat' dir='ltr'><strong>transfretraverunt,</strong></span> <span class='ocrx_word' id='word_1_354' title='bbox 1811 3545 1866 3594; x_wconf 90' lang='lat' dir='ltr'><strong>et</strong></span> <span class='ocrx_word' id='word_1_355' title='bbox 1885 3539 2163 3610; x_wconf 67' lang='lat' dir='ltr'><strong>applicueo</strong></span> 
     </span>
    </p>
   </div>
   <div class='ocr_carea' id='block_1_50' title="bbox 575 3624 2162 3698">
    <p class='ocr_par' dir='ltr' id='par_1_50' title="bbox 575 3624 2162 3698">
     <span class='ocr_line' id='line_1_50' title="bbox 575 3624 2162 3698; baseline 0.006 -20"><span class='ocrx_word' id='word_1_356' title='bbox 575 3633 706 3679; x_wconf 91' lang='lat' dir='ltr'><strong>runt</strong></span> <span class='ocrx_word' id='word_1_357' title='bbox 726 3626 780 3679; x_wconf 93' lang='lat' dir='ltr'><strong>in</strong></span> <span class='ocrx_word' id='word_1_358' title='bbox 806 3624 1075 3698; x_wconf 60' lang='lat' dir='ltr'><strong>Bulgaria;</strong></span> <span class='ocrx_word' id='word_1_359' title='bbox 1094 3635 1295 3698; x_wconf 88' lang='lat' dir='ltr'><strong>partes.</strong></span> <span class='ocrx_word' id='word_1_360' title='bbox 1319 3626 1396 3683; x_wconf 87' lang='lat' dir='ltr'><strong>lbi</strong></span> <span class='ocrx_word' id='word_1_361' title='bbox 1424 3628 1750 3685; x_wconf 90' lang='lat' dir='ltr'><strong>invenerunt</strong></span> <span class='ocrx_word' id='word_1_362' title='bbox 1772 3629 2162 3688; x_wconf 86' lang='lat' dir='ltr'><strong>abundantiam</strong></span> 
     </span>
    </p>
   </div>
   <div class='ocr_carea' id='block_1_51' title="bbox 573 3714 2162 3792">
    <p class='ocr_par' dir='ltr' id='par_1_51' title="bbox 573 3714 2162 3792">
     <span class='ocr_line' id='line_1_51' title="bbox 573 3714 2162 3792; baseline 0.006 -23"><span class='ocrx_word' id='word_1_363' title='bbox 573 3714 835 3772; x_wconf 88' lang='lat' dir='ltr'><strong>frumenti</strong></span> <span class='ocrx_word' id='word_1_364' title='bbox 873 3726 929 3772; x_wconf 92' lang='lat' dir='ltr'><strong>et</strong></span> <span class='ocrx_word' id='word_1_365' title='bbox 972 3718 1084 3774; x_wconf 90' lang='lat' dir='ltr'><strong>vini</strong></span> <span class='ocrx_word' id='word_1_366' title='bbox 1128 3727 1184 3775; x_wconf 90' lang='lat' dir='ltr'><strong>et</strong></span> <span class='ocrx_word' id='word_1_367' title='bbox 1212 3719 1457 3775; x_wconf 83' lang='lat' dir='ltr'><strong>alimenti</strong></span> <span class='ocrx_word' id='word_1_368' title='bbox 1497 3721 1768 3792; x_wconf 88' lang='lat' dir='ltr'><strong>corporis.</strong></span> <span class='ocrx_word' id='word_1_369' title='bbox 1824 3720 2031 3778; x_wconf 88' lang='lat' dir='ltr'><strong>Deinde</strong></span> <span class='ocrx_word' id='word_1_370' title='bbox 2070 3724 2162 3779; x_wconf 56' lang='lat' dir='ltr'><strong>de-</strong></span> 
     </span>
    </p>
   </div>
   <div class='ocr_carea' id='block_1_52' title="bbox 572 3798 2165 3884">
    <p class='ocr_par' dir='ltr' id='par_1_52' title="bbox 572 3798 2165 3884">
     <span class='ocr_line' id='line_1_52' title="bbox 572 3798 2165 3884; baseline 0.006 -24"><span class='ocrx_word' id='word_1_371' title='bbox 572 3798 895 3862; x_wconf 83' lang='lat' dir='ltr'><strong>scendentes</strong></span> <span class='ocrx_word' id='word_1_372' title='bbox 931 3807 986 3862; x_wconf 92' lang='lat' dir='ltr'><strong>in</strong></span> <span class='ocrx_word' id='word_1_373' title='bbox 1009 3808 1205 3863; x_wconf 89' lang='lat' dir='ltr'><strong>vallem</strong></span> <span class='ocrx_word' id='word_1_374' title='bbox 1228 3809 1296 3864; x_wconf 87' lang='lat' dir='ltr'><strong>de</strong></span> <span class='ocrx_word' id='word_1_375' title='bbox 1316 3809 1711 3881; x_wconf 83' lang='lat' dir='ltr'><strong>Andronopoli,</strong></span> <span class='ocrx_word' id='word_1_376' title='bbox 1745 3810 1964 3883; x_wconf 89' lang='lat' dir='ltr'><strong>illicque</strong></span> <span class='ocrx_word' id='word_1_377' title='bbox 1991 3811 2165 3884; x_wconf 87' lang='lat' dir='ltr'><strong>appli-</strong></span> 
     </span>
    </p>
   </div>
   <div class='ocr_carea' id='block_1_53' title="bbox 571 3901 2163 3971">
    <p class='ocr_par' dir='ltr' id='par_1_53' title="bbox 571 3901 2163 3971">
     <span class='ocr_line' id='line_1_53' title="bbox 571 3901 2163 3971; baseline 0.004 -18"><span class='ocrx_word' id='word_1_378' title='bbox 571 3906 782 3964; x_wconf 73' lang='lat' dir='ltr'><strong>cantes,</strong></span> <span class='ocrx_word' id='word_1_379' title='bbox 805 3906 1258 3968; x_wconf 76' lang='lat' dir='ltr'><strong>exspectaverunt</strong></span> <span class='ocrx_word' id='word_1_380' title='bbox 1287 3909 1501 3971; x_wconf 88' lang='lat' dir='ltr'><strong>gentem</strong></span> <span class='ocrx_word' id='word_1_381' title='bbox 1539 3915 1695 3956; x_wconf 88' lang='lat' dir='ltr'><strong>suam</strong></span> <span class='ocrx_word' id='word_1_382' title='bbox 1719 3943 1734 3969; x_wconf 95' lang='lat'><strong>,</strong></span> <span class='ocrx_word' id='word_1_383' title='bbox 1766 3901 1942 3959; x_wconf 86' lang='lat' dir='ltr'><strong>donec</strong></span> <span class='ocrx_word' id='word_1_384' title='bbox 1972 3917 2163 3959; x_wconf 89' lang='lat' dir='ltr'><strong>omnes</strong></span> 
     </span>
    </p>
   </div>
   <div class='ocr_carea' id='block_1_54' title="bbox 571 3987 2160 4060">
    <p class='ocr_par' dir='ltr' id='par_1_54' title="bbox 571 3987 2160 4060">
     <span class='ocr_line' id='line_1_54' title="bbox 571 3987 2160 4060; baseline 0.004 -18"><span class='ocrx_word' id='word_1_385' title='bbox 571 3987 912 4044; x_wconf 88' lang='lat' dir='ltr'><strong>transfretati</strong></span> <span class='ocrx_word' id='word_1_386' title='bbox 949 3990 1229 4060; x_wconf 69' lang='lat' dir='ltr'><strong>atqualiter</strong></span> <span class='ocrx_word' id='word_1_387' title='bbox 1268 3990 1477 4047; x_wconf 85' lang='lat' dir='ltr'><strong>fierent.</strong></span> <span class='ocrx_word' id='word_1_388' title='bbox 1522 3991 1676 4048; x_wconf 90' lang='lat' dir='ltr'><strong>Tunc</strong></span> <span class='ocrx_word' id='word_1_389' title='bbox 1715 4002 1978 4049; x_wconf 75' lang='lat' dir='ltr'><strong>exeuntes</strong></span> <span class='ocrx_word' id='word_1_390' title='bbox 2007 3993 2160 4060; x_wconf 91' lang='lat' dir='ltr'><strong>inde,</strong></span> 
     </span>
    </p>
   </div>
   <div class='ocr_carea' id='block_1_55' title="bbox 573 4081 2162 4152">
    <p class='ocr_par' dir='ltr' id='par_1_55' title="bbox 573 4081 2162 4152">
     <span class='ocr_line' id='line_1_55' title="bbox 573 4081 2162 4152; baseline 0.004 -20"><span class='ocrx_word' id='word_1_391' title='bbox 573 4087 840 4133; x_wconf 89' lang='lat' dir='ltr'><strong>venerunt</strong></span> <span class='ocrx_word' id='word_1_392' title='bbox 887 4095 983 4149; x_wconf 90' lang='lat' dir='ltr'><strong>per</strong></span> <span class='ocrx_word' id='word_1_393' title='bbox 1031 4081 1259 4136; x_wconf 85' lang='lat' dir='ltr'><strong>nimiam</strong></span> <span class='ocrx_word' id='word_1_394' title='bbox 1311 4081 1732 4152; x_wconf 88' lang='lat' dir='ltr'><strong>plenitudinem,</strong></span> <span class='ocrx_word' id='word_1_395' title='bbox 1765 4092 1820 4139; x_wconf 87' lang='lat' dir='ltr'><strong>et</strong></span> <span class='ocrx_word' id='word_1_396' title='bbox 1854 4085 1921 4139; x_wconf 91' lang='lat' dir='ltr'><strong>de</strong></span> <span class='ocrx_word' id='word_1_397' title='bbox 1953 4084 2081 4139; x_wconf 87' lang='lat' dir='ltr'><strong>villa</strong></span> <span class='ocrx_word' id='word_1_398' title='bbox 2107 4085 2162 4138; x_wconf 93' lang='lat' dir='ltr'><strong>in</strong></span> 
     </span>
    </p>
   </div>
   <div class='ocr_carea' id='block_1_56' title="bbox 571 4167 2162 4244">
    <p class='ocr_par' dir='ltr' id='par_1_56' title="bbox 571 4167 2162 4244">
     <span class='ocr_line' id='line_1_56' title="bbox 571 4167 2162 4244; baseline 0.008 -26"><span class='ocrx_word' id='word_1_399' title='bbox 571 4167 781 4231; x_wconf 85' lang='lat' dir='ltr'><strong>villam,</strong></span> <span class='ocrx_word' id='word_1_400' title='bbox 807 4168 873 4224; x_wconf 88' lang='lat' dir='ltr'><strong>de</strong></span> <span class='ocrx_word' id='word_1_401' title='bbox 900 4171 1148 4224; x_wconf 90' lang='lat' dir='ltr'><strong>castroin</strong></span> <span class='ocrx_word' id='word_1_402' title='bbox 1168 4179 1433 4238; x_wconf 85' lang='lat' dir='ltr'><strong>castrum,</strong></span> <span class='ocrx_word' id='word_1_403' title='bbox 1457 4188 1747 4244; x_wconf 82' lang='lat' dir='ltr'><strong>quousque</strong></span> <span class='ocrx_word' id='word_1_404' title='bbox 1769 4175 2162 4244; x_wconf 89' lang='lat' dir='ltr'><strong>perveniuntin</strong></span> 
     </span>
    </p>
   </div>
   <div class='ocr_carea' id='block_1_57' title="bbox 573 4258 2163 4332">
    <p class='ocr_par' dir='ltr' id='par_1_57' title="bbox 573 4258 2163 4332">
     <span class='ocr_line' id='line_1_57' title="bbox 573 4258 2163 4332; baseline 0.004 -18"><span class='ocrx_word' id='word_1_405' title='bbox 573 4258 905 4330; x_wconf 67' lang='lat' dir='ltr'><strong>Castor-iam,</strong></span> <span class='ocrx_word' id='word_1_406' title='bbox 949 4261 1132 4332; x_wconf 89' lang='lat' dir='ltr'><strong>ibique</strong></span> <span class='ocrx_word' id='word_1_407' title='bbox 1175 4261 1525 4320; x_wconf 86' lang='lat' dir='ltr'><strong>Nativitatem</strong></span> <span class='ocrx_word' id='word_1_408' title='bbox 1575 4265 1795 4321; x_wconf 89' lang='lat' dir='ltr'><strong>Domini</strong></span> <span class='ocrx_word' id='word_1_409' title='bbox 1844 4266 2163 4323; x_wconf 86' lang='lat' dir='ltr'><strong>solemniter</strong></span> 
     </span>
    </p>
   </div>
   <div class='ocr_carea' id='block_1_58' title="bbox 571 4352 2162 4427">
    <p class='ocr_par' dir='ltr' id='par_1_58' title="bbox 571 4352 2162 4427">
     <span class='ocr_line' id='line_1_58' title="bbox 571 4352 2162 4427; baseline 0.005 -20"><span class='ocrx_word' id='word_1_410' title='bbox 571 4352 937 4408; x_wconf 83' lang='lat' dir='ltr'><strong>celebrarunt.</strong></span> <span class='ocrx_word' id='word_1_411' title='bbox 977 4352 1195 4426; x_wconf 81' lang='lat' dir='ltr'><strong>Egressi</strong></span> <span class='ocrx_word' id='word_1_412' title='bbox 1230 4356 1413 4427; x_wconf 86' lang='lat' dir='ltr'><strong>itaque</strong></span> <span class='ocrx_word' id='word_1_413' title='bbox 1435 4357 1502 4413; x_wconf 89' lang='lat' dir='ltr'><strong>de</strong></span> <span class='ocrx_word' id='word_1_414' title='bbox 1521 4357 1791 4426; x_wconf 87' lang='lat' dir='ltr'><strong>Castoria,</strong></span> <span class='ocrx_word' id='word_1_415' title='bbox 1822 4360 2162 4416; x_wconf 89' lang='lat' dir='ltr'><strong>intraverunt</strong></span> 
     </span>
    </p>
   </div>
   <div class='ocr_carea' id='block_1_59' title="bbox 572 4443 2160 4521">
    <p class='ocr_par' dir='ltr' id='par_1_59' title="bbox 572 4443 2160 4521">
     <span class='ocr_line' id='line_1_59' title="bbox 572 4443 2160 4521; baseline 0.006 -24"><span class='ocrx_word' id='word_1_416' title='bbox 572 4443 627 4497; x_wconf 92' lang='lat' dir='ltr'><strong>in</strong></span> <span class='ocrx_word' id='word_1_417' title='bbox 675 4443 1024 4516; x_wconf 88' lang='lat' dir='ltr'><strong>Palagoniam</strong></span> <span class='ocrx_word' id='word_1_418' title='bbox 1071 4445 1126 4501; x_wconf 89' lang='lat' dir='ltr'><strong>in</strong></span> <span class='ocrx_word' id='word_1_419' title='bbox 1172 4463 1279 4518; x_wconf 90' lang='lat' dir='ltr'><strong>qua</strong></span> <span class='ocrx_word' id='word_1_420' title='bbox 1309 4457 1425 4504; x_wconf 88' lang='lat' dir='ltr'><strong>erat</strong></span> <span class='ocrx_word' id='word_1_421' title='bbox 1467 4451 1740 4521; x_wconf 87' lang='lat' dir='ltr'><strong>quoddam</strong></span> <span class='ocrx_word' id='word_1_422' title='bbox 1778 4452 2160 4507; x_wconf 70' lang='lat' dir='ltr'><strong>hazreticorum</strong></span> 
     </span>
    </p>
   </div>
   <div class='ocr_carea' id='block_1_60' title="bbox 2196 1849 3779 1944">
    <p class='ocr_par' dir='ltr' id='par_1_60' title="bbox 2196 1849 3779 1944">
     <span class='ocr_line' id='line_1_60' title="bbox 2196 1849 3779 1944; baseline -0.005 -14"><span class='ocrx_word' id='word_1_423' title='bbox 2196 1849 2240 1904; x_wconf 76' lang='grc' dir='ltr'><strong>Β</strong></span> <span class='ocrx_word' id='word_1_424' title='bbox 2265 1873 2672 1944; x_wconf 89' lang='lat' dir='ltr'><strong>prehenderunt</strong></span> <span class='ocrx_word' id='word_1_425' title='bbox 2692 1849 2878 1944; x_wconf 79' lang='lat' dir='ltr'><strong>plures</strong></span> <span class='ocrx_word' id='word_1_426' title='bbox 2901 1889 2968 1927; x_wconf 78' lang='lat' dir='ltr'><strong>ex</strong></span> <span class='ocrx_word' id='word_1_427' title='bbox 3011 1871 3114 1939; x_wconf 91' lang='lat' dir='ltr'><strong>eis,</strong></span> <span class='ocrx_word' id='word_1_428' title='bbox 3145 1882 3201 1928; x_wconf 91' lang='lat' dir='ltr'><strong>et</strong></span> <span class='ocrx_word' id='word_1_429' title='bbox 3228 1849 3495 1928; x_wconf 76' lang='lat' dir='ltr'><strong>duxerunt</strong></span> <span class='ocrx_word' id='word_1_430' title='bbox 3521 1872 3734 1940; x_wconf 72' lang='lat' dir='ltr'><strong>eosligatat</strong></span> <span class='ocrx_word' id='word_1_431' title='bbox 3778 1849 3779 1898; x_wconf 52' lang='grc' dir='ltr'><strong>ἶ</strong></span> 
     </span>
    </p>
   </div>
   <div class='ocr_carea' id='block_1_61' title="bbox 2265 1959 3779 2040">
    <p class='ocr_par' dir='ltr' id='par_1_61' title="bbox 2265 1959 3779 2040">
     <span class='ocr_line' id='line_1_61' title="bbox 2265 1959 3779 2040; baseline -0.006 -19"><span class='ocrx_word' id='word_1_432' title='bbox 2265 1975 2392 2021; x_wconf 87' lang='lat' dir='ltr'><strong>ante</strong></span> <span class='ocrx_word' id='word_1_433' title='bbox 2415 1965 2714 2021; x_wconf 87' lang='lat' dir='ltr'><strong>Boamundi</strong></span> <span class='ocrx_word' id='word_1_434' title='bbox 2731 1963 3097 2036; x_wconf 69' lang='lat' dir='ltr'><strong>pmsentiam.</strong></span> <span class='ocrx_word' id='word_1_435' title='bbox 3117 1962 3274 2030; x_wconf 89' lang='lat' dir='ltr'><strong>Quos</strong></span> <span class='ocrx_word' id='word_1_436' title='bbox 3290 1959 3731 2032; x_wconf 68' lang='lat' dir='ltr'><strong>alloquensBoame</strong></span> 
     </span>
    </p>
   </div>
   <div class='ocr_carea' id='block_1_62' title="bbox 2264 2049 3779 2125">
    <p class='ocr_par' dir='ltr' id='par_1_62' title="bbox 2264 2049 3779 2125">
     <span class='ocr_line' id='line_1_62' title="bbox 2264 2049 3779 2125; baseline -0.009 -11"><span class='ocrx_word' id='word_1_437' title='bbox 2264 2059 2390 2125; x_wconf 90' lang='lat' dir='ltr'><strong>dus,</strong></span> <span class='ocrx_word' id='word_1_438' title='bbox 2418 2058 2586 2114; x_wconf 82' lang='lat' dir='ltr'><strong>dixit:</strong></span> <span class='ocrx_word' id='word_1_439' title='bbox 2612 2077 2630 2110; x_wconf 79' lang='grc' dir='ltr'><strong>ι</strong></span> <span class='ocrx_word' id='word_1_440' title='bbox 2661 2057 2863 2124; x_wconf 85' lang='lat' dir='ltr'><strong>Quare,</strong></span> <span class='ocrx_word' id='word_1_441' title='bbox 2888 2055 3101 2123; x_wconf 88' lang='lat' dir='ltr'><strong>miseri,</strong></span> <span class='ocrx_word' id='word_1_442' title='bbox 3135 2053 3392 2110; x_wconf 83' lang='lat' dir='ltr'><strong>occiditis</strong></span> <span class='ocrx_word' id='word_1_443' title='bbox 3414 2059 3595 2123; x_wconf 76' lang='lat' dir='ltr'><strong>gentem</strong></span> <span class='ocrx_word' id='word_1_444' title='bbox 3608 2049 3732 2104; x_wconf 61' lang='lat' dir='ltr'><strong>Cbrisli</strong></span> <span class='ocrx_word' id='word_1_445' title='bbox 3778 2087 3779 2110; x_wconf 28' lang='grc' dir='ltr'>ξ</span> 
     </span>
    </p>
   </div>
   <div class='ocr_carea' id='block_1_63' title="bbox 2266 2146 3779 2220">
    <p class='ocr_par' dir='ltr' id='par_1_63' title="bbox 2266 2146 3779 2220">
     <span class='ocr_line' id='line_1_63' title="bbox 2266 2146 3779 2220; baseline -0.007 -15"><span class='ocrx_word' id='word_1_446' title='bbox 2266 2150 2400 2205; x_wconf 91' lang='lat' dir='ltr'><strong>mihi</strong></span> <span class='ocrx_word' id='word_1_447' title='bbox 2444 2149 2756 2206; x_wconf 82' lang='lat' dir='ltr'><strong>subditam?</strong></span> <span class='ocrx_word' id='word_1_448' title='bbox 2789 2148 2904 2220; x_wconf 87' lang='lat' dir='ltr'><strong>Ego</strong></span> <span class='ocrx_word' id='word_1_449' title='bbox 2934 2147 3081 2205; x_wconf 90' lang='lat' dir='ltr'><strong>enim</strong></span> <span class='ocrx_word' id='word_1_450' title='bbox 3133 2164 3263 2205; x_wconf 91' lang='lat' dir='ltr'><strong>cum</strong></span> <span class='ocrx_word' id='word_1_451' title='bbox 3302 2157 3477 2202; x_wconf 80' lang='lat' dir='ltr'><strong>vestro</strong></span> <span class='ocrx_word' id='word_1_452' title='bbox 3515 2146 3734 2215; x_wconf 70' lang='lat' dir='ltr'><strong>imperum</strong></span> <span class='ocrx_word' id='word_1_453' title='bbox 3778 2146 3779 2220; x_wconf 28' lang='grc' dir='ltr'><strong>ᾗ</strong></span> 
     </span>
    </p>
   </div>
   <div class='ocr_carea' id='block_1_64' title="bbox 2266 2229 3733 2308">
    <p class='ocr_par' dir='ltr' id='par_1_64' title="bbox 2266 2229 3733 2308">
     <span class='ocr_line' id='line_1_64' title="bbox 2266 2229 3733 2308; baseline -0.007 -9"><span class='ocrx_word' id='word_1_454' title='bbox 2266 2243 2678 2299; x_wconf 84' lang='lat' dir='ltr'><strong>altercationem</strong></span> <span class='ocrx_word' id='word_1_455' title='bbox 2710 2243 2888 2299; x_wconf 86' lang='lat' dir='ltr'><strong>habeo</strong></span> <span class='ocrx_word' id='word_1_456' title='bbox 2905 2229 3136 2298; x_wconf 86' lang='lat' dir='ltr'><strong>nullam.</strong></span> <span class='ocrx_word' id='word_1_457' title='bbox 3169 2260 3190 2293; x_wconf 75' lang='grc' dir='ltr'><strong>ι</strong></span> <span class='ocrx_word' id='word_1_458' title='bbox 3225 2240 3334 2308; x_wconf 83' lang='lat' dir='ltr'><strong>Qui</strong></span> <span class='ocrx_word' id='word_1_459' title='bbox 3360 2241 3585 2296; x_wconf 75' lang='lat' dir='ltr'><strong>dixerunt</strong></span> <span class='ocrx_word' id='word_1_460' title='bbox 3609 2259 3619 2292; x_wconf 86' lang='lat'><strong>:</strong></span> <span class='ocrx_word' id='word_1_461' title='bbox 3639 2257 3652 2288; x_wconf 89' lang='grc' dir='ltr'><strong>ι</strong></span> <span class='ocrx_word' id='word_1_462' title='bbox 3675 2235 3733 2288; x_wconf 68' lang='lat' dir='ltr'><strong>So</strong></span> 
     </span>
    </p>
   </div>
   <div class='ocr_carea' id='block_1_65' title="bbox 2266 2335 3779 2414">
    <p class='ocr_par' dir='ltr' id='par_1_65' title="bbox 2266 2335 3779 2414">
     <span class='ocr_line' id='line_1_65' title="bbox 2266 2335 3779 2414; baseline -0.004 -15"><span class='ocrx_word' id='word_1_463' title='bbox 2266 2343 2366 2399; x_wconf 87' lang='lat' dir='ltr'><strong>stri</strong></span> <span class='ocrx_word' id='word_1_464' title='bbox 2398 2341 2750 2414; x_wconf 87' lang='lat' dir='ltr'><strong>imperatoris</strong></span> <span class='ocrx_word' id='word_1_465' title='bbox 2773 2341 2946 2413; x_wconf 86' lang='lat' dir='ltr'><strong>jussis</strong></span> <span class='ocrx_word' id='word_1_466' title='bbox 2971 2342 3437 2411; x_wconf 87' lang='lat' dir='ltr'><strong>obtemperantes,</strong></span> <span class='ocrx_word' id='word_1_467' title='bbox 3467 2354 3553 2392; x_wconf 88' lang='lat' dir='ltr'><strong>nos</strong></span> <span class='ocrx_word' id='word_1_468' title='bbox 3568 2335 3734 2408; x_wconf 62' lang='lat' dir='ltr'><strong>quidqui</strong></span> <span class='ocrx_word' id='word_1_469' title='bbox 3778 2335 3779 2402; x_wconf 67' lang='lat'>1</span> 
     </span>
    </p>
   </div>
   <div class='ocr_carea' id='block_1_66' title="bbox 2265 2431 3731 2506">
    <p class='ocr_par' dir='ltr' id='par_1_66' title="bbox 2265 2431 3731 2506">
     <span class='ocr_line' id='line_1_66' title="bbox 2265 2431 3731 2506; baseline -0.006 -15"><span class='ocrx_word' id='word_1_470' title='bbox 2265 2437 2334 2491; x_wconf 89' lang='lat' dir='ltr'><strong>ab</strong></span> <span class='ocrx_word' id='word_1_471' title='bbox 2361 2436 2455 2492; x_wconf 94' lang='lat' dir='ltr'><strong>illo</strong></span> <span class='ocrx_word' id='word_1_472' title='bbox 2504 2435 2834 2506; x_wconf 89' lang='lat' dir='ltr'><strong>imperatum</strong></span> <span class='ocrx_word' id='word_1_473' title='bbox 2881 2431 3048 2490; x_wconf 89' lang='lat' dir='ltr'><strong>fuerit</strong></span> <span class='ocrx_word' id='word_1_474' title='bbox 3091 2433 3395 2504; x_wconf 82' lang='lat' dir='ltr'><strong>adimplere</strong></span> <span class='ocrx_word' id='word_1_475' title='bbox 3435 2431 3731 2488; x_wconf 65' lang='lat' dir='ltr'><strong>festinamus»</strong></span> 
     </span>
    </p>
   </div>
   <div class='ocr_carea' id='block_1_67' title="bbox 2264 2519 3779 2597">
    <p class='ocr_par' dir='ltr' id='par_1_67' title="bbox 2264 2519 3779 2597">
     <span class='ocr_line' id='line_1_67' title="bbox 2264 2519 3779 2597; baseline -0.005 -17"><span class='ocrx_word' id='word_1_476' title='bbox 2264 2525 2378 2583; x_wconf 87' lang='lat' dir='ltr'><strong>llos</strong></span> <span class='ocrx_word' id='word_1_477' title='bbox 2406 2526 2760 2583; x_wconf 88' lang='lat' dir='ltr'><strong>Boamundus</strong></span> <span class='ocrx_word' id='word_1_478' title='bbox 2805 2526 3014 2597; x_wconf 85' lang='lat' dir='ltr'><strong>absque</strong></span> <span class='ocrx_word' id='word_1_479' title='bbox 3045 2525 3156 2580; x_wconf 88' lang='lat' dir='ltr'><strong>ulla</strong></span> <span class='ocrx_word' id='word_1_480' title='bbox 3211 2523 3553 2595; x_wconf 89' lang='lat' dir='ltr'><strong>impunitione</strong></span> 
     </span>
    </p>
   </div>
   <div class='ocr_carea' id='block_1_68' title="bbox 2265 2607 3779 2688">
    <p class='ocr_par' dir='ltr' id='par_1_68' title="bbox 2265 2607 3779 2688">
     <span class='ocr_line' id='line_1_68' title="bbox 2265 2607 3779 2688; baseline -0.004 -13"><span class='ocrx_word' id='word_1_481' title='bbox 2265 2619 2436 2676; x_wconf 85' lang='lat' dir='ltr'><strong>abire.</strong></span> <span class='ocrx_word' id='word_1_482' title='bbox 2478 2617 2593 2675; x_wconf 86' lang='lat' dir='ltr'><strong>lloe</strong></span> <span class='ocrx_word' id='word_1_483' title='bbox 2612 2619 2814 2674; x_wconf 88' lang='lat' dir='ltr'><strong>bellum</strong></span> <span class='ocrx_word' id='word_1_484' title='bbox 2856 2618 3061 2674; x_wconf 88' lang='lat' dir='ltr'><strong>factum</strong></span> <span class='ocrx_word' id='word_1_485' title='bbox 3091 2625 3179 2672; x_wconf 90' lang='lat' dir='ltr'><strong>est</strong></span> <span class='ocrx_word' id='word_1_486' title='bbox 3201 2616 3260 2671; x_wconf 90' lang='lat' dir='ltr'><strong>in</strong></span> <span class='ocrx_word' id='word_1_487' title='bbox 3289 2626 3474 2688; x_wconf 84' lang='lat' dir='ltr'><strong>quarta</strong></span> <span class='ocrx_word' id='word_1_488' title='bbox 3495 2614 3618 2677; x_wconf 83' lang='lat' dir='ltr'><strong>feria,</strong></span> <span class='ocrx_word' id='word_1_489' title='bbox 3649 2613 3732 2679; x_wconf 62' lang='lat' dir='ltr'><strong>Quod</strong></span> 
     </span>
    </p>
   </div>
   <div class='ocr_carea' id='block_1_69' title="bbox 2264 2700 3732 2781">
    <p class='ocr_par' dir='ltr' id='par_1_69' title="bbox 2264 2700 3732 2781">
     <span class='ocr_line' id='line_1_69' title="bbox 2264 2700 3732 2781; baseline -0.004 -15"><span class='ocrx_word' id='word_1_490' title='bbox 2264 2719 2347 2766; x_wconf 88' lang='lat' dir='ltr'><strong>est</strong></span> <span class='ocrx_word' id='word_1_491' title='bbox 2369 2710 2548 2781; x_wconf 89' lang='lat' dir='ltr'><strong>Caput</strong></span> <span class='ocrx_word' id='word_1_492' title='bbox 2587 2709 2811 2779; x_wconf 87' lang='lat' dir='ltr'><strong>Jejunii.</strong></span> <span class='ocrx_word' id='word_1_493' title='bbox 2844 2707 2949 2765; x_wconf 89' lang='lat' dir='ltr'><strong>Per</strong></span> <span class='ocrx_word' id='word_1_494' title='bbox 2990 2708 3176 2764; x_wconf 89' lang='lat' dir='ltr'><strong>omnia</strong></span> <span class='ocrx_word' id='word_1_495' title='bbox 3224 2707 3299 2763; x_wconf 85' lang='lat' dir='ltr'><strong>sit</strong></span> <span class='ocrx_word' id='word_1_496' title='bbox 3335 2705 3610 2761; x_wconf 73' lang='lat' dir='ltr'><strong>benedictus</strong></span> <span class='ocrx_word' id='word_1_497' title='bbox 3629 2700 3732 2760; x_wconf 70' lang='lat' dir='ltr'><strong>Dens.</strong></span> 
     </span>
    </p>
   </div>
   <div class='ocr_carea' id='block_1_70' title="bbox 2266 2792 3730 2867">
    <p class='ocr_par' dir='ltr' id='par_1_70' title="bbox 2266 2792 3730 2867">
     <span class='ocr_line' id='line_1_70' title="bbox 2266 2792 3730 2867; baseline -0.009 -17"><span class='ocrx_word' id='word_1_498' title='bbox 2266 2809 2423 2850; x_wconf 90' lang='lat' dir='ltr'><strong>amen</strong></span> <span class='ocrx_word' id='word_1_499' title='bbox 2457 2794 2555 2867; x_wconf 84' lang='lat' dir='ltr'><strong>(l).</strong></span> <span class='ocrx_word' id='word_1_500' title='bbox 2594 2793 2692 2849; x_wconf 84' lang='lat' dir='ltr'><strong>His</strong></span> <span class='ocrx_word' id='word_1_501' title='bbox 2721 2795 2903 2864; x_wconf 88' lang='lat' dir='ltr'><strong>itaque</strong></span> <span class='ocrx_word' id='word_1_502' title='bbox 2941 2793 3274 2858; x_wconf 87' lang='lat' dir='ltr'><strong>transactis,</strong></span> <span class='ocrx_word' id='word_1_503' title='bbox 3313 2792 3578 2861; x_wconf 84' lang='lat' dir='ltr'><strong>imperator</strong></span> <span class='ocrx_word' id='word_1_504' title='bbox 3597 2802 3730 2855; x_wconf 62' lang='lat' dir='ltr'><strong>neque</strong></span> 
     </span>
    </p>
   </div>
   <div class='ocr_carea' id='block_1_71' title="bbox 2265 2879 3732 2958">
    <p class='ocr_par' dir='ltr' id='par_1_71' title="bbox 2265 2879 3732 2958">
     <span class='ocr_line' id='line_1_71' title="bbox 2265 2879 3732 2958; baseline -0.007 -14"><span class='ocrx_word' id='word_1_505' title='bbox 2265 2887 2441 2944; x_wconf 90' lang='lat' dir='ltr'><strong>simus</strong></span> <span class='ocrx_word' id='word_1_506' title='bbox 2461 2887 2718 2958; x_wconf 70' lang='lat' dir='ltr'><strong>praecepit</strong></span> <span class='ocrx_word' id='word_1_507' title='bbox 2752 2886 2972 2942; x_wconf 90' lang='lat' dir='ltr'><strong>cuidam</strong></span> <span class='ocrx_word' id='word_1_508' title='bbox 3003 2901 3106 2942; x_wconf 89' lang='lat' dir='ltr'><strong>suo</strong></span> <span class='ocrx_word' id='word_1_509' title='bbox 3137 2885 3457 2941; x_wconf 79' lang='lat' dir='ltr'><strong>fidelissimo</strong></span> <span class='ocrx_word' id='word_1_510' title='bbox 3499 2879 3732 2951; x_wconf 71' lang='lat' dir='ltr'><strong>corpolasiu.</strong></span> 
     </span>
    </p>
   </div>
   <div class='ocr_carea' id='block_1_72' title="bbox 2265 2980 3732 3050">
    <p class='ocr_par' dir='ltr' id='par_1_72' title="bbox 2265 2980 3732 3050">
     <span class='ocr_line' id='line_1_72' title="bbox 2265 2980 3732 3050; baseline -0.007 -14"><span class='ocrx_word' id='word_1_511' title='bbox 2265 2989 2328 3036; x_wconf 90' lang='lat' dir='ltr'><strong>ut</strong></span> <span class='ocrx_word' id='word_1_512' title='bbox 2357 2996 2460 3037; x_wconf 90' lang='lat' dir='ltr'><strong>nos</strong></span> <span class='ocrx_word' id='word_1_513' title='bbox 2489 2996 2680 3037; x_wconf 89' lang='lat' dir='ltr'><strong>secure</strong></span> <span class='ocrx_word' id='word_1_514' title='bbox 2723 2980 3017 3037; x_wconf 89' lang='lat' dir='ltr'><strong>deduceret</strong></span> <span class='ocrx_word' id='word_1_515' title='bbox 3055 2994 3154 3050; x_wconf 91' lang='lat' dir='ltr'><strong>per</strong></span> <span class='ocrx_word' id='word_1_516' title='bbox 3203 2988 3404 3034; x_wconf 86' lang='lat' dir='ltr'><strong>terram</strong></span> <span class='ocrx_word' id='word_1_517' title='bbox 3449 2987 3732 3038; x_wconf 59' lang='lat' dir='ltr'><strong>sumasque</strong></span> 
     </span>
    </p>
   </div>
   <div class='ocr_carea' id='block_1_73' title="bbox 2264 3065 3734 3141">
    <p class='ocr_par' dir='ltr' id='par_1_73' title="bbox 2264 3065 3734 3141">
     <span class='ocr_line' id='line_1_73' title="bbox 2264 3065 3734 3141; baseline -0.01 -12"><span class='ocrx_word' id='word_1_518' title='bbox 2264 3073 2394 3129; x_wconf 90' lang='lat' dir='ltr'><strong>dum</strong></span> <span class='ocrx_word' id='word_1_519' title='bbox 2415 3074 2760 3129; x_wconf 85' lang='lat' dir='ltr'><strong>venissemus</strong></span> <span class='ocrx_word' id='word_1_520' title='bbox 2785 3071 3351 3141; x_wconf 88' lang='lat' dir='ltr'><strong>Constantinopolim.</strong></span> <span class='ocrx_word' id='word_1_521' title='bbox 3384 3065 3734 3123; x_wconf 76' lang='lat' dir='ltr'><strong>Venientibum-</strong></span> 
     </span>
    </p>
   </div>
   <div class='ocr_carea' id='block_1_74' title="bbox 2189 3156 3734 3265">
    <p class='ocr_par' dir='ltr' id='par_1_74' title="bbox 2189 3156 3734 3265">
     <span class='ocr_line' id='line_1_74' title="bbox 2189 3156 3734 3265; baseline -0.009 -44"><span class='ocrx_word' id='word_1_522' title='bbox 2189 3206 2234 3265; x_wconf 60' lang='grc' dir='ltr'><strong><em>ε</em></strong></span> <span class='ocrx_word' id='word_1_523' title='bbox 2266 3174 2374 3221; x_wconf 89' lang='lat' dir='ltr'><strong>tem</strong></span> <span class='ocrx_word' id='word_1_524' title='bbox 2400 3165 2559 3222; x_wconf 91' lang='lat' dir='ltr'><strong>nobis</strong></span> <span class='ocrx_word' id='word_1_525' title='bbox 2603 3165 3007 3221; x_wconf 56' lang='lat' dir='ltr'><strong>ante‘civitates</strong></span> <span class='ocrx_word' id='word_1_526' title='bbox 3037 3179 3260 3230; x_wconf 89' lang='lat' dir='ltr'><strong>eorum,</strong></span> <span class='ocrx_word' id='word_1_527' title='bbox 3295 3161 3570 3233; x_wconf 76' lang='lat' dir='ltr'><strong>imperabat</strong></span> <span class='ocrx_word' id='word_1_528' title='bbox 3605 3156 3734 3265; x_wconf 66' lang='lat' dir='ltr'><strong>civibus</strong></span> 
     </span>
    </p>
   </div>
   <div class='ocr_carea' id='block_1_75' title="bbox 2217 3245 3733 3328">
    <p class='ocr_par' dir='ltr' id='par_1_75' title="bbox 2217 3245 3733 3328">
     <span class='ocr_line' id='line_1_75' title="bbox 2217 3245 3733 3328; baseline -0.003 -17"><span class='ocrx_word' id='word_1_529' title='bbox 2217 3245 2234 3265; x_wconf 75' lang='grc'><em>’</em></span> <span class='ocrx_word' id='word_1_530' title='bbox 2269 3265 2328 3312; x_wconf 81' lang='grc' dir='ltr'><strong>ιιι</strong></span> <span class='ocrx_word' id='word_1_531' title='bbox 2371 3258 2530 3314; x_wconf 86' lang='lat' dir='ltr'><strong>nobis</strong></span> <span class='ocrx_word' id='word_1_532' title='bbox 2583 3273 2777 3315; x_wconf 89' lang='lat' dir='ltr'><strong>secure</strong></span> <span class='ocrx_word' id='word_1_533' title='bbox 2831 3265 3189 3328; x_wconf 86' lang='lat' dir='ltr'><strong>apportarent</strong></span> <span class='ocrx_word' id='word_1_534' title='bbox 3238 3263 3544 3316; x_wconf 86' lang='lat' dir='ltr'><strong>mercatum,</strong></span> <span class='ocrx_word' id='word_1_535' title='bbox 3579 3247 3678 3319; x_wconf 70' lang='lat' dir='ltr'><strong>quod</strong></span> <span class='ocrx_word' id='word_1_536' title='bbox 3704 3255 3733 3295; x_wconf 63' lang='grc' dir='ltr'><strong>α</strong></span> 
     </span>
    </p>
   </div>
   <div class='ocr_carea' id='block_1_76' title="bbox 2266 3335 3732 3432">
    <p class='ocr_par' dir='ltr' id='par_1_76' title="bbox 2266 3335 3732 3432">
     <span class='ocr_line' id='line_1_76' title="bbox 2266 3335 3732 3432; baseline -0.01 -26"><span class='ocrx_word' id='word_1_537' title='bbox 2266 3351 2369 3423; x_wconf 91' lang='lat' dir='ltr'><strong>ipsi</strong></span> <span class='ocrx_word' id='word_1_538' title='bbox 2397 3350 2688 3407; x_wconf 91' lang='lat' dir='ltr'><strong>faciebant.</strong></span> <span class='ocrx_word' id='word_1_539' title='bbox 2718 3349 2923 3406; x_wconf 87' lang='lat' dir='ltr'><strong>Tamen</strong></span> <span class='ocrx_word' id='word_1_540' title='bbox 2945 3350 3000 3404; x_wconf 92' lang='lat' dir='ltr'><strong>in</strong></span> <span class='ocrx_word' id='word_1_541' title='bbox 3027 3359 3244 3405; x_wconf 90' lang='lat' dir='ltr'><strong>tantum</strong></span> <span class='ocrx_word' id='word_1_542' title='bbox 3268 3348 3516 3432; x_wconf 72' lang='lat' dir='ltr'><strong>timebant</strong></span> <span class='ocrx_word' id='word_1_543' title='bbox 3535 3335 3732 3432; x_wconf 58' lang='lat' dir='ltr'><strong>Romani</strong></span> 
     </span>
    </p>
   </div>
   <div class='ocr_carea' id='block_1_77' title="bbox 2265 3427 3733 3516">
    <p class='ocr_par' dir='ltr' id='par_1_77' title="bbox 2265 3427 3733 3516">
     <span class='ocr_line' id='line_1_77' title="bbox 2265 3427 3733 3516; baseline -0.007 -17"><span class='ocrx_word' id='word_1_544' title='bbox 2265 3453 2501 3516; x_wconf 91' lang='lat' dir='ltr'><strong>gentem,</strong></span> <span class='ocrx_word' id='word_1_545' title='bbox 2538 3449 2736 3499; x_wconf 80' lang='lat' dir='ltr'><strong>utnon</strong></span> <span class='ocrx_word' id='word_1_546' title='bbox 2763 3444 3010 3498; x_wconf 88' lang='lat' dir='ltr'><strong>sinerent</strong></span> <span class='ocrx_word' id='word_1_547' title='bbox 3047 3442 3234 3512; x_wconf 88' lang='lat' dir='ltr'><strong>aliqua</strong></span> <span class='ocrx_word' id='word_1_548' title='bbox 3275 3427 3542 3496; x_wconf 81' lang='lat' dir='ltr'><strong>occasione</strong></span> <span class='ocrx_word' id='word_1_549' title='bbox 3565 3432 3663 3488; x_wconf 77' lang='lat' dir='ltr'><strong>infra</strong></span> <span class='ocrx_word' id='word_1_550' title='bbox 3693 3427 3733 3479; x_wconf 66' lang='grc' dir='ltr'><em>ά</em></span> 
     </span>
    </p>
   </div>
   <div class='ocr_carea' id='block_1_78' title="bbox 2264 3521 3779 3607">
    <p class='ocr_par' dir='ltr' id='par_1_78' title="bbox 2264 3521 3779 3607">
     <span class='ocr_line' id='line_1_78' title="bbox 2264 3521 3779 3607; baseline -0.009 -18"><span class='ocrx_word' id='word_1_551' title='bbox 2264 3537 2484 3592; x_wconf 90' lang='lat' dir='ltr'><strong>vitatem</strong></span> <span class='ocrx_word' id='word_1_552' title='bbox 2517 3535 2746 3607; x_wconf 85' lang='lat' dir='ltr'><strong>ingredi.</strong></span> <span class='ocrx_word' id='word_1_553' title='bbox 2777 3533 3022 3604; x_wconf 88' lang='lat' dir='ltr'><strong>Denique</strong></span> <span class='ocrx_word' id='word_1_554' title='bbox 3045 3534 3126 3589; x_wconf 92' lang='lat' dir='ltr'><strong>sic</strong></span> <span class='ocrx_word' id='word_1_555' title='bbox 3147 3537 3505 3603; x_wconf 83' lang='lat' dir='ltr'><strong>pervenerunt</strong></span> <span class='ocrx_word' id='word_1_556' title='bbox 3523 3525 3578 3582; x_wconf 87' lang='lat' dir='ltr'><strong>ad</strong></span> <span class='ocrx_word' id='word_1_557' title='bbox 3594 3521 3732 3578; x_wconf 73' lang='lat' dir='ltr'><strong>Rsizﬂ</strong></span> 
     </span>
    </p>
   </div>
   <div class='ocr_carea' id='block_1_79' title="bbox 2263 3612 3732 3698">
    <p class='ocr_par' dir='ltr' id='par_1_79' title="bbox 2263 3612 3732 3698">
     <span class='ocr_line' id='line_1_79' title="bbox 2263 3612 3732 3698; baseline -0.011 -14"><span class='ocrx_word' id='word_1_558' title='bbox 2263 3629 2560 3696; x_wconf 87' lang='lat' dir='ltr'><strong>civitatem,</strong></span> <span class='ocrx_word' id='word_1_559' title='bbox 2593 3627 2813 3698; x_wconf 88' lang='lat' dir='ltr'><strong>illicque</strong></span> <span class='ocrx_word' id='word_1_560' title='bbox 2841 3627 3104 3696; x_wconf 77' lang='lat' dir='ltr'><strong>hospitali</strong></span> <span class='ocrx_word' id='word_1_561' title='bbox 3138 3634 3292 3680; x_wconf 89' lang='lat' dir='ltr'><strong>sunt.</strong></span> <span class='ocrx_word' id='word_1_562' title='bbox 3329 3623 3474 3677; x_wconf 86' lang='lat' dir='ltr'><strong>Tnnc</strong></span> <span class='ocrx_word' id='word_1_563' title='bbox 3495 3612 3732 3673; x_wconf 75' lang='lat' dir='ltr'><strong>Boamandus</strong></span> 
     </span>
    </p>
   </div>
   <div class='ocr_carea' id='block_1_80' title="bbox 2263 3706 3779 3790">
    <p class='ocr_par' dir='ltr' id='par_1_80' title="bbox 2263 3706 3779 3790">
     <span class='ocr_line' id='line_1_80' title="bbox 2263 3706 3779 3790; baseline -0.013 -16"><span class='ocrx_word' id='word_1_564' title='bbox 2263 3717 2473 3774; x_wconf 89' lang='lat' dir='ltr'><strong>dimisit</strong></span> <span class='ocrx_word' id='word_1_565' title='bbox 2494 3727 2708 3790; x_wconf 85' lang='lat' dir='ltr'><strong>gentem</strong></span> <span class='ocrx_word' id='word_1_566' title='bbox 2748 3733 2928 3784; x_wconf 88' lang='lat' dir='ltr'><strong>suam;</strong></span> <span class='ocrx_word' id='word_1_567' title='bbox 2972 3715 3328 3788; x_wconf 82' lang='lat' dir='ltr'><strong>perrexitqne</strong></span> <span class='ocrx_word' id='word_1_568' title='bbox 3353 3711 3488 3785; x_wconf 86' lang='lat' dir='ltr'><strong>loqui</strong></span> <span class='ocrx_word' id='word_1_569' title='bbox 3508 3723 3605 3765; x_wconf 85' lang='lat' dir='ltr'><strong>cum</strong></span> <span class='ocrx_word' id='word_1_570' title='bbox 3633 3706 3731 3772; x_wconf 66' lang='lat' dir='ltr'><strong>ipe</strong></span> 
     </span>
    </p>
   </div>
   <div class='ocr_carea' id='block_1_81' title="bbox 2265 3804 3729 3878">
    <p class='ocr_par' dir='ltr' id='par_1_81' title="bbox 2265 3804 3729 3878">
     <span class='ocr_line' id='line_1_81' title="bbox 2265 3804 3729 3878; baseline -0.01 -16"><span class='ocrx_word' id='word_1_571' title='bbox 2265 3817 2466 3875; x_wconf 87' lang='lat' dir='ltr'><strong>ratore,</strong></span> <span class='ocrx_word' id='word_1_572' title='bbox 2499 3807 2824 3878; x_wconf 71' lang='lat' dir='ltr'><strong>praecipiens</strong></span> <span class='ocrx_word' id='word_1_573' title='bbox 2856 3823 2959 3862; x_wconf 91' lang='lat' dir='ltr'><strong>suo</strong></span> <span class='ocrx_word' id='word_1_574' title='bbox 3004 3805 3320 3871; x_wconf 90' lang='lat' dir='ltr'><strong>comitatui,</strong></span> <span class='ocrx_word' id='word_1_575' title='bbox 3354 3813 3410 3860; x_wconf 90' lang='lat' dir='ltr'><strong>ut</strong></span> <span class='ocrx_word' id='word_1_576' title='bbox 3435 3804 3582 3872; x_wconf 86' lang='lat' dir='ltr'><strong>ipsum</strong></span> <span class='ocrx_word' id='word_1_577' title='bbox 3611 3805 3729 3864; x_wconf 66' lang='lat' dir='ltr'><strong>apprc-</strong></span> 
     </span>
    </p>
   </div>
   <div class='ocr_carea' id='block_1_82' title="bbox 2263 3891 3729 3972">
    <p class='ocr_par' dir='ltr' id='par_1_82' title="bbox 2263 3891 3729 3972">
     <span class='ocr_line' id='line_1_82' title="bbox 2263 3891 3729 3972; baseline -0.013 -17"><span class='ocrx_word' id='word_1_578' title='bbox 2263 3901 2592 3972; x_wconf 84' lang='lat' dir='ltr'><strong>pinquantes</strong></span> <span class='ocrx_word' id='word_1_579' title='bbox 2618 3900 2828 3957; x_wconf 80' lang='lat' dir='ltr'><strong>civitati</strong></span> <span class='ocrx_word' id='word_1_580' title='bbox 2857 3899 3320 3970; x_wconf 76' lang='lat' dir='ltr'><strong>insequerentur.</strong></span> <span class='ocrx_word' id='word_1_581' title='bbox 3363 3895 3461 3964; x_wconf 86' lang='lat' dir='ltr'><strong>Qui</strong></span> <span class='ocrx_word' id='word_1_582' title='bbox 3479 3891 3603 3948; x_wconf 77' lang='lat' dir='ltr'><strong>duxit</strong></span> <span class='ocrx_word' id='word_1_583' title='bbox 3620 3897 3729 3942; x_wconf 70' lang='grc' dir='ltr'>ςαιιι</span> 
     </span>
    </p>
   </div>
   <div class='ocr_carea' id='block_1_83' title="bbox 2263 3975 3729 4068">
    <p class='ocr_par' dir='ltr' id='par_1_83' title="bbox 2263 3975 3729 4068">
     <span class='ocr_line' id='line_1_83' title="bbox 2263 3975 3729 4068; baseline -0.006 -22"><span class='ocrx_word' id='word_1_584' title='bbox 2263 4007 2468 4068; x_wconf 88' lang='lat' dir='ltr'><strong>paucos</strong></span> <span class='ocrx_word' id='word_1_585' title='bbox 2499 3993 2719 4048; x_wconf 90' lang='lat' dir='ltr'><strong>milites.</strong></span> <span class='ocrx_word' id='word_1_586' title='bbox 2767 3991 3069 4062; x_wconf 90' lang='lat' dir='ltr'><strong>Postquam</strong></span> <span class='ocrx_word' id='word_1_587' title='bbox 3108 4005 3241 4046; x_wconf 90' lang='lat' dir='ltr'><strong>vero</strong></span> <span class='ocrx_word' id='word_1_588' title='bbox 3273 3990 3549 4061; x_wconf 86' lang='lat' dir='ltr'><strong>imperator</strong></span> <span class='ocrx_word' id='word_1_589' title='bbox 3571 3975 3729 4050; x_wconf 45' lang='lat' dir='ltr'><strong>cognoui</strong></span> 
     </span>
    </p>
   </div>
   <div class='ocr_carea' id='block_1_84' title="bbox 2263 4075 3725 4154">
    <p class='ocr_par' dir='ltr' id='par_1_84' title="bbox 2263 4075 3725 4154">
     <span class='ocr_line' id='line_1_84' title="bbox 2263 4075 3725 4154; baseline -0.007 -16"><span class='ocrx_word' id='word_1_590' title='bbox 2263 4083 2644 4140; x_wconf 87' lang='lat' dir='ltr'><strong>Boamundum</strong></span> <span class='ocrx_word' id='word_1_591' title='bbox 2670 4085 2737 4140; x_wconf 89' lang='lat' dir='ltr'><strong>ad</strong></span> <span class='ocrx_word' id='word_1_592' title='bbox 2759 4101 2818 4141; x_wconf 91' lang='lat' dir='ltr'><strong>se</strong></span> <span class='ocrx_word' id='word_1_593' title='bbox 2843 4085 3057 4150; x_wconf 91' lang='lat' dir='ltr'><strong>venire,</strong></span> <span class='ocrx_word' id='word_1_594' title='bbox 3081 4083 3256 4154; x_wconf 84' lang='lat' dir='ltr'><strong>jussit</strong></span> <span class='ocrx_word' id='word_1_595' title='bbox 3275 4097 3402 4138; x_wconf 90' lang='lat' dir='ltr'><strong>cum</strong></span> <span class='ocrx_word' id='word_1_596' title='bbox 3441 4075 3609 4146; x_wconf 87' lang='lat' dir='ltr'><strong>recipi,</strong></span> <span class='ocrx_word' id='word_1_597' title='bbox 3627 4078 3725 4124; x_wconf 68' lang='grc' dir='ltr'><strong>ειπ-</strong></span> 
     </span>
    </p>
   </div>
   <div class='ocr_carea' id='block_1_85' title="bbox 2262 4161 3779 4248">
    <p class='ocr_par' dir='ltr' id='par_1_85' title="bbox 2262 4161 3779 4248">
     <span class='ocr_line' id='line_1_85' title="bbox 2262 4161 3779 4248; baseline -0.018 -15"><span class='ocrx_word' id='word_1_598' title='bbox 2262 4177 2579 4232; x_wconf 88' lang='lat' dir='ltr'><strong>nerabiliter</strong></span> <span class='ocrx_word' id='word_1_599' title='bbox 2621 4176 2890 4248; x_wconf 91' lang='lat' dir='ltr'><strong>hospitari</strong></span> <span class='ocrx_word' id='word_1_600' title='bbox 2943 4176 2998 4230; x_wconf 90' lang='lat' dir='ltr'><strong>in</strong></span> <span class='ocrx_word' id='word_1_601' title='bbox 3041 4175 3343 4230; x_wconf 81' lang='lat' dir='ltr'><strong>civitatem.</strong></span> <span class='ocrx_word' id='word_1_602' title='bbox 3389 4171 3599 4238; x_wconf 85' lang='lat' dir='ltr'><strong>Cumque</strong></span> <span class='ocrx_word' id='word_1_603' title='bbox 3623 4161 3728 4216; x_wconf 71' lang='grc' dir='ltr'>ιιιὶιττ</span> <span class='ocrx_word' id='word_1_604' title='bbox 3778 4161 3779 4168; x_wconf 85' lang='lat'>‘</span> 
     </span>
    </p>
   </div>
   <div class='ocr_carea' id='block_1_86' title="bbox 2262 4251 3779 4339">
    <p class='ocr_par' dir='ltr' id='par_1_86' title="bbox 2262 4251 3779 4339">
     <span class='ocr_line' id='line_1_86' title="bbox 2262 4251 3779 4339; baseline -0.006 -17"><span class='ocrx_word' id='word_1_605' title='bbox 2262 4281 2515 4338; x_wconf 88' lang='lat' dir='ltr'><strong>receptus</strong></span> <span class='ocrx_word' id='word_1_606' title='bbox 2547 4267 2762 4335; x_wconf 89' lang='lat' dir='ltr'><strong>fuisset,</strong></span> <span class='ocrx_word' id='word_1_607' title='bbox 2799 4267 3082 4324; x_wconf 89' lang='lat' dir='ltr'><strong>mandavit</strong></span> <span class='ocrx_word' id='word_1_608' title='bbox 3119 4265 3435 4339; x_wconf 86' lang='lat' dir='ltr'><strong>imperatori</strong></span> <span class='ocrx_word' id='word_1_609' title='bbox 3463 4251 3728 4333; x_wconf 62' lang='lat' dir='ltr'><strong>quatenusib&#39;</strong></span> <span class='ocrx_word' id='word_1_610' title='bbox 3778 4313 3779 4332; x_wconf 22' lang='grc' dir='ltr'><strong>ἦ</strong></span> 
     </span>
    </p>
   </div>
   <div class='ocr_carea' id='block_1_87' title="bbox 2263 4354 3726 4432">
    <p class='ocr_par' dir='ltr' id='par_1_87' title="bbox 2263 4354 3726 4432">
     <span class='ocr_line' id='line_1_87' title="bbox 2263 4354 3726 4432; baseline -0.007 -16"><span class='ocrx_word' id='word_1_611' title='bbox 2263 4360 2429 4416; x_wconf 92' lang='lat' dir='ltr'><strong>simul</strong></span> <span class='ocrx_word' id='word_1_612' title='bbox 2491 4361 2956 4432; x_wconf 87' lang='lat' dir='ltr'><strong>colloquerentur.</strong></span> <span class='ocrx_word' id='word_1_613' title='bbox 3037 4359 3193 4416; x_wconf 87' lang='lat' dir='ltr'><strong>‘l‘nne</strong></span> <span class='ocrx_word' id='word_1_614' title='bbox 3263 4354 3658 4416; x_wconf 74' lang='lat' dir='ltr'><strong>concordavemnl</strong></span> <span class='ocrx_word' id='word_1_615' title='bbox 3696 4354 3726 4391; x_wconf 69' lang='grc' dir='ltr'><strong>εί</strong></span> 
     </span>
    </p>
   </div>
   <div class='ocr_carea' id='block_1_88' title="bbox 2263 4435 3779 4525">
    <p class='ocr_par' dir='ltr' id='par_1_88' title="bbox 2263 4435 3779 4525">
     <span class='ocr_line' id='line_1_88' title="bbox 2263 4435 3779 4525; baseline -0.004 -17"><span class='ocrx_word' id='word_1_616' title='bbox 2263 4454 2442 4509; x_wconf 89' lang='lat' dir='ltr'><strong>ambo.</strong></span> <span class='ocrx_word' id='word_1_617' title='bbox 2489 4453 2626 4509; x_wconf 86' lang='lat' dir='ltr'><strong>Nam</strong></span> <span class='ocrx_word' id='word_1_618' title='bbox 2669 4455 2969 4525; x_wconf 82' lang='lat' dir='ltr'><strong>imperator</strong></span> <span class='ocrx_word' id='word_1_619' title='bbox 2994 4453 3248 4524; x_wconf 85' lang='lat' dir='ltr'><strong>permisit</strong></span> <span class='ocrx_word' id='word_1_620' title='bbox 3283 4435 3726 4511; x_wconf 54' lang='lat' dir='ltr'><strong>Boamundoqﬂilik‘</strong></span> <span class='ocrx_word' id='word_1_621' title='bbox 3778 4451 3779 4516; x_wconf 51' lang='grc' dir='ltr'>ξ</span> 
     </span>
    </p>
   </div>
   <div class='ocr_carea' id='block_1_89' title="bbox 571 4531 3726 4625">
    <p class='ocr_par' dir='ltr' id='par_1_89' title="bbox 571 4531 3726 4625">
     <span class='ocr_line' id='line_1_89' title="bbox 571 4531 3726 4625; baseline 0 -36"><span class='ocrx_word' id='word_1_622' title='bbox 571 4545 835 4591; x_wconf 83' lang='lat' dir='ltr'><strong>castrum.</strong></span> <span class='ocrx_word' id='word_1_623' title='bbox 874 4536 957 4592; x_wconf 90' lang='lat' dir='ltr'><strong>llli</strong></span> <span class='ocrx_word' id='word_1_624' title='bbox 993 4554 1122 4594; x_wconf 89' lang='lat' dir='ltr'><strong>vero</strong></span> <span class='ocrx_word' id='word_1_625' title='bbox 1165 4540 1407 4611; x_wconf 85' lang='lat' dir='ltr'><strong>undique</strong></span> <span class='ocrx_word' id='word_1_626' title='bbox 1458 4542 1834 4614; x_wconf 84' lang='lat' dir='ltr'><strong>aggredientes</strong></span> <span class='ocrx_word' id='word_1_627' title='bbox 1875 4542 2006 4598; x_wconf 87' lang='lat' dir='ltr'><strong>illud</strong></span> <span class='ocrx_word' id='word_1_628' title='bbox 2047 4559 2156 4598; x_wconf 91' lang='lat' dir='ltr'><strong>una</strong></span> <span class='ocrx_word' id='word_1_629' title='bbox 2187 4564 2238 4625; x_wconf 74' lang='grc' dir='ltr'>ι)</span> <span class='ocrx_word' id='word_1_630' title='bbox 2262 4545 2369 4599; x_wconf 90' lang='lat' dir='ltr'><strong>cim</strong></span> <span class='ocrx_word' id='word_1_631' title='bbox 2398 4545 2574 4600; x_wconf 88' lang='lat' dir='ltr'><strong>dictas</strong></span> <span class='ocrx_word' id='word_1_632' title='bbox 2605 4553 2764 4601; x_wconf 61' lang='lat' dir='ltr'><strong>terra:</strong></span> <span class='ocrx_word' id='word_1_633' title='bbox 2795 4546 2849 4600; x_wconf 92' lang='lat' dir='ltr'><strong>in</strong></span> <span class='ocrx_word' id='word_1_634' title='bbox 2882 4544 3283 4617; x_wconf 82' lang='lat' dir='ltr'><strong>longitudinem</strong></span> <span class='ocrx_word' id='word_1_635' title='bbox 3314 4531 3726 4599; x_wconf 67' lang='lat' dir='ltr'><strong>ttomania:,et0&quot;0</strong></span> 
     </span>
    </p>
   </div>
   <div class='ocr_carea' id='block_1_90' title="bbox 568 4629 2152 4702">
    <p class='ocr_par' dir='ltr' id='par_1_90' title="bbox 568 4629 2152 4702">
     <span class='ocr_line' id='line_1_90' title="bbox 568 4629 2152 4702; baseline 0.004 -19"><span class='ocrx_word' id='word_1_636' title='bbox 568 4645 695 4684; x_wconf 76' lang='lat' dir='ltr'><strong>eum</strong></span> <span class='ocrx_word' id='word_1_637' title='bbox 721 4629 1120 4688; x_wconf 86' lang='lat' dir='ltr'><strong>habitatoribus</strong></span> <span class='ocrx_word' id='word_1_638' title='bbox 1145 4632 1200 4688; x_wconf 90' lang='lat' dir='ltr'><strong>in</strong></span> <span class='ocrx_word' id='word_1_639' title='bbox 1235 4632 1412 4689; x_wconf 89' lang='lat' dir='ltr'><strong>lacum</strong></span> <span class='ocrx_word' id='word_1_640' title='bbox 1433 4675 1448 4702; x_wconf 95' lang='lat'><strong>,</strong></span> <span class='ocrx_word' id='word_1_641' title='bbox 1482 4635 1575 4690; x_wconf 91' lang='lat' dir='ltr'><strong>ubi</strong></span> <span class='ocrx_word' id='word_1_642' title='bbox 1597 4635 1922 4692; x_wconf 80' lang='lat' dir='ltr'><strong>aedificatum</strong></span> <span class='ocrx_word' id='word_1_643' title='bbox 1954 4633 2152 4700; x_wconf 89' lang='lat' dir='ltr'><strong>fuerat,</strong></span> 
     </span>
    </p>
   </div>
   <div class='ocr_carea' id='block_1_91' title="bbox 2263 4635 2717 4692">
    <p class='ocr_par' dir='ltr' id='par_1_91' title="bbox 2263 4635 2717 4692">
     <span class='ocr_line' id='line_1_91' title="bbox 2263 4635 2717 4692; baseline 0.009 -4"><span class='ocrx_word' id='word_1_644' title='bbox 2263 4635 2319 4689; x_wconf 90' lang='lat' dir='ltr'><strong>in</strong></span> <span class='ocrx_word' id='word_1_645' title='bbox 2351 4636 2717 4692; x_wconf 88' lang='lat' dir='ltr'><strong>latitudinem.</strong></span> 
     </span>
    </p>
   </div>
   <div class='ocr_carea' id='block_1_92' title="bbox 2050 4795 2416 4813">
    <p class='ocr_par' dir='ltr' id='par_1_92' title="bbox 2050 4795 2416 4813">
     <span class='ocr_line' id='line_1_92' title="bbox 2050 4795 2416 4813; baseline 0.005 -3"><span class='ocrx_word' id='word_1_646' title='bbox 2050 4795 2416 4813; x_wconf 42' lang='lat' dir='ltr'>ﬂ</span> 
     </span>
    </p>
   </div>
   <div class='ocr_carea' id='block_1_93' title="bbox 1396 4962 3022 5062">
    <p class='ocr_par' dir='ltr' id='par_1_93' title="bbox 1396 4962 3022 5062">
     <span class='ocr_line' id='line_1_93' title="bbox 1396 4962 3022 5062; baseline -0.001 -10"><span class='ocrx_word' id='word_1_647' title='bbox 1396 4963 1864 5062; x_wconf 86' lang='lat' dir='ltr'><strong>INCIPIT</strong></span> <span class='ocrx_word' id='word_1_648' title='bbox 1933 4966 2299 5056; x_wconf 82' lang='lat' dir='ltr'><strong>LIBER</strong></span> <span class='ocrx_word' id='word_1_649' title='bbox 2368 4962 3022 5056; x_wconf 86' lang='lat' dir='ltr'><strong>SECUNDUS.</strong></span> 
     </span>
    </p>
   </div>
   <div class='ocr_carea' id='block_1_94' title="bbox 642 5148 2154 5234">
    <p class='ocr_par' dir='ltr' id='par_1_94' title="bbox 642 5148 2154 5234">
     <span class='ocr_line' id='line_1_94' title="bbox 642 5148 2154 5234; baseline 0.004 -21"><span class='ocrx_word' id='word_1_650' title='bbox 642 5158 984 5216; x_wconf 80' lang='lat' dir='ltr'><strong>Raimundus</strong></span> <span class='ocrx_word' id='word_1_651' title='bbox 1005 5158 1196 5230; x_wconf 87' lang='lat' dir='ltr'><strong>itaque</strong></span> <span class='ocrx_word' id='word_1_652' title='bbox 1217 5174 1404 5216; x_wconf 90' lang='lat' dir='ltr'><strong>comes</strong></span> <span class='ocrx_word' id='word_1_653' title='bbox 1421 5158 1610 5217; x_wconf 87' lang='lat' dir='ltr'><strong>Sancti</strong></span> <span class='ocrx_word' id='word_1_654' title='bbox 1624 5148 1826 5234; x_wconf 60' lang='lat' dir='ltr'><strong>JEgidii</strong></span> <span class='ocrx_word' id='word_1_655' title='bbox 1845 5161 2008 5219; x_wconf 89' lang='lat' dir='ltr'><strong>simul</strong></span> <span class='ocrx_word' id='word_1_656' title='bbox 2029 5179 2154 5219; x_wconf 89' lang='lat' dir='ltr'><strong>cum</strong></span> 
     </span>
    </p>
   </div>
   <div class='ocr_carea' id='block_1_95' title="bbox 565 5250 2155 5327">
    <p class='ocr_par' dir='ltr' id='par_1_95' title="bbox 565 5250 2155 5327">
     <span class='ocr_line' id='line_1_95' title="bbox 565 5250 2155 5327; baseline 0.004 -19"><span class='ocrx_word' id='word_1_657' title='bbox 565 5250 824 5308; x_wconf 87' lang='lat' dir='ltr'><strong>Podiensi</strong></span> <span class='ocrx_word' id='word_1_658' title='bbox 851 5253 1112 5325; x_wconf 87' lang='lat' dir='ltr'><strong>episcopo</strong></span> <span class='ocrx_word' id='word_1_659' title='bbox 1142 5253 1312 5310; x_wconf 82' lang='lat' dir='ltr'><strong>exivit</strong></span> <span class='ocrx_word' id='word_1_660' title='bbox 1333 5254 1401 5309; x_wconf 90' lang='lat' dir='ltr'><strong>de</strong></span> <span class='ocrx_word' id='word_1_661' title='bbox 1433 5253 1729 5322; x_wconf 83' lang='lat' dir='ltr'><strong>Sclavinia,</strong></span> <span class='ocrx_word' id='word_1_662' title='bbox 1769 5255 1824 5310; x_wconf 90' lang='lat' dir='ltr'><strong>in</strong></span> <span class='ocrx_word' id='word_1_663' title='bbox 1847 5271 1955 5327; x_wconf 87' lang='lat' dir='ltr'><strong>qua</strong></span> <span class='ocrx_word' id='word_1_664' title='bbox 1982 5259 2155 5315; x_wconf 89' lang='lat' dir='ltr'><strong>multa</strong></span> 
     </span>
    </p>
   </div>
   <div class='ocr_carea' id='block_1_96' title="bbox 567 5342 2154 5419">
    <p class='ocr_par' dir='ltr' id='par_1_96' title="bbox 567 5342 2154 5419">
     <span class='ocr_line' id='line_1_96' title="bbox 567 5342 2154 5419; baseline 0.005 -21"><span class='ocrx_word' id='word_1_665' title='bbox 567 5360 668 5414; x_wconf 92' lang='lat' dir='ltr'><strong>pro</strong></span> <span class='ocrx_word' id='word_1_666' title='bbox 692 5342 895 5400; x_wconf 89' lang='lat' dir='ltr'><strong>Christi</strong></span> <span class='ocrx_word' id='word_1_667' title='bbox 917 5345 1140 5402; x_wconf 87' lang='lat' dir='ltr'><strong>nomine</strong></span> <span class='ocrx_word' id='word_1_668' title='bbox 1164 5353 1219 5401; x_wconf 91' lang='lat' dir='ltr'><strong>et</strong></span> <span class='ocrx_word' id='word_1_669' title='bbox 1241 5345 1416 5402; x_wconf 87' lang='lat' dir='ltr'><strong>sancti</strong></span> <span class='ocrx_word' id='word_1_670' title='bbox 1441 5347 1679 5417; x_wconf 89' lang='lat' dir='ltr'><strong>sepulcri</strong></span> <span class='ocrx_word' id='word_1_671' title='bbox 1700 5347 1785 5402; x_wconf 84' lang='lat' dir='ltr'><strong>via</strong></span> <span class='ocrx_word' id='word_1_672' title='bbox 1810 5347 1914 5404; x_wconf 85' lang='lat' dir='ltr'><strong>fuit</strong></span> <span class='ocrx_word' id='word_1_673' title='bbox 1934 5363 2154 5419; x_wconf 89' lang='lat' dir='ltr'><strong>passus,</strong></span> 
     </span>
    </p>
   </div>
   <div class='ocr_carea' id='block_1_97' title="bbox 567 5434 2154 5517">
    <p class='ocr_par' dir='ltr' id='par_1_97' title="bbox 567 5434 2154 5517">
     <span class='ocr_line' id='line_1_97' title="bbox 567 5434 2154 5517; baseline 0.003 -25"><span class='ocrx_word' id='word_1_674' title='bbox 567 5452 692 5508; x_wconf 68' lang='lat' dir='ltr'><strong>qua:</strong></span> <span class='ocrx_word' id='word_1_675' title='bbox 711 5434 936 5517; x_wconf 86' lang='lat' dir='ltr'><strong>minime</strong></span> <span class='ocrx_word' id='word_1_676' title='bbox 964 5437 1076 5509; x_wconf 90' lang='lat' dir='ltr'><strong>pati</strong></span> <span class='ocrx_word' id='word_1_677' title='bbox 1108 5439 1365 5507; x_wconf 87' lang='lat' dir='ltr'><strong>deberet;</strong></span> <span class='ocrx_word' id='word_1_678' title='bbox 1395 5440 1450 5494; x_wconf 90' lang='lat' dir='ltr'><strong>in</strong></span> <span class='ocrx_word' id='word_1_679' title='bbox 1480 5456 1588 5510; x_wconf 89' lang='lat' dir='ltr'><strong>qua</strong></span> <span class='ocrx_word' id='word_1_680' title='bbox 1629 5440 1794 5496; x_wconf 89' lang='lat' dir='ltr'><strong>etiam</strong></span> <span class='ocrx_word' id='word_1_681' title='bbox 1822 5440 2008 5511; x_wconf 88' lang='lat' dir='ltr'><strong>plures</strong></span> <span class='ocrx_word' id='word_1_682' title='bbox 2051 5441 2154 5497; x_wconf 91' lang='lat' dir='ltr'><strong>ho-</strong></span> 
     </span>
    </p>
   </div>
   <div class='ocr_carea' id='block_1_98' title="bbox 480 5527 2147 5604">
    <p class='ocr_par' dir='ltr' id='par_1_98' title="bbox 480 5527 2147 5604">
     <span class='ocr_line' id='line_1_98' title="bbox 480 5527 2147 5604; baseline 0.001 -16"><span class='ocrx_word' id='word_1_683' title='bbox 480 5579 490 5588; x_wconf 93' lang='lat'><strong>.</strong></span> <span class='ocrx_word' id='word_1_684' title='bbox 541 5527 1176 5601; x_wconf 61' lang='lat' dir='ltr'><strong>&#39;nestissimos‘perdidit</strong></span> <span class='ocrx_word' id='word_1_685' title='bbox 1195 5533 1426 5588; x_wconf 85' lang='lat' dir='ltr'><strong>milites.</strong></span> <span class='ocrx_word' id='word_1_686' title='bbox 1462 5531 1673 5589; x_wconf 80' lang='lat' dir='ltr'><strong>Exinde</strong></span> <span class='ocrx_word' id='word_1_687' title='bbox 1701 5533 1949 5604; x_wconf 86' lang='lat' dir='ltr'><strong>pervenit</strong></span> <span class='ocrx_word' id='word_1_688' title='bbox 1973 5533 2147 5590; x_wconf 85' lang='lat' dir='ltr'><strong>Dura-</strong></span> 
     </span>
    </p>
   </div>
   <div class='ocr_carea' id='block_1_99' title="bbox 561 5623 2149 5699">
    <p class='ocr_par' dir='ltr' id='par_1_99' title="bbox 561 5623 2149 5699">
     <span class='ocr_line' id='line_1_99' title="bbox 561 5623 2149 5699; baseline 0.002 -18"><span class='ocrx_word' id='word_1_689' title='bbox 561 5623 733 5693; x_wconf 80' lang='lat' dir='ltr'><strong>chim,</strong></span> <span class='ocrx_word' id='word_1_690' title='bbox 759 5637 882 5695; x_wconf 77' lang='lat' dir='ltr'><strong>qua:</strong></span> <span class='ocrx_word' id='word_1_691' title='bbox 903 5623 1096 5680; x_wconf 87' lang='lat' dir='ltr'><strong>civitas</strong></span> <span class='ocrx_word' id='word_1_692' title='bbox 1131 5625 1479 5696; x_wconf 85' lang='lat' dir='ltr'><strong>imperatoris</strong></span> <span class='ocrx_word' id='word_1_693' title='bbox 1507 5637 1611 5694; x_wconf 91' lang='lat' dir='ltr'><strong>est,</strong></span> <span class='ocrx_word' id='word_1_694' title='bbox 1644 5634 1842 5698; x_wconf 80' lang='lat' dir='ltr'><strong>putans</strong></span> <span class='ocrx_word' id='word_1_695' title='bbox 1876 5625 1990 5699; x_wconf 83' lang='lat' dir='ltr'><strong>jam</strong></span> <span class='ocrx_word' id='word_1_696' title='bbox 2025 5641 2149 5684; x_wconf 86' lang='lat' dir='ltr'><strong>esse</strong></span> 
     </span>
    </p>
   </div>
   <div class='ocr_carea' id='block_1_100' title="bbox 633 5800 1568 5873">
    <p class='ocr_par' dir='ltr' id='par_1_100' title="bbox 633 5800 1568 5873">
     <span class='ocr_line' id='line_1_100' title="bbox 633 5800 1568 5873; baseline 0 -19"><span class='ocrx_word' id='word_1_697' title='bbox 633 5803 712 5873; x_wconf 83' lang='grc' dir='ltr'><strong>(ι)</strong></span> <span class='ocrx_word' id='word_1_698' title='bbox 744 5801 804 5857; x_wconf 85' lang='grc' dir='ltr'><strong>ιιι</strong></span> <span class='ocrx_word' id='word_1_699' title='bbox 835 5801 966 5858; x_wconf 89' lang='lat' dir='ltr'><strong>edit.</strong></span> <span class='ocrx_word' id='word_1_700' title='bbox 999 5801 1088 5858; x_wconf 86' lang='lat' dir='ltr'><strong>hic</strong></span> <span class='ocrx_word' id='word_1_701' title='bbox 1108 5801 1328 5872; x_wconf 73' lang='lat' dir='ltr'><strong>explicit</strong></span> <span class='ocrx_word' id='word_1_702' title='bbox 1357 5800 1492 5855; x_wconf 87' lang='lat' dir='ltr'><strong>liber</strong></span> <span class='ocrx_word' id='word_1_703' title='bbox 1533 5816 1568 5856; x_wconf 88' lang='grc' dir='ltr'>ι.</span> 
     </span>
    </p>
   </div>
   <div class='ocr_carea' id='block_1_101' title="bbox 2266 5145 3779 5238">
    <p class='ocr_par' dir='ltr' id='par_1_101' title="bbox 2266 5145 3779 5238">
     <span class='ocr_line' id='line_1_101' title="bbox 2266 5145 3779 5238; baseline -0.007 -19"><span class='ocrx_word' id='word_1_704' title='bbox 2266 5163 2320 5219; x_wconf 88' lang='lat' dir='ltr'><strong>in</strong></span> <span class='ocrx_word' id='word_1_705' title='bbox 2344 5174 2488 5218; x_wconf 85' lang='lat' dir='ltr'><strong>terra</strong></span> <span class='ocrx_word' id='word_1_706' title='bbox 2523 5176 2646 5230; x_wconf 87' lang='lat' dir='ltr'><strong>sua,</strong></span> <span class='ocrx_word' id='word_1_707' title='bbox 2673 5161 2804 5232; x_wconf 87' lang='lat' dir='ltr'><strong>quia</strong></span> <span class='ocrx_word' id='word_1_708' title='bbox 2845 5160 2916 5217; x_wconf 90' lang='lat' dir='ltr'><strong>de</strong></span> <span class='ocrx_word' id='word_1_709' title='bbox 2945 5155 3298 5214; x_wconf 88' lang='lat' dir='ltr'><strong>inimicorum</strong></span> <span class='ocrx_word' id='word_1_710' title='bbox 3329 5163 3508 5210; x_wconf 77' lang='lat' dir='ltr'><strong>erasus</strong></span> <span class='ocrx_word' id='word_1_711' title='bbox 3528 5150 3592 5199; x_wconf 61' lang='lat' dir='ltr'><strong>est</strong></span> <span class='ocrx_word' id='word_1_712' title='bbox 3778 5145 3779 5160; x_wconf 56' lang='grc'><strong>¹</strong></span> 
     </span>
    </p>
   </div>
   <div class='ocr_carea' id='block_1_102' title="bbox 2266 5233 3715 5333">
    <p class='ocr_par' dir='ltr' id='par_1_102' title="bbox 2266 5233 3715 5333">
     <span class='ocr_line' id='line_1_102' title="bbox 2266 5233 3715 5333; baseline -0.015 -21"><span class='ocrx_word' id='word_1_713' title='bbox 2266 5271 2482 5312; x_wconf 89' lang='lat' dir='ltr'><strong>morum</strong></span> <span class='ocrx_word' id='word_1_714' title='bbox 2507 5269 2696 5311; x_wconf 88' lang='lat' dir='ltr'><strong>manu.</strong></span> <span class='ocrx_word' id='word_1_715' title='bbox 2720 5254 3034 5310; x_wconf 71' lang='lat' dir='ltr'><strong>Grmcorum</strong></span> <span class='ocrx_word' id='word_1_716' title='bbox 3059 5253 3246 5323; x_wconf 85' lang='lat' dir='ltr'><strong>itaque</strong></span> <span class='ocrx_word' id='word_1_717' title='bbox 3259 5264 3388 5321; x_wconf 83' lang='lat' dir='ltr'><strong>gens</strong></span> <span class='ocrx_word' id='word_1_718' title='bbox 3407 5239 3619 5333; x_wconf 48' lang='lat' dir='ltr'><strong>insidians</strong></span> 
     </span>
    </p>
   </div>
   <div class='ocr_carea' id='block_1_103' title="bbox 2263 5327 3711 5419">
    <p class='ocr_par' dir='ltr' id='par_1_103' title="bbox 2263 5327 3711 5419">
     <span class='ocr_line' id='line_1_103' title="bbox 2263 5327 3711 5419; baseline -0.01 -17"><span class='ocrx_word' id='word_1_719' title='bbox 2263 5347 2720 5419; x_wconf 84' lang='lat' dir='ltr'><strong>prudentissimos</strong></span> <span class='ocrx_word' id='word_1_720' title='bbox 2747 5346 2953 5402; x_wconf 88' lang='lat' dir='ltr'><strong>milites</strong></span> <span class='ocrx_word' id='word_1_721' title='bbox 2993 5343 3234 5410; x_wconf 88' lang='lat' dir='ltr'><strong>Christi,</strong></span> <span class='ocrx_word' id='word_1_722' title='bbox 3272 5345 3560 5412; x_wconf 76' lang='lat' dir='ltr'><strong>quocunque</strong></span> <span class='ocrx_word' id='word_1_723' title='bbox 3579 5327 3711 5419; x_wconf 58' lang='lat' dir='ltr'><strong>eis&quot;:</strong></span> 
     </span>
    </p>
   </div>
   <div class='ocr_carea' id='block_1_104' title="bbox 2256 5411 3712 5508">
    <p class='ocr_par' dir='ltr' id='par_1_104' title="bbox 2256 5411 3712 5508">
     <span class='ocr_line' id='line_1_104' title="bbox 2256 5411 3712 5508; baseline -0.008 -12"><span class='ocrx_word' id='word_1_724' title='bbox 2256 5411 2382 5498; x_wconf 76' lang='lat' dir='ltr'><strong>cere</strong></span> <span class='ocrx_word' id='word_1_725' title='bbox 2412 5450 2507 5496; x_wconf 89' lang='lat' dir='ltr'><strong>aut</strong></span> <span class='ocrx_word' id='word_1_726' title='bbox 2527 5439 2802 5496; x_wconf 66' lang='lat' dir='ltr'><strong>offendere</strong></span> <span class='ocrx_word' id='word_1_727' title='bbox 2843 5445 3077 5508; x_wconf 87' lang='lat' dir='ltr'><strong>poterat,</strong></span> <span class='ocrx_word' id='word_1_728' title='bbox 3103 5436 3196 5492; x_wconf 87' lang='lat' dir='ltr'><strong>die</strong></span> <span class='ocrx_word' id='word_1_729' title='bbox 3237 5411 3304 5491; x_wconf 18' lang='lat' dir='ltr'><strong>eti</strong></span> <span class='ocrx_word' id='word_1_730' title='bbox 3328 5437 3470 5487; x_wconf 86' lang='lat' dir='ltr'><strong>nocte</strong></span> <span class='ocrx_word' id='word_1_731' title='bbox 3507 5411 3712 5508; x_wconf 55' lang='grc' dir='ltr'>ιειφίσῗί</span> 
     </span>
    </p>
   </div>
   <div class='ocr_carea' id='block_1_105' title="bbox 2260 5506 3710 5612">
    <p class='ocr_par' dir='ltr' id='par_1_105' title="bbox 2260 5506 3710 5612">
     <span class='ocr_line' id='line_1_105' title="bbox 2260 5506 3710 5612; baseline -0.007 -24"><span class='ocrx_word' id='word_1_732' title='bbox 2260 5533 2475 5590; x_wconf 88' lang='lat' dir='ltr'><strong>occulte</strong></span> <span class='ocrx_word' id='word_1_733' title='bbox 2500 5547 2612 5588; x_wconf 91' lang='lat' dir='ltr'><strong>non</strong></span> <span class='ocrx_word' id='word_1_734' title='bbox 2642 5506 2947 5588; x_wconf 79' lang='lat' dir='ltr'><strong>desinebat.</strong></span> <span class='ocrx_word' id='word_1_735' title='bbox 2983 5528 3110 5584; x_wconf 82' lang='lat' dir='ltr'><strong>Erat</strong></span> <span class='ocrx_word' id='word_1_736' title='bbox 3137 5537 3320 5583; x_wconf 86' lang='lat' dir='ltr'><strong>autem</strong></span> <span class='ocrx_word' id='word_1_737' title='bbox 3343 5521 3411 5578; x_wconf 90' lang='lat' dir='ltr'><strong>ibi</strong></span> <span class='ocrx_word' id='word_1_738' title='bbox 3441 5518 3532 5573; x_wconf 75' lang='lat' dir='ltr'><strong>dux</strong></span> 
     </span>
    </p>
   </div>
   <div class='ocr_carea' id='block_1_106' title="bbox 2255 5599 3706 5698">
    <p class='ocr_par' dir='ltr' id='par_1_106' title="bbox 2255 5599 3706 5698">
     <span class='ocr_line' id='line_1_106' title="bbox 2255 5599 3706 5698; baseline -0.018 -17"><span class='ocrx_word' id='word_1_739' title='bbox 2255 5625 2461 5696; x_wconf 86' lang='lat' dir='ltr'><strong>vitatis,</strong></span> <span class='ocrx_word' id='word_1_740' title='bbox 2488 5625 2582 5697; x_wconf 82' lang='lat' dir='ltr'><strong>qui</strong></span> <span class='ocrx_word' id='word_1_741' title='bbox 2623 5623 2894 5698; x_wconf 71' lang='lat' dir='ltr'><strong>continuo</strong></span> <span class='ocrx_word' id='word_1_742' title='bbox 2929 5623 3010 5680; x_wconf 89' lang='lat' dir='ltr'><strong>eis</strong></span> <span class='ocrx_word' id='word_1_743' title='bbox 3053 5620 3303 5678; x_wconf 84' lang='lat' dir='ltr'><strong>ﬁduciam</strong></span> <span class='ocrx_word' id='word_1_744' title='bbox 3330 5621 3544 5689; x_wconf 85' lang='lat' dir='ltr'><strong>quosque</strong></span> <span class='ocrx_word' id='word_1_745' title='bbox 3563 5599 3706 5656; x_wconf 71' lang='lat' dir='ltr'><strong>illt&#39;m</strong></span> 
     </span>
    </p>
   </div>
  </div>
