3806 6306
19 371 99 428 769

716 363 780 424 Ρ.
821 365 1168 424 TUDEBODI
1205 366 1386 424 HIST.
1426 367 1514 422 DE
1557 367 1924 430 iIIEIlOSOL.
1966 371 2126 428 ITIN.
2165 405 2231 416 --
2267 373 2397 432 LIB.
2438 377 2501 433 II.

3165 390 3268 446 770

19 483 184 538 ruerint
205 495 300 536 sua
328 478 560 552 gavisus
585 479 895 552 spopondit.
949 479 1094 536 Infra
1127 481 1287 538 istam
1325 485 1564 552 namque
1596 488 1637 544 Α
1669 473 1807 543 alios
1833 483 2128 556 principes,
2156 488 2426 546 mandans
2454 489 2792 562 imperatori,
2823 511 2922 552 cur
2948 511 3116 557 causa
3144 518 3271 574 pro-

19 575 247 640 Iiduciatn,
277 589 443 644 quam
477 573 563 629 eis
604 573 749 630 dono
803 575 1097 641 concessu,
1144 575 1266 646 ejus
1314 575 1563 631 homines

19 667 339 722 fraudulenter
401 679 474 720 ex
542 665 746 720 nostris
817 663 1210 720 interfecerunt
1269 665 1560 738 quemdam

20 758 244 831 egregium
277 757 535 824 militem,
589 757 676 814 cui
716 773 918 813 nomen
975 755 1208 814 Pontius
1261 757 1562 815 Rainaldus

20 863 116 907 arat.
143 850 375 906 Fratrem
409 865 637 922 quoque
662 865 828 907 suum
854 849 1282 906 vulneraverunt
1303 852 1558 922 graviter.

19 945 104 1001 llus
133 944 202 998 illi
235 944 334 998 iter
374 943 710 1014 arripientes
733 985 750 1012 ,
774 943 1103 998 invenerunt
1132 944 1355 1001 nuntios
1389 944 1562 1015 impe-

20 1037 168 1092 atoris
206 1045 487 1106 portantes
539 1036 750 1093 litteras
775 1036 842 1092 de
871 1052 1004 1108 pace
1049 1045 1104 1092 et
1151 1036 1408 1096 ﬁrmitate
1433 1053 1559 1093 cum

22 1129 88 1182 llis
107 1126 339 1190 tenenda,
363 1127 516 1181 sicut
539 1142 666 1181 cum
691 1126 817 1182 ﬁliis
844 1125 1107 1198 propriis.
1142 1125 1290 1182 Inter
1322 1128 1439 1184 hcce
1465 1143 1562 1182 au-

20 1237 88 1275 em
114 1219 258 1274 Turci
285 1261 300 1284 ,
340 1227 396 1273 et
419 1217 764 1287 Pincinnati,
794 1228 850 1274 et
894 1219 1131 1286 Comati,
1157 1227 1213 1274 et
1247 1218 1460 1287 Sclavi,
1505 1228 1558 1276 et

20 1312 94 1378 gsi,
121 1319 166 1365 et
187 1296 445 1367 Athenasi
477 1311 882 1367 insidiabantur
908 1310 1258 1379 Christianis,
1289 1320 1350 1366 ut
1375 1312 1430 1368 in
1454 1312 1558 1367 ali-

19 1419 86 1471 [tta
118 1411 254 1470 parte
277 1416 372 1458 eos
399 1401 604 1456 liedere
626 1402 953 1472 potuissent.
981 1399 1228 1469 Quadam
1252 1402 1440 1474 itaque
1469 1402 1559 1458 die

19 1496 102 1546 lum
133 1493 406 1549 Podicnsis
436 1495 741 1565 episcopus
779 1493 1086 1564 hospitatus
1127 1503 1302 1561 esset,
1329 1495 1560 1566 contigit
1607 1503 1612 1506 '

20 1599 49 1641 ιι
72 1604 96 1641 a
120 1586 448 1642 Pincinnatis
477 1597 790 1658 caperetur.
828 1586 934 1654 Qui
982 1588 1388 1670 praecipitantes
1428 1604 1556 1644 eum

19 1680 53 1731 le
75 1679 197 1733 mula
233 1695 354 1746 sua,
403 1680 884 1762 exspoliaverunt,
928 1691 982 1736 et
1022 1680 1076 1734 in
1111 1680 1314 1736 vertice
1361 1681 1554 1752 capitis

19 1773 192 1840 graviter
211 1772 661 1829 vulneraverunt.
690 1771 796 1828 Sed
819 1773 949 1843 quia
974 1770 1161 1829 tantus
1190 1772 1282 1828 Dei
1311 1773 1555 1844 pontifex

1669 573 1894 632 ditionis
1937 593 2064 632 eum
2111 577 2644 652 Constantinopolim
2693 588 2879 644 venire
2923 573 3270 663 fecisset,~et
3307 606 3326 659 .'

1667 682 1830 722 suum
1876 670 2177 726 exercitum
2221 672 2416 730 liedere
2450 679 2842 736 consensisset.
2887 683 2992 750 Qui
3037 690 3268 746 omnino

1667 761 1793 814 cum
1846 763 2195 820 attestatione
2242 765 2555 840 denegavit,
2606 771 2834 831 dicens:
2887 793 2906 828 α
2935 775 3050 834 Hoc
3093 779 3149 836 in
3184 780 3288 838 rei

1664 851 1950 907 veritatem
1995 869 2104 908 non
2149 863 2233 911 est
2277 854 2483 914 factum
2527 876 2654 918 meo
2702 867 2955 934 consilio,
3005 869 3288 940 quamvis

1664 943 1974 1001 certissime
2003 945 2173 1002 sciam
2200 949 2347 1020 quod
2375 960 2504 1008 tuus
2533 955 2810 1013 exercitus
2831 959 2865 1014 d
2883 977 3092 1018 imnum
3126 964 3262 1019 mihi

1664 1035 1966 1090 maximum
2016 1035 2299 1107 intulerit,
2346 1042 2567 1099 castella
2615 1046 2866 1105 videlicet
2909 1059 2966 1106 et
3011 1051 3263 1114 civitate.

1663 1128 1913 1198 proprias
1939 1129 2342 1202 depopulanda.
2391 1133 2511 1192 Tibi
2553 1147 2736 1196 autem
2772 1141 3001 1200 fideliter
3028 1145 3253 1204 satisfa-

1661 1223 1900 1278 ctionem
1939 1226 2202 1282 concedo.
2236 1243 2255 1279 ι
2290 1227 2540 1287 Posthtec
2568 1243 2772 1300 autem,
2801 1245 3094 1308 antequam
3123 1257 3257 1297 con-

1659 1315 1910 1370 venirent
1935 1316 2002 1372 ad
2027 1317 2318 1388 judicium,
2351 1337 2535 1379 comes
2573 1326 2810 1382 absolvit
2843 1327 3117 1387 ﬁduciam.
3149 1335 3258 1390 Ab—

1661 1406 1952 1478 solutaque
1981 1407 2199 1477 ﬁducia,
2231 1414 2505 1469 exercitus
2537 1416 2657 1485 ejus
2685 1419 2838 1474 venit
2859 1420 3259 1480 Constantino-

1659 1494 1850 1567 polim.
1884 1499 2040 1556 Tunc
2068 1501 2368 1573 imperator
2417 1507 2696 1564 mandavit
2730 1511 2941 1580 comiti,
2989 1514 3134 1572 sicut
3161 1531 3262 1573 su-

1660 1592 1846 1662 perius
1880 1592 2141 1663 diximus,
2181 1603 2240 1651 ut
2285 1595 2485 1654 faceret
2518 1599 2570 1654 ei
2612 1600 2939 1671 hominium,
2985 1609 3254 1676 quem’al-

1659 1685 1882 1742 modum
1920 1685 2014 1741 alii
2045 1685 2284 1743 latrones
2313 1687 2574 1746 fecerant.
2606 1691 2805 1749 Comes
2847 1710 2979 1751 vero
3022 1699 3256 1755 medita-

1659 1777 1822 1834 batur
1853 1779 2088 1850 qualiter
2119 1795 2178 1836 se
2206 1780 2274 1836 de
2301 1783 2648 1852 imperatoris
2689 1787 2933 1842 exercitu
2979 1790 3260 1848 vindicare

19 1867 143 1920 ulhuc
167 1867 359 1936 populo
397 1865 498 1921 Dei
540 1874 663 1922 erat
708 1866 1076 1933 necessarius,
1109 1882 1207 1937 per
1235 1865 1355 1937 ejus
1382 1867 1550 1923 mise-
1582 1872 1626 1932 Β
1653 1869 1944 1940 potuisset.
1993 1869 2100 1928 Sed
2135 1871 2245 1927 dux
2285 1872 2636 1942 Godefridus,
2675 1885 2732 1933 et
2770 1876 3130 1937 Flandrensi's
3159 1896 3255 1938 co-

19 1964 244 2020 it-ordiam
266 1963 390 2020 vitae
417 1971 742 2020 reservatus
763 1970 867 2018 est.
898 1961 1109 2016 Interea
1134 1977 1306 2017 sonus
1329 1962 1551 2017 auditur

21 2076 45 2110 ιι
69 2057 310 2122 tentoriis,
357 2063 772 2114 concurrerunt
817 2068 1012 2110 omnes
1041 2053 1108 2110 ad
1135 2070 1284 2122 eum,
1327 2062 1384 2110 et
1429 2054 1551 2111 sine

20 2166 121 2205 uora
140 2150 445 2221 eripuerunt
476 2165 612 2205 eum
653 2149 722 2204 de
769 2148 992 2203 illorum
1036 2147 1315 2204 manibus.
1342 2147 1550 2204 Taliter

21 2252 144 2312 taque
162 2241 536 2312 pervenientes
566 2241 639 2298 ad
669 2240 948 2313 quoddam
972 2251 1240 2308 castrum,
1275 2241 1423 2312 quod
1451 2256 1549 2297 vo-

20 2343 122 2388 atur
140 2332 384 2400 Buinath,
409 2343 466 2389 et
494 2334 709 2389 dictum
738 2341 822 2388 est
847 2332 1035 2388 comiti
1059 2333 1208 2403 quod
1237 2331 1547 2389 Pincinnati

21 2426 347 2482 nsidiabantur
384 2425 438 2481 ei
485 2425 544 2480 in
577 2433 810 2495 angusta
854 2422 940 2478 via
981 2423 1272 2494 cujusdam
1316 2425 1542 2482 montis.

19 2514 83 2582 lui
99 2516 336 2572 remansit
365 2523 521 2572 retro
547 2530 675 2570 cum
699 2513 956 2584 pluribus
985 2513 1274 2581 militibus,
1301 2523 1358 2568 et
1385 2514 1544 2569 inve-

20 2610 65 2662 ιίι
101 2607 466 2674 Pincinnatos;
503 2621 678 2664 unam
716 2597 930 2677 partem
973 2605 1193 2661 illorum
1241 2605 1461 2672 occidit,
1491 2619 1546 2661 et

20 2700 196 2770 “cllqttos
221 2698 442 2772 fugavit.
481 2699 702 2755 Interea
732 2698 1033 2769 imperator
1058 2697 1308 2754 mittebat
1333 2698 1544 2756 litteras

19 2809 102 2846 .uas
120 2795 176 2848 ad
203 2795 318 2850 illos
365 2794 643 2865 pacilioe;
674 2808 741 2848 ex
777 2792 884 2847 alia
907 2805 1041 2847 vero
1079 2801 1232 2862 parte
1257 2791 1446 2849 hostes
1479 2793 1544 2848 il-

20 2886 83 2939 ius
106 2887 319 2957 undique
345 2886 761 2944 insidiabantur
801 2885 944 2941 illos.
989 2883 1232 2940 Tandem
1279 2901 1544 2958 pervene-

20 2988 102 3032 'unt
118 2980 174 3034 ad
197 2981 466 3036 civitatem
497 2979 820 3050 quamdam,
847 2976 1071 3034 nomine
1098 2975 1357 3032 Reusam.
1381 2975 1542 3034 Cives

19 3081 142 3127 intem
162 3073 292 3132 illius
311 3074 558 3130 civitatis
580 3081 764 3145 aperte
776 3069 1045 3143 quidquid
1075 3077 1324 3141 poterant
1341 3078 1540 3126 contra

20 3164 98 3219 llos
124 3163 390 3221 faciebant.
423 3163 547 3220 IIoc
580 3181 706 3221 cum
745 3163 974 3218 vidisset
1000 3175 1209 3229 comes,
1243 3161 1418 3218 iratus
1454 3163 1536 3217 ni-

20 3257 84 3312 uis
103 3259 243 3328 jussit
276 3259 525 3331 arripere
557 3274 732 3325 arma,
758 3265 813 3313 et
840 3257 1048 3328 impetu
1089 3253 1333 3310 maximo
1353 3255 1537 3310 debeL
1563 3225 1610 3288 ο

23 3359 138 3406 antes
156 3353 435 3420 civitatem,
459 3353 557 3410 cui
589 3367 791 3407 nomen
823 3349 1066 3406 Rodesto
1087 3357 1191 3406 est.
1227 3347 1324 3404 Die
1351 3357 1535 3403 autem

23 3439 73 3493 llo
87 3442 254 3499 milites
270 3443 622 3516 imperatoris
642 3442 961 3498 invaserunt
975 3455 1072 3496 eos
1087 3447 1236 3495 retro
1255 3439 1311 3494 in
1336 3440 1532 3496 cauda.

20 3533 108 3590 Sum
127 3537 306 3608 quibus
331 3553 522 3595 comes
547 3535 850 3608 prreliatus,
887 3533 1158 3590 interfecit
1191 3549 1258 3588 ex
1284 3532 1392 3590 illis
1436 3533 1539 3588 tri-

19 3628 134 3695 ginta,
152 3639 198 3685 et
214 3632 490 3704 sexaginta
526 3645 702 3701 equos
747 3626 993 3684 retinuit.
1021 3624 1245 3682 Interim
1269 3634 1538 3681 venerunt

25 3722 127 3790 εξελιί
146 3722 207 3778 ab
226 3723 555 3795 imperatore
583 3719 776 3788 missi,
807 3719 1054 3776 dicentes
1076 3718 1221 3790 quod
1238 3717 1536 3788 imperator

20 3815 287 3872 immitteret
312 3817 500 3873 omnia
532 3813 744 3886 perdita
778 3812 1068 3884 diligenter
1101 3811 1455 3882 reintegrare,
1487 3809 1535 3865 si

19 3920 150 3963 :omcs
171 3910 541 3968 tantummodo
571 3923 698 3965 cum
738 3905 932 3978 paucis
963 3913 1019 3960 et
1043 3905 1164 3959 sine
1185 3903 1356 3960 armis
1383 3902 1536 3958 festi-

20 4011 105 4052 tare
123 3998 644 4074 Constantinopolim
661 3999 996 4072 dignaretur.
1031 3995 1188 4064 Quod
1215 4005 1270 4052 et
1291 3995 1404 4051 dux
1430 3993 1533 4052 Go-

20 4089 215 4160 leiridus,
252 4106 303 4151 et
341 4093 722 4160 Boamundus,
766 4099 823 4147 et
858 4087 1214 4146 Flandrensis
1241 4103 1448 4154 comes,
1479 4095 1535 4143 et

20 4197 154 4241 amnes
173 4187 254 4242 alii
281 4189 559 4261 principes
597 4185 1051 4257 deprecabantur.
1100 4181 1334 4237 Aiebant
1365 4180 1532 4236 etiam

20 4277 118 4341 [ιυυά
153 4265 425 4350 imperator
461 4288 748 4350 assumpta
786 4277 952 4334 cruce
990 4273 1284 4347 spopondit
1309 4289 1368 4330 se
1396 4289 1532 4330 ven-

19 4373 149 4424 turum
174 4370 614 4449 Hierosolymam,
656 4371 898 4428 existens
943 4369 1056 4426 dux
1095 4375 1152 4424 et
1177 4373 1342 4438 caput
1373 4364 1533 4422 Chri-

19 4458 271 4521 stianorum.
300 4465 410 4525 Hoc
438 4481 628 4525 comes
657 4464 906 4530 audiens,
935 4462 1082 4518 illico
1107 4459 1339 4516 dimisso
1373 4473 1532 4514 exer-

1653 1976 1792 2029 mes,
1841 1973 1896 2018 et
1941 1963 2033 2018 alii
2082 1963 2359 2035 principes
2408 1966 2772 2036 prohibebant
2812 1985 2962 2037 eum,
2999 1971 3249 2030 dicentes

1651 2067 1775 2108 esse
1803 2052 2069 2124 iniustum
2100 2070 2346 2126 pugnare
2375 2066 2563 2113 contra
2593 2057 2961 2118 Christianos.
3005 2062 3073 2118 Et
3105 2064 3250 2121 Boa-

1650 2145 1891 2202 mundus
1924 2145 2063 2201 dixit
2101 2146 2252 2218 quod
2297 2147 2346 2203 si
2377 2147 2596 2220 aliquod
2626 2151 2893 2222 injustum
2925 2164 3120 2211 contra
3149 2157 3256 2213 im-

1650 2245 1958 2308 peratorem
2005 2235 2231 2307 faceret,
2269 2247 2323 2295 et
2351 2239 2606 2297 ﬁduciam
2648 2242 2700 2298 ei
2751 2241 2930 2300 facere
2965 2247 3250 2315 noluisset,

1651 2325 1769 2397 ipse
1798 2323 1936 2382 foret
1967 2341 2035 2382 ex
2073 2326 2424 2398 imperatoris
2461 2338 2635 2400 parte.
2680 2329 2854 2403 Igitur
2895 2343 3106 2402 comes,
3153 2351 3250 2390 ac-

1649 2427 1806 2488 cepto
1837 2419 2068 2478 consilio
2097 2433 2128 2474 a
2155 2419 2292 2488 suis,
2337 2420 2532 2478 Alexio
2572 2422 2740 2478 vitam
2772 2433 2828 2480 et
2859 2426 3124 2482 honorem
3149 2427 3244 2496 ju-

1647 2511 1809 2580 ravit,
1843 2513 1989 2584 quod
2028 2528 2129 2569 nec
2157 2529 2255 2584 per
2283 2530 2342 2571 se
2366 2530 2469 2572 nec
2493 2531 2592 2586 per
2619 2517 2790 2572 alium
2821 2517 2872 2572 ei
2903 2527 3108 2574 terram
3138 2535 3242 2572 au-

1647 2603 1832 2659 ferret.
1865 2603 2115 2675 Cumque
2142 2606 2212 2662 de
2243 2606 2491 2662 hominio
2537 2609 2924 2678 appellaretur,
2962 2611 3247 2680 respondit

1647 2709 1712 2750 se
1737 2711 1837 2750 nec
1863 2697 2028 2751 etiam
2070 2711 2172 2767 pro
2213 2696 2338 2752 vitae
2381 2697 2628 2768 periculo
2672 2693 3060 2756 id'facturum.
3103 2701 3242 2758 Boa-

1644 2787 1852 2842 mundo
1878 2785 2062 2858 itaque
2090 2787 2230 2843 dixit
2256 2789 2574 2860 imperator,
2619 2805 2784 2860 quem
2825 2792 2982 2848 valde
3010 2793 3240 2850 timebat

1645 2880 1796 2950 (nam
1833 2895 1976 2950 saepe
2022 2895 2150 2936 eum
2181 2895 2308 2936 cum
2353 2896 2456 2937 suo
2481 2882 2725 2938 exercitu
2759 2883 3055 2957 devicerat)
3093 2886 3242 2956 quod

1644 2970 1691 3026 si
1722 2971 1955 3027 libenter
1984 2971 2248 3043 iurasset,
2297 2972 2350 3028 ei
2394 2973 2711 3044 quindecim
2757 2975 3136 3035 dietasterrze
3181 2979 3243 3034 in

1641 3063 1966 3119 extensione
1995 3064 2066 3119 ab
2091 3063 2381 3120 Antiochia
2413 3066 2586 3132 daret,
2618 3075 2673 3122 et
2697 3077 2821 3124 octo
2849 3068 2905 3124 in
2935 3069 3242 3127 latitudine.

1642 3154 1816 3227 Eique
1841 3156 1935 3212 tali
1963 3165 2125 3228 pacto
2147 3157 2375 3230 jui-avit,
2406 3167 2465 3212 ut
2495 3158 2542 3213 si
2566 3158 2657 3215 ille
2679 3159 3004 3218 liducialiter
3029 3165 3242 3220 tennis-

1640 3254 1723 3301 set
1748 3245 1880 3301 illud
1910 3257 2340 3314 sacramentum,
2373 3246 2488 3318 ipse
2512 3264 2674 3305 suum
2699 3267 2982 3323 nunquam
3014 3265 3239 3324 praeter-

1640 3337 1762 3393 iret.
1797 3337 1952 3395 Tunc
1977 3355 2112 3411 gens
2141 3338 2448 3397 Boamundi
2477 3343 2939 3416 appropinquavit
2963 3345 3240 3404 Constan-

1642 3430 1888 3501 tinopoli.

1707 3521 1912 3578 Omnes
1929 3521 2113 3593 itaque
2132 3520 2463 3580 Christianae
2485 3524 2770 3598 religionis
2791 3526 2956 3583 simul
2981 3527 3035 3583 in
3066 3545 3240 3591 unum

1637 3614 1953 3688 congregati
2012 3625 2380 3686 pervenerunt
2427 3618 2496 3673 ad
2547 3627 2768 3690 portum
2799 3661 2816 3687 ,
2883 3621 3075 3692 sicque
3127 3639 3236 3679 una

1637 3705 2132 3763 transfretaverunt
2177 3709 2502 3776 brachium,
2550 3719 2606 3766 et
2653 3711 3034 3782 applicuerunt
3076 3715 3238 3772 Nico-

1636 3800 1827 3868 miam,
1857 3799 2188 3872 fueruntque
2214 3801 2286 3856 ibi
2318 3817 2415 3872 per
2442 3811 2557 3858 tres
2582 3803 2720 3859 dies.
2755 3803 2874 3861 Dux
2909 3806 3093 3879 itaque
3122 3809 3235 3863 Go-

1635 3894 1902 3958 dcfridus.
1936 3905 1991 3952 et
2015 3895 2371 3953 Flandrensis
2397 3912 2606 3966 comes,
2639 3899 2975 3956 obsederunt
2996 3901 3236 3960 Nicaeam

1635 3983 1934 4049 civitatem,
1964 3999 2088 4055 quae
2120 3993 2206 4040 est
2239 3985 2409 4040 totius
2437 3995 2604 4056 caput
2634 3985 2935 4058 Romaniaa,
2962 4006 3088 4046 cum
3117 3993 3236 4050 διεὶς

1635 4077 1989 4134 exercitibus.
2027 4076 2194 4133 Juxta
2231 4093 2372 4149 quos
2399 4079 2550 4135 venit
2580 4079 2956 4150 Boamundus,
2999 4100 3236 4157 eamque

1635 4168 1848 4226 obsedit
1871 4183 1902 4223 a
1929 4168 2300 4239 septentrione
2330 4167 2385 4223 in
2424 4177 2579 4224 sexto
2605 4170 2695 4226 die
2725 4170 2779 4226 in
2826 4171 3000 4242 Maio;
3047 4173 3236 4246 ibique

1634 4261 2008 4319 castrametati
2039 4259 2281 4317 fuerunt.
2313 4258 2372 4315 In
2401 4260 2489 4318 die
2519 4271 2704 4318 autem
2729 4263 3087 4324 Ascensionis
3118 4268 3230 4324 Do-

1634 4355 1770 4412 mini
1819 4361 2105 4426 cteperunt
2155 4353 2430 4409 civitatem
2474 4355 2908 4429 circumquaque
2949 4359 3228 4430 invadere,

1633 4455 1689 4504 et
1715 4447 1986 4505 aidiﬁcare
2028 4445 2392 4502 instrumenta
2429 4445 2704 4518 lignorum
2745 4460 2901 4506 extra
2942 4460 3123 4509 turres
3163 4454 3232 4509 li-

19 4547 94 4606 citu
126 4560 403 4628 properavit
433 4555 968 4628 Constantinopolim
1011 4553 1160 4626 loqui
1194 4567 1319 4609 eum
1355 4551 1524 4622 impc-
1560 4576 1608 4636 ι)
1635 4555 1826 4636 ξηθξεν
1847 4538 2050 4610 quibus
2070 4544 2297 4636 Ροεεξθιιι
2324 4538 2565 4636 murales
2596 4548 2776 4597 turres
2797 4551 3064 4636 sternere.
3091 4544 3226 4602 Tam

19 4652 166 4702 mom
190 4647 280 4706 cui
319 4652 454 4709 dim
492 4652 789 4722 imperato,
817 4657 878 4704 ιη
904 4647 1026 4719 eius
1051 4645 1218 4702 homo
1258 4643 1432 4711 θαι-οι,
1477 4650 1533 4698 ει
1564 4628 1600 4636 ’⁷
1637 4629 1853 4688 fortiter
1878 4639 1933 4685 et
1966 4639 2078 4686 tam
2105 4628 2306 4685 acriter
2348 4629 2739 4702 aggrediuntur
2765 4634 3039 4691 civitatem
3085 4653 3225 4694 una-

19 4733 211 4796 ﬁduciam
236 4743 283 4799 ci
319 4743 540 4811 faceret,
584 4740 1047 4815 quemadmodum
1081 4735 1435 4793 Boamundus
1476 4743 1531 4790 et

19 4824 83 4878 alii
103 4831 337 4905 principes
363 4834 623 4892 fecerant.
663 4831 1070 4903 ltesponditque
1106 4842 1332 4885 comes:
1365 4845 1384 4878 ι
1416 4825 1529 4881 Ab—

19 4916 83 4982 sit,
109 4929 154 4976 ut
177 4923 227 4979 in
255 4925 351 4982 hac
375 4927 462 4982 via
491 4927 729 4998 aliquem
757 4922 1046 4979 dominum
1075 4917 1408 4976 constituam
1431 4931 1528 4971 su-

19 5017 86 5070 Pcl'
109 5026 197 5079 me,
227 5015 323 5073 nisi
343 5018 494 5074 illum
530 5016 909 5073 tantummodo
938 5029 1101 5086 quem
1129 5012 1324 5078 habeo,
1368 5007 1530 5079 cujus

21 5114 159 5186 altiore
194 5106 288 5164 huc
324 5128 492 5184 usque
524 5111 673 5169 veni.
711 5109 784 5164 At
824 5108 874 5164 si
901 5120 1124 5164 crucem
1151 5101 1370 5158 Domini
1397 5101 1524 5157 dili-

20 5200 158 5257 Senter
181 5194 402 5270 baiulare
426 5205 531 5271 vis,
561 5211 620 5259 et
649 5201 937 5258 nobiscum
975 5195 1407 5268 Hierosolymam
1433 5207 1528 5250 ve-

24 5279 126 5348 nire,
151 5302 234 5358 ego
253 5301 302 5348 et
326 5309 510 5352 omnes
539 5293 744 5351 subditi
773 5291 910 5348 mihi
939 5299 1035 5346 tuo
1057 5287 1290 5360 imperio
1319 5286 1529 5343 obtem--

23 5376 283 5439 iterabimus.
310 5405 327 5438 ι
357 5386 496 5445 Inter
516 5389 634 5446 haec
658 5387 792 5442 dum
815 5368 1006 5441 comes
1033 5389 1179 5438 esset
1206 5377 1524 5437 Constanti-

28 5469 234 5542 “OPOIlm,
279 5481 534 5538 exercitus
586 5477 935 5551 imperatoris
985 5475 1214 5531 insidias
1259 5471 1526 5530 exercitui

27 5561 188 5618 comitis
214 5577 478 5643 struentes,
525 5591 592 5631 ex
623 5571 924 5644 improviso
960 5569 1302 5636 invaserunt,
1349 5566 1523 5638 pluri-

32 5659 202 5722 m“(ille
223 5675 279 5716 ex
301 5665 373 5722 eis
395 5667 835 5724 vulneraverunt.
861 5663 1060 5720 Comes
1089 5673 1270 5717 autem
1296 5659 1524 5716 audiens

33 5739 93 5830 Slt'l
114 5753 336 5812 exercitus
365 5759 659 5828 liesionem,
704 5757 991 5830 ingemuit,
1039 5754 1315 5826 nimisque
1349 5753 1524 5810 tristis

36 5825 200 5894 enectus
233 5853 318 5900 est.
366 5825 662 5923 Statimque
706 5825 981 5908 invocavit
1020 5845 1425 5918 Boamundum,
1469 5853 1522 5902 et

1637 4725 1861 4780 nimiter
1887 4738 1985 4794 per
2001 4722 2142 4779 duos
2170 4722 2310 4789 dies,
2338 4723 2486 4793 quod
2517 4722 2702 4780 fodere
2729 4741 2948 4797 quoque
2979 4727 3228 4786 fecerunt

1633 4816 1872 4876 civitatis
1905 4830 2148 4870 murum.
2191 4813 2358 4871 Turci
2384 4827 2622 4887 quoque,
2652 4816 2778 4873 licet
2804 4834 2938 4889 gens
2967 4820 3223 4890 barbara,

1635 4903 1904 4963 miserunt
1931 4906 2154 4963 nuntios
2182 4907 2326 4976 aliis,
2355 4907 2450 4978 qui
2482 4917 2742 4964 venerant
2769 4910 2976 4966 eivizati
3003 4913 3222 4984 adjuto-

1633 4999 1778 5056 rium
1807 4999 1958 5065 dare,
1992 4999 2046 5053 in
2074 4997 2220 5053 hunc
2243 4999 2466 5055 modum
2495 5017 2507 5054 :
2544 5016 2562 5050 ι
2594 4997 2750 5065 Quod
2777 5000 3037 5058 audacter
3066 5018 3227 5060 secu-

1631 5107 1799 5162 reque
1846 5090 2247 5162 approximent,
2300 5099 2355 5145 et
2404 5105 2502 5161 per
2549 5090 2906 5147 meridianam
2949 5094 3226 5153 introeant

1629 5193 1865 5256 portam,
1890 5184 2151 5256 quoniam
2173 5199 2241 5237 ex
2264 5182 2352 5237 illa
2380 5191 2533 5253 parte
2559 5197 2722 5239 nemo
2748 5185 2828 5240 eis
2852 5186 2955 5242 erit
2979 5188 3220 5255 obviam,

1631 5305 1734 5345 nec
1757 5287 2123 5344 contristabit.
2155 5285 2288 5353 Qua:
2313 5295 2469 5358 porta
2494 5285 2612 5357 ipsa
2638 5283 2728 5340 die
2752 5299 2782 5339 a
2805 5283 3004 5339 comite
3035 5281 3223 5340 Sancti

1632 5379 1834 5453 Aﬁgidii
1869 5388 1924 5437 ct
1951 5377 2207 5435 Podiensi
2233 5374 2492 5450 episcopo
2516 5376 2702 5433 statim
2736 5389 2998 5446 prospere
3019 5375 3220 5447 hospi-

1627 5480 1736 5528 tata
1761 5479 1864 5528 est.
1897 5488 1916 5522 ι
1957 5470 2062 5538 Qui
2089 5485 2274 5526 comes
2302 5469 2530 5526 veniens
2560 5485 2627 5525 ex
2675 5468 2766 5524 illa
2813 5475 2989 5539 parte,
3011 5501 3014 5503 λ
3035 5476 3222 5538 prote-

1624 5574 1746 5621 ctus
1775 5563 1958 5620 divina
2007 5563 2242 5634 virtute,
2292 5571 2458 5636 atque
2501 5562 2730 5619 terrenis
2770 5560 3010 5634 fulgebat
3049 5562 3221 5617 armis

1606 5674 1752 5735 cum
1794 5672 1898 5714 suo
1937 5655 2240 5714 fertissimo
2273 5656 2538 5714 exercitu.
2585 5655 2686 5712 Hic
2712 5655 2896 5726 itaque
2930 5653 3230 5708 inveniens

1625 5752 1835 5809 'l‘urcos
1864 5752 2146 5809 venientes
2173 5751 2436 5823 undique,
2469 5751 2627 5823 signo
2653 5749 2834 5806 crucis
2862 5754 3108 5802 armatus
3130 5760 3218 5800 ve-

1626 5845 1910 5903 hementer
1940 5843 2098 5901 irruit
2129 5859 2297 5918 super
2329 5837 2472 5917 illos,
2503 5852 2557 5900 et
2585 5840 2829 5927 superati
2859 5849 3007 5907 sunt,
3037 5845 3092 5894 et
3121 5835 3217 5892 de.

2509 6024 2600 6036 ε..
