3846 6306
528 345 626 402 77f

1097 346 1188 401 AD
1227 342 1675 402 CODEFRIDUM
1713 340 2003 396 APPEND.
2047 338 2110 394 Il.
2149 370 2219 378 —
2259 339 2525 396 MONL’M.
2573 341 2661 398 DF.
2698 342 2920 399 BELLO
2957 342 3203 401 SACRO.

3677 350 3754 414 77%

526 461 727 517 deum,
765 459 952 531 fugam
977 500 992 526 ,
1033 455 1248 528 fuitque
1292 467 1507 512 mortua
1548 455 1788 511 maxima
1839 469 1968 526 pars
1999 452 2123 509 illo-
2155 451 2202 512 Δ
2233 451 2354 509 lites
2380 465 2504 509 eant
2529 455 2636 511 illis
2666 458 2884 512 obviam
2910 459 3159 524 viriliter,
3192 467 3242 512 et
3277 458 3483 529 pedites
3504 463 3761 531 prudenter.

528 568 676 608 rum.
720 551 828 619 Qui
873 567 1092 607 rursum
1138 550 1418 604 venientes
1466 546 1659 602 nuntio
1707 547 1940 602 aliorum
1988 561 2121 617 gau-

528 648 720 704 dentes
746 653 801 700 et
832 644 1170 712 exsultantes
1205 642 1274 696 ad
1304 650 1516 696 certum
1550 637 1778 705 bellum,
1807 637 2123 694 deferebant

527 751 717 792 secum
749 734 909 792 funes
937 734 1080 790 unde
1108 747 1210 788 nos
1236 733 1432 802 ligatos
1466 731 1523 786 in
1551 731 1918 802 captivitatem
1954 730 2122 786 duce-

526 836 651 884 rent
679 826 1046 884 Corosanum.
1096 823 1390 880 Venientes
1428 831 1613 879 autem
1652 823 1897 878 laetantes
1940 821 1995 876 in
2025 836 2120 878 ca-

525 919 748 975 cumine
801 918 1046 984 montis,
1105 925 1392 986 casperunt
1438 914 1700 986 paulatim
1765 914 2116 971 descendere.

527 1011 808 1082 Quotquot
841 1023 972 1065 vero
1019 1007 1417 1063 descenderunt
1447 1007 1503 1062 in
1547 1006 1687 1062 valle
1735 1005 1848 1073 illa,
1899 1005 2042 1075 capti
2087 1019 2119 1060 a

526 1102 864 1158 Francorum
904 1099 1182 1164 manibus,
1210 1108 1596 1154 remanserunt
1623 1099 1682 1154 in
1711 1097 1961 1154 custodia
1985 1097 2120 1152 civi-

524 1194 672 1249 tatis.
705 1193 875 1249 Czesis
897 1193 1082 1264 itaque
1110 1207 1302 1248 eorum
1333 1193 1625 1264 capitibus,
1655 1188 2004 1263 projccerunt
2028 1191 2119 1248 illa

524 1285 580 1338 in
611 1283 781 1338 fundo
811 1284 1100 1354 cujusdam
1142 1285 1493 1340 instrumenti
1535 1285 1589 1339 in
1639 1284 1935 1350 civitatem,
1975 1283 2119 1340 unde

522 1377 698 1447 magis
741 1375 1007 1432 dolerent.
1057 1375 1257 1432 Comes
1307 1393 1546 1447 namque
1596 1375 1781 1431 Sancti
1832 1374 2030 1447 Egidii
2065 1385 2119 1431 et

521 1465 807 1522 Podiensis
832 1467 1126 1539 cpiscopus
1155 1467 1426 1522 consiliati
1463 1475 1591 1522 sunt
1623 1466 1676 1521 in
1709 1482 1901 1532 unum,
1937 1465 2117 1536 quali-

522 1565 605 1612 ter
633 1557 890 1615 fecissent
918 1558 1103 1614 fodere
1133 1567 1361 1625 turrem,
1391 1567 1446 1613 et
1473 1558 1748 1614 arbalistaz
1771 1568 1824 1614 et
1850 1556 2117 1629 sagittarii

520 1651 617 1720 qui
645 1665 741 1706 eos
766 1642 1119 1706 defenderent
1149 1651 1357 1722 utique.
1389 1650 1664 1706 Foderuut
1701 1667 1938 1722 namque
1969 1651 2116 1706 illam

522 1760 698 1815 usque
744 1745 811 1801 ad
859 1745 1073 1801 radices
1102 1745 1268 1812 muri,
1309 1745 1790 1815 submiseruntque
1834 1755 2020 1816 postes
2063 1753 2118 1800 et

521 1836 692 1906 ligna,
718 1852 782 1892 ac
809 1836 1005 1893 deinde
1029 1838 1299 1894 miserunt
1321 1837 1521 1909 ignem.
1553 1835 1688 1892 Sero
1710 1848 1893 1893 autem
1925 1854 2117 1909 supcr-

521 1936 810 2000 veniente,
863 1933 1058 1989 cecidit
1109 1934 1276 1988 turris
1308 1943 1501 1999 nocte,
1548 1942 1603 1988 et
1650 1933 1780 2004 quia
1817 1949 1926 1988 nox
1976 1943 2114 2000 erat,

522 2024 888 2096 nequiverunt
935 2026 1172 2096 prmliari
1215 2042 1342 2082 cum
1381 2026 1508 2081 illis.
1561 2024 1727 2081 Turci
1778 2041 1905 2080 vero
1954 2035 2116 2082 nocte

519 2117 708 2173 eadem
741 2127 1117 2186 surrexerunt,
1165 2129 1219 2175 et
1262 2128 1708 2176 restauraverunt
1748 2135 1968 2174 murum
2002 2128 2114 2175 tam

518 2205 739 2273 fortem,
769 2210 916 2280 quod
943 2226 1010 2266 ex
1044 2211 1135 2266 illa
1167 2220 1321 2281 parte
1355 2227 1518 2268 nemo
1551 2227 1646 2267 eos
1677 2212 1873 2267 lzedere
1901 2212 2114 2282 potuis-

519 2306 623 2352 set.
667 2297 926 2356 Videntes
972 2311 1154 2356 autem
1187 2301 1351 2358 Turci
1382 2304 1529 2374 quod
1572 2303 1884 2358 nullatenus
1911 2304 2114 2359 habere

519 2387 853 2458 adjutorium
902 2391 1232 2461 potuissent,
1285 2409 1381 2463 per
1418 2394 1745 2465 legationem
1795 2394 2113 2466 imperatori

517 2479 938 2550 mandaverunt,
969 2483 1116 2554 quod
1147 2484 1424 2541 civitatem
1465 2487 1547 2542 eis
1577 2499 1772 2558 sponte
1803 2487 2111 2554 redderent,

515 2572 564 2627 si
594 2577 974 2632 tantummodo
1001 2591 1095 2633 eos
1123 2579 1274 2633 abire
1295 2579 1449 2634 vivos
1472 2580 1808 2650 permitteret
1833 2597 1960 2636 cum
1991 2596 2113 2636 mu-

516 2664 742 2722 lieribus
775 2677 829 2724 et
858 2669 1007 2737 ﬁliis,
1061 2679 1116 2726 et
1161 2673 1420 2729 omnibus
1454 2673 1570 2730 suis
1606 2675 1952 2731 utensilibus.
1986 2675 2112 2731 Mox

516 2757 813 2828 imperator
838 2762 1033 2832 plenus
1064 2763 1254 2835 iniqua
1285 2766 1632 2837 cogitatione,
1657 2768 1824 2837 jussit
1851 2769 1976 2826 illos
2006 2770 2112 2824 im-

515 2851 739 2920 punitos
773 2853 982 2924 absque
1017 2856 1129 2912 ullo
1155 2857 1352 2914 timore
1381 2859 1484 2914 sibi
1515 2875 1613 2916 eos
1639 2859 2108 2934 Constantinopo-

515 2942 610 2996 lim
640 2943 858 3000 adduci.
905 2944 1060 3013 Quod
1107 2960 1421 3006 annuerunt
1459 2951 1759 3009 Christiani
1795 2955 1970 3027 gratia
2000 2956 2108 3011 im-

517 3040 807 3106 peratoris.
861 3041 1107 3099 Fuerunt
1155 3062 1282 3102 vero
1327 3048 1382 3104 in
1432 3049 1523 3104 illa
1569 3050 1856 3108 obsidione
1899 3063 2108 3124 septem

2226 553 2390 616 atque
2415 547 2578 604 citius
2609 550 2843 604 tentoria
2869 551 3184 605 extendant.
3222 570 3239 602 ι
3274 550 3416 606 Dum
3449 553 3559 608 haec
3587 569 3765 626 ageren-

2227 641 2333 702 tur,
2377 633 2542 692 Turci
2593 638 2837 709 undique
2872 640 2989 710 jam
3027 641 3379 697 imminentes
3417 643 3762 702 circumcinxe-

2224 735 2354 780 runt
2387 741 2508 793 nos,
2547 727 2880 796 dimicando,
2921 730 3238 800 jaculando,
3282 731 3614 802 Spiculando,
3640 737 3764 808 longe

2223 814 2440 886 lateque
2468 816 2795 888 sagittando.
2842 818 2955 874 Nos
2985 833 3116 876 vero
3148 829 3440 892 postquam
3470 825 3767 894 nequivimus

2221 906 2499 974 resistere,
2537 923 2714 980 neque
2743 906 2970 966 sufferre
2997 912 3216 981 pondus
3247 919 3525 968 tantorum
3553 915 3768 985 hostium,

2221 1000 2569 1070 persistimus
2598 1001 2951 1058 immobiliter
2978 1004 3032 1058 in
3064 1019 3238 1060 unum
3277 1006 3528 1078 gradum.
3572 1007 3771 1066 Femina:

2221 1109 2442 1165 quoque
2462 1103 2664 1150 nostra)
2687 1094 2740 1149 in
2771 1093 2862 1150 illa
2889 1096 2978 1152 die
3001 1094 3225 1153 fuerunt
3251 1097 3413 1153 nobis
3440 1097 3493 1152 in
3519 1098 3769 1170 refugium,

2222 1203 2345 1257 qua:
2373 1186 2671 1243 alferebant
2698 1189 2858 1245 nobis
2893 1205 3118 1261 aquam,
3151 1189 3528 1246 cenfortantes
3554 1207 3662 1258 nos,
3685 1193 3772 1247 for-

2222 1281 2348 1335 titer
2393 1291 2735 1352 pugnantes,
2782 1290 2838 1338 et
2885 1283 3036 1338 viros
3085 1291 3456 1355 protegentes.
3498 1283 3589 1338 Vir
3620 1285 3772 1356 itaque

2222 1373 2663 1444 sapientissimus
2710 1373 3064 1432 Boamundus
3109 1377 3362 1447 protinus
3399 1377 3661 1432 mandavit
3699 1395 3775 1434 eo.

2221 1464 2339 1519 miti
2373 1463 2440 1520 de
2470 1463 2672 1520 Sancto
2722 1460 2960 1537 (Egidio,
3007 1473 3062 1522 et
3093 1466 3300 1539 inclyta
3327 1467 3456 1524 duci
3500 1465 3774 1534 Godefrido,

2219 1567 2276 1613 et
2303 1555 2515 1629 Hugoni
2540 1554 2754 1631 Magno,
2783 1568 2837 1615 et
2856 1559 3247 1616 honestissimo
3270 1558 3528 1616 Podiensi
3556 1560 3776 1632 episcopo

2219 1658 2276 1705 et
2307 1645 2431 1704 aliis
2463 1649 2722 1705 omnibus
2768 1649 3035 1706 militibus
3065 1659 3124 1706 ut
3154 1649 3482 1706 festinanter
3513 1650 3578 1706 ad
3608 1651 3776 1707 bellum

2221 1741 2686 1813 approximarent.
2721 1739 2827 1808 Qui
2870 1740 2985 1798 haec
3026 1742 3334 1810 audientes,
3381 1742 3616 1814 primum
3661 1745 3779 1801 hunc

2217 1851 2341 1892 esse
2382 1833 2740 1892 falsissimum
2776 1843 3124 1908 putaverunt.
3176 1836 3297 1893 Non
3342 1838 3490 1894 enim
3524 1839 3779 1896 credebant

2216 1927 2365 1997 quod
2396 1923 2472 1981 illi
2507 1928 2676 1982 semel
2702 1928 2906 1984 devicti
2943 1928 3182 2000 amplius
3227 1930 3496 1986 adderent
3521 1932 3708 2004 erigere
3733 1947 3781 1987 se

2215 2019 2283 2074 ad
2320 2019 2702 2090 prmliandum.
2737 2019 2856 2076 Dux
2889 2021 3056 2093 igitur
3080 2021 3414 2079 Godefridus
3460 2039 3587 2079 mox
3618 2025 3779 2080 audito

2215 2111 2430 2181 nuntio,
2454 2121 2508 2168 et
2537 2111 2693 2185 llugo
2716 2114 2967 2186 Magnus,
2996 2114 3335 2173 advenerunt
3357 2131 3485 2174 cum
3511 2117 3626 2174 suis
3649 2133 3783 2172 exer-

2214 2205 2437 2262 citibus.
2478 2204 2590 2261 llos
2620 2216 2802 2264 autem
2833 2206 3225 2279 insequebatur
3253 2208 3550 2281 episcopus
3582 2208 3784 2266 Pedice-

2214 2298 2311 2364 sis,
2367 2307 2422 2354 et
2477 2297 2822 2356 llaimundus
2869 2316 3053 2357 eomes
3094 2314 3221 2357 cum
3272 2317 3473 2374 magna
3519 2311 3686 2373 gente.
3727 2301 3782 2356 lli

2212 2405 2339 2446 cum
2375 2390 2625 2446 viderent
2670 2400 2779 2447 tam
2826 2392 3283 2450 innumerabilem
3336 2404 3552 2466 gentem
3604 2394 3783 2450 Turco-

2212 2498 2358 2551 rum,
2384 2483 2792 2540 multitudinem
2819 2493 2874 2540 et
2894 2483 3135 2542 Arabum
3165 2496 3330 2558 atque
3355 2486 3781 2554 Sarracenorum,

2211 2578 2557 2652 aliorumque
2584 2597 2724 2652 quos
2750 2596 3077 2638 enumerare
3119 2581 3344 2655 longum
3375 2593 3481 2650 est,
3512 2584 3782 2655 obstupue-

2211 2681 2362 2738 runt,
2389 2672 2592 2744 quippe
2613 2673 2741 2744 quia
2770 2689 2963 2730 omnes
2991 2683 3226 2742 montes,
3256 2686 3309 2731 et
3331 2675 3521 2745 colles,
3547 2686 3600 2732 et
3619 2677 3783 2744 valles,

2210 2772 2266 2819 et
2306 2763 2492 2819 omnia
2523 2765 2686 2834 plana
2722 2765 2870 2822 intus
2903 2775 2958 2821 et
2998 2765 3139 2822 infra
3175 2767 3421 2839 undique
3470 2769 3682 2825 stabant
3709 2786 3785 2824 eo-

2212 2866 2402 2928 operta
2427 2857 2494 2914 de
2522 2857 2610 2913 illa
2635 2859 3112 2915 excommunicata
3143 2869 3303 2933 gente
3331 2861 3413 2916 vel
3442 2861 3783 2933 generatione.

2209 2950 2412 3007 Factus
2460 2960 2545 3007 est
2597 2951 2782 3022 itaque
2831 2964 3015 3008 sermo
3052 2961 3298 3010 secretus
3338 2953 3482 3010 inter
3530 2970 3648 3020 nos,
3683 2955 3785 3010 lau-

2208 3041 2404 3098 dantes
2430 3050 2486 3097 ct
2513 3044 2885 3110 consulentes,
2912 3054 3076 3116 atque
3102 3046 3346 3102 dicentes
3373 3063 3385 3101 :
3417 3065 3438 3098 ι
3471 3045 3657 3102 Estote
3684 3062 3785 3100 om-

517 3131 968 3202 bebdomadibus,
1004 3146 1059 3192 et
1087 3139 1242 3194 multi
1267 3155 1334 3194 ex
1363 3142 1569 3198 nostris
1592 3154 1953 3214 perceperunt
1977 3145 2106 3203 felix
2132 3152 2179 3216 ε
2211 3136 2343 3192 nino
2389 3137 2680 3193 unanimes
2725 3137 2780 3192 in
2833 3139 2938 3194 ﬁde
2977 3136 3218 3206 Christi,
3276 3149 3329 3196 et
3379 3149 3587 3196 sancta:
3631 3140 3788 3195 crucis

517 3226 840 3297 martyrium
879 3243 978 3297 pro
1011 3228 1215 3287 Christi
1241 3233 1482 3289 nomine.

764 3318 898 3374 Cum
934 3319 1246 3379 Solimauno
1273 3324 1569 3381 Christiani
1599 3338 1859 3400 pugnant.

587 3409 664 3479 (2)
705 3409 914 3468 Interea
957 3415 1165 3472 reddita
1201 3417 1418 3474 civitate
1443 3460 1459 3486 ,
1510 3419 1813 3493 Turcisque
1859 3423 2108 3483 deductis

512 3499 1068 3574 Constantinopolim,
1103 3507 1400 3578 imperator
1430 3513 1606 3584 magis
1643 3517 1926 3585 magisque
1950 3517 2103 3586 gavi-

512 3609 630 3660 sus,
658 3609 725 3650 eo
772 3598 919 3666 quod
967 3598 1164 3656 civitas
1190 3602 1528 3673 redigeretur
1574 3604 1628 3660 in
1677 3623 1831 3662 suam
1868 3617 2107 3678 potesta-

514 3693 642 3752 tem,
675 3687 842 3757 jussit
869 3691 1148 3761 copiosam
1175 3693 1490 3750 alimoniam
1513 3700 1843 3768 pauperibus
1867 3702 2100 3773 erogari.

510 3775 623 3835 Nos
651 3795 781 3835 vero
809 3795 1098 3853 postquam
1129 3787 1460 3844 recessimus
1493 3805 1525 3844 a
1551 3790 1790 3859 civitate,
1820 3793 1994 3862 prima
2017 3794 2106 3849 die

512 3869 766 3926 venimus
809 3873 884 3930 ad
920 3876 1214 3944 quemdam
1270 3889 1515 3948 pontem,
1567 3883 1751 3954 ibique
1797 3885 2105 3940 mansimus

511 3961 728 4018 duobus
755 3963 967 4021 diebus.
1019 3966 1199 4024 Tertia
1243 3982 1426 4027 autem
1458 3974 1806 4032 illucescente
1835 3977 1942 4044 die,
1979 3993 2104 4033 sur-

510 4062 771 4109 rexerunt
797 4056 992 4123 nostri,
1031 4068 1086 4114 et
1113 4073 1223 4115 non
1247 4061 1492 4118 videntes
1521 4075 1706 4122 tenere
1734 4068 1902 4134 viam,
1937 4069 2101 4126 divisi

509 4151 642 4198 sunt
672 4144 741 4198 ab
768 4145 1024 4202 invicem.
1053 4146 1188 4204 Nam
1218 4167 1346 4221 pars
1369 4154 1666 4222 exercitus,
1701 4155 1949 4212 videlicet
1971 4157 2106 4213 Boa-

509 4235 768 4303 mundus,
808 4247 863 4293 et
891 4237 1186 4297 Rotbertus
1223 4241 1656 4311 Northmannus,
1701 4256 1756 4302 et
1785 4246 2101 4305 Tancredus

509 4325 713 4396 aliique
740 4328 1113 4400 quamplures,
1157 4332 1213 4386 in
1241 4332 1455 4390 diversa
1497 4336 1770 4391 abierunt.
1820 4339 1939 4394 Alia
1970 4357 2100 4397 vero

508 4433 665 4488 pars,
713 4419 920 4476 scilicet
958 4419 1302 4480 Raimundus
1331 4426 1518 4482 Sancti
1565 4425 1768 4499 {Egidii
1799 4444 2006 4498 comes,
2046 4441 2100 4488 et

508 4509 619 4564 dux
658 4509 1006 4581 Godefridus,
1047 4524 1100 4570 et
1143 4517 1436 4573 Podiensis
1465 4519 1778 4591 episcopus,
1824 4532 1879 4577 et
1911 4539 2097 4582 comes
2124 4508 2178 4570 ι)

508 4598 858 4660 Flandreusis
887 4614 942 4661 et
971 4606 1156 4678 plures
1183 4608 1278 4662 alii
1323 4625 1420 4680 per
1465 4611 1629 4667 aliam
1673 4614 1817 4669 viam
1864 4616 2098 4674 devene—

509 4702 658 4748 runt.
689 4693 868 4751 Tertia
913 4714 1043 4754 vero
1082 4699 1170 4756 die
1217 4701 1497 4758 irruerunt
1545 4703 1709 4760 Turci
1751 4708 2099 4768 vehementer

508 4797 675 4854 super
702 4785 1103 4858 Boamundnm,
1137 4800 1192 4848 et
1217 4807 1381 4863 super
1411 4809 1506 4850 eos
1535 4796 1628 4866 qui
1669 4812 1793 4852 cum
1821 4815 1888 4854 eo
1917 4811 2095 4869 erant,

507 4874 808 4932 clamantes
852 4877 1106 4936 videlicet
1153 4890 1318 4952 atque
1365 4885 1660 4942 stridentes
1711 4889 1929 4946 excelso
1981 4891 2099 4948 cla-

508 4981 682 5034 more,
729 4977 892 5039 atque
940 4971 1184 5028 dicentes
1237 4975 1422 5031 nescio
1471 4977 1604 5047 quid
1655 4979 1989 5038 diabolicum
2043 4985 2099 5040 in

506 5055 739 5113 barbara
776 5061 982 5132 lingua.
1011 5060 1131 5118 Mox
1164 5063 1519 5124 Boamundus
1549 5072 1992 5141 sapientissimus
2017 5078 2100 5133 vir

506 5148 698 5203 videns
727 5149 1154 5210 innumerabiles
1177 5154 1388 5212 Turcos
1410 5162 1600 5230 procul
1625 5163 1864 5221 clamare
1891 5176 1946 5222 et
1973 5168 2100 5224 stri-

506 5239 657 5306 dere,
689 5240 856 5309 jussit
897 5245 1144 5302 celeriter
1191 5263 1383 5306 omnes
1423 5252 1623 5310 milites
1653 5255 2003 5326 descendere,
2044 5269 2100 5314 et

503 5332 739 5385 tentoria
784 5336 1094 5392 extendere.
1131 5337 1236 5396 Sed
1266 5350 1558 5414 antequam
1605 5347 1836 5402 tentoria
1873 5359 2099 5406 extensa

506 5419 763 5488 fuissent,
787 5425 926 5481 dixit
949 5430 1212 5489 militibus
1238 5453 1251 5488 :
1281 5454 1298 5487 ι
1331 5434 1376 5492 Ο
1400 5436 1686 5495 fortissimi
1714 5441 1915 5498 milites
1937 5445 2100 5499 Chri-

509 5512 600 5580 sti,
631 5528 757 5570 ecce
796 5515 996 5574 bellum
1027 5522 1082 5576 in
1113 5533 1266 5580 arcto
1309 5528 1476 5584 situm
1513 5538 1619 5597 est,
1661 5531 1886 5603 jamque
1919 5535 2104 5590 hostes

509 5603 752 5674 undique
779 5609 937 5665 nobis
958 5618 1384 5685 supereminent.
1411 5619 1756 5694 Quapropter
1782 5640 1973 5682 omnes
1999 5627 2101 5681 mi-

563 5787 661 5858 ,(2)
697 5787 753 5845 In
778 5792 907 5848 edit.
936 5799 1023 5853 htc
1054 5801 1240 5890 rumpit
1267 5802 1402 5858 liber
1431 5822 1510 5860 ιιι.

2210 3228 2390 3284 vexilli
2433 3229 2681 3297 victoria,
2726 3231 2854 3301 quia
2902 3231 3066 3287 hodie
3110 3248 3304 3289 omnes
3346 3234 3576 3301 divites,
3621 3235 3665 3290 si
3695 3234 3787 3288 Deo

2208 3320 2405 3390 placet,
2435 3321 2612 3376 cﬂ'ecti
2647 3322 2820 3377 eritis.
2857 3341 2874 3373 ι
2923 3321 3198 3378 Continuo
3224 3339 3355 3396 ergo
3403 3325 3630 3380 fuerunt
3660 3325 3787 3378 ordi-

2207 3427 2351 3472 nata:
2381 3417 2548 3472 acies.
2574 3415 2630 3470 In
2657 3415 2878 3472 sinistra
2908 3417 3092 3488 itaque
3119 3427 3274 3489 parte
3305 3417 3411 3473 fuit
3436 3418 3785 3482 Boamundus,

2207 3519 2261 3565 et
2291 3508 2587 3563 Rotbertus
2617 3506 3064 3575 Northmannus,
3103 3519 3155 3564 et
3189 3510 3434 3580 prudens
3468 3510 3785 3574 Tancredus,

2207 3613 2261 3658 et
2291 3602 2586 3658 Rotbertus
2619 3601 2686 3657 de
2717 3603 2886 3668 Ansa,
2919 3612 2973 3658 et
3013 3601 3324 3660 Richardus
3360 3604 3429 3659 de
3471 3603 3784 3676 Principatu.

2207 3691 2512 3762 Episc0pus
2535 3707 2772 3762 namque
2795 3691 3081 3749 Podicnsis
3103 3694 3251 3748 venit
3276 3709 3371 3764 per
3394 3694 3630 3749 alteram
3655 3711 3790 3749 mon-

2206 3795 2448 3852 taneam,
2478 3785 2718 3856 undique
2752 3785 3190 3858 circumcingens
3223 3786 3548 3844 incredulos
3581 3787 3785 3842 Turcos.

2208 3878 2265 3932 In
2313 3878 2538 3934 dextera
2597 3894 2723 3934 vero
2770 3888 2924 3949 parte
2975 3878 3076 3934 fuit
3127 3880 3604 3950 prudentissimus
3657 3881 3789 3936 miles

2208 3974 2552 4031 Raimundus
2585 3991 2771 4031 comes
2799 3976 2866 4031 de
2897 3974 3100 4032 Sancto
3132 3974 3375 4049 ZEgidio,
3420 3987 3474 4033 et
3519 3979 3786 4035 venerabi-

2206 4069 2273 4125 lis
2306 4068 2418 4123 dux
2445 4067 2804 4137 Godefridus;
2835 4080 2889 4124 et
2919 4071 3222 4126 acerrimus
3254 4071 3417 4126 miles
3453 4069 3790 4128 Flandrensis

2203 4177 2410 4228 comes,
2441 4171 2496 4217 et
2523 4161 2678 4233 llugo
2708 4159 2957 4234 Magnus,
3003 4173 3056 4219 et
3091 4163 3182 4218 alii
3219 4164 3409 4235 plures
3436 4181 3680 4236 quorum
3710 4182 3792 4220 no-

2205 4255 2353 4309 mina
2408 4254 2620 4326 ignoro.
2654 4255 2849 4310 Statim
2901 4266 3085 4312 autem
3132 4259 3488 4316 venientibus
3544 4261 3790 4316 militibus

2203 4347 2428 4414 nostris,
2455 4346 2641 4413 Turci,
2673 4357 2726 4403 et
2754 4347 2984 4417 Arabes,
3027 4360 3080 4406 ct
3118 4349 3433 4420 Sarraceni,
3466 4363 3529 4408 et
3560 4354 3787 4427 Agulani,

2201 4447 2258 4494 et
2297 4454 2488 4495 omnes
2533 4441 2780 4496 barbara:
2823 4441 3077 4498 nationes
3121 4443 3392 4500 dederunt
3426 4447 3695 4503 velociter
3721 4445 3792 4501 fu-

2203 4548 2350 4602 gam,
2376 4548 2472 4603 per
2501 4533 2822 4603 compendia
2855 4536 3058 4591 montis
3083 4544 3139 4591 et
3163 4537 3326 4607 plana
3368 4538 3519 4594 loca.
3557 4539 3684 4594 Erat
3708 4557 3788 4593 au-

2207 4633 2316 4678 tem
2349 4639 2611 4680 numerus
2644 4621 2950 4681 Turcorum
2971 4669 2986 4694 ,
3020 4637 3076 4682 et
3113 4627 3584 4698 Sarracenorum,
3627 4633 3790 4688 Publi-

2205 4730 2502 4782 canorum,
2545 4726 2600 4773 et
2640 4716 2966 4788 Persarum,
3013 4720 3427 4793 Agulanorum,
3465 4733 3530 4780 et
3582 4728 3790 4782 aliorum

2205 4823 2567 4877 paganorum,
2602 4817 2845 4866 trecenta
2872 4813 3155 4884 sexaginta
3179 4815 3374 4882 millia,
3396 4825 3565 4873 extra
3590 4819 3792 4882 Arabes,

2205 4915 2442 4971 quorum
2473 4916 2765 4957 numerum
2792 4918 2954 4958 nemo
2979 4905 3084 4960 scit
3113 4907 3219 4962 nisi
3249 4905 3417 4964 Deus.
3447 4908 3794 4982 Fugientibus

2205 4999 2388 5046 autem
2418 4992 2525 5049 illis
2551 4994 2716 5049 nimis
2745 4996 3005 5053 velociter
3030 5014 3206 5070 usque
3231 5001 3299 5056 ad
3327 5017 3536 5059 eorum
3561 5007 3792 5071 tentoria,
3832 5039 3833 5049 η

2205 5084 2280 5138 ibi
2311 5085 2404 5140 diu
2435 5088 2640 5142 morari
2683 5105 2792 5145 non
2833 5090 3008 5147 licuit.
3044 5091 3247 5150 Iterum
3292 5112 3428 5152 vero
3451 5101 3794 5172 arripuerunt

2203 5173 2411 5247 fugam,
2442 5194 2654 5250 nosque
2684 5184 2956 5251 persecuti
2995 5200 3189 5243 sumus
3225 5202 3321 5244 eos
3360 5191 3687 5250 occidentes
3716 5207 3796 5263 per

2203 5277 2378 5325 totum
2409 5271 2572 5327 diem.
2601 5272 2666 5330 Et
2693 5276 3006 5346 accepimus
3054 5279 3228 5349 spolia
3253 5282 3478 5350 multa,
3522 5303 3715 5342 aurum
3752 5295 3796 5340 et

2203 5373 2512 5433 argentum,
2544 5382 2718 5438 equos
2744 5376 2800 5424 et
2832 5369 3041 5438 asinos,
3075 5371 3336 5441 camelos,
3369 5390 3510 5431 oves
3540 5387 3598 5434 et
3627 5379 3791 5440 boves,

2202 5463 2258 5510 et
2290 5457 2523 5526 plurima
2553 5459 2660 5515 alia
2694 5476 2817 5531 quae
2851 5463 3189 5535 ignoramus.
3230 5464 3296 5520 Et
3332 5476 3531 5524 tamen
3567 5472 3670 5526 nisi

2205 5545 2389 5601 minus
2419 5545 2560 5603 foret
2591 5550 2643 5604 in
2674 5550 2846 5620 bello,
2888 5563 2942 5608 et
2975 5555 3137 5609 aliam
3182 5555 3292 5611 cito
3327 5558 3589 5615 mitteret
3619 5541 3811 5626 aciem,l

2204 5637 2386 5691 nullus
2436 5648 2750 5698 nostrorum
2801 5645 3020 5715 penitus
3066 5647 3339 5705 evaderet.
3391 5647 3510 5708 Sed
3565 5653 3806 5723 omnipo—‘
