3846 6306
100 359 176 418 773

94 492 184 536 iens
212 474 361 540 Deus,
396 480 446 526 et
472 466 620 540 pius,
653 468 743 540 qui
783 484 893 523 non
926 469 1171 539 permisit
1215 483 1345 523 suos
1391 468 1597 523 milites
1631 473 1665 530 Α

88 567 243 639 perire,
270 577 358 617 nec
393 561 443 615 in
479 575 678 616 manus
716 558 1061 614 inimicorum
1099 559 1361 627 incidere,
1396 559 1595 615 festiue

90 661 169 714 illis
205 653 498 724 adiutorium
534 650 707 706 misit.
751 650 886 718 Quis
931 666 1173 722 unquam
1219 658 1333 707 tam
1373 651 1595 721 sapiens

88 759 157 807 aut
180 747 344 803 doctus
370 744 446 798 vir
482 743 705 799 audebit
740 744 1051 799 describere
1090 752 1187 799 aut
1227 742 1593 814 prtemeditari

87 838 396 910 prudentiam,
439 842 491 888 et
536 833 786 889 militiam
830 843 886 889 et
936 833 1309 890 lenitudinem
1362 835 1595 890 eorum?

85 927 159 996 Qui
186 924 414 998 putabant
442 932 648 978 terrore
677 932 891 996 gentem
924 923 1260 981 Francorum
1299 925 1468 981 minis
1502 942 1594 983 sa-

83 1022 282 1091 gittarum
311 1016 537 1082 illarum,
562 1016 706 1072 sicut
732 1025 1043 1073 terruerunt
1062 1017 1292 1085 Arabes,
1318 1028 1372 1074 et
1399 1018 1593 1074 Sarra-

81 1125 221 1170 cenos.
245 1116 292 1163 et
330 1105 663 1173 Hermenios,
702 1118 756 1164 et
796 1107 1059 1164 Surianos
1101 1118 1156 1164 et
1193 1108 1431 1167 Grtccos.
1484 1110 1591 1167 Sed

79 1204 171 1270 hoc,
190 1200 229 1258 si
254 1199 353 1255 Deo
377 1200 569 1270 placet,
600 1216 842 1271 unquam
872 1216 981 1257 non
1011 1201 1115 1257 erit
1144 1202 1346 1269 visum,
1375 1218 1477 1259 nec
1504 1202 1589 1258 fa-

77 1304 203 1359 ctum,
230 1308 317 1348 nec
337 1292 556 1359 dictum,
591 1308 693 1349 nec
726 1295 1022 1367 cogitatum
1050 1294 1198 1365 quod
1237 1295 1343 1365 ipsi
1375 1304 1588 1351 tantum

74 1388 254 1440 valeant.
286 1383 664 1439 Verumtamen
696 1385 886 1440 dicunt
910 1401 970 1441 se
999 1401 1123 1442 esse
1148 1386 1215 1442 de
1242 1385 1585 1443 Francorum

73 1476 375 1550 generatione,
418 1483 474 1531 et
506 1475 699 1531 dicunt
740 1476 887 1547 quod
925 1477 1108 1532 nullus
1159 1477 1327 1533 homo
1363 1488 1589 1535 natura-

72 1570 161 1622 liter
182 1567 316 1623 debet
339 1582 456 1622 esse
483 1567 666 1633 miles,
700 1568 804 1624 nisi
837 1566 1033 1624 Franci
1063 1578 1116 1624 et
1152 1568 1253 1625 illi.
1284 1567 1585 1626 Vertatem

70 1672 234 1729 quoque
257 1656 420 1712 dicam
449 1672 548 1728 per
573 1658 785 1726 omnia,
815 1675 980 1731 quam
1017 1675 1178 1717 nemo
1211 1660 1433 1717 audebit
1458 1677 1587 1733 pro.

68 1750 223 1804 lubere.
263 1747 409 1805 Certe
455 1749 504 1804 si
552 1750 610 1805 in
654 1750 760 1806 ﬁde
793 1750 1022 1821 Christi,
1069 1761 1125 1809 et
1168 1752 1585 1811 Christianitate

68 1849 207 1897 sancta
229 1841 355 1897 ﬁrmi
387 1842 644 1911 fuissent,
676 1854 733 1901 et
770 1863 939 1904 unum
968 1817 1023 1903 in
1054 1849 1320 1905 Trinitate
1358 1867 1587 1906 manen-
1619 1817 1663 1876 Β

66 1943 141 1986 tem
166 1941 325 1987 natum
359 1933 424 1988 de
458 1932 686 2006 Virgine
726 1947 927 2006 matre,
956 1948 1011 1995 et
1051 1956 1275 2012 passum
1307 1951 1362 1998 et
1395 1958 1586 1999 resur—

65 2030 260 2093 gentem,
303 2037 365 2078 ac
406 2022 611 2080 deinde
640 2028 1071 2085 consolationem
1122 2031 1297 2087 sancti
1348 2031 1588 2103 Spiritus

63 2111 242 2182 perfecte
278 2114 603 2186 mittentem,
654 2117 711 2174 in
757 2120 900 2176 cmlo
926 2129 984 2177 et
1026 2120 1079 2176 in
1114 2131 1257 2179 terra
1303 2124 1588 2196 aequaliter

63 2213 332 2275 regnantem,
356 2213 502 2262 recta
533 2216 722 2264 mente
758 2218 813 2266 ct
854 2209 961 2266 ﬁde
984 2210 1365 2281 credidissent,
1409 2215 1588 2286 magis

61 2295 389 2365 pmdeatiores,
415 2308 513 2355 aut
532 2298 818 2369 fortiores,
845 2311 942 2357 aut
963 2302 1228 2359 bellorum
1255 2305 1587 2376 ingeniosis-

61 2383 202 2449 sinos,
230 2387 415 2458 aliquis
443 2388 699 2445 invenire
733 2392 962 2447 minime
990 2395 1247 2468 potuerit.
1282 2392 1469 2467 Ibique
1496 2396 1584 2452 in-

62 2475 214 2532 terfecti
256 2488 380 2536 sunt
421 2480 536 2537 duo
580 2482 936 2541 honorabiles
984 2482 1124 2554 viri,
1172 2486 1482 2546 Gaufrcdus
1517 2491 1587 2545 de

60 2566 469 2640 licata-scabiosa,
499 2582 559 2630 et
582 2573 910 2634 Guillelmus
938 2578 1200 2635 marchisi
1227 2580 1372 2636 ﬁlius
1416 2580 1586 2638 frater

60 2660 283 2731 Tancredi,
314 2673 364 2720 et
391 2665 485 2720 alii
512 2666 722 2724 milites
747 2677 803 2725 et
824 2669 1053 2741 pedites,
1095 2686 1330 2742 quorum
1361 2674 1583 2731 nomina

59 2752 217 2821 ignoro.
239 2752 309 2809 De
333 2755 628 2825 prudentia
672 2773 803 2813 vero
824 2769 879 2815 et
907 2760 1252 2817 animositate
1278 2758 1585 2820 Tui-corum

57 2844 149 2913 quid
169 2843 301 2915 plura
326 2846 565 2903 referam
582 2850 609 2903 ’ἒ
648 2848 791 2905 Sunt
814 2866 1050 2923 namque
1080 2850 1428 2920 ferocissimi,
1476 2854 1582 2911 hu-

57 2937 178 2992 meris
198 2946 245 2993 et
268 2940 490 3011 sagittas
514 2951 572 2997 et
602 2941 890 3013 pharetras
916 2944 1173 3001 toxicatis
1198 2944 1431 3002 refertas
1464 2962 1587 3017 por-

57 3039 204 3099 .tates,
227 3033 542 3091 naturaliter
568 3035 1000 3104 bellicosissimi,
1045 3037 1364 3107 gloriantes,
1414 3046 1472 3093 ut
1498 3039 1584 3095 di-

57 3122 206 3188 ximus,
227 3125 286 3180 de
306 3123 652 3181 Francorum
680 3127 1047 3198 generatione.
1092 3126 1198 3183 Sed
1234 3128 1583 3199 omnipotens
1613 3187 1656 3208 η

54 3209 159 3268 ιιωε
182 3215 468 3287 superbiam
503 3189 732 3272 illorum
759 3226 918 3273 antea
948 3218 1266 3275 indomitam
1293 3189 1584 3276 debellavit
1610 3189 1656 3247 α

54 3321 121 3374 per
151 3308 487 3366 humilitatem
544 3310 1018 3367 Christianorum.
1071 3311 1156 3367 Ab
1203 3310 1340 3367 hora
1399 3321 1581 3369 autem

55 3398 341 3473 minusque
360 3404 430 3460 ad
464 3404 667 3462 horam
711 3421 913 3463 nonam
953 3407 1268 3480 perduravit
1305 3409 1412 3464 hoc
1440 3424 1583 3479 pnn-

54 3487 164 3544 liiun.
180 3490 386 3549 Factum
411 3504 500 3550 est
520 3496 730 3552 bellum
757 3497 863 3553 hoc
884 3499 1063 3569 primo
1086 3498 1176 3555 die
1199 3497 1329 3555 Julii
1352 3500 1579 3557 mensis.

55 3576 165 3637 l‘nde
184 3582 488 3643 benedictus
514 3586 668 3645 Deus
696 3603 795 3660 per
821 3590 1031 3659 omnia,
1076 3590 1172 3663 qui
1213 3590 1437 3648 tradidit
1479 3591 1584 3646 im-

52 3673 150 3741 pios.
184 3677 360 3734 Amen.

211 3767 306 3823 Hic
332 3768 686 3827 Solimannus
715 3781 1000 3843 superatur
1032 3790 1065 3828 α
1110 3771 1363 3829 Francis.

97 3854 157 3923 (3)
197 3855 484 3929 Postquam
506 3875 646 3916 vero
680 3861 890 3918 inimici
918 3860 1015 3918 Dei
1062 3871 1118 3918 et
1166 3873 1369 3919 sanctae
1417 3861 1580 3919 Citri—

52 3948 256 4016 tianitatis
299 3956 531 4010 omnino
581 3955 782 4012 devicti
812 3954 1064 4025 fuissent,
1111 3965 1167 4015 et
1199 3974 1296 4029 per
1339 3966 1581 4029 quatuor

49 4041 132 4098 dies
174 4054 424 4104 etnoctes
446 4047 728 4120 fugientes
771 4050 881 4105 huc
903 4058 958 4106 et
986 4051 1137 4119 illuc,
1178 4052 1411 4123 contigit
1449 4051 1581 4108 dum

51 4131 341 4195 Solimannus
369 4140 485 4196 dux
536 4141 784 4208 illorum,
836 4142 980 4198 ﬁlius
1010 4141 1313 4200 Solimanni
1354 4144 1578 4214 veteris,

50 4224 261 4283 deNicaa
282 4230 506 4285 civitate
537 4229 773 4302 fugeret,
807 4232 1043 4303 quadam
1098 4233 1188 4289 die
1232 4234 1441 4290 invenit
1482 4234 1580 4292 de-

49 4330 131 4370 cem
151 4320 301 4376 millia
330 4323 609 4391 Arabum,
634 4323 730 4394 qui
759 4323 1013 4381 dixerunt
1039 4325 1089 4380 ei
1114 4343 1128 4381 :
1162 4344 1181 4377 c
1231 4324 1277 4382 Ο
1320 4325 1508 4382 infelix
1528 4336 1584 4384 ct

48 4409 170 4466 miser
217 4414 460 4470 omnium
506 4416 830 4488 gentilium,
862 4432 963 4474 cur
1008 4416 1361 4476 tremefactus
1402 4419 1583 4476 adhuc

753 349 815 406 P.
858 349 1204 408 TUDEBODI
1236 349 1417 408 IIIST.
1458 348 1549 406 DE
1583 348 1947 410 HIEROSOL.
1992 352 2152 409 ITIN.
2193 387 2261 398 ——
2304 355 2435 413 LIB.
2478 357 2545 415 II.

3190 369 3298 431 774

1700 467 2042 524 solummodo
2065 471 2304 539 poterint
2325 471 2489 538 seire,
2508 460 2659 528 unus
2683 490 2748 530 ex
2776 476 2932 533 vobis
2945 479 3034 534 vix
3059 484 3296 554 amplius

1698 558 1860 615 vivet.
1899 578 1917 612 ι
1961 560 2031 614 At
2059 559 2136 615 illi
2170 561 2455 617 audientes
2475 562 2627 631 talia,
2655 575 2942 636 eruperunt
2986 577 3293 628 retrorsum

1696 657 1908 707 vertere
1936 650 2211 721 scapulas,
2243 659 2298 708 et
2330 667 2391 709 se
2437 654 2818 724 expanderunt
2856 673 2955 729 per
2980 660 3293 719 universam

1697 739 2044 810 Romaniam,
2078 744 2192 800 sed.
2212 784 2226 799 .
2243 785 2259 798 .
2283 784 2297 801 .
2317 783 2332 800 .
2356 745 2634 806 exercitus
2648 756 2836 804 noster
2860 753 3297 822 persequebatur

1694 832 2076 904 iniquissimus
2114 831 2327 892 Turcos
2365 836 2614 907 quotidie
2666 837 2935 911 fugientes
2968 853 3096 898 ante
3144 843 3290 902 illos.

1692 920 1763 977 At
1794 922 1870 978 illi
1908 921 2190 981 venientes
2216 925 2285 981 ad
2312 935 2509 983 cuncta
2530 937 2735 997 castra,
2758 930 2872 988 sive
2892 931 3162 1002 civitates,
3189 936 3296 991 ﬁn-

1692 1022 1882 1085 gentes
1900 1023 1956 1070 et
1984 1015 2303 1074 deludentes
2325 1018 2665 1078 habitatores
2712 1023 2956 1093 illorum,
2995 1025 3290 1084 dicebant:

1698 1122 1717 1157 ε
1752 1100 1864 1163 Nos
1890 1106 2196 1165 devicimus
2213 1107 2562 1170 Christianos
2598 1128 2812 1185 omnes,
2851 1125 3017 1188 atque
3060 1134 3290 1191 supera-

1692 1197 1872 1256 vimus
1894 1200 2040 1268 illos,
2064 1216 2131 1257 eo
2156 1210 2345 1259 tenore
2365 1205 2512 1275 quod
2554 1207 2739 1263 nullus
2788 1223 2980 1265 eorum
3025 1211 3140 1282 jam
3178 1229 3287 1267 un-

1689 1307 1855 1363 quam
1880 1293 2079 1350 audcat
2108 1310 2168 1350 se
2199 1295 2409 1366 erigere
2437 1310 2562 1353 ante
2586 1315 2708 1355 nos.
2729 1296 2963 1358 Tantum
2990 1305 3291 1374 permitt’te

1689 1397 1794 1439 nos
1822 1383 1971 1440 intus
1999 1382 2226 1439 intrare.
2264 1403 2283 1436 ι
2314 1382 2418 1451 Qui
2459 1384 2729 1444 intrantes
2751 1381 3061 1460 spoliabant
3109 1395 3288 1451 ecclo—

1688 1474 1824 1543 sias,
1857 1484 1913 1531 et
1945 1475 2161 1545 domos,
2188 1484 2243 1533 et
2270 1476 2377 1532 alia
2426 1480 2634 1547 omnia,
2682 1489 2739 1536 et
2774 1483 3047 1542 ducebant
3097 1502 3286 1544 serum

1687 1579 1861 1636 equos
1886 1572 1941 1621 et
1961 1565 2172 1634 asinos,
2199 1568 2255 1622 et
2276 1581 2471 1623 aurum
2495 1576 2550 1624 et
2575 1580 2885 1642 argentum,
2918 1583 2973 1631 et
2998 1577 3200 1645 mulos,
3232 1587 3289 1635 et

1686 1668 1751 1708 ea
1773 1668 1895 1723 quae
1943 1654 2184 1724 reperire
2211 1664 2483 1726 poterant.
2516 1654 2712 1715 Adhuc
2742 1676 2963 1733 quoque
3016 1673 3071 1721 et
3117 1662 3249 1721 Curi
3270 1652 3311 1709 .’

1687 1746 1991 1803 stianorum
2016 1749 2157 1806 ﬁlios
2178 1766 2364 1807 secum
2394 1751 2688 1821 ducebant,
2727 1763 2783 1810 et
2803 1755 3069 1814 ardebant
3104 1770 3158 1815 et
3183 1760 3283 1817 de-

1690 1837 1979 1893 vastabant
2019 1841 2204 1897 omnia
2235 1841 2618 1900 convenientia
2642 1844 2758 1901 sive
2783 1845 2963 1915 utilia,
3017 1848 3288 1922 fugientes

1688 1937 1742 1984 et
1770 1939 2032 2000 paventes
2060 1933 2218 1988 valde
2242 1942 2369 1990 ante
2403 1934 2597 1992 faciem
2636 1945 2903 1995 nostram.
2948 1936 3134 1997 Nostri
3179 1942 3289 1999 ita-

1688 2037 1796 2093 que
1819 2024 2288 2094 persequebantur
2320 2042 2418 2097 pcr
2438 2028 2657 2085 deserta
2681 2038 2738 2086 et
2769 2028 3058 2102 inaquosa,
3106 2042 3162 2089 et
3198 2034 3287 2089 in-

1690 2110 2042 2169 habitabilem
2074 2121 2299 2185 terram,
2327 2132 2393 2173 ex
2425 2134 2534 2190 qua
2559 2120 2646 2175 vix
2692 2122 2800 2176 vivi
2831 2124 3128 2182 evasimus.
3173 2124 3282 2183 Fa-

1687 2219 1806 2261 mes
1834 2221 1967 2262 vero
1987 2215 2041 2263 et
2063 2208 2186 2265 sitis
2218 2208 2461 2281 undique
2498 2213 2815 2271 coarctabat
2866 2208 3003 2294 nos;
3037 2218 3287 2289 nihilque

1687 2295 1906 2365 penitus
1934 2296 2099 2353 nobis
2125 2306 2244 2353 erat
2263 2299 2331 2355 ad
2361 2299 2656 2370 edendum,
2698 2303 2804 2359 nisi
2851 2302 2995 2362 forte
3028 2305 3286 2364 vellentes

1685 2393 1742 2440 et
1764 2384 2024 2445 fricantes
2052 2388 2236 2459 spicas
2255 2389 2511 2447 manibus
2534 2393 2761 2462 nostris,
2782 2395 2851 2451 de
2862 2397 2954 2451 tali
2972 2397 3097 2453 cibo
3116 2414 3285 2471 quam

1687 2477 1997 2535 miserrime
2029 2479 2370 2537 vivebamus.
2404 2479 2482 2537 lbi
2513 2481 2620 2539 fuit
2643 2493 2860 2540 mortua
2894 2488 3131 2543 maxima
3152 2505 3284 2560 pars

1687 2576 2001 2625 nostrorum
2032 2585 2322 2642 equorum,
2361 2581 2584 2642 propter
2608 2575 2754 2643 quod
2795 2577 2951 2647 multi
2978 2593 3045 2632 ex
3076 2580 3284 2635 nostris

1687 2659 1955 2718 militibus
1996 2671 2382 2719 remanserunt
2426 2663 2658 2734 pedites,
2716 2675 2772 2722 et
2815 2683 2916 2739 pro
2961 2679 3284 2741 paupertate

1685 2765 1955 2823 equorum
1982 2761 2140 2808 erant
2162 2753 2323 2809 nobis
2351 2753 2518 2811 boves
2535 2755 2591 2810 in
2622 2756 2813 2814 ordine
2835 2759 3195 2830 caballorum,
3226 2771 3285 2820 et

1686 2857 1787 2914 pro
1817 2843 1987 2899 nimia
2025 2845 2353 2902 necessitate
2390 2846 2733 2907 sufﬁciebant
2776 2852 2936 2908 nobis
2965 2869 3198 2926 capreae,
3226 2865 3287 2915 et

1685 2933 1886 2990 arietes
1907 2944 1961 2991 et
1982 2950 2148 2992 canes
2173 2937 2241 2993 ad
2268 2939 2596 3008 portandum
2627 2948 2837 2998 nostra.
2867 2940 3077 3001 Interea
3104 2946 3281 3017 empi-

1687 3042 1812 3083 mus
1835 3027 2041 3085 intrare
2066 3030 2332 3101 Optimam
2372 3039 2595 3100 terram,
2628 3034 2848 3104 plenam
2883 3039 3280 3109 temporalibus

1687 3118 1847 3176 bonis
1896 3128 1952 3177 et
1993 3120 2116 3178 aliis
2168 3121 2399 3190 deliciis,
2427 3124 2639 3181 scilicet
2674 3126 2934 3187 omnibus
2978 3130 3166 3200 bonis,
3216 3148 3284 3190 ac

1686 3212 1942 3284 deinceps
1968 3214 2470 3285 adproximavimus
2491 3216 2754 3275 Iconium.
2772 3217 3115 3279 Habitatores
3132 3224 3282 3281 enim

1687 3288 1835 3361 illius
1899 3307 2197 3366 suadentes
2242 3309 2612 3366 admonebant
2648 3328 2777 3379 nos,
2827 3310 3065 3370 ferentes
3114 3314 3282 3372 simul

1686 3394 1970 3450 nobiscum
2014 3405 2165 3453 utres
2209 3396 2405 3467 plenos
2453 3415 2620 3470 aqua,
2665 3401 2795 3471 quia
2837 3401 2949 3457 illic
2994 3403 3049 3459 in
3085 3404 3282 3461 itinere

1685 3486 1791 3542 dici
1828 3487 1993 3543 unius
2023 3487 2126 3544 fuit
2154 3491 2392 3545 maxima
2430 3502 2723 3563 paupertas
2771 3509 2946 3564 aquae.
2995 3493 3108 3551 Nos
3151 3512 3281 3553 vero

1684 3575 1946 3633 facientes
1973 3578 2070 3645 ita,
2101 3580 2486 3636 consensimus
2515 3582 2733 3636 illorum
2781 3582 3046 3651 consiliis,
3104 3584 3281 3642 donec

1684 3652 2031 3739 pervenimus
2063 3668 2130 3723 ad
2163 3669 2435 3740 quoddam
2464 3669 2689 3738 ﬂumen,
2722 3670 2908 3743 ibique
2942 3676 3139 3730 morati
3164 3672 3280 3731 fui-

1683 3771 1809 3814 mus
1837 3772 1935 3827 per
1962 3756 2101 3814 duos
2128 3758 2263 3814 dies.
2297 3757 2595 3829 Coeperunt
2632 3761 2776 3815 enim
2828 3764 3152 3821 eurritores‘
3176 3783 3278 3823 non

1683 3846 1784 3902 stri
1830 3847 2036 3903 anteire
2065 3846 2240 3903 donec
2270 3857 2630 3918 pervenerunt
2653 3849 2721 3905 ad
2740 3848 3042 3918 Eraeleam,
3066 3854 3120 3909 in
3168 3871 3280 3927 qua

1682 3945 1802 3993 erat
1824 3937 1993 3993 nimia
2016 3935 2321 3994 Tureorum
2352 3940 2722 4013 congregatio,
2759 3952 3086 4014 exspectans
3113 3957 3279 4020 atque

1684 4030 1974 4100 insidians,
1999 4031 2275 4102 quomodo
2302 4030 2505 4087 Christi
2540 4032 2809 4089 militibus
2837 4051 3036 4091 nocere
3070 4041 3281 4109 potuis-

1684 4132 1824 4180 sent.
1850 4121 2003 4191 Quos
2046 4122 2260 4180 Turcos
2293 4124 2505 4181 milites
2534 4124 2627 4181 Dei
2677 4128 3071 4200 omnipotentis
3124 4129 3277 4187 inve-

1684 4214 1919 4284 nientes,
1947 4214 2208 4271 audacter
2241 4215 2576 4274 invaserunt.
2612 4217 2866 4289 Superati
2920 4220 3104 4291 itaque
3146 4230 3280 4278 sunt

1683 4306 1797 4364 Deo
1817 4317 2094 4365 annuente
2120 4308 2329 4364 inimici
2357 4308 2528 4365 nostri
2557 4309 2610 4365 in
2642 4310 2733 4365 illa
2761 4311 2869 4378 die,
2898 4309 3279 4384 fugientesque

1684 4401 1939 4471 scapulas
1967 4400 2251 4457 dederunt.
2293 4398 2476 4456 Nostri
2499 4400 2666 4473 igitur
2701 4402 3042 4459 intraverunt
3090 4409 3274 4460 statim

47 4496 177 4568 fugis?
205 4521 222 4554 ι
268 4503 484 4571 Quibus
549 4506 905 4564 Solimannus
981 4507 1408 4576 lacrvmahiliter
1467 4509 1580 4565 ait:
1616 4491 1981 4589 nouitate").
2017 4501 2180 4563 atque
2212 4502 2535 4589 ωαξιεθςξξηι
2572 4493 2687 4589 ﬂlic
2732 4495 3276 4589 ιιυμειιιιο-τάίεε-Ωςιί

49 4610 63 4640 ι
92 4589 440 4654 verum“,an
463 4597 604 4654 cum
624 4614 749 4655 cum
773 4600 1089 4657 habuissem
1111 4615 1303 4658 omnes
1339 4600 1585 4659 Francos
1616 4583 1647 4589 ”
1687 4599 1816 4639 vero
1844 4584 2149 4641 diviserunt
2177 4600 2236 4641 se
2274 4584 2344 4640 ab
2380 4584 2527 4651 aliis,
2571 4583 2890 4642 'I‘ancredus
2938 4587 3279 4645 honoralilis

45 4679 252 4754 (evictus,
277 4703 488 4760 eosque
520 4691 783 4760 putabam
816 4691 929 4762 jam
962 4691 1163 4748 habere
1193 4692 1248 4748 in
1271 4693 1586 4764 captivitate

44 4772 353 4847 ligatosdum
381 4782 659 4854 paulatim
682 4784 976 4842 voluissem
1003 4785 1172 4859 ligare
1211 4786 1279 4842 ad
1326 4786 1581 4853 invicem,

46 4874 440 4943 mucrespiciens
468 4883 644 4943 retro,
685 4876 795 4933 vidi
822 4885 936 4934 tam
966 4879 1422 4936 innumerabilem
1452 4894 1584 4952 gen-

46 4966 316 5023 tcmeornm
344 4984 522 5040 quam
557 4967 606 5023 si
633 4984 752 5036 vos,
807 4978 904 5024 aut
923 4969 1067 5027 alius
1115 4969 1316 5042 aliquis
1366 4970 1585 5027 adesset

46 5049 145 5117 illic,
160 5067 357 5126 putaret
374 5062 533 5133 quod
557 5077 748 5120 omnes
770 5070 1007 5130 montes,
1029 5071 1083 5119 et
1106 5063 1295 5131 colles,
1318 5071 1373 5118 et
1395 5062 1585 5131 valles,

44 5151 250 5207 etomnia
275 5152 439 5224 plana
477 5154 604 5210 loca
628 5155 787 5225 plena
832 5164 1016 5211 essent
1062 5155 1283 5210 illorum
1333 5153 1587 5211 multitu-

45 5239 154 5296 dine.
208 5242 313 5302 Nos
344 5247 520 5318 igitur
553 5246 675 5303 ilIos
715 5255 1023 5315 cernentes,
1073 5247 1258 5304 statim
1316 5247 1587 5319 coepimus

47 5343 195 5400 αρεη
224 5336 579 5394 subitaneum
616 5339 739 5405 iter,
790 5338 1044 5395 timentes
1080 5348 1194 5394 tam
1239 5338 1583 5404 mirabiliter,

46 5425 157 5488 Μ
196 5443 329 5498 pene
374 5431 665 5486 evasimus
718 5429 787 5486 de
835 5429 1053 5485 illorum
1104 5429 1378 5487 manibus.
1427 5426 1586 5484 Unde

50 5514 183 5575 Adhuc
208 5520 259 5576 in
285 5523 462 5579 nimio
484 5533 699 5580 terrore
733 5539 943 5583 sumus.
998 5522 1065 5579 Et
1100 5523 1147 5580 si
1193 5522 1326 5579 mihi
1361 5531 1416 5579 et
1447 5519 1585 5577 meis

52 5607 348 5667 't‘rhisvultis
360 5613 617 5680 credere,
642 5614 954 5672 aufertevos
974 5615 1122 5682 hinc,
1144 5614 1273 5686 quia
1297 5613 1342 5670 si
1362 5612 1465 5683 ipsi
1487 5625 1586 5667 vos

1205 5718 1291 5750 1“:

107 5787 164 5858 (ὅ)
184 5788 391 5848 Initium
420 5792 552 5849 libri
576 5808 632 5847 tv
663 5792 720 5846 in
747 5793 871 5849 edit.

1687 4684 1741 4732 et
1766 4676 2070 4732 acerrimus
2095 4677 2251 4733 miles
2274 4677 2536 4733 marchisi
2590 4678 2758 4747 ﬁlius,
2783 4687 2837 4735 et
2858 4677 3154 4733 Balduinus
3183 4694 3278 4734 co-

1688 4782 1806 4824 mes
1841 4768 2093 4841 egregius
2140 4766 2311 4824 frater
2330 4767 2486 4825 ducis
2510 4767 2813 4837 Godcfridi,
2860 4778 2915 4825 et
2940 4769 3165 4825 insimul
3191 4770 3276 4825 in-

1687 4866 1970 4916 traverunt
2012 4860 2067 4916 in
2126 4860 2318 4917 vallem
2356 4861 2423 4917 de
2452 4860 2734 4919 Borentot.
2783 4860 2980 4919 Divisit
3025 4862 3172 4918 enim
3216 4877 3276 4918 ω

1688 4946 2026 5017 Tancredus,
2042 4958 2098 5006 et
2118 4951 2268 5007 venit
2291 4949 2504 5007 Tharso
2525 4952 2868 5009 solummodo
2886 4967 3011 5008 cum
3040 4952 3156 5009 suis
3171 4954 3277 5009 mi-

1687 5041 1895 5099 litibus.
1921 5041 2186 5100 Exierunt
2208 5060 2445 5117 namque
2468 5043 2631 5101 Turci
2656 5044 2723 5102 de
2748 5045 2985 5112 civitate,
3030 5055 3083 5101 et
3109 5061 3278 5102 vene-

1689 5126 1817 5192 runt
1844 5137 2059 5193 obviam
2083 5138 2184 5205 eis,
2220 5146 2385 5210 atque
2428 5137 2483 5192 in
2512 5155 2682 5194 unum
2715 5147 2843 5194 sunt
2872 5140 3184 5211 congregati
3221 5149 3278 5197 ct

1687 5239 2131 5302 praeparaverunt
2157 5246 2214 5287 se
2235 5231 2303 5287 ad
2325 5232 2527 5288 bellum
2561 5240 2754 5288 contra
2775 5229 3139 5290 Christianos.
3164 5236 3278 5305 Ap-

1688 5323 2120 5395 propinquantes
2153 5323 2337 5395 itaque
2374 5325 2548 5380 nostri
2603 5334 2767 5396 atque
2811 5335 3117 5396 pugnantes
3153 5340 3275 5383 om-

1689 5431 1808 5484 nes,
1841 5415 2108 5471 dederunt
2144 5414 2352 5470 inimici
2380 5415 2555 5473 nostri
2593 5412 2801 5486 fugam,
2846 5423 3181 5472 revertentes
3216 5416 3276 5471 in

1689 5506 1964 5562 civitatem
1988 5506 2151 5562 celeri
2181 5522 2395 5575 gressu.
2411 5506 2728 5565 Tancredus
2754 5521 2884 5564 vero
2906 5507 2990 5563 vir
3010 5508 3276 5578 prudens,

1689 5608 1851 5655 atoue
1880 5598 2221 5656 honorabilis
2254 5599 2462 5657 Christi
2495 5600 2671 5668 miles,
2709 5600 2957 5672 pervenit
2978 5600 3175 5657 laxatis
3193 5598 3278 5655 lo-
