3804 6312
539 366 649 427 775

1117 364 1204 420 AD
1239 359 1688 441 GODEFRIDUM
1727 356 2020 414 APPEND.
2062 355 2124 412 11.
2168 389 2236 397 ——-
2276 355 2544 413 MONUM.
2590 358 2678 412 DE
2717 359 2940 414 BELLO
2979 349 3217 417 SACRO.
3619 374 3679 428 πε
3781 347 3784 392 ἶ

533 468 611 539 rls
662 481 731 536 ad
798 487 980 536 castra
1005 465 1130 532 aute
1159 477 1398 532 civitatis
1427 488 1660 547 portam.
1703 471 1781 528 Ex
1813 473 1914 527 alia
1954 471 2120 543 igitur
2152 479 2198 532 Α
2225 471 2350 528 illos
2389 473 2680 530 dimicaret
2713 475 2984 546 undique;
3034 492 3173 548 quos
3219 478 3369 533 etiam
3396 481 3585 539 invenire
3616 505 3680 542 ω,

531 582 688 645 parte
711 573 859 628 venit
895 571 979 625 vir
1005 570 1442 640 sapientissimus
1463 581 1649 623 comes
1669 565 1968 621 Balduinus
1997 577 2122 618 cum

533 681 636 722 suo
681 663 948 729 exercitu,
987 661 1270 733 postulans
1325 669 1377 714 et
1431 659 1730 729 deprecans
1779 647 2124 711 Tandedum

535 756 866 812 acerrimum
892 753 1137 820 militem,
1161 737 1432 824 quatenus
1446 761 1572 806 eum
1605 749 1938 805 amicissime
1964 747 2018 802 in
2048 747 2126 802 ci-

533 847 720 903 vitatis
789 847 1103 903 societatem
1159 845 1440 915 suscipere
1503 831 1841 915 dignaretur.
1900 839 2002 896 Cui
2051 839 2127 895 ait

535 935 886 993 Taneredus:
923 956 944 989 ‹
981 935 1057 992 Te
1092 935 1318 991 omnino
1349 935 1403 990 in
1439 935 1544 991 hac
1593 935 1814 990 civitate
1835 933 2065 1004 denego.
2099 949 2118 984 ι

532 1020 703 1085 Nocte
722 1029 906 1100 itaque
933 1026 1372 1099 superv'enicnte,
1397 1025 1699 1082 tremefacti
1736 1041 1928 1081 omnes
1960 1021 2127 1079 Turci

533 1137 642 1176 una
671 1121 1016 1192 arripuerunt
1041 1119 1249 1192 fugam.
1280 1117 1545 1174 Exierunt
1565 1119 1766 1190 quippe
1790 1119 2127 1176 habitatores

529 1212 636 1267 sub
671 1212 788 1282 ipsa
818 1211 996 1268 noctis
1016 1211 1370 1279 obscuritate,
1394 1212 1716 1278 clamantes,
1749 1221 1912 1282 atque
1937 1213 2127 1268 dicent-

530 1311 612 1358 tes
654 1304 867 1359 excelsa
916 1319 1083 1359 voce:
1129 1323 1147 1355 ι
1178 1303 1438 1370 Currite,
1487 1302 1835 1358 invictissimi
1907 1303 2126 1372 Franci,

527 1395 755 1460 currite,
787 1395 915 1466 quia
941 1393 1105 1450 Turci
1127 1393 1489 1465 expergefacti
1513 1402 1696 1450 vestro
1719 1395 1915 1452 timore
1936 1411 2130 1453 omnes

527 1487 734 1557 pariter
798 1487 1076 1542 recedunt.
1114 1505 1132 1539 ι
1175 1485 1480 1541 Recedente
1556 1494 1740 1542 autem
1791 1495 1983 1556 nocte,
2037 1489 2129 1544 lux

528 1579 699 1651 erepit
726 1579 992 1650 paulatim
1016 1578 1318 1651 insurgere,
1342 1587 1721 1649 veneruntque
1747 1578 1987 1635 civitatis
2011 1596 2130 1635 ma-

423 1661 426 1666 ’
521 1671 673 1744 jcres
704 1681 760 1726 et
792 1671 1146 1726 reddiderunt
1173 1679 1365 1742 sponte
1407 1671 1715 1738 civitatem,
1747 1671 1990 1727 dicentes
2021 1672 2128 1728 illis

530 1764 626 1834 qui
651 1763 719 1818 ad
745 1764 978 1818 invicem
1006 1763 1322 1834 litigabant:
1347 1749 1529 1819 Sinite
1558 1777 1705 1818 nunc
1754 1763 2018 1828 seniores,
2047 1763 2093 1819 si
2112 1793 2126 1804 -

2229 563 2426 634 potuit.
2465 563 2734 636 Deinceps
2783 566 3037 622 venimus
3062 567 3129 622 ad
3165 569 3438 639 quamdam
3479 572 3679 638 civitatein,
3775 605 3778 610 -

2229 656 2451 712 nomine
2473 655 2685 724 Coxan,
2733 659 2788 712 in
2820 673 2929 728 qua
2964 669 3082 714 erat
3109 659 3340 714 maxima
3374 661 3557 718 ubertas
3585 677 3684 736 atque
3775 689 3778 694 -

2229 746 2426 817 stipata
2457 747 2716 804 omnibus
2742 748 2926 816 bonis,
2948 765 3072 820 quae
3091 750 3251 806 nobis
3276 761 3419 807 erant
3457 759 3685 811 necessus.
3773 785 3778 804 ς

2227 837 2527 894 Christiani
2553 839 2736 912 igitur,
2753 841 3003 898 videlicet
3024 843 3230 898 alumni
3253 843 3390 900 illius
3405 845 3688 914 civitatis,rol-

2228 929 2489 987 diderunt
2509 947 2566 987 se
2616 933 2826 1000 statim,
2874 949 3086 1005 nosque
3112 933 3296 989 fuimis
3318 935 3385 989 ibi
3425 938 3536 992 satis
3562 941 3690 1008 orline

2227 1038 2326 1095 per
2350 1034 2462 1080 tres
2483 1024 2622 1092 dies,
2653 1034 2818 1096 atque
2838 1025 2950 1082 illic
2973 1026 3213 1082 maxime
3238 1035 3359 1082 sunt
3380 1032 3616 1100 recuperati
3631 1051 3692 1088 no-

2231 1115 2352 1170 stri.
2366 1115 2611 1171 Audiens
2623 1115 2807 1186 itaque
2823 1116 3169 1173 Raimundus
3182 1133 3360 1174 comes
3373 1118 3433 1174 de
3441 1120 3692 1192 Sanctolgi-

2228 1207 2320 1263 dio
2344 1209 2490 1278 quod
2522 1207 2709 1276 Turci,
2741 1209 2836 1280 qui
2889 1218 3048 1265 erant
3092 1210 3147 1264 in
3198 1211 3432 1267 custodia
3470 1212 3690 1278 Antiochia,
3767 1203 3778 1280 ἓ

2229 1297 2633 1368 discessissent,
2660 1301 2716 1356 in
2745 1316 2848 1357 suo
2885 1301 3096 1358 invenit
3116 1303 3346 1358 consilio
3385 1319 3491 1359 cum
3525 1307 3608 1361 suis
3633 1310 3692 1361 ho-

2231 1395 2496 1462 minibus,
2519 1396 2782 1466 quoniam
2817 1396 3063 1453 misisset
3094 1397 3208 1452 illic
3237 1397 3330 1468 qui
3366 1413 3472 1452 eam
3509 1399 3696 1470 diligetur

2231 1485 2592 1540 custodirent.
2619 1484 2864 1542 Tandem
2891 1486 3058 1558 elegit
3098 1486 3226 1543 illos
3252 1502 3385 1557 quos
3407 1487 3556 1560 legare
3574 1492 3692 1550 voluit.
3767 1523 3774 1554 ε

2231 1576 2484 1633 videlicet
2544 1575 2768 1634 Petrum
2821 1579 2888 1635 de
2939 1578 3276 1636 Castellione
3325 1580 3638 1644 vioecomitrm.
3667 1593 3698 1636 rt

2232 1669 2585 1726 Guillelmum
2617 1670 2686 1726 de
2708 1669 3142 1739 Montcpislerio,
3171 1680 3226 1727 et
3252 1671 3476 1726 Aralium
3503 1673 3698 1728 vicetoui-

2234 1769 2447 1828 tem,et
2491 1761 2716 1817 Petrum
2764 1762 2834 1819 de
2881 1761 3072 1830 Boias,
3114 1771 3171 1818 et
3201 1761 3413 1817 Petrum
3441 1761 3697 1818 Raimundnu

529 1853 644 1908 nite
679 1852 862 1918 modo,
894 1853 1024 1922 quia
1064 1868 1164 1908 nos
1207 1851 1360 1907 illum
1409 1851 1742 1924 flagitamus,
1802 1860 1856 1906 et
1889 1851 2129 1921 petimus
2162 1834 2204 1893 Β
2232 1853 2487 1924 d‘Alphul
2539 1854 2639 1925 (4),
2669 1870 2794 1910 cum
2849 1853 3170 1926 quingentis
3206 1855 3472 1910 militibus.
3521 1855 3699 1911 Venerunt

531 1942 807 1999 dominari
842 1951 896 1999 et
931 1958 1159 2015 regnare
1182 1959 1347 2015 super
1375 1959 1496 2011 nos,
1525 1944 1620 2015 qui
1645 1943 1761 1998 heri
1792 1953 1900 1998 tam
1953 1943 2131 1998 virili-

531 2033 616 2090 tct-
641 2035 902 2107 pugnavit
929 2051 1054 2091 cum
1085 2035 1300 2092 Turcis.
1326 2035 1627 2091 Balduinus
1654 2036 1840 2108 itaque
1866 2035 2133 2091 miriﬁcus

529 2139 718 2182 comes
743 2127 1016 2183 altercans
1037 2134 1093 2181 et
1118 2127 1337 2197 litigans
1359 2141 1484 2180 cum
1508 2124 1941 2196 prudentissimo
1987 2125 2133 2180 Tan-

529 2218 716 2285 credo,
743 2218 995 2274 dicebat:
1028 2235 1046 2269 ι
1090 2217 1362 2274 lntremus
1387 2217 1633 2284 insimul,
1665 2226 1721 2272 et
1760 2217 2133 2288 exspoliemus

528 2309 835 2379 civitatem;
864 2310 961 2382 qui
1005 2311 1129 2383 plus
1161 2311 1363 2382 poterit
1389 2312 1612 2380 habere,
1651 2313 1891 2380 habeat;
1940 2321 1995 2367 et
2038 2312 2134 2382 qui

526 2411 709 2472 potest
754 2419 972 2474 capere,
1026 2403 1225 2474 capiat.
1282 2423 1300 2456 ι
1354 2402 1457 2459 Cui
1511 2405 1738 2460 obstans
1783 2402 2127 2469 Tancredus,

527 2493 739 2550 dixitzr
776 2495 933 2551 Absit
956 2496 1061 2551 hoc
1097 2511 1126 2549 a
1155 2496 1276 2551 mel
1308 2494 1421 2569 Ego
1455 2495 1602 2550 enim
1630 2495 1976 2551 Christianos
2005 2495 2135 2549 nolo

525 2587 852 2656 exspoliare.
915 2585 1181 2644 llomines
1233 2587 1392 2642 istius
1435 2587 1675 2643 civitatis
1735 2587 2016 2660 elegerunt
2046 2601 2135 2642 me

527 2677 748 2733 illorum
770 2692 893 2734 esse
927 2675 1247 2745 Dominum,
1286 2694 1482 2750 meque
1513 2678 1715 2734 habere
1744 2678 2075 2734 desiderant.
2109 2697 2127 2730 ι

529 2767 840 2824 Novissime
866 2785 998 2826 vero
1027 2770 1275 2841 nequivit
1311 2769 1627 2826 Tancredus
1651 2771 1744 2827 diu
1769 2770 1967 2828 luctari
2007 2786 2133 2826 cum

531 2861 803 2917 Balduino
828 2862 1152 2919 doctissimo
1175 2863 1396 2929 comite,
1421 2864 1552 2934 quia
1582 2863 1859 2920 maximus
1907 2862 1986 2917 illi
2016 2872 2137 2919 erat

535 2952 830 3008 exercitus.
861 2952 1067 3008 Tamen
1096 2954 1285 3009 volens
1308 2955 1609 3024 nolensquc
1634 2953 1845 3009 dimisit
1877 2970 2028 3021 eum,
2081 2963 2138 3009 et

533 3044 768 3100 viriliter
791 3045 1017 3103 recessit
1052 3061 1177 3101 cum
1203 3061 1303 3101 suo
1328 3047 1594 3102 exercitu.
1621 3044 1974 3118 Fueruntque
2012 3045 2136 3101 red-

527 3134 657 3191 ditae
688 3135 812 3191 dua:
833 3136 1051 3206 optima:
1071 3136 1316 3195 civitates
1350 3155 1363 3191 :
1402 3137 1654 3192 videlicet
1676 3136 1889 3192 Athena
1932 3146 1987 3192 et
2021 3135 2134 3192 Ma-

533 3226 751 3293 mistra,
780 3236 835 3282 et
862 3228 1096 3299 plurima
1119 3237 1319 3284 castra.
1345 3227 1516 3299 Major
1543 3244 1674 3285 vero
1697 3230 1990 3297 exercitus,
2016 3229 2129 3285 sci-

530 3319 662 3376 licet
705 3317 1048 3378 Raimundus
1069 3336 1256 3377 eomes
1280 3321 1348 3376 de
1377 3320 1579 3377 Sancto
1608 3321 1849 3393 .Egidio,
1893 3330 1948 3376 et
1994 3320 2132 3376 Boa-

533 3413 798 3480 mundus,
825 3421 879 3468 et
908 3412 1021 3468 dux
1041 3410 1392 3486 Go_defridus,
1424 3421 1478 3468 et
1509 3413 1602 3468 alii
1632 3413 1816 3484 plures
1833 3413 2131 3484 principes,

530 3504 588 3561 in
621 3503 1045 3562 Hermeniorum
1074 3505 1421 3561 intraverunt
1442 3513 1665 3571 terram,
1690 3504 1938 3561 sitientes
1965 3515 2133 3576 atque

529 3606 831 3654 aestuantes
886 3595 1196 3674 Turcorum
1253 3597 1600 3670 sanguinem.
1643 3595 1887 3652 Tandem
1934 3613 2130 3668 perve-

529 3694 691 3748 niunt
731 3694 799 3749 ad
829 3693 1105 3765 quoddam
1135 3689 1403 3762 castrum,
1440 3691 1590 3764 quod
1637 3700 1750 3746 tam
1799 3689 1941 3746 forte
1990 3701 2129 3758 erat,

528 3784 677 3856 quod
698 3785 749 3839 ei
779 3784 917 3838 nihil
946 3791 1245 3855 potuerunt
1277 3782 1478 3840 facere.
1504 3782 1639 3838 Erat
1675 3790 1859 3838 autem
1900 3781 1976 3836 ibi
2009 3781 2133 3852 qni-

533 3875 661 3932 dam
688 3876 874 3944 homo,
905 3877 1128 3932 nomine
1155 3875 1400 3942 Simeon,
1432 3875 1527 3948 qui
1575 3874 1630 3930 in
1677 3891 1741 3930 ea
1781 3882 1935 3929 ortus
1957 3871 2135 3930 fuerat

532 3967 777 4038 regione,
801 3967 1006 4038 quique
1035 3968 1179 4024 hanc
1206 3967 1360 4038 petiit
1399 3977 1602 4023 terram
1626 4009 1640 4034 ,
1698 3976 1970 4038 quatenus
2010 3981 2132 4020 eam

533 4056 851 4114 defenderet
896 4059 964 4114 de
1013 4060 1269 4115 manibus
1304 4058 1633 4115 Turcorum.
1681 4060 1783 4115 Cui
1821 4067 2018 4130 sponte
2054 4058 2133 4112 illi

533 4148 798 4204 dederunt
823 4157 1046 4218 terram,
1084 4151 1289 4222 quique
1338 4151 1606 4207 remansit
1653 4151 1726 4207 ibi
1780 4167 1906 4208 cum
1967 4159 2132 4222 gente

534 4252 657 4294 sua.
689 4235 800 4294 Nos
849 4255 979 4294 vero
1004 4250 1268 4296 exeuntes
1298 4239 1444 4308 inde,
1495 4242 1848 4312 pervenimus
1895 4241 2130 4298 feliciter

536 4347 712 4402 usque
725 4330 1033 4387 Caesaream
1055 4331 1436 4404 Cappadociae.
1469 4334 1517 4387 Α
1536 4333 1878 4404 Cappadocia
1901 4337 2129 4407 egressi,

535 4425 788 4480 venimus
815 4422 883 4479 ad
912 4424 1210 4494 quamdam
1247 4424 1524 4503 civitatem
1570 4426 1727 4480 valde
1755 4427 2042 4496 pulchram
2078 4435 2130 4482 et

2233 1961 2366 2018 ergo
2389 1946 2443 2000 in
2476 1945 2675 2002 vallem
2705 1961 2878 2017 prope
2903 1946 3257 2002 Antiochiam
3303 1947 3368 2002 ad
3405 1946 3620 2018 quoddam
3651 1963 3700 2000 α·
3771 2007 3774 2010 ,

2235 2046 2410 2094 strum
2437 2037 2887 2105 Publicanorum,
2905 2039 3128 2109 illicque
3151 2037 3436 2095 audierunt
3461 2039 3700 2095 Tamesim:
3765 2087 3774 2116 ί

2235 2130 2291 2186 in
2321 2129 2560 2196 civitate,
2585 2145 2819 2202 eamque
2844 2131 3062 2186 fortiter
3095 2129 3387 2186 defendere
3421 2132 3698 2202 prepara’nt
3767 2179 3774 2210 ἱ

2235 2220 2430 2277 Petrus
2459 2221 2527 2278 de
2551 2221 2720 2277 Roias
2745 2221 2933 2277 divisit
2954 2237 3014 2278 se
3036 2232 3106 2278 ab
3135 2221 3284 2288 aliis,
3313 2230 3364 2277 et
3387 2222 3588 2292 proxima
3609 2233 3702 2274 nom
3765 2221 3774 2290 ξ

2236 2313 2492 2370 transivit
2518 2329 2688 2386 prope
2719 2314 3092 2382 Antiochiam,
3139 2322 3198 2370 et
3237 2315 3447 2368 intravit
3487 2312 3649 2366 feliciter
3674 2312 3703 2362 in
3765 2377 3768 2380 ἢ

2235 2407 2434 2463 vallem
2464 2407 2532 2464 de
2567 2405 2767 2478 Rugia,
2793 2415 2848 2462 et
2873 2406 3085 2461 invenit
3121 2405 3337 2462 Turcos
3373 2415 3422 2461 ct
3464 2403 3703 2460 Samaeos.
3769 2391 3774 2396 ’

2235 2509 2291 2556 et
2317 2500 2599 2570 przeliatus
2626 2508 2710 2556 est
2741 2515 2866 2556 cum
2893 2499 2996 2566 eis,
3026 2508 3082 2556 et
3112 2499 3319 2555 occidit
3346 2497 3522 2553 multos
3539 2512 3588 2551 ex
3608 2495 3705 2554 eiset
3767 2481 3772 2490 ’

2235 2590 2376 2646 alios
2402 2600 2728 2662 persecutus
2755 2599 2841 2646 est
2863 2590 3041 2645 valde.
3063 2589 3327 2662 Misitque
3355 2589 3541 2661 plenam
3573 2587 3702 2641 hastam
3769 2663 3774 2670 θ

2235 2681 2304 2739 de
2325 2683 2489 2740 labiis
2509 2691 2564 2740 et
2596 2683 2827 2739 nasibus
2876 2681 3192 2738 Turcorum
3256 2681 3536 2738 Raimundo
3579 2677 3703 2733 conia.
3767 2739 3772 2764 ἱ

2237 2773 2498 2834 Videntes
2548 2777 2653 2832 hoc
2689 2775 2993 2843 Hermenii,
3023 2775 3242 2832 scilicet
3289 2774 3579 2830 habitatores
3613 2781 3706 2825 tem
3765 2777 3774 2848 ξ

2238 2870 2415 2936 illius,
2444 2869 2598 2925 illum
2661 2869 2876 2925 fortiter
2923 2885 3224 2940 superasse
3273 2883 3512 2940 paganos,
3542 2863 3704 2920 continvo
3765 2861 3774 2918 ὲ

2238 2963 2314 3018 illi
2332 2963 2684 3020 reddiderunt
2695 2979 2836 3020 sese.
2855 2961 2873 3016 l
2879 2977 2974 3034 pse
2987 2978 3116 3019 vero
3128 2964 3318 3018 statim
3333 2957 3620 3032 apprehendit
3632 2953 3706 3007 Κειτ-

2239 3053 2378 3109 siam
2411 3054 2709 3116 civitatem.
2735 3061 2790 3108 et
2818 3052 3054 3124 plurima
3085 3063 3292 3108 castra.
3346 3049 3447 3106 Nos
3487 3056 3702 3113 autem.an
3765 3045 3774 3120 ξ

2239 3147 2607 3202 rcmansimus
2638 3154 3090 3213 retro,cxeuntes
3139 3145 3271 3200 inde
3325 3141 3618 3199 transivimus
3652 3151 3704 3206 per
3767 3133 3772 3194 Ξ

2235 3238 2566 3294 diabolicam
2597 3248 2973 3304 montaneam,
2998 3252 3122 3308 qua:
3149 3245 3268 3292 tam
3306 3233 3459 3290 nimis
3487 3241 3576 3287 erat
3593 3230 3660 3283 alia
3678 3237 3706 3278 τε

2234 3339 2468 3400 angusta
2499 3331 2648 3402 quod
2688 3330 2875 3386 nullus
2901 3338 3229 3385 nostrorum
3257 3327 3478 3384 audebat
3506 3317 3706 3395 perlnﬂi-

2237 3432 2347 3480 tem
2386 3423 2557 3491 illius,
2595 3432 2691 3478 aut
2721 3439 2819 3494 per
2843 3422 3119 3488 semitam,
3150 3437 3282 3492 qum
3303 3421 3357 3475 in
3389 3427 3544 3475 monte
3560 3412 3704 3485 pnth

2237 3521 2364 3568 ante
2390 3511 2558 3568 alium
2587 3513 2801 3584 praeire.
2829 3509 2945 3566 Illic
2975 3510 3393 3582 praecipitabant
3428 3521 3530 3563 sese
3566 3499 3703 3573 equini

2237 3618 2383 3659 unus
2437 3603 2745 3675 sagmarius
2793 3601 3179 3673 praecipitabat
3222 3601 3408 3656 alium.
3451 3597 3603 3652 Milites
3633 3603 3704 3657 ergo

2237 3694 2456 3750 stabant
2479 3693 2720 3762 undique
2765 3693 2984 3758 tristes,
3031 3691 3369 3762 plaudebant
3416 3685 3615 3743 manibus
3645 3693 3707 3748 ιη

2236 3783 2406 3840 nimia
2453 3783 2677 3839 tristitia
2711 3792 2879 3853 atque
2919 3783 3130 3848 dolore,
3154 3782 3460 3837 dubitantes
3485 3775 3585 3848 quid
3603 3772 3707 3825 facere

2235 3873 2556 3929 debuissent
2578 3874 2644 3928 de
2676 3872 3011 3943 semetipsis,
3041 3871 3186 3928 etde
3211 3873 3331 3928 suis
3361 3869 3528 3933 armis,
3561 3860 3707 3917 tendin-
3773 3905 3778 3930 ~_

2237 3974 2320 4022 tes
2343 3981 2478 4022 suos
2505 3966 2748 4038 clypeos,
2775 3974 2828 4021 et
2853 3964 3054 4020 loricas
3081 3965 3255 4020 nimis
3277 3953 3703 4034 optimas,etgalas.

2235 4057 2586 4112 solummodo
2613 4071 2710 4127 per
2740 4063 2853 4110 tres
2879 4054 3136 4110 denarios
3174 4063 3274 4109 aut
3305 4053 3540 4124 quinque,
3562 4045 3705 4109 εἰπεῖν’

2235 4149 2291 4204 id
2321 4147 2468 4219 quod
2493 4149 2617 4219 plus
2648 4155 2901 4218 poterant
2941 4145 3164 4201 habere.
3215 4144 3323 4212 Qui
3367 4155 3526 4200 autent
3563 4135 3704 4190 *διὰτί

2235 4245 2559 4316 nequibant,
2586 4242 2758 4316 gratis
2785 4253 2841 4299 et
2873 4243 2928 4297 in
2961 4257 3194 4297 numere
3229 4241 3569 4314 jactabant,et
3605 4231 3703 4284 ibit

2235 4336 2514 4393 Exeuntes
2535 4337 2702 4408 igitur
2728 4336 2796 4392 de
2824 4345 3109 4392 exsecrata
3131 4343 3448 4396 montanos,
3469 4323 3704 4400 pervenimus
3775 4393 3777 4408 ε

2239 4429 2305 4483 ad
2337 4428 2631 4498 quamdam
2685 4426 2962 4482 civitatem
2997 4441 3121 4496 qua:
3153 4432 3388 4480 vocatur
3423 4416 3623 4475 Μιτυεί

537 4519 703 4575 nimis
738 4519 1108 4587 uberrimam,
1152 4535 1320 4590 quam
1368 4501 1654 4590 paululum
1707 4529 1833 4575 ante
1877 4527 2126 4575 nostrum
2163 4542 2210 4598 ι)
2236 4518 2489 4575 Cultores
2509 4533 2640 4574 vero
2670 4518 2821 4573 illius
2846 4517 3084 4574 civitatis
3107 4517 3365 4574 exierunt
3400 4513 3577 4570 obviam
3611 4501 3702 4558 υἱέε

535 4613 833 4670 adventum
875 4612 1206 4668 obsederant
1243 4610 1407 4668 Turci
1452 4627 1548 4683 per
1593 4621 1705 4668 tres
1737 4612 2130 4680 hebdomadas,

535 4721 772 4778 eamque
801 4705 1031 4762 minime
1069 4714 1484 4774 superaverunt.
1509 4704 1631 4760 Mox
1660 4705 1770 4760 illic
1797 4704 2134 4760 advenienti-

535 4798 639 4854 bus
673 4798 854 4866 nobis,
881 4797 1148 4854 continuo
1168 4812 1228 4853 se
1250 4795 1472 4853 tradidit
1499 4797 1552 4851 in
1585 4813 1750 4852 manu
1784 4805 1968 4853 nostra
2005 4813 2132 4853 cum

536 4907 735 4964 magna
763 4890 971 4948 laetitia.
1008 4877 1160 4946 lianc
1187 4889 1353 4961 igitur
1387 4890 1542 4960 petiit
1567 4888 1790 4960 quidam
1821 4889 1998 4956 miles,
2043 4890 2133 4945 cui

535 4997 736 5038 nomen
767 4981 961 5039 Petrus
1021 4982 1088 5037 de
1124 4979 1328 5051 Aluph,
1368 4980 1438 5035 ab
1491 4981 1751 5036 omnibus
1783 4979 2130 5049 senioribus,

535 5083 806 5144 quatenus
847 5091 967 5130 eam
1009 5073 1328 5130 defenderet
1349 5071 1404 5128 in
1427 5071 1685 5128 ﬁdelitate
1711 5070 1827 5139 Dei,
1853 5081 1909 5128 et
1941 5071 1998 5127 S.
2034 5070 2134 5128 Sc-

536 5166 736 5242 pulcri,
762 5175 817 5221 et
851 5168 1152 5234 seniorum,
1176 5176 1343 5238 atque
1366 5164 1737 5237 imperatoris.
1764 5161 1868 5219 Cui
1890 5164 2134 5221 seniores

536 5273 664 5314 cum
703 5258 872 5314 nimio
915 5275 1103 5314 amore
1151 5259 1320 5331 gratis
1350 5266 1743 5315 concesserunt
1779 5273 1922 5312 eam.
1955 5255 2131 5323 Rece-

537 5351 699 5406 dente
718 5359 900 5406 autem
927 5353 1034 5419 die,
1055 5361 1214 5408 nocte
1231 5368 1363 5409 vero
1396 5353 1893 5425 appropinquante,
1925 5349 2137 5406 audivit

539 5439 890 5498 Boamundus
920 5435 1067 5515 quOd
1101 5441 1287 5513 Turci,
1317 5443 1413 5517 qui
1442 5443 1662 5501 fuerant
1700 5443 1755 5500 in
1811 5442 2132 5498 obsessione

538 5530 818 5600 civitatis,
869 5532 1183 5606 frequenter
1232 5535 1602 5606 praecederent
1647 5551 1769 5591 nos.
1843 5531 2129 5603 Extemplo

538 5623 861 5696 praeparavit
883 5641 942 5682 se
983 5627 1330 5684 solummodo
1376 5645 1502 5684 cum
1530 5625 1820 5694 militibus,
1859 5636 2132 5697 quatenus

609 5740 687 5809 (ὁ)
729 5739 805 5796 De
829 5738 1121 5810 Altopullo,
1147 5740 1212 5796 Β.
1237 5740 1306 5795 tle
1327 5741 1490 5811 Agil.,
1521 5757 1575 5810 p.
1611 5741 1744 5811 150,
1778 5739 1816 5795 l.
1852 5753 2041 5811 xt.vn_t.

617 5807 698 5884 (5)
737 5807 997 5867 Marasiu.
1034 5812 1147 5868 Bal.
1181 5814 1219 5866 l.
1266 5827 1336 5876 ιι,
1379 5807 1447 5880 ἶ).
1508 5807 1642 5878 Ιόί;
1689 5809 1947 5864 Marasin.
1977 5807 2119 5863 Guib

2241 4603 2510 4678 laetantes,
2542 4609 2851 4666 deferentes
2879 4609 3184 4665 maximum
3215 4617 3497 4665 mercatum
3529 4621 3539 4655 :
3570 4597 3702 4661 ἰῶιηιε

2241 4703 2378 4760 satis
2407 4703 2700 4758 habuimus
2725 4717 2944 4756 omnem
2969 4701 3208 4771 copiam,
3253 4693 3577 4771 exspectando
3600 4689 3701 4743 dom

2240 4794 2390 4849 venit
2415 4791 2790 4848 Boamundus.
2835 4789 3118 4846 Venerunt
3161 4791 3349 4861 itaque
3387 4783 3535 4842 nostri
3565 4775 3701 4834 nilik'i.

2239 4895 2294 4941 et
2313 4885 2890 4957 appropinquaverunt
2937 4885 2994 4939 in
3027 4885 3168 4940 valle
3193 4884 3250 4939 in
3276 4899 3383 4956 qua
3408 4875 3570 4950 regalis
3583 4869 3700 4926 civili!~
3774 4909 3775 4954 1

2239 4977 2531 5033 Antiochia
2581 4976 2685 5032 sita
2729 4985 2835 5044 est,
2883 4992 3008 5048 qua:
3048 4986 3132 5032 est
3187 4985 3348 5048 caput
3390 4973 3532 5028 totius
3569 4961 3699 5035 Syrir:

2238 5086 2408 5142 quam
2441 5068 2708 5126 Dominus
2735 5068 2897 5125 Iesus
2930 5068 3188 5124 Christus
3212 5065 3424 5122 tradidit
3447 5061 3574 5118 beato
3603 5051 3700 5106 Ρειιο

2233 5163 2472 5235 principi
2488 5165 2885 5236 apostolorum,
2908 5175 3182 5235 quatenus
3215 5178 3334 5220 eam
3359 5159 3420 5216 ad
3447 5155 3606 5213 cultum
3626 5159 3700 5199 9°-

2237 5265 2339 5312 ctze
2361 5257 2483 5312 ﬁdei
2507 5267 2751 5324 vocaret,
2782 5258 2877 5328 qui
2911 5257 3051 5312 vivit
3077 5266 3133 5312 et
3174 5264 3364 5328 regnat
3393 5251 3595 5310 triuuset
3615 5245 3697 5292 lnm

2239 5348 2384 5405 Deus
2406 5365 2502 5420 per
2531 5359 2730 5406 cuncta
2765 5350 2985 5406 sarcula.
3010 5353 3207 5406 Amen.
3661 5413 3668 5420 ,

2240 5439 2517 5507 Quomodo
2539 5444 2750 5496 obsessa
2784 5450 2862 5496 est
2891 5441 3084 5495 civitas
3101 5437 3380 5494 Antiochia
3405 5451 3434 5489 α
3459 5421 3693 5516 Chium.”-

2308 5537 2558 5608 Cumque
2579 5535 2850 5607 ccepimus
2871 5537 2938 5592 ad
2961 5534 3192 5591 Pontem
3219 5533 3459 5588 Ferreum
3496 5521 3694 5618 am?

2239 5646 2428 5703 quare,
2458 5629 2756 5686 curritores
2784 5629 2974 5699 nostri,
2989 5628 3087 5702 qui
3117 5626 3356 5686 solebant
3367 5613 3691 5694 praeerit“los

2245 5743 2282 5798 l.
2315 5759 2389 5809 tv,
2423 5758 2474 5814 p.
2511 5742 2636 5799 499.
