3804 6312
29 377 136 436 ’ΠἸ

763 376 833 433 Ῥ.
871 373 1220 434 ΤυυΕΒσθι
1251 371 1439 430 HIS'I‘.
1479 371 1569 429 DE
1596 370 1973 431 HIEROSOL.
2016 371 2176 431 lTlN.
2206 373 2431 434 —-LIB.
2463 375 2537 434 Ἡ.

3196 383 3304 441 ’ΠῸ

32 495 356 551 invenerunt
375 489 600 547 Turcos
626 488 1059 546 innumerabiles
1107 499 1472 562 congregatos
1517 487 1615 546 ob-
1641 489 1689 547 A
1715 495 1914 544 verunt
1933 487 2251 560 consilium,
2275 489 2560 548 dicentes:
2598 511 2622 546 ς
2651 491 2946 553 Faciamus
2995 495 3163 570 igitur
3209 515 3307 559 ca-

36 601 169 642 nam
186 585 288 646 eis.
300 584 398 654 qui
424 583 559 640 dare
576 582 910 654 adiutorium
933 582 1237 639 Antiochiae
1259 579 1612 637 festinabant.

37 675 300 746 irruentes
331 674 510 746 igitur
535 662 710 730 nostri
736 687 846 729 uno
889 673 1055 730 corde
1105 682 1161 728 et
1209 681 1394 729 mente
1450 685 1617 744 super

37 745 148 824 illos
191 745 495 837 sapienter,
546 763 712 820 Turci
766 766 1120 822 vehementer
1165 764 1409 836 superati
1462 773 1611 821 sunt.

35 859 368 915 Consternati
396 866 534 914 sunt
553 871 745 914 omnes
783 857 1035 926 barbari,
1067 866 1122 913 et
1169 857 1436 914 dederunt
1465 858 1617 914 cele-

37 950 140 1004 rius
173 947 383 1020 fugam,
416 957 475 1004 et
498 947 655 1002 multi
678 949 880 1004 mortui
907 956 1040 1005 sunt
1062 963 1129 1003 ex
1159 948 1238 1004 eis
1280 947 1336 1002 in
1364 947 1460 1004 illo
1486 963 1612 1004 cer-

33 1043 242 1098 tamine.
285 1039 481 1098 Nostri
529 1041 715 1115 igitur,
748 1050 1072 1114 superantes
1127 1041 1272 1109 illos,
1302 1040 1414 1098 Deo
1448 1041 1611 1113 adju—

37 1147 199 1203 vante,
229 1143 572 1206 acceperunt
606 1135 781 1208 spolia
839 1135 1033 1203 multa,
1084 1151 1258 1207 equos
1309 1144 1362 1191 et
1412 1135 1614 1202 mulos,

35 1228 260 1286 camelos
279 1237 338 1284 et
370 1229 568 1285 asinos
622 1237 858 1286 onustos
901 1227 1180 1284 frumento
1225 1236 1282 1284 et
1324 1228 1474 1284 vino.
1507 1225 1618 1284 Ve-

39 1321 236 1377 nientes
264 1320 458 1392 itaque
483 1321 659 1378 nostri
691 1320 1068 1378 castrametati
1091 1329 1222 1378 sunt
1249 1335 1416 1392 super
1436 1320 1612 1392 ripam

39 1413 280 1472 ﬂuminis.
308 1411 580 1469 Protinus
606 1413 872 1485 equitavit
914 1411 1271 1470 Boamundus
1323 1427 1448 1469 cum
1480 1428 1620 1484 qua-

35 1514 151 1559 tuor
184 1501 430 1559 millibus
470 1502 736 1571 militum,
759 1511 815 1559 et
839 1503 989 1558 venit
1030 1511 1157 1558 ante
1202 1511 1418 1573 portam
1477 1501 1618 1558 civi-

35 1597 154 1654 tatis
171 1596 418 1669 vigilare,
453 1612 529 1653 an
579 1596 722 1654 forte
741 1596 946 1670 aliquis
967 1605 1128 1654 nocte
1157 1597 1388 1654 latenter
1416 1595 1609 1664 exiret,
1643 1631 1652 1641 -

37 1698 123 1744 aut
144 1691 365 1746 intraret
389 1689 695 1745 civitatem.
713 1687 968 1745 Crastina
988 1703 1120 1744 vero
1142 1688 1232 1745 die
1254 1695 1620 1759 pervenerunt

36 1797 196 1853 usque
221 1779 582 1839 Antiochiam
603 1781 888 1839 civitatem
916 1781 986 1837 ad
1017 1781 1364 1838 medietatem
1396 1781 1528 1850 diei,
1553 1781 1616 1836 in

1716 593 1893 640 strum
1924 584 1981 640 in
2006 585 2210 643 vertice
2259 587 2467 644 montis
2521 586 2815 661 Maregart,
2860 590 2954 660 qui
3009 607 3172 649 mons
3219 605 3309 652 est

1717 692 1883 746 super
1933 674 2239 733 Boamundi
2289 676 2527 746 hostem,
2554 664 2665 750 quo
2693 681 2872 736 securi
2903 690 2958 736 et
2997 682 3098 736 tuti
3127 675 3308 754 possi-

1715 782 1844 823 mus
1870 781 2092 823 manere
2113 767 2180 824 de
2203 766 2510 824 Turcorum
2539 767 2878 827 fortitudine.
2913 789 2932 823 ι
2987 771 3156 829 Facto
3197 774 3308 830 ita-

1716 875 1825 932 que
1847 869 2054 929 castro.
2073 869 2130 916 et
2157 862 2390 930 munito,
2423 877 2617 919 omnes
2643 862 2878 935 majores
2926 850 3171 922 studiose
3206 866 3308 921 ad-

1717 952 1954 1008 invicem
1985 953 2116 1009 illud
2136 954 2540 1011 custodiebant.
2587 953 2707 1010 iam
2757 957 2981 1029 jamque
3027 969 3310 1030 cmperant

1718 1043 2055 1100 frumentum
2086 1053 2140 1100 et
2154 1046 2347 1101 omnia
2372 1046 2706 1102 nutrimenta
2731 1049 2978 1120 corporis
3001 1050 3167 1106 nimis
3189 1065 3312 1108 esse

1716 1151 1846 1192 cara
1876 1145 2005 1192 ante
2037 1135 2263 1192 Domini
2293 1137 2476 1194 nostri
2514 1137 2644 1194 Jesu
2681 1134 2886 1195 Christi
2936 1137 3306 1197 Nativitatem.

1715 1227 1890 1284 Foras
1919 1228 2055 1284 nihil
2083 1229 2304 1301 penitus
2330 1231 2688 1297 audebamus,
2714 1231 2852 1286 nihil
2889 1231 2948 1287 in
2973 1241 3120 1288 terra
3145 1237 3160 1284 t
3192 1233 3310 1288 hri-

1718 1321 2026 1378 stianorum
2054 1323 2126 1377 ad
2150 1321 2424 1378 edendum
2455 1322 2674 1394 penitus
2703 1324 2970 1380 invenire.
3022 1323 3083 1380 In
3112 1321 3310 1380 Sarra-

1716 1417 2246 1485 cenorum‘jnamque
2275 1425 2418 1469 terra
2450 1429 2612 1471 nemo
2651 1415 2864 1472 intrare
2895 1417 3160 1484 audebat,
3198 1416 3308 1472 nisi

1717 1521 1842 1562 cum
1872 1505 2108 1560 maxima
2137 1514 2314 1578 gente.
2340 1503 2422 1562 Ad
2447 1507 2701 1563 ultimum
2730 1517 3042 1564 statuerunt
3064 1510 3309 1565 seniores

1716 1597 1894 1653 nostri
1919 1597 2234 1666 consilium,
2285 1599 2608 1656 ordinantes
2641 1600 3108 1671 quemadmodum
3163 1611 3310 1656 recte

1717 1699 1973 1762 regerent
2001 1691 2100 1746 has
2135 1701 2343 1762 gentes.
2371 1691 2703 1748 Invenerunt
2745 1693 2929 1764 itaque
2977 1693 3034 1748 in
3079 1693 3312 1749 consilio

1718 1791 1991 1854 quatenus
2022 1799 2132 1839 una
2159 1799 2288 1856 pars
2317 1783 2489 1840 nostri
2531 1785 2822 1857 diligenter
2873 1795 3062 1856 pergat
3105 1785 3314 1840 abstra-

37 1885 215 1946 quarta
237 1874 398 1944 feria,
427 1875 582 1947 quod
605 1884 695 1933 est
726 1873 952 1930 xuiial.
984 1872 1330 1944 Novembris,
1353 1883 1409 1930 et
1448 1873 1606 1930 obse-
1645 1862 1690 1923 Β
1717 1875 1848 1932 here
1870 1875 2224 1948 stipendium,
2250 1877 2494 1949 inibique
2525 1879 2802 1934 custodire
2828 1879 3129 1934 exercitum
3155 1897 3170 1945 ;
3197 1879 3306 1934 alia

44 1968 202 2026 dimus
223 1968 559 2026 mirabiliter
586 1977 698 2024 tres
725 1975 916 2040 portas
951 1967 1221 2035 civitatis,
1253 1967 1516 2039 quoniam
1561 1966 1620 2023 in

38 2060 136 2114 alia
159 2067 306 2129 parte
333 2060 532 2117 deerat
553 2059 715 2116 nobis
745 2060 909 2116 locus
939 2059 1247 2128 obsidendi,
1278 2060 1408 2132 quia
1454 2059 1620 2118 nimis

39 2151 136 2207 alta
183 2160 478 2210 montanea
533 2167 639 2209 nos
686 2153 1022 2210 coarctahat.
1085 2149 1322 2208 Tantum
1377 2168 1621 2225 namque

45 2246 331 2302 eminebant
360 2246 528 2304 nobis
550 2246 794 2318 undique
831 2245 1042 2303 inimici
1071 2245 1246 2303 nostri
1281 2243 1482 2314 Turci,
1521 2246 1619 2320 qui

45 2345 179 2390 erant
205 2335 351 2392 intus
386 2336 445 2392 in
476 2336 724 2405 civitate,
756 2337 904 2408 quod
929 2351 1094 2392 nemo
1113 2335 1337 2394 illorum
1379 2335 1622 2392 audebat

47 2427 290 2485 offendere
317 2429 568 2501 aliquem
598 2445 664 2485 ex
689 2429 918 2498 nostris,
947 2429 1062 2487 fere
1084 2445 1183 2501 per
1212 2429 1456 2501 spatium
1496 2427 1619 2486 die-

49 2535 152 2574 rum
176 2521 512 2593 quindecim.
541 2520 668 2578 Mox
699 2521 1103 2594 hospitantibus
1137 2521 1299 2578 nobis
1317 2523 1478 2578 circa
1503 2520 1620 2578 An-

49 2613 300 2682 tiochiam,
329 2616 648 2686 reperimus
675 2616 812 2672 satis
837 2615 951 2672 illic
994 2616 1064 2672 de
1098 2631 1226 2672 rore
1267 2617 1392 2673 coeli
1439 2617 1620 2673 abun-
1649 2651 1661 2662 -

1719 1983 1942 2038 quoque
1959 1983 2092 2038 pars
2115 1966 2441 2023 fiducialiter
2469 1969 3050 2025 remaneatcustodire
3077 1968 3308 2025 hostem-

1718 2057 2076 2116 Boamundus
2101 2075 2233 2132 ergo
2257 2059 2396 2115 dixit
2420 2079 2433 2114 :
2463 2057 2494 2112 ἰ
2515 2061 2783 2116 Seninres
2815 2070 2868 2117 et
2894 2061 3311 2132 prudentissimi

1719 2149 1946 2218 milites,
1973 2149 2021 2206 si
2049 2165 2146 2207 vos
2179 2150 2370 2218 vultis,
2395 2159 2450 2206 et
2470 2151 2676 2206 bonum
2701 2151 3115 2222 honestumque
3160 2153 3312 2209 vide-

1720 2250 1812 2298 tur
1835 2242 2016 2311 vobis,
2063 2257 2166 2315 ego
2201 2243 2292 2299 ibo
2321 2259 2446 2298 cum
2496 2245 2928 2314 prudentissimo
2979 2244 3308 2302 Flandrcnsi

1709 2334 1942 2393 comite.
1989 2353 2009 2388 ο
2068 2334 2375 2392 Celebratis
2421 2337 2605 2408 itaque
2654 2337 3055 2409 gloriosissime
3101 2339 3308 2393 solem-

1719 2428 1986 2487 nitatibus
2007 2428 2341 2499 Nativitatis,
2371 2431 2461 2486 die
2501 2430 2692 2497 Lunae,
2726 2431 2935 2487 scilicet
2958 2432 3199 2487 secunda
3225 2430 3312 2488 fe-

1718 2522 1823 2591 ria,
1855 2523 2065 2595 egressi
2105 2531 2254 2590 sunt,
2299 2533 2354 2580 et
2405 2523 2499 2579 alii
2556 2525 2847 2595 plusquam
2897 2524 3092 2596 viginti
3137 2524 3310 2580 millia

1714 2614 1956 2672 militum
1978 2624 2034 2671 et
2053 2616 2320 2687 peditum,
2348 2624 2404 2673 et
2443 2616 2564 2673 sani
2607 2626 2660 2672 et
2715 2617 3019 2672 incolumes
3069 2616 3312 2672 intrave-

51 2705 282 2775 dantiam,
327 2709 594 2765 videlicet
648 2709 840 2766 vineas
887 2709 1131 2780 undique
1169 2708 1383 2780 plenas,
1429 2707 1618 2766 foveas
1716 2714 1849 2761 runt
1873 2705 2311 2762 Sarracenorum
2335 2706 2902 2780 terramCongregati
2927 2708 3128 2778 quippe
3151 2715 3310 2762 erant

51 2799 212 2868 plenas
244 2799 556 2868 frumento,
579 2800 806 2857 arbores
860 2787 1095 2858 refertas
1133 2801 1314 2872 pomis
1355 2801 1617 2871 iucundis
1717 2799 1878 2854 multi
1910 2798 2098 2867 Turci,
2126 2809 2182 2856 et
2213 2799 2444 2866 Arabes,
2470 2809 2524 2855 et
2551 2800 2866 2867 Sarraceni,
2916 2801 2987 2856 ab
3040 2799 3304 2856 Hierusa-

51 2890 110 2943 ad
137 2891 414 2959 edendum,
436 2903 496 2950 et
556 2892 664 2948 alia
717 2893 890 2949 multa
939 2893 1104 2961 bona,
1159 2908 1285 2964 quae
1336 2893 1617 2950 alimentis
1717 2891 1848 2961 lem,
1878 2900 1934 2948 et
1962 2890 2252 2959 Damasco,
2275 2901 2332 2948 et
2355 2893 2554 2964 Aleph,
2578 2903 2632 2948 et
2667 2894 2735 2948 ab
2758 2894 2848 2948 illa
2874 2894 3190 2965 regione...
3211 2893 3309 2966 qui

52 2986 296 3053 corporeis
320 2997 450 3043 sunt
479 2988 662 3044 utilia.
692 2985 971 3043 Hermenii
995 2993 1050 3042 et
1068 2985 1323 3054 Sui-iani,
1337 2986 1432 3058 qui
1458 2996 1618 3043 erant
1715 2979 2012 3037 veniebant
2036 2981 2344 3038 Antiochia:
2378 2981 2756 3038 fortitudinem
2808 2984 2959 3039 dare.
3009 2981 3310 3039 Audientes

53 3079 252 3136 intusin
281 3084 531 3153 civitate,
560 3090 824 3140 exeuntes
861 3081 1223 3138 ostendebant
1252 3079 1620 3153 scse,fugien-
1719 3071 1908 3142 itaque
1941 3072 2033 3128 isti
2060 3072 2501 3130 Christianorum
2539 3081 2754 3146 gentem
2805 3089 2931 3130 esse
2977 3072 3309 3130 conductam

61 3180 142 3227 tes.
166 3173 260 3241 Qui
279 3176 530 3246 quotidie
557 3183 716 3230 erant
738 3189 849 3230 una
872 3172 1181 3241 nobiscum,
1211 3172 1418 3244 quique
1445 3172 1615 3230 habe.
1639 3221 1683 3248 η
1719 3164 1776 3220 in
1829 3165 2049 3221 illorum
2099 3173 2324 3248 terram,
2360 3165 2510 3223 illico
2558 3175 3008 3239 praeparaverunt
3060 3181 3184 3223 sese
3240 3167 3311 3221 ad

59 3265 170 3321 bant
193 3283 384 3326 uxores
412 3285 553 3327 suas
584 3269 736 3325 intus
765 3268 828 3324 in
853 3268 1098 3324 civitate.
1135 3264 1224 3321 llli
1259 3280 1499 3338 namque
1527 3265 1614 3321 in-
1639 3257 1683 3280 “'
1715 3257 1916 3314 bellum
1947 3268 2139 3315 contra
2188 3258 2554 3328 Christianos,
2581 3270 2746 3332 atque
2787 3275 3014 3316 summo
3061 3260 3307 3314 diluculo

57 3359 250 3426 geniose
285 3361 705 3435 investigahant
755 3370 1008 3418 nostrum
1058 3374 1202 3428 esse,
1257 3367 1616 3432 nostramque
1713 3361 1984 3408 venerunt
2005 3351 2067 3406 in
2095 3353 2274 3408 locum
2305 3367 2417 3423 quo
2443 3362 2632 3408 nostra
2658 3366 2792 3423 gens
2845 3359 2964 3406 erat
3005 3352 3059 3405 in
3107 3365 3302 3405 unum.

61 3452 318 3510 essentiam
345 3463 400 3512 et
423 3456 786 3528 qualitatem,
816 3465 871 3513 et
914 3457 1024 3514 illis
1072 3454 1382 3513 referebant
1427 3472 1557 3514 omn

1806 3443 2142 3514 riseruntque
2169 3457 2231 3498 se
2265 3443 2338 3497 ab
2385 3442 2617 3498 invicem
2661 3443 2914 3508 barbari,
2954 3451 3010 3496 et
3057 3440 3308 3496 fecerunt

65 3557 165 3611 qua:
203 3547 448 3606 ridebam
491 3549 634 3606 foris
675 3549 841 3619 fama,
881 3551 970 3608 νει
1015 3551 1098 3608 eis
1123 3551 1220 3622 qui
1249 3560 1408 3607 eram
1443 3551 1614 3608 ίηωε,
1715 3537 1855 3594 duas
1883 3537 2052 3605 acies,
2085 3552 2192 3591 una
2228 3536 2376 3592 acies
2407 3545 2554 3604 ante,
2591 3536 2762 3591 altera
2811 3544 2987 3603 retro,
3021 3535 3304 3604 cupientes

65 3630 320 3708 Postqnam
339 3640 656 3699 νει-στυγεῖ
677 3642 899 3698 {uerum
919 3642 1097 3700 edocti
1119 3642 1187 3698 de
1210 3650 1399 3698 nostra
1421 3642 1616 3698 nomia
1715 3647 1780 3686 ex
1811 3629 1966 3684 omni
1995 3639 2148 3700 parte
2175 3623 2607 3698 circuuicingere
2640 3645 2759 3684 nos.
2817 3627 3080 3700 Egregius
3139 3627 3307 3697 igitur

65 3734 198 3797 “quc
211 3727 367 3800 (κιο,
381 3742 671 3806 ρωρθωηι
687 3734 950 3806 paulatim
970 3743 1124 3790 ex",
1147 3729 1420 3787 civitatem
1441 3715 1613 3801 exire,
1715 3737 1902 3778 comes
1931 3719 2304 3786 Flandrensis,
2331 3719 2574 3789 undique
2599 3719 2863 3790 regimine
2885 3719 3008 3774 fidei
3055 3735 3120 3774 ac
3145 3719 3305 3790 signo

67 3828 354 3894 nostrosque
405 3827 732 3900 peregrinos
775 3827 1027 3899 undique
1075 3836 1462 3902 coangustare,
1504 3842 1615 3884 non
1711 3815 1920 3882 crucis,
1957 3829 2125 3886 quam
2159 3813 2399 3902 fideliter
2423 3811 2732 3902 bajulabat,
2765 3819 3037 3902 armatus,
3064 3812 3308 3867 occurrit

69 3909 216 3968 Stilum
243 3931 302 3972 ex
327 3935 434 3976 una
452 3929 634 3992 parte,
666 3919 763 3976 sed
789 3919 1036 3992 undique
1061 3899 1476 3977 emmvlaicnws
1515 3919 1616 3975 ob.
1715 3908 1826 3965 illis
1861 3922 1973 3962 una
1996 3919 2121 3960 cum
2150 3901 2582 3974 prudentissimo
2612 3901 2953 3957 Boamundo.
2985 3899 3304 3956 lrruerunt—

67 4001 184 4058 viam
205 4009 350 4066 nolis
379 4013 449 4067 ad
498 4028 655 4068 mare
680 4021 735 4068 ει
753 4012 832 4070 ad
853 4021 1224 4069 ωοηηηαιω,
1272 4011 1403 4068 Emi
1430 4021 1614 4068 autem
1712 4015 1824 4074 que
1855 3997 2031 4055 nostri
2075 3995 2411 4051 unanimiter
2441 3999 2608 4065 super
2645 3994 2787 4050 illos.
2811 3993 2916 4062 Qui
2949 3993 3133 4050 statim
3164 3995 3306 4050 aril-

67 4090 126 4146 ab
151 4094 288 4154 hoste
316 4117 422 4158 ιιοη
459 4103 628 4173 longe
651 4102 932 4174 quoddam
973 4111 1244 4172 casu-um,
1273 4103 1362 4158 cui
1412 4117 1612 4158 nomen
1709 4098 1956 4164 nuerunt
1983 4088 2192 4160 fugam,
2235 4095 2290 4142 et
2338 4085 2666 4142 festinanter
2717 4093 3003 4142 verterunt
3049 4085 3305 4158 scapulas

73 4183 236 4258 Aregh.
280 4191 390 4250 illic
436 4196 760 4268 congregati
803 4204 962 4251 erant
987 4193 1470 4252 fortissimi'l‘urci
1500 4209 1614 4250 non
1714 4190 1885 4252 retro,
1914 4190 1969 4238 et
1998 4180 2201 4236 mortui
2225 4186 2354 4235 sunt
2390 4177 2547 4232 multi
2575 4194 2642 4235 ex
2672 4179 2814 4246 illis;
2872 4179 2965 4234 alii
3020 4193 3305 4235 remanse—

73 4278 220 4346 pauci,
241 4283 328 4339 sed
353 4285 543 4354 plures
575 4285 670 4356 qui
707 4284 1029 4356 frequenter
1065 4284 1475 4342 conturbabant
1512 4298 1616 4340 ιιο-
1714 4281 1845 4330 runt
1870 4273 1999 4339 vivi,
2031 4273 2292 4329 velociter
2315 4271 2604 4344 fugientes.
2635 4269 2819 4326 lerunt
2847 4279 3050 4325 extunc
3075 4280 3129 4325 et
3156 4286 3305 4325 nunc

73 4375 188 4427 suos
211 4373 463 4434 ιιθιιιίηεε,
489 4377 727 4449 nepa-go
751 4378 944 4449 itaque
961 4377 1087 4436 ιοοο
1122 4378 1215 4433 ubi
1244 4377 1322 4432 mi
1349 4377 1611 4443 latebam,
1715 4362 1770 4418 in
1803 4363 1941 4418 iram
1969 4363 2319 4434 perditionis.
2358 4361 2472 4419 Nos
2490 4370 2679 4417 autem
2709 4360 2914 4416 reversi
2945 4375 3140 4416 sumus
3171 4374 3301 4414 cum

75 4464 214 4518 nostri
230 4468 418 4526 milites
459 4472 558 4543 qui
586 4471 857 4528 subtiliter
879 4472 1198 4542 qurerebant
1225 4471 1368 4540 illos,
1391 4471 1612 4526 obviam
1715 4471 1918 4528 magno
1965 4455 2230 4525 tripudio,
2258 4455 2548 4511 laudantes
2578 4462 2632 4510 et
2654 4452 3068 4524 magnificantes
3097 4451 3306 4508 trinum

77 4554 260 4614 veniunt
280 4562 398 4620 illis.
423 4565 494 4620 At
520 4566 726 4622 nostris
750 4565 1016 4637 paulatim
1051 4565 1408 4622 redeuntibus
1435 4574 1579 4620 retro

1804 4563 1968 4604 unum
1997 4546 2166 4603 Deum
2209 4548 2307 4618 qui
2342 4547 2478 4603 vivit
2513 4555 2568 4602 et
2599 4553 2790 4618 regnat
2821 4561 2970 4600 nunc
3006 4553 3062 4600 et
3087 4559 3306 4615 semper

79 4640 150 4696 ubi
168 4648 384 4708 sciebam
408 4636 795 4712 Βοεηιυηαοίη
817 4655 1161 4712 reconditum
1179 4671 1309 4711 cum
1329 4670 1432 4712 δυο
1459 4670 1612 4710 exet.
1646 4636 1678 4639 “
1713 4642 1768 4696 in
1799 4656 1998 4709 aevum,
2025 4656 2207 4696 amen.
2233 4640 2400 4697 Turci
2430 4655 2564 4697 vero
2594 4639 2804 4695 inimici
2838 4636 2932 4692 Dei
2963 4637 3214 4692 videlicet
3250 4647 3306 4692 et

77 4731 183 4800 citu,
207 4743 372 4798 statim
407 4745 632 4802 fuerunt
677 4747 790 4804 illic
844 4748 1047 4803 mortui
1095 4747 1250 4802 multi
1290 4763 1358 4802 ex
1406 4746 1610 4803 nostris

78 4824 322 4892 militibus.
350 4835 460 4895 Hoc
489 4840 681 4910 itaque
703 4839 1060 4896 Boamundus
1089 4840 1340 4907 audiens,
1375 4840 1611 4896 surrexit

79 4921 296 4981 continuo
349 4941 407 4988 ut
461 4933 797 4990 fortissimus
845 4933 1050 4989 Christi
1101 4933 1330 4988 athleta.
1384 4931 1610 4986 Barbari

81 5015 182 5064 vero
198 5008 296 5072 illic
320 5017 596 5078 irruerunt
637 5031 854 5088 contra,
894 5036 962 5077 eo
1021 5021 1168 5092 quod
1223 5019 1397 5074 nostri
1454 5027 1611 5073 erant

83 5099 418 5168 muchtamen
436 5111 858 5184 insimuljuncti
876 5112 1120 5167 inierunt
1151 5112 1373 5167 bellum.
1403 5110 1603 5165 Hortali

86 5199 273 5275 {nmque
299 5212 416 5257 sunt
435 5206 586 5260 multi
613 5221 679 5261 ex
704 5205 950 5261 inimicis
976 5203 1202 5271 nostris,
1227 5212 1281 5260 et
1310 5205 1474 5275 capti,
1506 5202 1602 5273 qui

86 5271 262 5368 inerunt
277 5290 472 5351 deducti
506 5307 634 5354 ante
677 5297 916 5354 civitatis
966 5297 1205 5368 porta'm,
1257 5307 1313 5352 et
1367 5271 1603 5352 decolla-

88 5363 244 5465 bantur
267 5380 356 5450 ibi,
384 5397 439 5442 ut
473 5391 640 5463 magis
695 5391 881 5448 tristes
928 5363 1122 5446 tierent
1177 5389 1252 5444 illi
1305 5389 1400 5460 qui
1445 5397 1603 5443 erant

91 5470 133 5560 ¹ξ¹
155 5466 352 5532 civitate.
378 5479 630 5540 Exiebant
651 5485 852 5556 quippe
868 5484 960 5540 alii
981 5484 1048 5540 de
1069 5483 1312 5549 civitate,
1341 5483 1414 5536 ita
1450 5482 1600 5551 quod

91 5563 127 5647 ξι
168 5560 410 5626 “ﬂuebant
452 5577 693 5647 sagittas,
731 5577 1000 5633 cadebant
1044 5576 1100 5631 in
1150 5575 1451 5630 Boamundi
1485 5575 1604 5646 pla-

94 5643 397 5739 ltfillinetuna
423 5643 776 5739 die-quaedam
818 5669 1016 5724 mulier
1057 5667 1318 5724 occubuit
1371 5643 1604 5722 ictu‘sa-

1711 4743 1918 4792 sanctae
1938 4733 2390 4802 Christianitatis,
2419 4735 2513 4806 qui
2536 4743 2692 4790 erant
2720 4733 2773 4788 in
2791 4730 3048 4788 custodia
3067 4727 3306 4784 civitatis

1711 4825 2038 4893 Antiochia,
2061 4827 2348 4884 audientes
2380 4827 2763 4882 Boamundum
2808 4833 2863 4880 et
2908 4823 3306 4879 Flandronsem

1709 4921 1965 4976 comitem
1991 4920 2046 4973 in
2070 4917 2364 4974 obsidione
2385 4931 2494 4972 non
2517 4931 2660 4983 esse,
2683 4915 2939 4971 exierunt
2958 4915 3026 4971 de
3059 4914 3302 4978 civitate,

1707 5022 1764 5067 et
1784 5012 2046 5067 audacter
2073 5011 2363 5066 veniebant
2393 5010 2628 5080 prmliari
2648 5009 2958 5074 nobiscum,
2975 5007 3303 5065 insidiantes

1713 5104 1978 5174 undique,
1999 5119 2065 5158 ex
2089 5119 2196 5174 qua
2222 5112 2374 5169 parte
2407 5103 2530 5173 plus
2564 5110 2712 5158 esset
2747 5100 2963 5157 obsidio
3017 5101 3298 5173 languida,

1711 5198 1946 5254 scientes
1973 5197 2096 5252 illos
2127 5195 2586 5268 prudentissimos
2625 5195 2825 5251 milites
2873 5195 3006 5250 foris
3034 5211 3176 5251 esse.
3211 5195 3300 5252 ln-

1709 5299 2086 5361 veneruntquc
2107 5289 2254 5360 quod
2280 5287 2333 5344 in
2359 5305 2466 5343 una
2487 5289 2576 5344 die
2615 5287 2804 5343 Martis
2849 5288 3156 5359 potuissent
3197 5305 3302 5347 nos

1708 5386 1907 5441 laedere
1954 5394 2008 5439 et
2031 5384 2308 5439 obsistere
2338 5383 2518 5438 nobis.
2545 5381 2933 5453 Veneruntque
2963 5379 3302 5452 iniquissimi

1709 5487 1887 5542 caute,
1913 5487 1966 5532 et
1988 5477 2266 5532 irrucrunt
2291 5477 2645 5531 vehementer
2675 5490 2839 5546 super
2860 5491 2963 5532 nos
2989 5476 3304 5530 nescientes

1707 5571 1812 5626 hoc
1845 5569 2045 5625 bellum
2083 5577 2246 5640 atque
2270 5568 2606 5641 ignorantes,
2634 5567 3065 5638 occideruntquo
3095 5567 3305 5621 multos

91 5657 397 5740 @meluna
423 5664 506 5721 die
529 5670 776 5739 quaedam
818 5669 1016 5724 mulier
1057 5667 1318 5724 occubuit
1371 5667 1480 5722 ictu
1513 5682 1604 5722 sa-
1705 5679 1770 5720 ex
1803 5663 2011 5718 nostris
2043 5661 2244 5716 milites
2285 5669 2342 5716 et
2383 5661 2643 5731 pedoncs.
2701 5657 3008 5738 Episcopus
3058 5659 3302 5728 namque

92 5739 222 5797 Elite.
1708 5755 1994 5812 Podicnsis
2022 5755 2234 5810 Sanctae
2263 5753 2444 5811 Marim
2468 5755 2522 5809 in
2553 5753 2643 5808 illa
2694 5761 2880 5808 amara
2929 5754 3018 5807 die
3058 5751 3296 5821 perdidit

149 5826 416 5914 Congregali
448 5849 624 5925 itaque
654 5869 845 5913 omnes
871 5855 1047 5914 nostri
1080 5854 1324 5927 majores
1367 5852 1590 5908 ordina-
1705 5866 1867 5907 suum
1893 5848 2269 5906 senescalcum
2318 5850 2710 5905 conducentem
2741 5859 2795 5904 et
2827 5855 3103 5917 regentem
3130 5861 3295 5902 suum

348 5932 601 6008 Parnm.
637 5947 813 6014 CLV.
1807 6000 1810 6002 ν
2926 5939 3006 5997 235
