  <div class='ocr_page' id='page_1' title='image "/cluster/home/n/w/nwhite01/storage/ocr_20150623/155/hvd.32044015473838/395.png"; bbox 0 0 3804 6312; ppageno 0'>
   <div class='ocr_carea' id='block_1_1' title="bbox 445 5569 696 5646">
    <p class='ocr_par' dir='ltr' id='par_1_1' title="bbox 445 5569 696 5646">
     <span class='ocr_line' id='line_1_1' title="bbox 445 5569 696 5646; baseline 0 0"><span class='ocrx_word' id='word_1_1' title='bbox 445 5569 450 5586; x_wconf 84' lang='grc'><strong>’</strong></span> <span class='ocrx_word' id='word_1_2' title='bbox 549 5569 696 5646; x_wconf 76' lang='lat' dir='ltr'><strong>int‘er’</strong></span> 
     </span>
    </p>
   </div>
   <div class='ocr_carea' id='block_1_2' title="bbox 555 373 679 476">
    <p class='ocr_par' dir='ltr' id='par_1_2' title="bbox 555 373 679 476">
     <span class='ocr_line' id='line_1_2' title="bbox 555 373 679 476; baseline 0.024 -3"><span class='ocrx_word' id='word_1_3' title='bbox 555 373 679 476; x_wconf 57' lang='grc' dir='ltr'><strong>ἦτε)</strong></span> 
     </span>
    </p>
   </div>
   <div class='ocr_carea' id='block_1_3' title="bbox 1141 373 3725 479">
    <p class='ocr_par' dir='ltr' id='par_1_3' title="bbox 1141 373 3725 479">
     <span class='ocr_line' id='line_1_3' title="bbox 1141 373 3725 479; baseline 0.003 -9"><span class='ocrx_word' id='word_1_4' title='bbox 1141 415 1233 470; x_wconf 82' lang='lat' dir='ltr'><strong>AD</strong></span> <span class='ocrx_word' id='word_1_5' title='bbox 1268 373 1734 473; x_wconf 39' lang='lat' dir='ltr'><strong>conernlouu&#39;</strong></span> <span class='ocrx_word' id='word_1_6' title='bbox 1759 375 2050 470; x_wconf 52' lang='lat' dir='ltr'><strong>mssa.</strong></span> <span class='ocrx_word' id='word_1_7' title='bbox 2091 412 2159 468; x_wconf 78' lang='grc' dir='ltr'><strong>ιι.</strong></span> <span class='ocrx_word' id='word_1_8' title='bbox 2204 381 2272 454; x_wconf 54' lang='lat'><strong>4—</strong></span> <span class='ocrx_word' id='word_1_9' title='bbox 2317 409 2589 470; x_wconf 78' lang='lat' dir='ltr'><strong>MONUM.</strong></span> <span class='ocrx_word' id='word_1_10' title='bbox 2633 411 2722 468; x_wconf 72' lang='lat' dir='ltr'><strong>nr.</strong></span> <span class='ocrx_word' id='word_1_11' title='bbox 2759 410 2985 471; x_wconf 76' lang='lat' dir='ltr'><strong>nmo</strong></span> <span class='ocrx_word' id='word_1_12' title='bbox 3023 409 3265 472; x_wconf 62' lang='lat' dir='ltr'><strong>suae.</strong></span> <span class='ocrx_word' id='word_1_13' title='bbox 3658 418 3725 479; x_wconf 68' lang='grc' dir='ltr'><strong>ἴω</strong></span> 
     </span>
    </p>
   </div>
   <div class='ocr_carea' id='block_1_4' title="bbox 549 507 3725 608">
    <p class='ocr_par' dir='ltr' id='par_1_4' title="bbox 549 507 3725 608">
     <span class='ocr_line' id='line_1_4' title="bbox 549 507 3725 608; baseline 0 -16"><span class='ocrx_word' id='word_1_14' title='bbox 549 507 853 592; x_wconf 57' lang='grc' dir='ltr'><strong>ἶνιξιὲίιιιιιιι.</strong></span> <span class='ocrx_word' id='word_1_15' title='bbox 887 531 953 589; x_wconf 84' lang='lat' dir='ltr'><strong>Et</strong></span> <span class='ocrx_word' id='word_1_16' title='bbox 980 532 1087 590; x_wconf 83' lang='lat' dir='ltr'><strong>nisi</strong></span> <span class='ocrx_word' id='word_1_17' title='bbox 1112 542 1263 590; x_wconf 91' lang='lat' dir='ltr'><strong>esset</strong></span> <span class='ocrx_word' id='word_1_18' title='bbox 1291 531 1516 599; x_wconf 80' lang='lat' dir='ltr'><strong>flumen,</strong></span> <span class='ocrx_word' id='word_1_19' title='bbox 1547 529 1697 602; x_wconf 85' lang='lat' dir='ltr'><strong>quod</strong></span> <span class='ocrx_word' id='word_1_20' title='bbox 1735 526 1855 586; x_wconf 84' lang='lat' dir='ltr'><strong>erat</strong></span> <span class='ocrx_word' id='word_1_21' title='bbox 1880 513 2025 585; x_wconf 83' lang='lat' dir='ltr'><strong>inter</strong></span> <span class='ocrx_word' id='word_1_22' title='bbox 2059 545 2162 586; x_wconf 90' lang='lat' dir='ltr'><strong>nos</strong></span> <span class='ocrx_word' id='word_1_23' title='bbox 2191 533 2239 596; x_wconf 81' lang='grc' dir='ltr'>Λ</span> <span class='ocrx_word' id='word_1_24' title='bbox 2268 538 2576 587; x_wconf 84' lang='lat' dir='ltr'><strong>nnaverunt</strong></span> <span class='ocrx_word' id='word_1_25' title='bbox 2603 530 2767 602; x_wconf 86' lang='lat' dir='ltr'><strong>igitur</strong></span> <span class='ocrx_word' id='word_1_26' title='bbox 2812 546 2933 588; x_wconf 88' lang='lat' dir='ltr'><strong>sese</strong></span> <span class='ocrx_word' id='word_1_27' title='bbox 2954 547 3146 588; x_wconf 87' lang='lat' dir='ltr'><strong>omnes</strong></span> <span class='ocrx_word' id='word_1_28' title='bbox 3191 531 3536 606; x_wconf 79' lang='lat' dir='ltr'><strong>Francigeme,</strong></span> <span class='ocrx_word' id='word_1_29' title='bbox 3573 550 3725 608; x_wconf 69' lang='lat' dir='ltr'><strong>rogau-</strong></span> 
     </span>
    </p>
   </div>
   <div class='ocr_carea' id='block_1_5' title="bbox 497 607 2160 697">
    <p class='ocr_par' dir='ltr' id='par_1_5' title="bbox 497 607 2160 697">
     <span class='ocr_line' id='line_1_5' title="bbox 497 607 2160 697; baseline -0.005 -12"><span class='ocrx_word' id='word_1_30' title='bbox 497 607 502 618; x_wconf 53' lang='grc'>’</span> <span class='ocrx_word' id='word_1_31' title='bbox 571 637 629 685; x_wconf 90' lang='lat' dir='ltr'><strong>et</strong></span> <span class='ocrx_word' id='word_1_32' title='bbox 652 627 801 695; x_wconf 90' lang='lat' dir='ltr'><strong>illos,</strong></span> <span class='ocrx_word' id='word_1_33' title='bbox 853 627 1052 697; x_wconf 66' lang='lat' dir='ltr'><strong>saepius</strong></span> <span class='ocrx_word' id='word_1_34' title='bbox 1096 625 1416 682; x_wconf 80' lang='lat' dir='ltr'><strong>invaderent</strong></span> <span class='ocrx_word' id='word_1_35' title='bbox 1469 640 1591 690; x_wconf 86' lang='lat' dir='ltr'><strong>nos,</strong></span> <span class='ocrx_word' id='word_1_36' title='bbox 1648 632 1816 694; x_wconf 89' lang='lat' dir='ltr'><strong>atque</strong></span> <span class='ocrx_word' id='word_1_37' title='bbox 1863 623 2160 678; x_wconf 80' lang='lat' dir='ltr'><strong>maximam</strong></span> 
     </span>
    </p>
   </div>
   <div class='ocr_carea' id='block_1_6' title="bbox 569 715 2164 789">
    <p class='ocr_par' dir='ltr' id='par_1_6' title="bbox 569 715 2164 789">
     <span class='ocr_line' id='line_1_6' title="bbox 569 715 2164 789; baseline -0.004 -13"><span class='ocrx_word' id='word_1_38' title='bbox 569 720 858 776; x_wconf 65' lang='lat' dir='ltr'><strong>Imsionem</strong></span> <span class='ocrx_word' id='word_1_39' title='bbox 885 719 942 774; x_wconf 88' lang='lat' dir='ltr'><strong>in</strong></span> <span class='ocrx_word' id='word_1_40' title='bbox 987 727 1232 774; x_wconf 87' lang='lat' dir='ltr'><strong>nostram</strong></span> <span class='ocrx_word' id='word_1_41' title='bbox 1265 726 1481 789; x_wconf 82' lang='lat' dir='ltr'><strong>gentem</strong></span> <span class='ocrx_word' id='word_1_42' title='bbox 1535 716 1802 772; x_wconf 89' lang='lat' dir='ltr'><strong>facerent.</strong></span> <span class='ocrx_word' id='word_1_43' title='bbox 1862 715 2056 770; x_wconf 87' lang='lat' dir='ltr'><strong>Adhuc</strong></span> <span class='ocrx_word' id='word_1_44' title='bbox 2109 723 2164 770; x_wconf 89' lang='lat' dir='ltr'><strong>et</strong></span> 
     </span>
    </p>
   </div>
   <div class='ocr_carea' id='block_1_7' title="bbox 571 806 2162 869">
    <p class='ocr_par' dir='ltr' id='par_1_7' title="bbox 571 806 2162 869">
     <span class='ocr_line' id='line_1_7' title="bbox 571 806 2162 869; baseline -0.001 -2"><span class='ocrx_word' id='word_1_45' title='bbox 571 813 629 868; x_wconf 90' lang='lat' dir='ltr'><strong>in</strong></span> <span class='ocrx_word' id='word_1_46' title='bbox 666 821 885 869; x_wconf 90' lang='lat' dir='ltr'><strong>nostras</strong></span> <span class='ocrx_word' id='word_1_47' title='bbox 904 812 1104 867; x_wconf 80' lang='lat' dir='ltr'><strong>laxatis</strong></span> <span class='ocrx_word' id='word_1_48' title='bbox 1133 811 1302 867; x_wconf 80' lang='lat' dir='ltr'><strong>frenis</strong></span> <span class='ocrx_word' id='word_1_49' title='bbox 1334 818 1741 866; x_wconf 89' lang='lat' dir='ltr'><strong>concurrerunt</strong></span> <span class='ocrx_word' id='word_1_50' title='bbox 1787 808 1998 864; x_wconf 88' lang='lat' dir='ltr'><strong>tendas.</strong></span> <span class='ocrx_word' id='word_1_51' title='bbox 2057 806 2162 865; x_wconf 79' lang='lat' dir='ltr'><strong>Re-</strong></span> 
     </span>
    </p>
   </div>
   <div class='ocr_carea' id='block_1_8' title="bbox 571 901 2162 976">
    <p class='ocr_par' dir='ltr' id='par_1_8' title="bbox 571 901 2162 976">
     <span class='ocr_line' id='line_1_8' title="bbox 571 901 2162 976; baseline -0.001 -18"><span class='ocrx_word' id='word_1_52' title='bbox 571 904 921 976; x_wconf 79' lang='lat' dir='ltr'><strong>grediebatur</strong></span> <span class='ocrx_word' id='word_1_53' title='bbox 947 914 1129 960; x_wconf 89' lang='lat' dir='ltr'><strong>autem</strong></span> <span class='ocrx_word' id='word_1_54' title='bbox 1152 903 1620 975; x_wconf 88' lang='lat' dir='ltr'><strong>prudentissimus</strong></span> <span class='ocrx_word' id='word_1_55' title='bbox 1668 901 2027 959; x_wconf 86' lang='lat' dir='ltr'><strong>Boamundus</strong></span> <span class='ocrx_word' id='word_1_56' title='bbox 2085 903 2162 958; x_wconf 89' lang='lat' dir='ltr'><strong>si-</strong></span> 
     </span>
    </p>
   </div>
   <div class='ocr_carea' id='block_1_9' title="bbox 535 989 2163 1062">
    <p class='ocr_par' dir='ltr' id='par_1_9' title="bbox 535 989 2163 1062">
     <span class='ocr_line' id='line_1_9' title="bbox 535 989 2163 1062; baseline -0.001 -12"><span class='ocrx_word' id='word_1_57' title='bbox 535 1051 544 1058; x_wconf 74' lang='grc'><strong><em>,</em></strong></span> <span class='ocrx_word' id='word_1_58' title='bbox 571 997 687 1051; x_wconf 89' lang='lat' dir='ltr'><strong>mul</strong></span> <span class='ocrx_word' id='word_1_59' title='bbox 726 1011 850 1051; x_wconf 90' lang='lat' dir='ltr'><strong>cum</strong></span> <span class='ocrx_word' id='word_1_60' title='bbox 878 996 1120 1051; x_wconf 82' lang='lat' dir='ltr'><strong>exercitu</strong></span> <span class='ocrx_word' id='word_1_61' title='bbox 1153 1011 1255 1050; x_wconf 89' lang='lat' dir='ltr'><strong>suo</strong></span> <span class='ocrx_word' id='word_1_62' title='bbox 1279 995 1346 1051; x_wconf 92' lang='lat' dir='ltr'><strong>de</strong></span> <span class='ocrx_word' id='word_1_63' title='bbox 1394 995 1827 1050; x_wconf 78' lang='lat' dir='ltr'><strong>Sarracenorum</strong></span> <span class='ocrx_word' id='word_1_64' title='bbox 1877 1002 2044 1062; x_wconf 90' lang='lat' dir='ltr'><strong>terra,</strong></span> <span class='ocrx_word' id='word_1_65' title='bbox 2072 989 2163 1049; x_wconf 71' lang='lat' dir='ltr'><strong>ve-</strong></span> 
     </span>
    </p>
   </div>
   <div class='ocr_carea' id='block_1_10' title="bbox 495 1070 2156 1162">
    <p class='ocr_par' dir='ltr' id='par_1_10' title="bbox 495 1070 2156 1162">
     <span class='ocr_line' id='line_1_10' title="bbox 495 1070 2156 1162; baseline -0.001 -20"><span class='ocrx_word' id='word_1_66' title='bbox 495 1070 499 1074; x_wconf 42' lang='grc'><strong>”</strong></span> <span class='ocrx_word' id='word_1_67' title='bbox 568 1088 759 1158; x_wconf 87' lang='lat' dir='ltr'><strong>nitque</strong></span> <span class='ocrx_word' id='word_1_68' title='bbox 782 1088 836 1142; x_wconf 90' lang='lat' dir='ltr'><strong>in</strong></span> <span class='ocrx_word' id='word_1_69' title='bbox 859 1087 1123 1144; x_wconf 88' lang='lat' dir='ltr'><strong>Tancredi</strong></span> <span class='ocrx_word' id='word_1_70' title='bbox 1153 1097 1528 1162; x_wconf 87' lang='lat' dir='ltr'><strong>montaneam,</strong></span> <span class='ocrx_word' id='word_1_71' title='bbox 1551 1074 1843 1158; x_wconf 81' lang='lat' dir='ltr'><strong>cogitando</strong></span> <span class='ocrx_word' id='word_1_72' title='bbox 1873 1103 1944 1141; x_wconf 91' lang='lat' dir='ltr'><strong>an</strong></span> <span class='ocrx_word' id='word_1_73' title='bbox 1968 1086 2156 1142; x_wconf 82' lang='lat' dir='ltr'><strong>forsan</strong></span> 
     </span>
    </p>
   </div>
   <div class='ocr_carea' id='block_1_11' title="bbox 559 1173 2162 1251">
    <p class='ocr_par' dir='ltr' id='par_1_11' title="bbox 559 1173 2162 1251">
     <span class='ocr_line' id='line_1_11' title="bbox 559 1173 2162 1251; baseline 0.002 -18"><span class='ocrx_word' id='word_1_74' title='bbox 559 1180 642 1234; x_wconf 86' lang='lat' dir='ltr'><strong>ibi</strong></span> <span class='ocrx_word' id='word_1_75' title='bbox 673 1180 942 1236; x_wconf 82' lang='lat' dir='ltr'><strong>inveniret</strong></span> <span class='ocrx_word' id='word_1_76' title='bbox 969 1173 1204 1250; x_wconf 84' lang='lat' dir='ltr'><strong>aliquid</strong></span> <span class='ocrx_word' id='word_1_77' title='bbox 1234 1180 1380 1251; x_wconf 89' lang='lat' dir='ltr'><strong>quod</strong></span> <span class='ocrx_word' id='word_1_78' title='bbox 1422 1177 1715 1235; x_wconf 80' lang='lat' dir='ltr'><strong>defendere</strong></span> <span class='ocrx_word' id='word_1_79' title='bbox 1763 1179 2052 1250; x_wconf 88' lang='lat' dir='ltr'><strong>potuisset,</strong></span> <span class='ocrx_word' id='word_1_80' title='bbox 2073 1175 2162 1236; x_wconf 78' lang='grc' dir='ltr'><strong>ἰο-</strong></span> 
     </span>
    </p>
   </div>
   <div class='ocr_carea' id='block_1_12' title="bbox 547 1273 2160 1346">
    <p class='ocr_par' dir='ltr' id='par_1_12' title="bbox 547 1273 2160 1346">
     <span class='ocr_line' id='line_1_12' title="bbox 547 1273 2160 1346; baseline 0.002 -20"><span class='ocrx_word' id='word_1_81' title='bbox 547 1281 788 1343; x_wconf 77' lang='lat' dir='ltr'><strong>tamque</strong></span> <span class='ocrx_word' id='word_1_82' title='bbox 810 1281 1014 1329; x_wconf 90' lang='lat' dir='ltr'><strong>terram</strong></span> <span class='ocrx_word' id='word_1_83' title='bbox 1045 1273 1102 1328; x_wconf 90' lang='lat' dir='ltr'><strong>in</strong></span> <span class='ocrx_word' id='word_1_84' title='bbox 1133 1274 1406 1346; x_wconf 82' lang='lat' dir='ltr'><strong>expiando</strong></span> <span class='ocrx_word' id='word_1_85' title='bbox 1436 1274 1513 1346; x_wconf 83' lang='lat'><strong>(6)</strong></span> <span class='ocrx_word' id='word_1_86' title='bbox 1549 1275 1845 1330; x_wconf 90' lang='lat' dir='ltr'><strong>miserunt.</strong></span> <span class='ocrx_word' id='word_1_87' title='bbox 1871 1275 1978 1330; x_wconf 83' lang='lat' dir='ltr'><strong>Alii</strong></span> <span class='ocrx_word' id='word_1_88' title='bbox 2003 1275 2160 1330; x_wconf 79' lang='lat' dir='ltr'><strong>inve-</strong></span> 
     </span>
    </p>
   </div>
   <div class='ocr_carea' id='block_1_13' title="bbox 547 1366 2159 1440">
    <p class='ocr_par' dir='ltr' id='par_1_13' title="bbox 547 1366 2159 1440">
     <span class='ocr_line' id='line_1_13' title="bbox 547 1366 2159 1440; baseline 0.002 -20"><span class='ocrx_word' id='word_1_89' title='bbox 547 1375 784 1432; x_wconf 85' lang='lat' dir='ltr'><strong>.nerunt,</strong></span> <span class='ocrx_word' id='word_1_90' title='bbox 813 1366 905 1422; x_wconf 89' lang='lat' dir='ltr'><strong>alii</strong></span> <span class='ocrx_word' id='word_1_91' title='bbox 936 1382 1070 1423; x_wconf 88' lang='lat' dir='ltr'><strong>vero</strong></span> <span class='ocrx_word' id='word_1_92' title='bbox 1122 1367 1281 1422; x_wconf 88' lang='lat' dir='ltr'><strong>vacui</strong></span> <span class='ocrx_word' id='word_1_93' title='bbox 1331 1376 1696 1422; x_wconf 86' lang='lat' dir='ltr'><strong>reverterunt.</strong></span> <span class='ocrx_word' id='word_1_94' title='bbox 1763 1367 1844 1422; x_wconf 92' lang='lat' dir='ltr'><strong>Illi</strong></span> <span class='ocrx_word' id='word_1_95' title='bbox 1894 1384 2026 1424; x_wconf 85' lang='lat' dir='ltr'><strong>vero</strong></span> <span class='ocrx_word' id='word_1_96' title='bbox 2062 1369 2159 1440; x_wconf 89' lang='lat' dir='ltr'><strong>qui</strong></span> 
     </span>
    </p>
   </div>
   <div class='ocr_carea' id='block_1_14' title="bbox 561 1445 2151 1528">
    <p class='ocr_par' dir='ltr' id='par_1_14' title="bbox 561 1445 2151 1528">
     <span class='ocr_line' id='line_1_14' title="bbox 561 1445 2151 1528; baseline 0.003 -16"><span class='ocrx_word' id='word_1_97' title='bbox 561 1458 810 1514; x_wconf 90' lang='lat' dir='ltr'><strong>invenire</strong></span> <span class='ocrx_word' id='word_1_98' title='bbox 838 1475 948 1514; x_wconf 90' lang='lat' dir='ltr'><strong>non</strong></span> <span class='ocrx_word' id='word_1_99' title='bbox 977 1445 1248 1528; x_wconf 79' lang='lat' dir='ltr'><strong>poterant,</strong></span> <span class='ocrx_word' id='word_1_100' title='bbox 1292 1459 1479 1515; x_wconf 85' lang='lat' dir='ltr'><strong>statim</strong></span> <span class='ocrx_word' id='word_1_101' title='bbox 1530 1459 1731 1515; x_wconf 86' lang='lat' dir='ltr'><strong>reverti</strong></span> <span class='ocrx_word' id='word_1_102' title='bbox 1799 1458 2151 1516; x_wconf 80' lang='lat' dir='ltr'><strong>festinabant.</strong></span> 
     </span>
    </p>
   </div>
   <div class='ocr_carea' id='block_1_15' title="bbox 563 1547 2152 1620">
    <p class='ocr_par' dir='ltr' id='par_1_15' title="bbox 563 1547 2152 1620">
     <span class='ocr_line' id='line_1_15' title="bbox 563 1547 2152 1620; baseline 0.002 -18"><span class='ocrx_word' id='word_1_103' title='bbox 563 1547 722 1605; x_wconf 83' lang='lat' dir='ltr'><strong>&#39;I‘unc</strong></span> <span class='ocrx_word' id='word_1_104' title='bbox 760 1548 1120 1605; x_wconf 88' lang='lat' dir='ltr'><strong>Boamundus</strong></span> <span class='ocrx_word' id='word_1_105' title='bbox 1176 1549 1479 1620; x_wconf 85' lang='lat' dir='ltr'><strong>increpavit</strong></span> <span class='ocrx_word' id='word_1_106' title='bbox 1525 1565 1622 1605; x_wconf 90' lang='lat' dir='ltr'><strong>eos</strong></span> <span class='ocrx_word' id='word_1_107' title='bbox 1670 1550 1846 1618; x_wconf 88' lang='lat' dir='ltr'><strong>valde,</strong></span> <span class='ocrx_word' id='word_1_108' title='bbox 1899 1551 2088 1608; x_wconf 89' lang='lat' dir='ltr'><strong>dicens</strong></span> <span class='ocrx_word' id='word_1_109' title='bbox 2140 1570 2152 1605; x_wconf 92' lang='lat'>:</span> 
     </span>
    </p>
   </div>
   <div class='ocr_carea' id='block_1_16' title="bbox 567 1640 2155 1713">
    <p class='ocr_par' dir='ltr' id='par_1_16' title="bbox 567 1640 2155 1713">
     <span class='ocr_line' id='line_1_16' title="bbox 567 1640 2155 1713; baseline 0.005 -21"><span class='ocrx_word' id='word_1_110' title='bbox 567 1660 588 1692; x_wconf 76' lang='grc' dir='ltr'>ι</span> <span class='ocrx_word' id='word_1_111' title='bbox 633 1640 678 1697; x_wconf 94' lang='grc' dir='ltr'><strong>Ο</strong></span> <span class='ocrx_word' id='word_1_112' title='bbox 709 1641 900 1698; x_wconf 84' lang='lat' dir='ltr'><strong>infelix</strong></span> <span class='ocrx_word' id='word_1_113' title='bbox 932 1651 987 1697; x_wconf 90' lang='lat' dir='ltr'><strong>et</strong></span> <span class='ocrx_word' id='word_1_114' title='bbox 1023 1642 1336 1710; x_wconf 85' lang='lat' dir='ltr'><strong>miserrima</strong></span> <span class='ocrx_word' id='word_1_115' title='bbox 1357 1643 1528 1713; x_wconf 84' lang='lat' dir='ltr'><strong>gens!</strong></span> <span class='ocrx_word' id='word_1_116' title='bbox 1585 1657 1618 1698; x_wconf 94' lang='grc' dir='ltr'>ο</span> <span class='ocrx_word' id='word_1_117' title='bbox 1647 1643 1916 1699; x_wconf 89' lang='lat' dir='ltr'><strong>vilissima</strong></span> <span class='ocrx_word' id='word_1_118' title='bbox 1956 1660 2021 1698; x_wconf 90' lang='lat' dir='ltr'><strong>ac</strong></span> <span class='ocrx_word' id='word_1_119' title='bbox 2052 1644 2155 1700; x_wconf 85' lang='lat' dir='ltr'><strong>do-</strong></span> 
     </span>
    </p>
   </div>
   <div class='ocr_carea' id='block_1_17' title="bbox 560 1731 2154 1793">
    <p class='ocr_par' dir='ltr' id='par_1_17' title="bbox 560 1731 2154 1793">
     <span class='ocr_line' id='line_1_17' title="bbox 560 1731 2154 1793; baseline 0.003 -7"><span class='ocrx_word' id='word_1_120' title='bbox 560 1733 866 1789; x_wconf 88' lang='lat' dir='ltr'><strong>lentissima</strong></span> <span class='ocrx_word' id='word_1_121' title='bbox 889 1735 1138 1790; x_wconf 92' lang='lat' dir='ltr'><strong>omnium</strong></span> <span class='ocrx_word' id='word_1_122' title='bbox 1167 1733 1642 1792; x_wconf 82' lang='lat' dir='ltr'><strong>Christianorum!</strong></span> <span class='ocrx_word' id='word_1_123' title='bbox 1700 1751 1799 1791; x_wconf 90' lang='lat' dir='ltr'><strong>cur</strong></span> <span class='ocrx_word' id='word_1_124' title='bbox 1823 1731 1942 1792; x_wconf 87' lang='lat' dir='ltr'><strong>tam</strong></span> <span class='ocrx_word' id='word_1_125' title='bbox 1962 1737 2154 1793; x_wconf 88' lang='lat' dir='ltr'><strong>celeri-</strong></span> 
     </span>
    </p>
   </div>
   <div class='ocr_carea' id='block_1_18' title="bbox 561 1823 2150 1897">
    <p class='ocr_par' dir='ltr' id='par_1_18' title="bbox 561 1823 2150 1897">
     <span class='ocr_line' id='line_1_18' title="bbox 561 1823 2150 1897; baseline 0.003 -20"><span class='ocrx_word' id='word_1_126' title='bbox 561 1830 646 1877; x_wconf 86' lang='lat' dir='ltr'><strong>ter</strong></span> <span class='ocrx_word' id='word_1_127' title='bbox 665 1823 828 1880; x_wconf 91' lang='lat' dir='ltr'><strong>vultis</strong></span> <span class='ocrx_word' id='word_1_128' title='bbox 855 1823 1040 1879; x_wconf 89' lang='lat' dir='ltr'><strong>abire?</strong></span> <span class='ocrx_word' id='word_1_129' title='bbox 1085 1823 1262 1880; x_wconf 89' lang='lat' dir='ltr'><strong>Sinite</strong></span> <span class='ocrx_word' id='word_1_130' title='bbox 1281 1823 1468 1892; x_wconf 89' lang='lat' dir='ltr'><strong>modo,</strong></span> <span class='ocrx_word' id='word_1_131' title='bbox 1495 1824 1679 1880; x_wconf 89' lang='lat' dir='ltr'><strong>sinite.</strong></span> <span class='ocrx_word' id='word_1_132' title='bbox 1707 1824 2010 1897; x_wconf 89' lang='lat' dir='ltr'><strong>Usquequo</strong></span> <span class='ocrx_word' id='word_1_133' title='bbox 2039 1827 2150 1883; x_wconf 90' lang='lat' dir='ltr'><strong>eri-</strong></span> 
     </span>
    </p>
   </div>
   <div class='ocr_carea' id='block_1_19' title="bbox 563 1889 2230 1987">
    <p class='ocr_par' dir='ltr' id='par_1_19' title="bbox 563 1889 2230 1987">
     <span class='ocr_line' id='line_1_19' title="bbox 563 1889 2230 1987; baseline 0.004 -17"><span class='ocrx_word' id='word_1_134' title='bbox 563 1929 694 1970; x_wconf 87' lang='lat' dir='ltr'><strong>mus</strong></span> <span class='ocrx_word' id='word_1_135' title='bbox 714 1930 906 1971; x_wconf 88' lang='lat' dir='ltr'><strong>omnes</strong></span> <span class='ocrx_word' id='word_1_136' title='bbox 937 1915 1250 1987; x_wconf 80' lang='lat' dir='ltr'><strong>congregati</strong></span> <span class='ocrx_word' id='word_1_137' title='bbox 1287 1917 1343 1972; x_wconf 92' lang='lat' dir='ltr'><strong>in</strong></span> <span class='ocrx_word' id='word_1_138' title='bbox 1371 1918 1582 1972; x_wconf 87' lang='lat' dir='ltr'><strong>unum?</strong></span> <span class='ocrx_word' id='word_1_139' title='bbox 1609 1915 1788 1974; x_wconf 88' lang='lat' dir='ltr'><strong>Nolite</strong></span> <span class='ocrx_word' id='word_1_140' title='bbox 1803 1934 1988 1975; x_wconf 88' lang='lat' dir='ltr'><strong>errare</strong></span> <span class='ocrx_word' id='word_1_141' title='bbox 2011 1921 2153 1976; x_wconf 87' lang='lat' dir='ltr'><strong>sicut</strong></span> <span class='ocrx_word' id='word_1_142' title='bbox 2185 1889 2230 1950; x_wconf 74' lang='grc' dir='ltr'><strong>Β</strong></span> 
     </span>
    </p>
   </div>
   <div class='ocr_carea' id='block_1_20' title="bbox 515 2008 2153 2086">
    <p class='ocr_par' dir='ltr' id='par_1_20' title="bbox 515 2008 2153 2086">
     <span class='ocr_line' id='line_1_20' title="bbox 515 2008 2153 2086; baseline 0.004 -24"><span class='ocrx_word' id='word_1_143' title='bbox 515 2075 522 2082; x_wconf 32' lang='grc'><strong><em>¹</em></strong></span> <span class='ocrx_word' id='word_1_144' title='bbox 566 2021 698 2063; x_wconf 90' lang='lat' dir='ltr'><strong>oves</strong></span> <span class='ocrx_word' id='word_1_145' title='bbox 733 2022 844 2063; x_wconf 90' lang='lat' dir='ltr'><strong>non</strong></span> <span class='ocrx_word' id='word_1_146' title='bbox 868 2008 1134 2066; x_wconf 84' lang='lat' dir='ltr'><strong>habentes</strong></span> <span class='ocrx_word' id='word_1_147' title='bbox 1159 2019 1457 2081; x_wconf 86' lang='lat' dir='ltr'><strong>pastorem.</strong></span> <span class='ocrx_word' id='word_1_148' title='bbox 1493 2010 1552 2065; x_wconf 89' lang='lat' dir='ltr'><strong>Si</strong></span> <span class='ocrx_word' id='word_1_149' title='bbox 1575 2019 1758 2086; x_wconf 85' lang='lat' dir='ltr'><strong>autem</strong></span> <span class='ocrx_word' id='word_1_150' title='bbox 1801 2012 2011 2069; x_wconf 85' lang='lat' dir='ltr'><strong>inimici</strong></span> <span class='ocrx_word' id='word_1_151' title='bbox 2057 2030 2153 2068; x_wconf 91' lang='lat' dir='ltr'><strong>no-</strong></span> 
     </span>
    </p>
   </div>
   <div class='ocr_carea' id='block_1_21' title="bbox 561 2097 2150 2178">
    <p class='ocr_par' dir='ltr' id='par_1_21' title="bbox 561 2097 2150 2178">
     <span class='ocr_line' id='line_1_21' title="bbox 561 2097 2150 2178; baseline 0.004 -21"><span class='ocrx_word' id='word_1_152' title='bbox 561 2101 669 2157; x_wconf 87' lang='lat' dir='ltr'><strong>stri</strong></span> <span class='ocrx_word' id='word_1_153' title='bbox 695 2100 1002 2158; x_wconf 86' lang='lat' dir='ltr'><strong>invenerint</strong></span> <span class='ocrx_word' id='word_1_154' title='bbox 1025 2119 1123 2159; x_wconf 88' lang='lat' dir='ltr'><strong>vos</strong></span> <span class='ocrx_word' id='word_1_155' title='bbox 1151 2097 1418 2173; x_wconf 83' lang='lat' dir='ltr'><strong>errantes,</strong></span> <span class='ocrx_word' id='word_1_156' title='bbox 1451 2105 1702 2160; x_wconf 90' lang='lat' dir='ltr'><strong>occident</strong></span> <span class='ocrx_word' id='word_1_157' title='bbox 1743 2121 1862 2174; x_wconf 91' lang='lat' dir='ltr'><strong>vos,</strong></span> <span class='ocrx_word' id='word_1_158' title='bbox 1893 2107 2024 2178; x_wconf 87' lang='lat' dir='ltr'><strong>quia</strong></span> <span class='ocrx_word' id='word_1_159' title='bbox 2061 2109 2150 2164; x_wconf 92' lang='lat' dir='ltr'><strong>die</strong></span> 
     </span>
    </p>
   </div>
   <div class='ocr_carea' id='block_1_22' title="bbox 557 2195 2150 2268">
    <p class='ocr_par' dir='ltr' id='par_1_22' title="bbox 557 2195 2150 2268">
     <span class='ocr_line' id='line_1_22' title="bbox 557 2195 2150 2268; baseline 0.006 -22"><span class='ocrx_word' id='word_1_160' title='bbox 557 2201 840 2265; x_wconf 89' lang='lat' dir='ltr'><strong>noctuque</strong></span> <span class='ocrx_word' id='word_1_161' title='bbox 866 2195 1095 2266; x_wconf 80' lang='lat' dir='ltr'><strong>vigilant</strong></span> <span class='ocrx_word' id='word_1_162' title='bbox 1117 2205 1282 2268; x_wconf 90' lang='lat' dir='ltr'><strong>atque</strong></span> <span class='ocrx_word' id='word_1_163' title='bbox 1303 2197 1605 2261; x_wconf 80' lang='lat' dir='ltr'><strong>excubant.</strong></span> <span class='ocrx_word' id='word_1_164' title='bbox 1631 2207 1692 2254; x_wconf 92' lang='lat' dir='ltr'><strong>ut</strong></span> <span class='ocrx_word' id='word_1_165' title='bbox 1717 2213 1815 2254; x_wconf 88' lang='lat' dir='ltr'><strong>vos</strong></span> <span class='ocrx_word' id='word_1_166' title='bbox 1866 2199 1986 2256; x_wconf 88' lang='lat' dir='ltr'><strong>sine</strong></span> <span class='ocrx_word' id='word_1_167' title='bbox 2037 2201 2150 2256; x_wconf 90' lang='lat' dir='ltr'><strong>ullo</strong></span> 
     </span>
    </p>
   </div>
   <div class='ocr_carea' id='block_1_23' title="bbox 553 2283 2148 2362">
    <p class='ocr_par' dir='ltr' id='par_1_23' title="bbox 553 2283 2148 2362">
     <span class='ocr_line' id='line_1_23' title="bbox 553 2283 2148 2362; baseline 0.008 -24"><span class='ocrx_word' id='word_1_168' title='bbox 553 2283 783 2342; x_wconf 88' lang='lat' dir='ltr'><strong>ductore</strong></span> <span class='ocrx_word' id='word_1_169' title='bbox 816 2299 1130 2358; x_wconf 81' lang='lat' dir='ltr'><strong>segregatos</strong></span> <span class='ocrx_word' id='word_1_170' title='bbox 1180 2288 1295 2344; x_wconf 90' lang='lat' dir='ltr'><strong>sive</strong></span> <span class='ocrx_word' id='word_1_171' title='bbox 1348 2289 1496 2345; x_wconf 89' lang='lat' dir='ltr'><strong>solos</strong></span> <span class='ocrx_word' id='word_1_172' title='bbox 1551 2289 1857 2359; x_wconf 88' lang='lat' dir='ltr'><strong>inveniant,</strong></span> <span class='ocrx_word' id='word_1_173' title='bbox 1903 2293 1998 2362; x_wconf 90' lang='lat' dir='ltr'><strong>qui</strong></span> <span class='ocrx_word' id='word_1_174' title='bbox 2047 2309 2148 2351; x_wconf 92' lang='lat' dir='ltr'><strong>nos</strong></span> 
     </span>
    </p>
   </div>
   <div class='ocr_carea' id='block_1_24' title="bbox 549 2378 2149 2453">
    <p class='ocr_par' dir='ltr' id='par_1_24' title="bbox 549 2378 2149 2453">
     <span class='ocr_line' id='line_1_24' title="bbox 549 2378 2149 2453; baseline 0.006 -22"><span class='ocrx_word' id='word_1_175' title='bbox 549 2378 802 2446; x_wconf 70' lang='lat' dir='ltr'><strong>quotidie</strong></span> <span class='ocrx_word' id='word_1_176' title='bbox 831 2379 1104 2448; x_wconf 89' lang='lat' dir='ltr'><strong>occidere,</strong></span> <span class='ocrx_word' id='word_1_177' title='bbox 1157 2389 1323 2452; x_wconf 89' lang='lat' dir='ltr'><strong>atque</strong></span> <span class='ocrx_word' id='word_1_178' title='bbox 1368 2381 1424 2437; x_wconf 90' lang='lat' dir='ltr'><strong>in</strong></span> <span class='ocrx_word' id='word_1_179' title='bbox 1471 2382 1844 2453; x_wconf 89' lang='lat' dir='ltr'><strong>captivitatem</strong></span> <span class='ocrx_word' id='word_1_180' title='bbox 1894 2384 2149 2442; x_wconf 85' lang='lat' dir='ltr'><strong>laborant</strong></span> 
     </span>
    </p>
   </div>
   <div class='ocr_carea' id='block_1_25' title="bbox 545 2459 2149 2547">
    <p class='ocr_par' dir='ltr' id='par_1_25' title="bbox 545 2459 2149 2547">
     <span class='ocr_line' id='line_1_25' title="bbox 545 2459 2149 2547; baseline 0.007 -22"><span class='ocrx_word' id='word_1_181' title='bbox 545 2459 772 2526; x_wconf 76' lang='lat' dir='ltr'><strong>ducere.</strong></span> <span class='ocrx_word' id='word_1_182' title='bbox 802 2469 968 2540; x_wconf 87' lang='lat' dir='ltr'><strong>Quid,</strong></span> <span class='ocrx_word' id='word_1_183' title='bbox 995 2473 1207 2540; x_wconf 87' lang='lat' dir='ltr'><strong>miseri,</strong></span> <span class='ocrx_word' id='word_1_184' title='bbox 1231 2473 1446 2531; x_wconf 86' lang='lat' dir='ltr'><strong>facietis</strong></span> <span class='ocrx_word' id='word_1_185' title='bbox 1480 2493 1493 2530; x_wconf 95' lang='lat'><strong>:</strong></span> <span class='ocrx_word' id='word_1_186' title='bbox 1526 2495 1545 2527; x_wconf 82' lang='grc'><strong>›</strong></span> <span class='ocrx_word' id='word_1_187' title='bbox 1571 2475 1826 2547; x_wconf 88' lang='lat' dir='ltr'><strong>Cumque</strong></span> <span class='ocrx_word' id='word_1_188' title='bbox 1855 2477 1980 2534; x_wconf 87' lang='lat' dir='ltr'><strong>linis</strong></span> <span class='ocrx_word' id='word_1_189' title='bbox 2003 2489 2149 2536; x_wconf 88' lang='lat' dir='ltr'><strong>esset</strong></span> 
     </span>
    </p>
   </div>
   <div class='ocr_carea' id='block_1_26' title="bbox 503 2563 2146 2642">
    <p class='ocr_par' dir='ltr' id='par_1_26' title="bbox 503 2563 2146 2642">
     <span class='ocr_line' id='line_1_26' title="bbox 503 2563 2146 2642; baseline 0.009 -26"><span class='ocrx_word' id='word_1_190' title='bbox 503 2623 506 2626; x_wconf 42' lang='grc'><em>,</em></span> <span class='ocrx_word' id='word_1_191' title='bbox 552 2563 736 2632; x_wconf 86' lang='lat' dir='ltr'><strong>dictis,</strong></span> <span class='ocrx_word' id='word_1_192' title='bbox 762 2565 1064 2636; x_wconf 86' lang='lat' dir='ltr'><strong>respiciens</strong></span> <span class='ocrx_word' id='word_1_193' title='bbox 1092 2582 1150 2622; x_wconf 87' lang='lat' dir='ltr'><strong>se</strong></span> <span class='ocrx_word' id='word_1_194' title='bbox 1172 2576 1300 2623; x_wconf 90' lang='lat' dir='ltr'><strong>ante</strong></span> <span class='ocrx_word' id='word_1_195' title='bbox 1323 2577 1378 2624; x_wconf 91' lang='lat' dir='ltr'><strong>et</strong></span> <span class='ocrx_word' id='word_1_196' title='bbox 1406 2577 1576 2636; x_wconf 90' lang='lat' dir='ltr'><strong>retro,</strong></span> <span class='ocrx_word' id='word_1_197' title='bbox 1604 2579 1802 2625; x_wconf 87' lang='lat' dir='ltr'><strong>etcum</strong></span> <span class='ocrx_word' id='word_1_198' title='bbox 1829 2571 1944 2642; x_wconf 88' lang='lat' dir='ltr'><strong>jam</strong></span> <span class='ocrx_word' id='word_1_199' title='bbox 1990 2573 2146 2630; x_wconf 87' lang='lat' dir='ltr'><strong>inve-</strong></span> 
     </span>
    </p>
   </div>
   <div class='ocr_carea' id='block_1_27' title="bbox 499 2655 2148 2738">
    <p class='ocr_par' dir='ltr' id='par_1_27' title="bbox 499 2655 2148 2738">
     <span class='ocr_line' id='line_1_27' title="bbox 499 2655 2148 2738; baseline 0.009 -29"><span class='ocrx_word' id='word_1_200' title='bbox 499 2655 726 2738; x_wconf 33' lang='lat' dir='ltr'><strong>..nisset</strong></span> <span class='ocrx_word' id='word_1_201' title='bbox 753 2657 995 2728; x_wconf 90' lang='lat' dir='ltr'><strong>undique</strong></span> <span class='ocrx_word' id='word_1_202' title='bbox 1015 2659 1228 2728; x_wconf 89' lang='lat' dir='ltr'><strong>solum;</strong></span> <span class='ocrx_word' id='word_1_203' title='bbox 1261 2668 1443 2716; x_wconf 88' lang='lat' dir='ltr'><strong>tamen</strong></span> <span class='ocrx_word' id='word_1_204' title='bbox 1468 2678 1594 2718; x_wconf 91' lang='lat' dir='ltr'><strong>cum</strong></span> <span class='ocrx_word' id='word_1_205' title='bbox 1615 2663 1723 2720; x_wconf 91' lang='lat' dir='ltr'><strong>illis</strong></span> <span class='ocrx_word' id='word_1_206' title='bbox 1743 2681 1884 2738; x_wconf 91' lang='lat' dir='ltr'><strong>quos</strong></span> <span class='ocrx_word' id='word_1_207' title='bbox 1909 2668 2148 2738; x_wconf 91' lang='lat' dir='ltr'><strong>reperire</strong></span> 
     </span>
    </p>
   </div>
   <div class='ocr_carea' id='block_1_28' title="bbox 552 2733 2144 2830">
    <p class='ocr_par' dir='ltr' id='par_1_28' title="bbox 552 2733 2144 2830">
     <span class='ocr_line' id='line_1_28' title="bbox 552 2733 2144 2830; baseline 0.011 -30"><span class='ocrx_word' id='word_1_208' title='bbox 552 2733 734 2816; x_wconf 77' lang='lat' dir='ltr'><strong>potuit</strong></span> <span class='ocrx_word' id='word_1_209' title='bbox 755 2748 824 2803; x_wconf 91' lang='lat' dir='ltr'><strong>ad</strong></span> <span class='ocrx_word' id='word_1_210' title='bbox 861 2764 1024 2805; x_wconf 89' lang='lat' dir='ltr'><strong>suum</strong></span> <span class='ocrx_word' id='word_1_211' title='bbox 1063 2761 1405 2809; x_wconf 88' lang='lat' dir='ltr'><strong>reverterunt</strong></span> <span class='ocrx_word' id='word_1_212' title='bbox 1429 2756 1730 2814; x_wconf 82' lang='lat' dir='ltr'><strong>exercitum</strong></span> <span class='ocrx_word' id='word_1_213' title='bbox 1750 2733 1777 2826; x_wconf 31' lang='grc' dir='ltr'><strong>,ν</strong></span> <span class='ocrx_word' id='word_1_214' title='bbox 1800 2761 1926 2830; x_wconf 89' lang='lat' dir='ltr'><strong>plus</strong></span> <span class='ocrx_word' id='word_1_215' title='bbox 1982 2761 2144 2818; x_wconf 89' lang='lat' dir='ltr'><strong>vacui</strong></span> 
     </span>
    </p>
   </div>
   <div class='ocr_carea' id='block_1_29' title="bbox 551 2840 2148 2922">
    <p class='ocr_par' dir='ltr' id='par_1_29' title="bbox 551 2840 2148 2922">
     <span class='ocr_line' id='line_1_29' title="bbox 551 2840 2148 2922; baseline 0.011 -30"><span class='ocrx_word' id='word_1_216' title='bbox 551 2855 720 2908; x_wconf 90' lang='lat' dir='ltr'><strong>quam</strong></span> <span class='ocrx_word' id='word_1_217' title='bbox 773 2842 980 2898; x_wconf 91' lang='lat' dir='ltr'><strong>onusti.</strong></span> <span class='ocrx_word' id='word_1_218' title='bbox 1029 2840 1290 2902; x_wconf 80' lang='lat' dir='ltr'><strong>Videntes</strong></span> <span class='ocrx_word' id='word_1_219' title='bbox 1339 2855 1522 2903; x_wconf 91' lang='lat' dir='ltr'><strong>autem</strong></span> <span class='ocrx_word' id='word_1_220' title='bbox 1576 2848 1681 2906; x_wconf 94' lang='lat' dir='ltr'><strong>hoc</strong></span> <span class='ocrx_word' id='word_1_221' title='bbox 1739 2851 2039 2922; x_wconf 77' lang='lat' dir='ltr'><strong>Ilermenii,</strong></span> <span class='ocrx_word' id='word_1_222' title='bbox 2093 2863 2148 2910; x_wconf 90' lang='lat' dir='ltr'><strong>et</strong></span> 
     </span>
    </p>
   </div>
   <div class='ocr_carea' id='block_1_30' title="bbox 559 2926 2147 3014">
    <p class='ocr_par' dir='ltr' id='par_1_30' title="bbox 559 2926 2147 3014">
     <span class='ocr_line' id='line_1_30' title="bbox 559 2926 2147 3014; baseline 0.01 -32"><span class='ocrx_word' id='word_1_223' title='bbox 559 2926 874 2999; x_wconf 90' lang='lat' dir='ltr'><strong>Sarraccni,</strong></span> <span class='ocrx_word' id='word_1_224' title='bbox 924 2941 979 2988; x_wconf 89' lang='lat' dir='ltr'><strong>et</strong></span> <span class='ocrx_word' id='word_1_225' title='bbox 1029 2932 1226 3004; x_wconf 72' lang='lat' dir='ltr'><strong>Grazci,</strong></span> <span class='ocrx_word' id='word_1_226' title='bbox 1279 2937 1424 3007; x_wconf 90' lang='lat' dir='ltr'><strong>quod</strong></span> <span class='ocrx_word' id='word_1_227' title='bbox 1475 2939 1650 2996; x_wconf 77' lang='lat' dir='ltr'><strong>nostri</strong></span> <span class='ocrx_word' id='word_1_228' title='bbox 1704 2943 1925 3014; x_wconf 89' lang='lat' dir='ltr'><strong>penitus</strong></span> <span class='ocrx_word' id='word_1_229' title='bbox 1984 2943 2147 2999; x_wconf 88' lang='lat' dir='ltr'><strong>vacui</strong></span> 
     </span>
    </p>
   </div>
   <div class='ocr_carea' id='block_1_31' title="bbox 551 3023 2144 3102">
    <p class='ocr_par' dir='ltr' id='par_1_31' title="bbox 551 3023 2144 3102">
     <span class='ocr_line' id='line_1_31' title="bbox 551 3023 2144 3102; baseline 0.009 -24"><span class='ocrx_word' id='word_1_230' title='bbox 551 3023 849 3081; x_wconf 86' lang='lat' dir='ltr'><strong>rediisscnt</strong></span> <span class='ocrx_word' id='word_1_231' title='bbox 867 3067 883 3094; x_wconf 88' lang='lat'><strong>,</strong></span> <span class='ocrx_word' id='word_1_232' title='bbox 908 3027 1153 3099; x_wconf 91' lang='lat' dir='ltr'><strong>nihilque</strong></span> <span class='ocrx_word' id='word_1_233' title='bbox 1182 3044 1371 3086; x_wconf 87' lang='lat' dir='ltr'><strong>secum</strong></span> <span class='ocrx_word' id='word_1_234' title='bbox 1398 3031 1720 3102; x_wconf 63' lang='lat' dir='ltr'><strong>idcferrent,</strong></span> <span class='ocrx_word' id='word_1_235' title='bbox 1766 3037 2041 3094; x_wconf 90' lang='lat' dir='ltr'><strong>consiliati</strong></span> <span class='ocrx_word' id='word_1_236' title='bbox 2084 3038 2144 3093; x_wconf 89' lang='lat' dir='ltr'><strong>in</strong></span> 
     </span>
    </p>
   </div>
   <div class='ocr_carea' id='block_1_32' title="bbox 531 3119 2188 3201">
    <p class='ocr_par' dir='ltr' id='par_1_32' title="bbox 531 3119 2188 3201">
     <span class='ocr_line' id='line_1_32' title="bbox 531 3119 2188 3201; baseline 0.01 -28"><span class='ocrx_word' id='word_1_237' title='bbox 531 3133 727 3174; x_wconf 59' lang='lat' dir='ltr'><strong>alnum</strong></span> <span class='ocrx_word' id='word_1_238' title='bbox 777 3119 1004 3178; x_wconf 88' lang='lat' dir='ltr'><strong>abibant</strong></span> <span class='ocrx_word' id='word_1_239' title='bbox 1049 3138 1147 3193; x_wconf 89' lang='lat' dir='ltr'><strong>per</strong></span> <span class='ocrx_word' id='word_1_240' title='bbox 1197 3133 1562 3196; x_wconf 88' lang='lat' dir='ltr'><strong>montaneas,</strong></span> <span class='ocrx_word' id='word_1_241' title='bbox 1599 3138 1654 3184; x_wconf 90' lang='lat' dir='ltr'><strong>et</strong></span> <span class='ocrx_word' id='word_1_242' title='bbox 1699 3131 1952 3201; x_wconf 83' lang='lat' dir='ltr'><strong>praescita</strong></span> <span class='ocrx_word' id='word_1_243' title='bbox 2001 3132 2143 3200; x_wconf 89' lang='lat' dir='ltr'><strong>loca,</strong></span> <span class='ocrx_word' id='word_1_244' title='bbox 2181 3120 2188 3126; x_wconf 68' lang='grc'><strong>’</strong></span> 
     </span>
    </p>
   </div>
   <div class='ocr_carea' id='block_1_33' title="bbox 555 3211 2218 3311">
    <p class='ocr_par' dir='ltr' id='par_1_33' title="bbox 555 3211 2218 3311">
     <span class='ocr_line' id='line_1_33' title="bbox 555 3211 2218 3311; baseline 0.008 -45"><span class='ocrx_word' id='word_1_245' title='bbox 555 3211 836 3268; x_wconf 76' lang='lat' dir='ltr'><strong>subtiliter</strong></span> <span class='ocrx_word' id='word_1_246' title='bbox 857 3211 1198 3284; x_wconf 85' lang='lat' dir='ltr'><strong>inquirentes</strong></span> <span class='ocrx_word' id='word_1_247' title='bbox 1218 3225 1272 3272; x_wconf 91' lang='lat' dir='ltr'><strong>et</strong></span> <span class='ocrx_word' id='word_1_248' title='bbox 1295 3227 1540 3277; x_wconf 88' lang='lat' dir='ltr'><strong>ementes</strong></span> <span class='ocrx_word' id='word_1_249' title='bbox 1564 3219 1923 3291; x_wconf 86' lang='lat' dir='ltr'><strong>frumentum,</strong></span> <span class='ocrx_word' id='word_1_250' title='bbox 1941 3232 1998 3280; x_wconf 93' lang='lat' dir='ltr'><strong>et</strong></span> <span class='ocrx_word' id='word_1_251' title='bbox 2023 3239 2148 3280; x_wconf 87' lang='lat' dir='ltr'><strong>cor-</strong></span> 
     </span>
    </p>
   </div>
   <div class='ocr_carea' id='block_1_34' title="bbox 497 3304 2143 3389">
    <p class='ocr_par' dir='ltr' id='par_1_34' title="bbox 497 3304 2143 3389">
     <span class='ocr_line' id='line_1_34' title="bbox 497 3304 2143 3389; baseline 0.009 -30"><span class='ocrx_word' id='word_1_252' title='bbox 497 3363 500 3371; x_wconf 59' lang='grc'><strong><em>,</em></strong></span> <span class='ocrx_word' id='word_1_253' title='bbox 533 3317 722 3374; x_wconf 77' lang='lat' dir='ltr'><strong>.porea</strong></span> <span class='ocrx_word' id='word_1_254' title='bbox 749 3304 1032 3375; x_wconf 88' lang='lat' dir='ltr'><strong>alimenta,</strong></span> <span class='ocrx_word' id='word_1_255' title='bbox 1063 3317 1192 3380; x_wconf 59' lang='lat' dir='ltr'><strong>qua?</strong></span> <span class='ocrx_word' id='word_1_256' title='bbox 1211 3309 1279 3366; x_wconf 88' lang='lat' dir='ltr'><strong>ad</strong></span> <span class='ocrx_word' id='word_1_257' title='bbox 1304 3311 1519 3368; x_wconf 86' lang='lat' dir='ltr'><strong>hostem</strong></span> <span class='ocrx_word' id='word_1_258' title='bbox 1547 3312 1886 3385; x_wconf 87' lang='lat' dir='ltr'><strong>deferebant,</strong></span> <span class='ocrx_word' id='word_1_259' title='bbox 1925 3317 1981 3372; x_wconf 90' lang='lat' dir='ltr'><strong>in</strong></span> <span class='ocrx_word' id='word_1_260' title='bbox 2031 3333 2143 3389; x_wconf 89' lang='lat' dir='ltr'><strong>quo</strong></span> 
     </span>
    </p>
   </div>
   <div class='ocr_carea' id='block_1_35' title="bbox 537 3396 2146 3470">
    <p class='ocr_par' dir='ltr' id='par_1_35' title="bbox 537 3396 2146 3470">
     <span class='ocr_line' id='line_1_35' title="bbox 537 3396 2146 3470; baseline 0.009 -18"><span class='ocrx_word' id='word_1_261' title='bbox 537 3396 733 3454; x_wconf 80' lang='lat' dir='ltr'><strong>fames</strong></span> <span class='ocrx_word' id='word_1_262' title='bbox 757 3407 875 3454; x_wconf 89' lang='lat' dir='ltr'><strong>erat</strong></span> <span class='ocrx_word' id='word_1_263' title='bbox 905 3399 1200 3470; x_wconf 90' lang='lat' dir='ltr'><strong>immensa,</strong></span> <span class='ocrx_word' id='word_1_264' title='bbox 1225 3411 1280 3458; x_wconf 90' lang='lat' dir='ltr'><strong>et</strong></span> <span class='ocrx_word' id='word_1_265' title='bbox 1305 3405 1610 3462; x_wconf 86' lang='lat' dir='ltr'><strong>vendebant</strong></span> <span class='ocrx_word' id='word_1_266' title='bbox 1631 3407 1798 3465; x_wconf 89' lang='lat' dir='ltr'><strong>unius</strong></span> <span class='ocrx_word' id='word_1_267' title='bbox 1831 3409 1976 3465; x_wconf 89' lang='lat' dir='ltr'><strong>asini</strong></span> <span class='ocrx_word' id='word_1_268' title='bbox 2003 3426 2146 3467; x_wconf 90' lang='lat' dir='ltr'><strong>onus</strong></span> 
     </span>
    </p>
   </div>
   <div class='ocr_carea' id='block_1_36' title="bbox 549 3493 2146 3576">
    <p class='ocr_par' dir='ltr' id='par_1_36' title="bbox 549 3493 2146 3576">
     <span class='ocr_line' id='line_1_36' title="bbox 549 3493 2146 3576; baseline 0.008 -29"><span class='ocrx_word' id='word_1_269' title='bbox 549 3499 678 3547; x_wconf 91' lang='lat' dir='ltr'><strong>octo</strong></span> <span class='ocrx_word' id='word_1_270' title='bbox 703 3493 1045 3564; x_wconf 87' lang='lat' dir='ltr'><strong>purpuratis,</strong></span> <span class='ocrx_word' id='word_1_271' title='bbox 1077 3493 1172 3564; x_wconf 90' lang='lat' dir='ltr'><strong>qui</strong></span> <span class='ocrx_word' id='word_1_272' title='bbox 1204 3497 1494 3567; x_wconf 89' lang='lat' dir='ltr'><strong>appretiati</strong></span> <span class='ocrx_word' id='word_1_273' title='bbox 1519 3508 1677 3555; x_wconf 87' lang='lat' dir='ltr'><strong>erant</strong></span> <span class='ocrx_word' id='word_1_274' title='bbox 1701 3510 1922 3558; x_wconf 90' lang='lat' dir='ltr'><strong>centum</strong></span> <span class='ocrx_word' id='word_1_275' title='bbox 1952 3503 2146 3576; x_wconf 81' lang='lat' dir='ltr'><strong>viginti</strong></span> 
     </span>
    </p>
   </div>
   <div class='ocr_carea' id='block_1_37' title="bbox 483 3579 2146 3655">
    <p class='ocr_par' dir='ltr' id='par_1_37' title="bbox 483 3579 2146 3655">
     <span class='ocr_line' id='line_1_37' title="bbox 483 3579 2146 3655; baseline 0.011 -26"><span class='ocrx_word' id='word_1_276' title='bbox 483 3623 486 3628; x_wconf 96' lang='lat'><strong>.</strong></span> <span class='ocrx_word' id='word_1_277' title='bbox 546 3579 905 3636; x_wconf 81' lang='lat' dir='ltr'><strong>denariorum</strong></span> <span class='ocrx_word' id='word_1_278' title='bbox 931 3581 1144 3638; x_wconf 90' lang='lat' dir='ltr'><strong>solidis.</strong></span> <span class='ocrx_word' id='word_1_279' title='bbox 1164 3581 1246 3640; x_wconf 89' lang='lat' dir='ltr'><strong>Ibi</strong></span> <span class='ocrx_word' id='word_1_280' title='bbox 1267 3585 1488 3655; x_wconf 89' lang='lat' dir='ltr'><strong>quidem</strong></span> <span class='ocrx_word' id='word_1_281' title='bbox 1507 3589 1710 3644; x_wconf 91' lang='lat' dir='ltr'><strong>mortui</strong></span> <span class='ocrx_word' id='word_1_282' title='bbox 1742 3583 1966 3648; x_wconf 86' lang='lat' dir='ltr'><strong>fuerunt</strong></span> <span class='ocrx_word' id='word_1_283' title='bbox 1987 3593 2146 3648; x_wconf 89' lang='lat' dir='ltr'><strong>multi</strong></span> 
     </span>
    </p>
   </div>
   <div class='ocr_carea' id='block_1_38' title="bbox 541 3673 2144 3752">
    <p class='ocr_par' dir='ltr' id='par_1_38' title="bbox 541 3673 2144 3752">
     <span class='ocr_line' id='line_1_38' title="bbox 541 3673 2144 3752; baseline 0.009 -26"><span class='ocrx_word' id='word_1_284' title='bbox 541 3686 614 3727; x_wconf 76' lang='lat' dir='ltr'><strong>ex</strong></span> <span class='ocrx_word' id='word_1_285' title='bbox 640 3673 847 3730; x_wconf 89' lang='lat' dir='ltr'><strong>nostris</strong></span> <span class='ocrx_word' id='word_1_286' title='bbox 867 3673 1154 3743; x_wconf 89' lang='lat' dir='ltr'><strong>militibus,</strong></span> <span class='ocrx_word' id='word_1_287' title='bbox 1177 3691 1290 3731; x_wconf 87' lang='lat' dir='ltr'><strong>non</strong></span> <span class='ocrx_word' id='word_1_288' title='bbox 1314 3677 1580 3736; x_wconf 87' lang='lat' dir='ltr'><strong>habentes</strong></span> <span class='ocrx_word' id='word_1_289' title='bbox 1595 3681 1833 3752; x_wconf 85' lang='lat' dir='ltr'><strong>pretium</strong></span> <span class='ocrx_word' id='word_1_290' title='bbox 1867 3683 2144 3741; x_wconf 85' lang='lat' dir='ltr'><strong>unde‘tam</strong></span> 
     </span>
    </p>
   </div>
   <div class='ocr_carea' id='block_1_39' title="bbox 543 3769 1306 3840">
    <p class='ocr_par' dir='ltr' id='par_1_39' title="bbox 543 3769 1306 3840">
     <span class='ocr_line' id='line_1_39' title="bbox 543 3769 1306 3840; baseline 0.008 -21"><span class='ocrx_word' id='word_1_291' title='bbox 543 3779 738 3820; x_wconf 86' lang='lat' dir='ltr'><strong>carum</strong></span> <span class='ocrx_word' id='word_1_292' title='bbox 769 3781 954 3824; x_wconf 90' lang='lat' dir='ltr'><strong>emere</strong></span> <span class='ocrx_word' id='word_1_293' title='bbox 977 3769 1306 3840; x_wconf 66' lang='lat' dir='ltr'><strong>pottﬁssent.</strong></span> 
     </span>
    </p>
   </div>
   <div class='ocr_carea' id='block_1_40' title="bbox 618 3855 2147 3936">
    <p class='ocr_par' dir='ltr' id='par_1_40' title="bbox 618 3855 2147 3936">
     <span class='ocr_line' id='line_1_40' title="bbox 618 3855 2147 3936; baseline 0.011 -27"><span class='ocrx_word' id='word_1_294' title='bbox 618 3855 928 3916; x_wconf 86' lang='lat' dir='ltr'><strong>Willelmus</strong></span> <span class='ocrx_word' id='word_1_295' title='bbox 969 3860 1135 3932; x_wconf 78' lang='lat' dir='ltr'><strong>igitur</strong></span> <span class='ocrx_word' id='word_1_296' title='bbox 1182 3860 1606 3936; x_wconf 86' lang='lat' dir='ltr'><strong>Carpentarius,</strong></span> <span class='ocrx_word' id='word_1_297' title='bbox 1651 3875 1706 3924; x_wconf 92' lang='lat' dir='ltr'><strong>et</strong></span> <span class='ocrx_word' id='word_1_298' title='bbox 1753 3865 1951 3925; x_wconf 89' lang='lat' dir='ltr'><strong>Petrus</strong></span> <span class='ocrx_word' id='word_1_299' title='bbox 2013 3867 2147 3926; x_wconf 88' lang='lat' dir='ltr'><strong>Ere-</strong></span> 
     </span>
    </p>
   </div>
   <div class='ocr_carea' id='block_1_41' title="bbox 537 3947 2176 4034">
    <p class='ocr_par' dir='ltr' id='par_1_41' title="bbox 537 3947 2176 4034">
     <span class='ocr_line' id='line_1_41' title="bbox 537 3947 2176 4034; baseline 0.012 -33"><span class='ocrx_word' id='word_1_300' title='bbox 537 3947 713 4017; x_wconf 83' lang='lat' dir='ltr'><strong>.mita,</strong></span> <span class='ocrx_word' id='word_1_301' title='bbox 757 3964 859 4022; x_wconf 91' lang='lat' dir='ltr'><strong>pro</strong></span> <span class='ocrx_word' id='word_1_302' title='bbox 903 3951 1174 4010; x_wconf 89' lang='lat' dir='ltr'><strong>immensa</strong></span> <span class='ocrx_word' id='word_1_303' title='bbox 1203 3953 1522 4014; x_wconf 83' lang='lat' dir='ltr'><strong>infelicitate</strong></span> <span class='ocrx_word' id='word_1_304' title='bbox 1547 3973 1615 4016; x_wconf 91' lang='lat' dir='ltr'><strong>ac</strong></span> <span class='ocrx_word' id='word_1_305' title='bbox 1669 3959 1893 4017; x_wconf 84' lang='lat' dir='ltr'><strong>miseria</strong></span> <span class='ocrx_word' id='word_1_306' title='bbox 1919 3977 2059 4034; x_wconf 89' lang='lat' dir='ltr'><strong>quas</strong></span> <span class='ocrx_word' id='word_1_307' title='bbox 2089 3958 2176 4019; x_wconf 35' lang='lat' dir='ltr'><strong>in‘</strong></span> 
     </span>
    </p>
   </div>
   <div class='ocr_carea' id='block_1_42' title="bbox 477 4042 2141 4117">
    <p class='ocr_par' dir='ltr' id='par_1_42' title="bbox 477 4042 2141 4117">
     <span class='ocr_line' id='line_1_42' title="bbox 477 4042 2141 4117; baseline 0.008 -19"><span class='ocrx_word' id='word_1_308' title='bbox 477 4095 481 4098; x_wconf 85' lang='lat'><strong>.</strong></span> <span class='ocrx_word' id='word_1_309' title='bbox 547 4053 610 4094; x_wconf 83' lang='lat' dir='ltr'><strong>se</strong></span> <span class='ocrx_word' id='word_1_310' title='bbox 637 4042 915 4116; x_wconf 87' lang='lat' dir='ltr'><strong>sciebant,</strong></span> <span class='ocrx_word' id='word_1_311' title='bbox 937 4043 1166 4102; x_wconf 90' lang='lat' dir='ltr'><strong>insimul</strong></span> <span class='ocrx_word' id='word_1_312' title='bbox 1183 4049 1459 4104; x_wconf 90' lang='lat' dir='ltr'><strong>consiliati</strong></span> <span class='ocrx_word' id='word_1_313' title='bbox 1479 4091 1492 4117; x_wconf 92' lang='lat'><strong>,</strong></span> <span class='ocrx_word' id='word_1_314' title='bbox 1519 4050 1750 4108; x_wconf 86' lang='lat' dir='ltr'><strong>latenter</strong></span> <span class='ocrx_word' id='word_1_315' title='bbox 1773 4064 2141 4111; x_wconf 91' lang='lat' dir='ltr'><strong>recesserunt.</strong></span> 
     </span>
    </p>
   </div>
   <div class='ocr_carea' id='block_1_43' title="bbox 475 4131 2146 4220">
    <p class='ocr_par' dir='ltr' id='par_1_43' title="bbox 475 4131 2146 4220">
     <span class='ocr_line' id='line_1_43' title="bbox 475 4131 2146 4220; baseline 0.012 -34"><span class='ocrx_word' id='word_1_316' title='bbox 475 4180 482 4186; x_wconf 89' lang='lat'><strong>.</strong></span> <span class='ocrx_word' id='word_1_317' title='bbox 549 4131 702 4197; x_wconf 88' lang='lat' dir='ltr'><strong>Quos</strong></span> <span class='ocrx_word' id='word_1_318' title='bbox 724 4133 1039 4194; x_wconf 89' lang='lat' dir='ltr'><strong>Tancredus</strong></span> <span class='ocrx_word' id='word_1_319' title='bbox 1062 4153 1421 4212; x_wconf 88' lang='lat' dir='ltr'><strong>persequens,</strong></span> <span class='ocrx_word' id='word_1_320' title='bbox 1443 4145 1799 4214; x_wconf 89' lang='lat' dir='ltr'><strong>apprehendit</strong></span> <span class='ocrx_word' id='word_1_321' title='bbox 1845 4162 2146 4220; x_wconf 90' lang='lat' dir='ltr'><strong>secumque</strong></span> 
     </span>
    </p>
   </div>
   <div class='ocr_carea' id='block_1_44' title="bbox 550 4225 2148 4303">
    <p class='ocr_par' dir='ltr' id='par_1_44' title="bbox 550 4225 2148 4303">
     <span class='ocr_line' id='line_1_44' title="bbox 550 4225 2148 4303; baseline 0.012 -24"><span class='ocrx_word' id='word_1_322' title='bbox 550 4225 708 4281; x_wconf 87' lang='lat' dir='ltr'><strong>duxit</strong></span> <span class='ocrx_word' id='word_1_323' title='bbox 767 4243 895 4284; x_wconf 88' lang='lat' dir='ltr'><strong>cum</strong></span> <span class='ocrx_word' id='word_1_324' title='bbox 943 4245 1144 4302; x_wconf 82' lang='lat' dir='ltr'><strong>magno</strong></span> <span class='ocrx_word' id='word_1_325' title='bbox 1187 4232 1478 4303; x_wconf 85' lang='lat' dir='ltr'><strong>dedecore,</strong></span> <span class='ocrx_word' id='word_1_326' title='bbox 1537 4244 1592 4292; x_wconf 91' lang='lat' dir='ltr'><strong>et</strong></span> <span class='ocrx_word' id='word_1_327' title='bbox 1643 4237 1807 4294; x_wconf 77' lang='lat' dir='ltr'><strong>fidem</strong></span> <span class='ocrx_word' id='word_1_328' title='bbox 1870 4239 1946 4296; x_wconf 92' lang='lat' dir='ltr'><strong>illi</strong></span> <span class='ocrx_word' id='word_1_329' title='bbox 1996 4242 2148 4298; x_wconf 89' lang='lat' dir='ltr'><strong>dedit</strong></span> 
     </span>
    </p>
   </div>
   <div class='ocr_carea' id='block_1_45' title="bbox 552 4316 2172 4403">
    <p class='ocr_par' dir='ltr' id='par_1_45' title="bbox 552 4316 2172 4403">
     <span class='ocr_line' id='line_1_45' title="bbox 552 4316 2172 4403; baseline 0.014 -33"><span class='ocrx_word' id='word_1_330' title='bbox 552 4316 890 4388; x_wconf 85' lang='lat' dir='ltr'><strong>Willelmus,</strong></span> <span class='ocrx_word' id='word_1_331' title='bbox 921 4324 1066 4393; x_wconf 90' lang='lat' dir='ltr'><strong>quod</strong></span> <span class='ocrx_word' id='word_1_332' title='bbox 1103 4323 1334 4382; x_wconf 75' lang='lat' dir='ltr'><strong>libenter</strong></span> <span class='ocrx_word' id='word_1_333' title='bbox 1363 4328 1598 4385; x_wconf 88' lang='lat' dir='ltr'><strong>redisset</strong></span> <span class='ocrx_word' id='word_1_334' title='bbox 1633 4330 1703 4386; x_wconf 92' lang='lat' dir='ltr'><strong>ad</strong></span> <span class='ocrx_word' id='word_1_335' title='bbox 1726 4332 2059 4403; x_wconf 85' lang='lat' dir='ltr'><strong>exercitum,</strong></span> <span class='ocrx_word' id='word_1_336' title='bbox 2093 4322 2172 4392; x_wconf 37' lang='lat' dir='ltr'><strong>et-</strong></span> 
     </span>
    </p>
   </div>
   <div class='ocr_carea' id='block_1_46' title="bbox 550 4412 2168 4499">
    <p class='ocr_par' dir='ltr' id='par_1_46' title="bbox 550 4412 2168 4499">
     <span class='ocr_line' id='line_1_46' title="bbox 550 4412 2168 4499; baseline 0.008 -27"><span class='ocrx_word' id='word_1_337' title='bbox 550 4412 984 4472; x_wconf 86' lang='lat' dir='ltr'><strong>satisfactionem</strong></span> <span class='ocrx_word' id='word_1_338' title='bbox 1046 4418 1360 4478; x_wconf 87' lang='lat' dir='ltr'><strong>senioribus</strong></span> <span class='ocrx_word' id='word_1_339' title='bbox 1422 4420 1642 4478; x_wconf 87' lang='lat' dir='ltr'><strong>faceret.</strong></span> <span class='ocrx_word' id='word_1_340' title='bbox 1705 4423 1843 4480; x_wconf 88' lang='lat' dir='ltr'><strong>Tota</strong></span> <span class='ocrx_word' id='word_1_341' title='bbox 1907 4429 2168 4499; x_wconf 78' lang='lat' dir='ltr'><strong>namque</strong></span> 
     </span>
    </p>
   </div>
   <div class='ocr_carea' id='block_1_47' title="bbox 549 4507 2166 4591">
    <p class='ocr_par' dir='ltr' id='par_1_47' title="bbox 549 4507 2166 4591">
     <span class='ocr_line' id='line_1_47' title="bbox 549 4507 2166 4591; baseline 0.009 -28"><span class='ocrx_word' id='word_1_342' title='bbox 549 4516 746 4576; x_wconf 86' lang='lat' dir='ltr'><strong>nocte,</strong></span> <span class='ocrx_word' id='word_1_343' title='bbox 787 4507 866 4564; x_wconf 88' lang='lat' dir='ltr'><strong>uti</strong></span> <span class='ocrx_word' id='word_1_344' title='bbox 916 4509 1060 4566; x_wconf 87' lang='lat' dir='ltr'><strong>mala</strong></span> <span class='ocrx_word' id='word_1_345' title='bbox 1103 4527 1219 4580; x_wconf 89' lang='lat' dir='ltr'><strong>res,</strong></span> <span class='ocrx_word' id='word_1_346' title='bbox 1284 4513 1339 4569; x_wconf 91' lang='lat' dir='ltr'><strong>in</strong></span> <span class='ocrx_word' id='word_1_347' title='bbox 1393 4515 1554 4571; x_wconf 89' lang='lat' dir='ltr'><strong>tenda</strong></span> <span class='ocrx_word' id='word_1_348' title='bbox 1608 4514 1914 4574; x_wconf 87' lang='lat' dir='ltr'><strong>Boamundi</strong></span> <span class='ocrx_word' id='word_1_349' title='bbox 1949 4509 2166 4591; x_wconf 14' lang='lat' dir='ltr'><strong>jacuit.’</strong></span> 
     </span>
    </p>
   </div>
   <div class='ocr_carea' id='block_1_48' title="bbox 547 4598 3702 4674">
    <p class='ocr_par' dir='ltr' id='par_1_48' title="bbox 547 4598 3702 4674">
     <span class='ocr_line' id='line_1_48' title="bbox 547 4598 3702 4674; baseline 0.002 -18"><span class='ocrx_word' id='word_1_350' title='bbox 547 4599 804 4657; x_wconf 85' lang='lat' dir='ltr'><strong>Crastina</strong></span> <span class='ocrx_word' id='word_1_351' title='bbox 852 4611 1034 4660; x_wconf 88' lang='lat' dir='ltr'><strong>autem</strong></span> <span class='ocrx_word' id='word_1_352' title='bbox 1071 4604 1160 4661; x_wconf 89' lang='lat' dir='ltr'><strong>die</strong></span> <span class='ocrx_word' id='word_1_353' title='bbox 1211 4621 1430 4664; x_wconf 88' lang='lat' dir='ltr'><strong>summo</strong></span> <span class='ocrx_word' id='word_1_354' title='bbox 1469 4607 1715 4665; x_wconf 91' lang='lat' dir='ltr'><strong>diluculo</strong></span> <span class='ocrx_word' id='word_1_355' title='bbox 1753 4611 1904 4667; x_wconf 88' lang='lat' dir='ltr'><strong>venit</strong></span> <span class='ocrx_word' id='word_1_356' title='bbox 1943 4613 2141 4669; x_wconf 88' lang='lat' dir='ltr'><strong>crube-</strong></span> <span class='ocrx_word' id='word_1_357' title='bbox 2175 4613 2223 4674; x_wconf 83' lang='grc' dir='ltr'><strong>ἰ)</strong></span> <span class='ocrx_word' id='word_1_358' title='bbox 2249 4603 2503 4674; x_wconf 71' lang='lat' dir='ltr'><strong>gustabat</strong></span> <span class='ocrx_word' id='word_1_359' title='bbox 2547 4618 2650 4659; x_wconf 81' lang='grc' dir='ltr'><strong>ηοὸ</strong></span> <span class='ocrx_word' id='word_1_360' title='bbox 2700 4603 2940 4660; x_wconf 81' lang='lat' dir='ltr'><strong>crudelis</strong></span> <span class='ocrx_word' id='word_1_361' title='bbox 2987 4602 3166 4660; x_wconf 76' lang='lat' dir='ltr'><strong>fames</strong></span> <span class='ocrx_word' id='word_1_362' title='bbox 3217 4604 3274 4658; x_wconf 85' lang='lat' dir='ltr'><strong>ill</strong></span> <span class='ocrx_word' id='word_1_363' title='bbox 3319 4603 3434 4658; x_wconf 67' lang='grc' dir='ltr'><strong>θῦε-</strong></span> <span class='ocrx_word' id='word_1_364' title='bbox 3458 4598 3702 4652; x_wconf 55' lang='grc' dir='ltr'><strong>Εηιηππθ</strong></span> 
     </span>
    </p>
   </div>
   <div class='ocr_carea' id='block_1_49' title="bbox 539 4695 2148 4776">
    <p class='ocr_par' dir='ltr' id='par_1_49' title="bbox 539 4695 2148 4776">
     <span class='ocr_line' id='line_1_49' title="bbox 539 4695 2148 4776; baseline 0.006 -24"><span class='ocrx_word' id='word_1_365' title='bbox 539 4695 754 4752; x_wconf 81' lang='lat' dir='ltr'><strong>scendo</strong></span> <span class='ocrx_word' id='word_1_366' title='bbox 777 4704 904 4752; x_wconf 88' lang='lat' dir='ltr'><strong>ante</strong></span> <span class='ocrx_word' id='word_1_367' title='bbox 927 4695 1233 4755; x_wconf 87' lang='lat' dir='ltr'><strong>Boamundi</strong></span> <span class='ocrx_word' id='word_1_368' title='bbox 1263 4701 1632 4771; x_wconf 86' lang='lat' dir='ltr'><strong>praesentiam.</strong></span> <span class='ocrx_word' id='word_1_369' title='bbox 1663 4702 1836 4770; x_wconf 87' lang='lat' dir='ltr'><strong>Quem</strong></span> <span class='ocrx_word' id='word_1_370' title='bbox 1859 4705 2148 4776; x_wconf 89' lang='lat' dir='ltr'><strong>alloquens</strong></span> 
     </span>
    </p>
   </div>
   <div class='ocr_carea' id='block_1_50' title="bbox 546 4785 2148 4857">
    <p class='ocr_par' dir='ltr' id='par_1_50' title="bbox 546 4785 2148 4857">
     <span class='ocr_line' id='line_1_50' title="bbox 546 4785 2148 4857; baseline 0.008 -14"><span class='ocrx_word' id='word_1_371' title='bbox 546 4785 934 4857; x_wconf 80' lang='lat' dir='ltr'><strong>Boamundus,</strong></span> <span class='ocrx_word' id='word_1_372' title='bbox 995 4789 1136 4846; x_wconf 78' lang='lat' dir='ltr'><strong>dixit</strong></span> <span class='ocrx_word' id='word_1_373' title='bbox 1183 4810 1196 4846; x_wconf 90' lang='lat'>:</span> <span class='ocrx_word' id='word_1_374' title='bbox 1248 4811 1266 4845; x_wconf 73' lang='grc' dir='ltr'><strong><em>ι</em></strong></span> <span class='ocrx_word' id='word_1_375' title='bbox 1301 4790 1347 4848; x_wconf 90' lang='lat'><strong>0</strong></span> <span class='ocrx_word' id='word_1_376' title='bbox 1404 4793 1595 4851; x_wconf 76' lang='lat' dir='ltr'><strong>infelix</strong></span> <span class='ocrx_word' id='word_1_377' title='bbox 1669 4794 1897 4853; x_wconf 91' lang='lat' dir='ltr'><strong>infamia</strong></span> <span class='ocrx_word' id='word_1_378' title='bbox 1979 4799 2148 4856; x_wconf 89' lang='lat' dir='ltr'><strong>totius</strong></span> 
     </span>
    </p>
   </div>
   <div class='ocr_carea' id='block_1_51' title="bbox 544 4878 2140 4962">
    <p class='ocr_par' dir='ltr' id='par_1_51' title="bbox 544 4878 2140 4962">
     <span class='ocr_line' id='line_1_51' title="bbox 544 4878 2140 4962; baseline 0.008 -28"><span class='ocrx_word' id='word_1_379' title='bbox 544 4878 822 4938; x_wconf 61' lang='lat' dir='ltr'><strong>Francia!</strong></span> <span class='ocrx_word' id='word_1_380' title='bbox 844 4897 880 4938; x_wconf 89' lang='lat'><strong>0</strong></span> <span class='ocrx_word' id='word_1_381' title='bbox 915 4881 1156 4942; x_wconf 84' lang='lat' dir='ltr'><strong>dedecus</strong></span> <span class='ocrx_word' id='word_1_382' title='bbox 1179 4894 1234 4942; x_wconf 93' lang='lat' dir='ltr'><strong>et</strong></span> <span class='ocrx_word' id='word_1_383' title='bbox 1277 4885 1458 4943; x_wconf 89' lang='lat' dir='ltr'><strong>scelus</strong></span> <span class='ocrx_word' id='word_1_384' title='bbox 1483 4887 1782 4945; x_wconf 86' lang='lat' dir='ltr'><strong>Galliarum</strong></span> <span class='ocrx_word' id='word_1_385' title='bbox 1810 4891 2140 4962; x_wconf 67' lang='lat' dir='ltr'><strong>provinciae!</strong></span> 
     </span>
    </p>
   </div>
   <div class='ocr_carea' id='block_1_52' title="bbox 544 4970 2146 5050">
    <p class='ocr_par' dir='ltr' id='par_1_52' title="bbox 544 4970 2146 5050">
     <span class='ocr_line' id='line_1_52' title="bbox 544 4970 2146 5050; baseline 0.011 -27"><span class='ocrx_word' id='word_1_386' title='bbox 544 4970 1034 5043; x_wconf 87' lang='lat' dir='ltr'><strong>etoiniquissime</strong></span> <span class='ocrx_word' id='word_1_387' title='bbox 1077 4976 1324 5033; x_wconf 90' lang='lat' dir='ltr'><strong>omnium</strong></span> <span class='ocrx_word' id='word_1_388' title='bbox 1385 4994 1528 5050; x_wconf 91' lang='lat' dir='ltr'><strong>quos</strong></span> <span class='ocrx_word' id='word_1_389' title='bbox 1581 4987 1728 5037; x_wconf 88' lang='lat' dir='ltr'><strong>terra</strong></span> <span class='ocrx_word' id='word_1_390' title='bbox 1769 4981 1989 5039; x_wconf 83' lang='lat' dir='ltr'><strong>suffert!</strong></span> <span class='ocrx_word' id='word_1_391' title='bbox 2044 5001 2146 5042; x_wconf 91' lang='lat' dir='ltr'><strong>cur</strong></span> 
     </span>
    </p>
   </div>
   <div class='ocr_carea' id='block_1_53' title="bbox 543 5063 2156 5147">
    <p class='ocr_par' dir='ltr' id='par_1_53' title="bbox 543 5063 2156 5147">
     <span class='ocr_line' id='line_1_53' title="bbox 543 5063 2156 5147; baseline 0.013 -34"><span class='ocrx_word' id='word_1_392' title='bbox 543 5067 658 5115; x_wconf 84' lang='lat' dir='ltr'><strong>tam</strong></span> <span class='ocrx_word' id='word_1_393' title='bbox 693 5063 927 5133; x_wconf 86' lang='lat' dir='ltr'><strong>turpiter</strong></span> <span class='ocrx_word' id='word_1_394' title='bbox 960 5064 1180 5139; x_wconf 75' lang='lat' dir='ltr'><strong>fugisti?</strong></span> <span class='ocrx_word' id='word_1_395' title='bbox 1217 5068 1472 5126; x_wconf 87' lang='lat' dir='ltr'><strong>Forsitan</strong></span> <span class='ocrx_word' id='word_1_396' title='bbox 1496 5081 1719 5144; x_wconf 90' lang='lat' dir='ltr'><strong>propter</strong></span> <span class='ocrx_word' id='word_1_397' title='bbox 1755 5073 1861 5130; x_wconf 91' lang='lat' dir='ltr'><strong>hoc</strong></span> <span class='ocrx_word' id='word_1_398' title='bbox 1898 5069 2156 5147; x_wconf 50' lang='lat' dir='ltr'><strong>nequam&#39;</strong></span> 
     </span>
    </p>
   </div>
   <div class='ocr_carea' id='block_1_54' title="bbox 547 5151 2160 5238">
    <p class='ocr_par' dir='ltr' id='par_1_54' title="bbox 547 5151 2160 5238">
     <span class='ocr_line' id='line_1_54' title="bbox 547 5151 2160 5238; baseline 0.012 -33"><span class='ocrx_word' id='word_1_399' title='bbox 547 5151 768 5211; x_wconf 89' lang='lat' dir='ltr'><strong>voluisti</strong></span> <span class='ocrx_word' id='word_1_400' title='bbox 795 5157 1010 5216; x_wconf 87' lang='lat' dir='ltr'><strong>tradere</strong></span> <span class='ocrx_word' id='word_1_401' title='bbox 1036 5161 1136 5217; x_wconf 91' lang='lat' dir='ltr'><strong>hos</strong></span> <span class='ocrx_word' id='word_1_402' title='bbox 1170 5163 1373 5220; x_wconf 70' lang='lat' dir='ltr'><strong>milites</strong></span> <span class='ocrx_word' id='word_1_403' title='bbox 1395 5204 1410 5230; x_wconf 94' lang='lat'><strong>,</strong></span> <span class='ocrx_word' id='word_1_404' title='bbox 1447 5173 1503 5220; x_wconf 91' lang='lat' dir='ltr'><strong>et</strong></span> <span class='ocrx_word' id='word_1_405' title='bbox 1547 5167 1851 5223; x_wconf 81' lang='lat' dir='ltr'><strong>exercitum</strong></span> <span class='ocrx_word' id='word_1_406' title='bbox 1895 5167 2160 5238; x_wconf 76' lang='lat' dir='ltr'><strong>Christi,</strong></span> 
     </span>
    </p>
   </div>
   <div class='ocr_carea' id='block_1_55' title="bbox 548 5241 2134 5330">
    <p class='ocr_par' dir='ltr' id='par_1_55' title="bbox 548 5241 2134 5330">
     <span class='ocr_line' id='line_1_55' title="bbox 548 5241 2134 5330; baseline 0.014 -34"><span class='ocrx_word' id='word_1_407' title='bbox 548 5241 693 5300; x_wconf 89' lang='lat' dir='ltr'><strong>sicut</strong></span> <span class='ocrx_word' id='word_1_408' title='bbox 745 5249 1017 5308; x_wconf 83' lang='lat' dir='ltr'><strong>tradidisti</strong></span> <span class='ocrx_word' id='word_1_409' title='bbox 1061 5253 1198 5312; x_wconf 85' lang='lat' dir='ltr'><strong>alios</strong></span> <span class='ocrx_word' id='word_1_410' title='bbox 1244 5255 1297 5311; x_wconf 92' lang='lat' dir='ltr'><strong>in</strong></span> <span class='ocrx_word' id='word_1_411' title='bbox 1349 5255 1693 5330; x_wconf 64' lang='lat' dir='ltr'><strong>Hispania?»</strong></span> <span class='ocrx_word' id='word_1_412' title='bbox 1745 5259 1852 5327; x_wconf 87' lang='lat' dir='ltr'><strong>Qui</strong></span> <span class='ocrx_word' id='word_1_413' title='bbox 1906 5261 2134 5318; x_wconf 89' lang='lat' dir='ltr'><strong>omnino</strong></span> 
     </span>
    </p>
   </div>
   <div class='ocr_carea' id='block_1_56' title="bbox 550 5335 2143 5423">
    <p class='ocr_par' dir='ltr' id='par_1_56' title="bbox 550 5335 2143 5423">
     <span class='ocr_line' id='line_1_56' title="bbox 550 5335 2143 5423; baseline 0.013 -34"><span class='ocrx_word' id='word_1_414' title='bbox 550 5335 751 5407; x_wconf 86' lang='lat' dir='ltr'><strong>tacuit,</strong></span> <span class='ocrx_word' id='word_1_415' title='bbox 783 5349 838 5395; x_wconf 87' lang='lat' dir='ltr'><strong>et</strong></span> <span class='ocrx_word' id='word_1_416' title='bbox 871 5343 1054 5401; x_wconf 88' lang='lat' dir='ltr'><strong>nullus</strong></span> <span class='ocrx_word' id='word_1_417' title='bbox 1076 5361 1260 5404; x_wconf 88' lang='lat' dir='ltr'><strong>sermo</strong></span> <span class='ocrx_word' id='word_1_418' title='bbox 1288 5363 1354 5405; x_wconf 79' lang='lat' dir='ltr'><strong>ex</strong></span> <span class='ocrx_word' id='word_1_419' title='bbox 1398 5350 1519 5421; x_wconf 82' lang='lat' dir='ltr'><strong>ejus</strong></span> <span class='ocrx_word' id='word_1_420' title='bbox 1547 5367 1642 5408; x_wconf 87' lang='lat' dir='ltr'><strong>ore</strong></span> <span class='ocrx_word' id='word_1_421' title='bbox 1676 5353 1968 5423; x_wconf 90' lang='lat' dir='ltr'><strong>processit.</strong></span> <span class='ocrx_word' id='word_1_422' title='bbox 2023 5354 2065 5408; x_wconf 77' lang='grc' dir='ltr'>Λ</span> <span class='ocrx_word' id='word_1_423' title='bbox 2079 5355 2143 5411; x_wconf 89' lang='lat' dir='ltr'><strong>d-</strong></span> 
     </span>
    </p>
   </div>
   <div class='ocr_carea' id='block_1_57' title="bbox 765 5588 1775 5656">
    <p class='ocr_par' dir='ltr' id='par_1_57' title="bbox 765 5588 1775 5656">
     <span class='ocr_line' id='line_1_57' title="bbox 765 5588 1775 5656; baseline 0.011 -11"><span class='ocrx_word' id='word_1_424' title='bbox 765 5588 907 5647; x_wconf 81' lang='lat' dir='ltr'><strong>latoi-</strong></span> <span class='ocrx_word' id='word_1_425' title='bbox 933 5607 1042 5648; x_wconf 91' lang='lat' dir='ltr'><strong>non</strong></span> <span class='ocrx_word' id='word_1_426' title='bbox 1066 5594 1348 5652; x_wconf 73' lang='lat' dir='ltr'><strong>intelleiit.</strong></span> <span class='ocrx_word' id='word_1_427' title='bbox 1373 5597 1642 5655; x_wconf 89' lang='lat' dir='ltr'><strong>Gallicum</strong></span> <span class='ocrx_word' id='word_1_428' title='bbox 1670 5608 1775 5656; x_wconf 87' lang='lat' dir='ltr'><strong>est.</strong></span> 
     </span>
    </p>
   </div>
   <div class='ocr_carea' id='block_1_58' title="bbox 621 5659 2132 5742">
    <p class='ocr_par' dir='ltr' id='par_1_58' title="bbox 621 5659 2132 5742">
     <span class='ocr_line' id='line_1_58' title="bbox 621 5659 2132 5742; baseline 0.01 -28"><span class='ocrx_word' id='word_1_429' title='bbox 621 5659 725 5735; x_wconf 77' lang='lat'><strong>(7)</strong></span> <span class='ocrx_word' id='word_1_430' title='bbox 744 5660 976 5736; x_wconf 78' lang='lat' dir='ltr'><strong>Tetigus.</strong></span> <span class='ocrx_word' id='word_1_431' title='bbox 1009 5664 1132 5738; x_wconf 83' lang='lat' dir='ltr'><strong>Tyr.</strong></span> <span class='ocrx_word' id='word_1_432' title='bbox 1165 5663 1260 5722; x_wconf 66' lang='lat' dir='ltr'><strong>Ofb.</strong></span> <span class='ocrx_word' id='word_1_433' title='bbox 1289 5683 1328 5723; x_wconf 82' lang='grc' dir='ltr'>ιι</span> <span class='ocrx_word' id='word_1_434' title='bbox 1349 5710 1362 5736; x_wconf 88' lang='grc'><em>,</em></span> <span class='ocrx_word' id='word_1_435' title='bbox 1391 5685 1434 5723; x_wconf 84' lang='lat' dir='ltr'><strong>c.</strong></span> <span class='ocrx_word' id='word_1_436' title='bbox 1463 5669 1561 5738; x_wconf 80' lang='lat' dir='ltr'><strong>ult,</strong></span> <span class='ocrx_word' id='word_1_437' title='bbox 1595 5686 1648 5742; x_wconf 90' lang='lat' dir='ltr'><strong>p.</strong></span> <span class='ocrx_word' id='word_1_438' title='bbox 1682 5671 1816 5740; x_wconf 67' lang='grc'><strong>664,</strong></span> <span class='ocrx_word' id='word_1_439' title='bbox 1848 5673 1939 5729; x_wconf 90' lang='lat' dir='ltr'><strong>ubi</strong></span> <span class='ocrx_word' id='word_1_440' title='bbox 1980 5673 2132 5728; x_wconf 77' lang='lat' dir='ltr'><strong>Tati-</strong></span> 
     </span>
    </p>
   </div>
   <div class='ocr_carea' id='block_1_59' title="bbox 623 5479 3684 5630">
    <p class='ocr_par' dir='ltr' id='par_1_59' title="bbox 623 5499 3684 5630">
     <span class='ocr_line' id='line_1_59' title="bbox 623 5499 3684 5605; baseline 0.005 -32"><span class='ocrx_word' id='word_1_441' title='bbox 623 5514 704 5591; x_wconf 85' lang='lat'><strong>(6)</strong></span> <span class='ocrx_word' id='word_1_442' title='bbox 741 5515 826 5580; x_wconf 79' lang='lat' dir='ltr'><strong>En</strong></span> <span class='ocrx_word' id='word_1_443' title='bbox 859 5519 1037 5590; x_wconf 82' lang='lat' dir='ltr'><strong>épiant</strong></span> <span class='ocrx_word' id='word_1_444' title='bbox 1064 5499 1444 5580; x_wconf 31' lang='lat' dir='ltr'><strong>etme/terebant</strong></span> <span class='ocrx_word' id='word_1_445' title='bbox 1483 5527 1548 5582; x_wconf 85' lang='lat' dir='ltr'><strong>de</strong></span> <span class='ocrx_word' id='word_1_446' title='bbox 1595 5537 1712 5583; x_wconf 78' lang='lat' dir='ltr'><strong>lous</strong></span> <span class='ocrx_word' id='word_1_447' title='bbox 1767 5517 1942 5600; x_wconf 71' lang='lat' dir='ltr'><strong>cdtés,</strong></span> <span class='ocrx_word' id='word_1_448' title='bbox 1980 5532 2127 5605; x_wconf 88' lang='lat' dir='ltr'><strong>quod</strong></span> <span class='ocrx_word' id='word_1_449' title='bbox 2237 5549 2334 5587; x_wconf 83' lang='lat' dir='ltr'><strong>nus</strong></span> <span class='ocrx_word' id='word_1_450' title='bbox 2385 5542 2602 5588; x_wconf 76' lang='lat' dir='ltr'><strong>vocatur</strong></span> <span class='ocrx_word' id='word_1_451' title='bbox 2646 5542 2694 5589; x_wconf 84' lang='lat' dir='ltr'><strong>et</strong></span> <span class='ocrx_word' id='word_1_452' title='bbox 2736 5535 2800 5587; x_wconf 90' lang='lat' dir='ltr'><strong>de</strong></span> <span class='ocrx_word' id='word_1_453' title='bbox 2841 5534 2938 5587; x_wconf 84' lang='lat' dir='ltr'><strong>hoc</strong></span> <span class='ocrx_word' id='word_1_454' title='bbox 2998 5533 3114 5587; x_wconf 85' lang='lat' dir='ltr'><strong>loco</strong></span> <span class='ocrx_word' id='word_1_455' title='bbox 3139 5574 3153 5599; x_wconf 89' lang='lat'><strong>,</strong></span> <span class='ocrx_word' id='word_1_456' title='bbox 3215 5549 3300 5599; x_wconf 83' lang='lat' dir='ltr'><strong>rv,</strong></span> <span class='ocrx_word' id='word_1_457' title='bbox 3348 5548 3390 5585; x_wconf 76' lang='grc' dir='ltr'><strong>ι’.</strong></span> <span class='ocrx_word' id='word_1_458' title='bbox 3429 5524 3514 5585; x_wconf 69' lang='grc'><strong>91.</strong></span> <span class='ocrx_word' id='word_1_459' title='bbox 3547 5530 3586 5586; x_wconf 66' lang='grc' dir='ltr'><strong>Ρη</strong></span> <span class='ocrx_word' id='word_1_460' title='bbox 3614 5501 3684 5559; x_wconf 48' lang='grc' dir='ltr'><strong>δι’</strong></span> 
     </span>
     <span class='ocr_line' id='line_1_60' title="bbox 623 5579 3684 5630; baseline 0 0"><span class='ocrx_word' id='word_1_461' title='bbox 623 5588 907 5630; x_wconf 66' lang='lat' dir='ltr'><strong>rprmlntm-</strong></span> <span class='ocrx_word' id='word_1_462' title='bbox 933 5594 1325 5630; x_wconf 60' lang='lat' dir='ltr'><strong>nnninlnllnirh</strong></span> <span class='ocrx_word' id='word_1_463' title='bbox 1373 5597 1640 5630; x_wconf 68' lang='grc' dir='ltr'><strong>Εηιιςη...νι</strong></span> <span class='ocrx_word' id='word_1_464' title='bbox 1672 5608 1753 5630; x_wconf 67' lang='grc' dir='ltr'><strong>Λα.</strong></span> <span class='ocrx_word' id='word_1_465' title='bbox 2146 5615 2150 5619; x_wconf 70' lang='grc'><strong>›</strong></span> <span class='ocrx_word' id='word_1_466' title='bbox 2240 5603 2391 5630; x_wconf 56' lang='lat' dir='ltr'><strong>qua-</strong></span> <span class='ocrx_word' id='word_1_467' title='bbox 2448 5604 2595 5630; x_wconf 54' lang='grc' dir='ltr'><strong>πλείη.</strong></span> <span class='ocrx_word' id='word_1_468' title='bbox 2658 5606 2718 5630; x_wconf 63' lang='grc' dir='ltr'><strong>Α-</strong></span> <span class='ocrx_word' id='word_1_469' title='bbox 2760 5606 2868 5630; x_wconf 75' lang='grc' dir='ltr'><strong>Α..;ι</strong></span> <span class='ocrx_word' id='word_1_470' title='bbox 2939 5620 2973 5630; x_wconf 80' lang='lat'><strong>..</strong></span> <span class='ocrx_word' id='word_1_471' title='bbox 3014 5604 3115 5630; x_wconf 62' lang='lat'><strong>1.12</strong></span> <span class='ocrx_word' id='word_1_472' title='bbox 3183 5603 3424 5630; x_wconf 51' lang='lat' dir='ltr'><strong>qua...“</strong></span> <span class='ocrx_word' id='word_1_473' title='bbox 3472 5579 3684 5630; x_wconf 45' lang='grc' dir='ltr'><strong>πάλλειν</strong></span> 
     </span>
    </p>
   </div>
   <div class='ocr_carea' id='block_1_60' title="bbox 2146 5586 3684 5747">
    <p class='ocr_par' dir='ltr' id='par_1_60' title="bbox 2146 5586 3684 5747">
     <span class='ocr_line' id='line_1_61' title="bbox 2146 5586 3684 5730; baseline -0.008 -67"><span class='ocrx_word' id='word_1_474' title='bbox 2146 5615 2150 5619; x_wconf 75' lang='grc'><em>’</em></span> <span class='ocrx_word' id='word_1_475' title='bbox 2240 5586 2616 5730; x_wconf 20' lang='grc' dir='ltr'><strong>Ταςὶὅὲιίαἰ-ηι.</strong></span> <span class='ocrx_word' id='word_1_476' title='bbox 2649 5586 2718 5660; x_wconf 59' lang='lat' dir='ltr'><strong>de</strong></span> <span class='ocrx_word' id='word_1_477' title='bbox 2745 5586 2912 5677; x_wconf 60' lang='grc' dir='ltr'><strong>Ᾰσὲις,</strong></span> <span class='ocrx_word' id='word_1_478' title='bbox 2939 5620 2994 5676; x_wconf 90' lang='lat' dir='ltr'><strong>p.</strong></span> <span class='ocrx_word' id='word_1_479' title='bbox 3013 5586 3152 5660; x_wconf 41' lang='lat'><strong>145.,</strong></span> <span class='ocrx_word' id='word_1_480' title='bbox 3183 5586 3444 5675; x_wconf 63' lang='lat' dir='ltr'><strong>Toringus,</strong></span> <span class='ocrx_word' id='word_1_481' title='bbox 3465 5586 3586 5649; x_wconf 61' lang='grc' dir='ltr'><strong>δοκι</strong></span> <span class='ocrx_word' id='word_1_482' title='bbox 3604 5586 3628 5630; x_wconf 64' lang='lat' dir='ltr'><strong><em>L</em></strong></span> <span class='ocrx_word' id='word_1_483' title='bbox 3645 5586 3684 5632; x_wconf 77' lang='grc'><strong>⁸³⁹</strong></span> 
     </span>
     <span class='ocr_line' id='line_1_62' title="bbox 2237 5691 2446 5747; baseline -0.01 -15"><span class='ocrx_word' id='word_1_484' title='bbox 2237 5691 2290 5747; x_wconf 86' lang='lat' dir='ltr'><strong>p.</strong></span> <span class='ocrx_word' id='word_1_485' title='bbox 2433 5716 2446 5730; x_wconf 93' lang='lat'><strong>.</strong></span> 
     </span>
    </p>
   </div>
   <div class='ocr_carea' id='block_1_61' title="bbox 2237 621 3725 707">
    <p class='ocr_par' dir='ltr' id='par_1_61' title="bbox 2237 621 3725 707">
     <span class='ocr_line' id='line_1_63' title="bbox 2237 621 3725 707; baseline 0.007 -32"><span class='ocrx_word' id='word_1_486' title='bbox 2237 630 2504 707; x_wconf 27' lang='lat' dir='ltr'><strong>.‘runtque</strong></span> <span class='ocrx_word' id='word_1_487' title='bbox 2533 622 2812 678; x_wconf 88' lang='lat' dir='ltr'><strong>humiliter</strong></span> <span class='ocrx_word' id='word_1_488' title='bbox 2856 621 3268 694; x_wconf 86' lang='lat' dir='ltr'><strong>Boamundum,</strong></span> <span class='ocrx_word' id='word_1_489' title='bbox 3299 640 3364 680; x_wconf 89' lang='lat' dir='ltr'><strong>ne</strong></span> <span class='ocrx_word' id='word_1_490' title='bbox 3399 625 3725 685; x_wconf 79' lang='lat' dir='ltr'><strong>deteriuseiali-</strong></span> 
     </span>
    </p>
   </div>
   <div class='ocr_carea' id='block_1_62' title="bbox 2265 713 3725 794">
    <p class='ocr_par' dir='ltr' id='par_1_62' title="bbox 2265 713 3725 794">
     <span class='ocr_line' id='line_1_64' title="bbox 2265 713 3725 794; baseline 0.008 -27"><span class='ocrx_word' id='word_1_491' title='bbox 2265 713 2395 784; x_wconf 92' lang='lat' dir='ltr'><strong>quid</strong></span> <span class='ocrx_word' id='word_1_492' title='bbox 2419 713 2600 769; x_wconf 87' lang='lat' dir='ltr'><strong>facere</strong></span> <span class='ocrx_word' id='word_1_493' title='bbox 2625 715 2926 785; x_wconf 88' lang='lat' dir='ltr'><strong>permittat.</strong></span> <span class='ocrx_word' id='word_1_494' title='bbox 2964 715 3055 771; x_wconf 85' lang='lat' dir='ltr'><strong>Ait</strong></span> <span class='ocrx_word' id='word_1_495' title='bbox 3076 731 3208 772; x_wconf 88' lang='lat' dir='ltr'><strong>vero</strong></span> <span class='ocrx_word' id='word_1_496' title='bbox 3247 717 3364 773; x_wconf 87' lang='lat' dir='ltr'><strong>ille:</strong></span> <span class='ocrx_word' id='word_1_497' title='bbox 3391 737 3409 770; x_wconf 70' lang='grc' dir='ltr'>ί</span> <span class='ocrx_word' id='word_1_498' title='bbox 3430 716 3527 776; x_wconf 87' lang='lat' dir='ltr'><strong>IIoc</strong></span> <span class='ocrx_word' id='word_1_499' title='bbox 3543 723 3649 777; x_wconf 82' lang='lat' dir='ltr'><strong>enim</strong></span> <span class='ocrx_word' id='word_1_500' title='bbox 3665 740 3725 794; x_wconf 74' lang='grc' dir='ltr'><strong>ιντο</strong></span> 
     </span>
    </p>
   </div>
   <div class='ocr_carea' id='block_1_63' title="bbox 2264 807 3725 877">
    <p class='ocr_par' dir='ltr' id='par_1_63' title="bbox 2264 807 3725 877">
     <span class='ocr_line' id='line_1_65' title="bbox 2264 807 3725 877; baseline 0.008 -17"><span class='ocrx_word' id='word_1_501' title='bbox 2264 813 2448 861; x_wconf 88' lang='lat' dir='ltr'><strong>vestro</strong></span> <span class='ocrx_word' id='word_1_502' title='bbox 2478 821 2667 863; x_wconf 91' lang='lat' dir='ltr'><strong>amore</strong></span> <span class='ocrx_word' id='word_1_503' title='bbox 2696 807 2931 864; x_wconf 90' lang='lat' dir='ltr'><strong>libenter</strong></span> <span class='ocrx_word' id='word_1_504' title='bbox 2953 807 3148 865; x_wconf 89' lang='lat' dir='ltr'><strong>faciam</strong></span> <span class='ocrx_word' id='word_1_505' title='bbox 3167 852 3183 877; x_wconf 89' lang='lat'><strong>,</strong></span> <span class='ocrx_word' id='word_1_506' title='bbox 3209 811 3254 866; x_wconf 94' lang='lat' dir='ltr'><strong>si</strong></span> <span class='ocrx_word' id='word_1_507' title='bbox 3283 811 3436 867; x_wconf 88' lang='lat' dir='ltr'><strong>modo</strong></span> <span class='ocrx_word' id='word_1_508' title='bbox 3453 821 3550 870; x_wconf 86' lang='lat' dir='ltr'><strong>toto</strong></span> <span class='ocrx_word' id='word_1_509' title='bbox 3571 817 3725 871; x_wconf 76' lang='lat' dir='ltr'><strong>cordcu</strong></span> 
     </span>
    </p>
   </div>
   <div class='ocr_carea' id='block_1_64' title="bbox 2235 897 3726 974">
    <p class='ocr_par' dir='ltr' id='par_1_64' title="bbox 2235 897 3726 974">
     <span class='ocr_line' id='line_1_66' title="bbox 2235 897 3726 974; baseline 0.009 -23"><span class='ocrx_word' id='word_1_510' title='bbox 2235 897 2446 955; x_wconf 68' lang='lat' dir='ltr'><strong>~mente</strong></span> <span class='ocrx_word' id='word_1_511' title='bbox 2469 899 2772 970; x_wconf 87' lang='lat' dir='ltr'><strong>juraverit,</strong></span> <span class='ocrx_word' id='word_1_512' title='bbox 2818 901 2892 956; x_wconf 89' lang='lat' dir='ltr'><strong>ita</strong></span> <span class='ocrx_word' id='word_1_513' title='bbox 2919 902 3067 973; x_wconf 90' lang='lat' dir='ltr'><strong>quod</strong></span> <span class='ocrx_word' id='word_1_514' title='bbox 3095 919 3373 974; x_wconf 88' lang='lat' dir='ltr'><strong>nunquam</strong></span> <span class='ocrx_word' id='word_1_515' title='bbox 3408 906 3470 961; x_wconf 89' lang='lat' dir='ltr'><strong>sit</strong></span> <span class='ocrx_word' id='word_1_516' title='bbox 3504 921 3726 965; x_wconf 74' lang='lat' dir='ltr'><strong>reversurus</strong></span> 
     </span>
    </p>
   </div>
   <div class='ocr_carea' id='block_1_65' title="bbox 2235 989 3726 1066">
    <p class='ocr_par' dir='ltr' id='par_1_65' title="bbox 2235 989 3726 1066">
     <span class='ocr_line' id='line_1_67' title="bbox 2235 989 3726 1066; baseline 0.007 -22"><span class='ocrx_word' id='word_1_517' title='bbox 2235 989 2334 1045; x_wconf 82' lang='lat' dir='ltr'><strong>&#39;ab</strong></span> <span class='ocrx_word' id='word_1_518' title='bbox 2362 991 2557 1048; x_wconf 90' lang='lat' dir='ltr'><strong>itinere</strong></span> <span class='ocrx_word' id='word_1_519' title='bbox 2585 993 2762 1049; x_wconf 88' lang='lat' dir='ltr'><strong>sancti</strong></span> <span class='ocrx_word' id='word_1_520' title='bbox 2791 995 3062 1065; x_wconf 89' lang='lat' dir='ltr'><strong>sepulcri,</strong></span> <span class='ocrx_word' id='word_1_521' title='bbox 3093 997 3209 1052; x_wconf 89' lang='lat' dir='ltr'><strong>sive</strong></span> <span class='ocrx_word' id='word_1_522' title='bbox 3251 998 3419 1066; x_wconf 88' lang='lat' dir='ltr'><strong>bono,</strong></span> <span class='ocrx_word' id='word_1_523' title='bbox 3443 997 3538 1054; x_wconf 83' lang='lat' dir='ltr'><strong>sive</strong></span> <span class='ocrx_word' id='word_1_524' title='bbox 3555 1002 3726 1066; x_wconf 73' lang='lat' dir='ltr'><strong>malo,rt</strong></span> 
     </span>
    </p>
   </div>
   <div class='ocr_carea' id='block_1_66' title="bbox 2263 1081 3725 1160">
    <p class='ocr_par' dir='ltr' id='par_1_66' title="bbox 2263 1081 3725 1160">
     <span class='ocr_line' id='line_1_68' title="bbox 2263 1081 3725 1160; baseline 0.01 -23"><span class='ocrx_word' id='word_1_525' title='bbox 2263 1081 2550 1140; x_wconf 90' lang='lat' dir='ltr'><strong>Tancredo</strong></span> <span class='ocrx_word' id='word_1_526' title='bbox 2582 1101 2762 1157; x_wconf 88' lang='lat' dir='ltr'><strong>neque</strong></span> <span class='ocrx_word' id='word_1_527' title='bbox 2787 1102 2887 1158; x_wconf 92' lang='lat' dir='ltr'><strong>per</strong></span> <span class='ocrx_word' id='word_1_528' title='bbox 2911 1103 2971 1143; x_wconf 91' lang='lat' dir='ltr'><strong>se</strong></span> <span class='ocrx_word' id='word_1_529' title='bbox 3000 1104 3178 1160; x_wconf 88' lang='lat' dir='ltr'><strong>neque</strong></span> <span class='ocrx_word' id='word_1_530' title='bbox 3211 1105 3308 1160; x_wconf 87' lang='lat' dir='ltr'><strong>per</strong></span> <span class='ocrx_word' id='word_1_531' title='bbox 3329 1091 3453 1147; x_wconf 87' lang='lat' dir='ltr'><strong>alios</strong></span> <span class='ocrx_word' id='word_1_532' title='bbox 3475 1093 3725 1151; x_wconf 74' lang='lat' dir='ltr'><strong>amicossnns</strong></span> 
     </span>
    </p>
   </div>
   <div class='ocr_carea' id='block_1_67' title="bbox 2261 1173 3726 1250">
    <p class='ocr_par' dir='ltr' id='par_1_67' title="bbox 2261 1173 3726 1250">
     <span class='ocr_line' id='line_1_69' title="bbox 2261 1173 3726 1250; baseline 0.007 -20"><span class='ocrx_word' id='word_1_533' title='bbox 2261 1173 2468 1245; x_wconf 81' lang='lat' dir='ltr'><strong>aliquid</strong></span> <span class='ocrx_word' id='word_1_534' title='bbox 2491 1176 2620 1232; x_wconf 90' lang='lat' dir='ltr'><strong>mali</strong></span> <span class='ocrx_word' id='word_1_535' title='bbox 2644 1177 2761 1232; x_wconf 78' lang='lat' dir='ltr'><strong>fieri</strong></span> <span class='ocrx_word' id='word_1_536' title='bbox 2786 1181 3149 1234; x_wconf 67' lang='lat' dir='ltr'><strong>consentiat.)</strong></span> <span class='ocrx_word' id='word_1_537' title='bbox 3179 1180 3283 1248; x_wconf 88' lang='lat' dir='ltr'><strong>Qui</strong></span> <span class='ocrx_word' id='word_1_538' title='bbox 3315 1183 3660 1250; x_wconf 73' lang='lat' dir='ltr'><strong>statim,anditis</strong></span> <span class='ocrx_word' id='word_1_539' title='bbox 3675 1187 3726 1240; x_wconf 80' lang='lat' dir='ltr'><strong>liis</strong></span> 
     </span>
    </p>
   </div>
   <div class='ocr_carea' id='block_1_68' title="bbox 2251 1268 3725 1356">
    <p class='ocr_par' dir='ltr' id='par_1_68' title="bbox 2251 1268 3725 1356">
     <span class='ocr_line' id='line_1_70' title="bbox 2251 1268 3725 1356; baseline 0.007 -34"><span class='ocrx_word' id='word_1_540' title='bbox 2251 1268 2642 1338; x_wconf 78' lang='lat' dir='ltr'><strong>sermonibus,</strong></span> <span class='ocrx_word' id='word_1_541' title='bbox 2698 1269 2931 1326; x_wconf 90' lang='lat' dir='ltr'><strong>libenter</strong></span> <span class='ocrx_word' id='word_1_542' title='bbox 2970 1275 3282 1356; x_wconf 65' lang='lat' dir='ltr'><strong>concessit:</strong></span> <span class='ocrx_word' id='word_1_543' title='bbox 3307 1274 3484 1332; x_wconf 80' lang='lat' dir='ltr'><strong>Postea</strong></span> <span class='ocrx_word' id='word_1_544' title='bbox 3511 1291 3611 1333; x_wconf 81' lang='lat' dir='ltr'><strong>vero</strong></span> <span class='ocrx_word' id='word_1_545' title='bbox 3633 1277 3725 1332; x_wconf 70' lang='lat' dir='ltr'><strong>Gril-</strong></span> 
     </span>
    </p>
   </div>
   <div class='ocr_carea' id='block_1_69' title="bbox 2260 1359 3723 1439">
    <p class='ocr_par' dir='ltr' id='par_1_69' title="bbox 2260 1359 3723 1439">
     <span class='ocr_line' id='line_1_71' title="bbox 2260 1359 3723 1439; baseline 0.008 -27"><span class='ocrx_word' id='word_1_546' title='bbox 2260 1359 2458 1415; x_wconf 90' lang='lat' dir='ltr'><strong>lelmus</strong></span> <span class='ocrx_word' id='word_1_547' title='bbox 2505 1359 2920 1432; x_wconf 88' lang='lat' dir='ltr'><strong>Carpentarius,</strong></span> <span class='ocrx_word' id='word_1_548' title='bbox 2957 1365 3300 1436; x_wconf 86' lang='lat' dir='ltr'><strong>turpitudine</strong></span> <span class='ocrx_word' id='word_1_549' title='bbox 3343 1377 3537 1439; x_wconf 78' lang='lat' dir='ltr'><strong>captus,</strong></span> <span class='ocrx_word' id='word_1_550' title='bbox 3562 1384 3643 1424; x_wconf 80' lang='lat' dir='ltr'><strong>non</strong></span> <span class='ocrx_word' id='word_1_551' title='bbox 3669 1373 3723 1424; x_wconf 71' lang='lat' dir='ltr'><strong>diu</strong></span> 
     </span>
    </p>
   </div>
   <div class='ocr_carea' id='block_1_70' title="bbox 2259 1452 3719 1529">
    <p class='ocr_par' dir='ltr' id='par_1_70' title="bbox 2259 1452 3719 1529">
     <span class='ocr_line' id='line_1_72' title="bbox 2259 1452 3719 1529; baseline 0.005 -24"><span class='ocrx_word' id='word_1_552' title='bbox 2259 1466 2485 1507; x_wconf 91' lang='lat' dir='ltr'><strong>morans</strong></span> <span class='ocrx_word' id='word_1_553' title='bbox 2505 1495 2518 1518; x_wconf 91' lang='lat'><strong>,</strong></span> <span class='ocrx_word' id='word_1_554' title='bbox 2543 1452 2734 1508; x_wconf 90' lang='lat' dir='ltr'><strong>furtim</strong></span> <span class='ocrx_word' id='word_1_555' title='bbox 2761 1456 3006 1510; x_wconf 72' lang='lat' dir='ltr'><strong>recessit.</strong></span> <span class='ocrx_word' id='word_1_556' title='bbox 3033 1454 3186 1510; x_wconf 81' lang='lat' dir='ltr'><strong>Hanc</strong></span> <span class='ocrx_word' id='word_1_557' title='bbox 3210 1466 3549 1529; x_wconf 83' lang='lat' dir='ltr'><strong>paupertatem</strong></span> <span class='ocrx_word' id='word_1_558' title='bbox 3566 1466 3608 1513; x_wconf 71' lang='lat' dir='ltr'><strong>rt</strong></span> <span class='ocrx_word' id='word_1_559' title='bbox 3625 1459 3719 1513; x_wconf 68' lang='lat' dir='ltr'><strong>nise</strong></span> 
     </span>
    </p>
   </div>
   <div class='ocr_carea' id='block_1_71' title="bbox 2219 1543 3724 1616">
    <p class='ocr_par' dir='ltr' id='par_1_71' title="bbox 2219 1543 3724 1616">
     <span class='ocr_line' id='line_1_73' title="bbox 2219 1543 3724 1616; baseline 0.003 -17"><span class='ocrx_word' id='word_1_560' title='bbox 2219 1543 2397 1599; x_wconf 66' lang='lat' dir='ltr'><strong>&#39;riam</strong></span> <span class='ocrx_word' id='word_1_561' title='bbox 2447 1560 2550 1616; x_wconf 88' lang='lat' dir='ltr'><strong>pro</strong></span> <span class='ocrx_word' id='word_1_562' title='bbox 2597 1547 2802 1602; x_wconf 89' lang='lat' dir='ltr'><strong>nostris</strong></span> <span class='ocrx_word' id='word_1_563' title='bbox 2851 1547 3067 1604; x_wconf 88' lang='lat' dir='ltr'><strong>delictis</strong></span> <span class='ocrx_word' id='word_1_564' title='bbox 3123 1551 3394 1606; x_wconf 88' lang='lat' dir='ltr'><strong>concessit</strong></span> <span class='ocrx_word' id='word_1_565' title='bbox 3433 1551 3563 1605; x_wconf 85' lang='lat' dir='ltr'><strong>nobis</strong></span> <span class='ocrx_word' id='word_1_566' title='bbox 3599 1551 3724 1604; x_wconf 68' lang='lat' dir='ltr'><strong>halm</strong></span> 
     </span>
    </p>
   </div>
   <div class='ocr_carea' id='block_1_72' title="bbox 2257 1637 3722 1713">
    <p class='ocr_par' dir='ltr' id='par_1_72' title="bbox 2257 1637 3722 1713">
     <span class='ocr_line' id='line_1_74' title="bbox 2257 1637 3722 1713; baseline 0.005 -22"><span class='ocrx_word' id='word_1_567' title='bbox 2257 1637 2423 1695; x_wconf 90' lang='lat' dir='ltr'><strong>Deus.</strong></span> <span class='ocrx_word' id='word_1_568' title='bbox 2450 1638 2509 1694; x_wconf 92' lang='lat' dir='ltr'><strong>In</strong></span> <span class='ocrx_word' id='word_1_569' title='bbox 2538 1645 2654 1696; x_wconf 88' lang='lat' dir='ltr'><strong>toto</strong></span> <span class='ocrx_word' id='word_1_570' title='bbox 2686 1657 2926 1712; x_wconf 87' lang='lat' dir='ltr'><strong>namque</strong></span> <span class='ocrx_word' id='word_1_571' title='bbox 2954 1643 3202 1698; x_wconf 82' lang='lat' dir='ltr'><strong>exercitu</strong></span> <span class='ocrx_word' id='word_1_572' title='bbox 3247 1659 3357 1699; x_wconf 89' lang='lat' dir='ltr'><strong>non</strong></span> <span class='ocrx_word' id='word_1_573' title='bbox 3394 1644 3570 1699; x_wconf 85' lang='lat' dir='ltr'><strong>valebat</strong></span> <span class='ocrx_word' id='word_1_574' title='bbox 3601 1642 3722 1713; x_wconf 70' lang='lat' dir='ltr'><strong>aliquis</strong></span> 
     </span>
    </p>
   </div>
   <div class='ocr_carea' id='block_1_73' title="bbox 2213 1731 3721 1805">
    <p class='ocr_par' dir='ltr' id='par_1_73' title="bbox 2213 1731 3721 1805">
     <span class='ocr_line' id='line_1_75' title="bbox 2213 1731 3721 1805; baseline 0.002 -20"><span class='ocrx_word' id='word_1_575' title='bbox 2213 1743 2216 1745; x_wconf 47' lang='grc' dir='ltr'>λ</span> <span class='ocrx_word' id='word_1_576' title='bbox 2258 1731 2506 1787; x_wconf 90' lang='lat' dir='ltr'><strong>invenire</strong></span> <span class='ocrx_word' id='word_1_577' title='bbox 2529 1731 2678 1788; x_wconf 90' lang='lat' dir='ltr'><strong>mille</strong></span> <span class='ocrx_word' id='word_1_578' title='bbox 2707 1731 2910 1788; x_wconf 88' lang='lat' dir='ltr'><strong>milites</strong></span> <span class='ocrx_word' id='word_1_579' title='bbox 2954 1733 3050 1804; x_wconf 88' lang='lat' dir='ltr'><strong>qui</strong></span> <span class='ocrx_word' id='word_1_580' title='bbox 3081 1750 3258 1805; x_wconf 89' lang='lat' dir='ltr'><strong>equos</strong></span> <span class='ocrx_word' id='word_1_581' title='bbox 3290 1735 3532 1790; x_wconf 84' lang='lat' dir='ltr'><strong>haberent</strong></span> <span class='ocrx_word' id='word_1_582' title='bbox 3553 1735 3721 1804; x_wconf 70' lang='lat' dir='ltr'><strong>optines.</strong></span> 
     </span>
    </p>
   </div>
   <div class='ocr_carea' id='block_1_74' title="bbox 2257 1822 3722 1896">
    <p class='ocr_par' dir='ltr' id='par_1_74' title="bbox 2257 1822 3722 1896">
     <span class='ocr_line' id='line_1_76' title="bbox 2257 1822 3722 1896; baseline 0.001 -17"><span class='ocrx_word' id='word_1_583' title='bbox 2257 1822 2428 1895; x_wconf 80' lang='lat' dir='ltr'><strong>Igitur</strong></span> <span class='ocrx_word' id='word_1_584' title='bbox 2451 1824 2562 1896; x_wconf 91' lang='lat'><strong>(7)</strong></span> <span class='ocrx_word' id='word_1_585' title='bbox 2601 1826 2824 1896; x_wconf 91' lang='lat' dir='ltr'><strong>quidam</strong></span> <span class='ocrx_word' id='word_1_586' title='bbox 2862 1828 3020 1884; x_wconf 90' lang='lat' dir='ltr'><strong>miles</strong></span> <span class='ocrx_word' id='word_1_587' title='bbox 3045 1837 3099 1884; x_wconf 90' lang='lat' dir='ltr'><strong>et</strong></span> <span class='ocrx_word' id='word_1_588' title='bbox 3121 1829 3278 1886; x_wconf 91' lang='lat' dir='ltr'><strong>dives</strong></span> <span class='ocrx_word' id='word_1_589' title='bbox 3302 1841 3354 1884; x_wconf 90' lang='lat' dir='ltr'><strong>et</strong></span> <span class='ocrx_word' id='word_1_590' title='bbox 3391 1827 3722 1884; x_wconf 76' lang='lat' dir='ltr'><strong>nobilisdecxa-</strong></span> 
     </span>
    </p>
   </div>
   <div class='ocr_carea' id='block_1_75' title="bbox 2259 1912 3722 1989">
    <p class='ocr_par' dir='ltr' id='par_1_75' title="bbox 2259 1912 3722 1989">
     <span class='ocr_line' id='line_1_77' title="bbox 2259 1912 3722 1989; baseline 0.002 -21"><span class='ocrx_word' id='word_1_591' title='bbox 2259 1913 2371 1969; x_wconf 92' lang='lat' dir='ltr'><strong>citu</strong></span> <span class='ocrx_word' id='word_1_592' title='bbox 2437 1912 2816 1985; x_wconf 85' lang='lat' dir='ltr'><strong>imperatoris,</strong></span> <span class='ocrx_word' id='word_1_593' title='bbox 2893 1932 3058 1988; x_wconf 88' lang='lat' dir='ltr'><strong>quem</strong></span> <span class='ocrx_word' id='word_1_594' title='bbox 3129 1919 3426 1989; x_wconf 84' lang='lat' dir='ltr'><strong>imperator</strong></span> <span class='ocrx_word' id='word_1_595' title='bbox 3486 1918 3722 1973; x_wconf 66' lang='lat' dir='ltr'><strong>cornutum!</strong></span> 
     </span>
    </p>
   </div>
   <div class='ocr_carea' id='block_1_76' title="bbox 2257 2005 3720 2080">
    <p class='ocr_par' dir='ltr' id='par_1_76' title="bbox 2257 2005 3720 2080">
     <span class='ocr_line' id='line_1_78' title="bbox 2257 2005 3720 2080; baseline 0.003 -20"><span class='ocrx_word' id='word_1_596' title='bbox 2257 2005 2514 2075; x_wconf 88' lang='lat' dir='ltr'><strong>Francis,</strong></span> <span class='ocrx_word' id='word_1_597' title='bbox 2546 2017 2607 2062; x_wconf 91' lang='lat' dir='ltr'><strong>ut</strong></span> <span class='ocrx_word' id='word_1_598' title='bbox 2631 2007 2748 2080; x_wconf 91' lang='lat' dir='ltr'><strong>ipse</strong></span> <span class='ocrx_word' id='word_1_599' title='bbox 2771 2009 2997 2080; x_wconf 89' lang='lat' dir='ltr'><strong>pulchre</strong></span> <span class='ocrx_word' id='word_1_600' title='bbox 3036 2011 3369 2066; x_wconf 85' lang='lat' dir='ltr'><strong>conduceret</strong></span> <span class='ocrx_word' id='word_1_601' title='bbox 3395 2011 3519 2076; x_wconf 89' lang='lat' dir='ltr'><strong>illos,</strong></span> <span class='ocrx_word' id='word_1_602' title='bbox 3542 2019 3720 2064; x_wconf 78' lang='lat' dir='ltr'><strong>ettemlt</strong></span> 
     </span>
    </p>
   </div>
   <div class='ocr_carea' id='block_1_77' title="bbox 2257 2098 3720 2170">
    <p class='ocr_par' dir='ltr' id='par_1_77' title="bbox 2257 2098 3720 2170">
     <span class='ocr_line' id='line_1_79' title="bbox 2257 2098 3720 2170; baseline 0.003 -18"><span class='ocrx_word' id='word_1_603' title='bbox 2257 2098 2546 2154; x_wconf 83' lang='lat' dir='ltr'><strong>liberatam</strong></span> <span class='ocrx_word' id='word_1_604' title='bbox 2580 2100 2648 2156; x_wconf 89' lang='lat' dir='ltr'><strong>de</strong></span> <span class='ocrx_word' id='word_1_605' title='bbox 2677 2099 2985 2157; x_wconf 90' lang='lat' dir='ltr'><strong>Turcorum</strong></span> <span class='ocrx_word' id='word_1_606' title='bbox 3009 2103 3272 2160; x_wconf 85' lang='lat' dir='ltr'><strong>manibus</strong></span> <span class='ocrx_word' id='word_1_607' title='bbox 3303 2104 3355 2158; x_wconf 92' lang='lat' dir='ltr'><strong>in</strong></span> <span class='ocrx_word' id='word_1_608' title='bbox 3382 2104 3595 2158; x_wconf 82' lang='lat' dir='ltr'><strong>ﬁdelitate</strong></span> <span class='ocrx_word' id='word_1_609' title='bbox 3618 2104 3720 2170; x_wconf 65' lang='lat' dir='ltr'><strong>inpe</strong></span> 
     </span>
    </p>
   </div>
   <div class='ocr_carea' id='block_1_78' title="bbox 2255 2193 3720 2264">
    <p class='ocr_par' dir='ltr' id='par_1_78' title="bbox 2255 2193 3720 2264">
     <span class='ocr_line' id='line_1_80' title="bbox 2255 2193 3720 2264; baseline 0.003 -18"><span class='ocrx_word' id='word_1_610' title='bbox 2255 2193 2454 2249; x_wconf 88' lang='lat' dir='ltr'><strong>ratoris</strong></span> <span class='ocrx_word' id='word_1_611' title='bbox 2511 2193 2811 2264; x_wconf 86' lang='lat' dir='ltr'><strong>reciperet;</strong></span> <span class='ocrx_word' id='word_1_612' title='bbox 2863 2194 2981 2263; x_wconf 89' lang='lat' dir='ltr'><strong>ille,</strong></span> <span class='ocrx_word' id='word_1_613' title='bbox 3031 2194 3123 2251; x_wconf 90' lang='lat' dir='ltr'><strong>ille</strong></span> <span class='ocrx_word' id='word_1_614' title='bbox 3181 2195 3370 2251; x_wconf 75' lang='lat' dir='ltr'><strong>infelix</strong></span> <span class='ocrx_word' id='word_1_615' title='bbox 3409 2195 3598 2251; x_wconf 85' lang='lat' dir='ltr'><strong>audiens</strong></span> <span class='ocrx_word' id='word_1_616' title='bbox 3633 2193 3720 2264; x_wconf 70' lang='lat' dir='ltr'><strong>quod</strong></span> 
     </span>
    </p>
   </div>
   <div class='ocr_carea' id='block_1_79' title="bbox 2253 2284 3787 2361">
    <p class='ocr_par' dir='ltr' id='par_1_79' title="bbox 2253 2284 3787 2361">
     <span class='ocr_line' id='line_1_81' title="bbox 2253 2284 3787 2361; baseline 0.001 -22"><span class='ocrx_word' id='word_1_617' title='bbox 2253 2285 2530 2342; x_wconf 79' lang='lat' dir='ltr'><strong>exercitus</strong></span> <span class='ocrx_word' id='word_1_618' title='bbox 2571 2284 2880 2358; x_wconf 86' lang='lat' dir='ltr'><strong>Turcorum</strong></span> <span class='ocrx_word' id='word_1_619' title='bbox 2924 2289 3168 2344; x_wconf 86' lang='lat' dir='ltr'><strong>venisset</strong></span> <span class='ocrx_word' id='word_1_620' title='bbox 3197 2305 3362 2361; x_wconf 87' lang='lat' dir='ltr'><strong>super</strong></span> <span class='ocrx_word' id='word_1_621' title='bbox 3397 2304 3511 2355; x_wconf 86' lang='lat' dir='ltr'><strong>nos,</strong></span> <span class='ocrx_word' id='word_1_622' title='bbox 3531 2285 3718 2358; x_wconf 72' lang='lat' dir='ltr'><strong>ingenuit.</strong></span> <span class='ocrx_word' id='word_1_623' title='bbox 3785 2321 3787 2324; x_wconf 65' lang='grc'>‹</span> 
     </span>
    </p>
   </div>
   <div class='ocr_carea' id='block_1_80' title="bbox 2195 2375 3719 2454">
    <p class='ocr_par' dir='ltr' id='par_1_80' title="bbox 2195 2375 3719 2454">
     <span class='ocr_line' id='line_1_82' title="bbox 2195 2375 3719 2454; baseline 0.001 -24"><span class='ocrx_word' id='word_1_624' title='bbox 2195 2384 2202 2391; x_wconf 80' lang='lat'><strong>‘</strong></span> <span class='ocrx_word' id='word_1_625' title='bbox 2253 2376 2641 2448; x_wconf 88' lang='lat' dir='ltr'><strong>arbitransque</strong></span> <span class='ocrx_word' id='word_1_626' title='bbox 2691 2393 2888 2454; x_wconf 88' lang='lat' dir='ltr'><strong>omnes</strong></span> <span class='ocrx_word' id='word_1_627' title='bbox 2948 2380 3195 2450; x_wconf 88' lang='lat' dir='ltr'><strong>perisse,</strong></span> <span class='ocrx_word' id='word_1_628' title='bbox 3258 2389 3418 2451; x_wconf 86' lang='lat' dir='ltr'><strong>atque</strong></span> <span class='ocrx_word' id='word_1_629' title='bbox 3458 2379 3652 2434; x_wconf 74' lang='lat' dir='ltr'><strong>incidisse</strong></span> <span class='ocrx_word' id='word_1_630' title='bbox 3689 2375 3719 2427; x_wconf 77' lang='lat' dir='ltr'><strong>il</strong></span> 
     </span>
    </p>
   </div>
   <div class='ocr_carea' id='block_1_81' title="bbox 2199 2469 3718 2544">
    <p class='ocr_par' dir='ltr' id='par_1_81' title="bbox 2199 2469 3718 2544">
     <span class='ocr_line' id='line_1_83' title="bbox 2199 2469 3718 2544; baseline 0.003 -23"><span class='ocrx_word' id='word_1_631' title='bbox 2199 2470 2208 2474; x_wconf 86' lang='grc'><strong>’</strong></span> <span class='ocrx_word' id='word_1_632' title='bbox 2252 2484 2450 2524; x_wconf 89' lang='lat' dir='ltr'><strong>manus</strong></span> <span class='ocrx_word' id='word_1_633' title='bbox 2471 2469 2822 2526; x_wconf 92' lang='lat' dir='ltr'><strong>inimicorum</strong></span> <span class='ocrx_word' id='word_1_634' title='bbox 2845 2482 3191 2541; x_wconf 89' lang='lat' dir='ltr'><strong>nostrorum,</strong></span> <span class='ocrx_word' id='word_1_635' title='bbox 3213 2473 3420 2544; x_wconf 74' lang='lat' dir='ltr'><strong>fingens</strong></span> <span class='ocrx_word' id='word_1_636' title='bbox 3437 2483 3718 2540; x_wconf 70' lang='lat' dir='ltr'><strong>etcomponeas</strong></span> 
     </span>
    </p>
   </div>
   <div class='ocr_carea' id='block_1_82' title="bbox 2195 2559 3784 2634">
    <p class='ocr_par' dir='ltr' id='par_1_82' title="bbox 2195 2559 3784 2634">
     <span class='ocr_line' id='line_1_84' title="bbox 2195 2559 3784 2634; baseline 0.001 -21"><span class='ocrx_word' id='word_1_637' title='bbox 2195 2563 2200 2566; x_wconf 86' lang='grc'><em>’</em></span> <span class='ocrx_word' id='word_1_638' title='bbox 2251 2560 2436 2614; x_wconf 84' lang='lat' dir='ltr'><strong>omnia</strong></span> <span class='ocrx_word' id='word_1_639' title='bbox 2491 2559 2706 2616; x_wconf 78' lang='lat' dir='ltr'><strong>fallacia</strong></span> <span class='ocrx_word' id='word_1_640' title='bbox 2763 2578 2886 2632; x_wconf 62' lang='lat' dir='ltr'><strong>quae</strong></span> <span class='ocrx_word' id='word_1_641' title='bbox 2940 2562 3150 2634; x_wconf 66' lang='lat' dir='ltr'><strong>iugiter</strong></span> <span class='ocrx_word' id='word_1_642' title='bbox 3233 2562 3514 2619; x_wconf 88' lang='lat' dir='ltr'><strong>machinari</strong></span> <span class='ocrx_word' id='word_1_643' title='bbox 3563 2567 3717 2630; x_wconf 58' lang='lat' dir='ltr'><strong>potui.</strong></span> <span class='ocrx_word' id='word_1_644' title='bbox 3781 2597 3784 2604; x_wconf 86' lang='lat'><strong><em>-</em></strong></span> 
     </span>
    </p>
   </div>
   <div class='ocr_carea' id='block_1_83' title="bbox 2250 2651 3716 2726">
    <p class='ocr_par' dir='ltr' id='par_1_83' title="bbox 2250 2651 3716 2726">
     <span class='ocr_line' id='line_1_85' title="bbox 2250 2651 3716 2726; baseline -0.001 -17"><span class='ocrx_word' id='word_1_645' title='bbox 2250 2653 2388 2709; x_wconf 79' lang='lat' dir='ltr'><strong>dixit</strong></span> <span class='ocrx_word' id='word_1_646' title='bbox 2420 2653 2565 2709; x_wconf 91' lang='lat' dir='ltr'><strong>illis:</strong></span> <span class='ocrx_word' id='word_1_647' title='bbox 2600 2673 2617 2705; x_wconf 75' lang='grc' dir='ltr'>ι</span> <span class='ocrx_word' id='word_1_648' title='bbox 2640 2653 2928 2722; x_wconf 88' lang='lat' dir='ltr'><strong>Seniores,</strong></span> <span class='ocrx_word' id='word_1_649' title='bbox 2960 2664 3015 2710; x_wconf 91' lang='lat' dir='ltr'><strong>et</strong></span> <span class='ocrx_word' id='word_1_650' title='bbox 3057 2657 3465 2726; x_wconf 84' lang='lat' dir='ltr'><strong>prudentissimi</strong></span> <span class='ocrx_word' id='word_1_651' title='bbox 3492 2651 3716 2720; x_wconf 65' lang='lat' dir='ltr'><strong>viri,vidék</strong></span> 
     </span>
    </p>
   </div>
   <div class='ocr_carea' id='block_1_84' title="bbox 2191 2741 3715 2815">
    <p class='ocr_par' dir='ltr' id='par_1_84' title="bbox 2191 2741 3715 2815">
     <span class='ocr_line' id='line_1_86' title="bbox 2191 2741 3715 2815; baseline 0.001 -17"><span class='ocrx_word' id='word_1_652' title='bbox 2191 2761 2195 2766; x_wconf 94' lang='grc'>·</span> <span class='ocrx_word' id='word_1_653' title='bbox 2251 2745 2381 2815; x_wconf 91' lang='lat' dir='ltr'><strong>quia</strong></span> <span class='ocrx_word' id='word_1_654' title='bbox 2410 2759 2510 2800; x_wconf 91' lang='lat' dir='ltr'><strong>nos</strong></span> <span class='ocrx_word' id='word_1_655' title='bbox 2541 2761 2736 2801; x_wconf 91' lang='lat' dir='ltr'><strong>sumus</strong></span> <span class='ocrx_word' id='word_1_656' title='bbox 2759 2746 2850 2801; x_wconf 90' lang='lat' dir='ltr'><strong>hic</strong></span> <span class='ocrx_word' id='word_1_657' title='bbox 2882 2747 2936 2800; x_wconf 93' lang='lat' dir='ltr'><strong>in</strong></span> <span class='ocrx_word' id='word_1_658' title='bbox 2969 2747 3074 2802; x_wconf 89' lang='lat' dir='ltr'><strong>hac</strong></span> <span class='ocrx_word' id='word_1_659' title='bbox 3095 2747 3273 2804; x_wconf 88' lang='lat' dir='ltr'><strong>nimia</strong></span> <span class='ocrx_word' id='word_1_660' title='bbox 3302 2747 3582 2804; x_wconf 78' lang='lat' dir='ltr'><strong>necessitate</strong></span> <span class='ocrx_word' id='word_1_661' title='bbox 3597 2741 3715 2800; x_wconf 67' lang='lat' dir='ltr'><strong>andi.</strong></span> 
     </span>
    </p>
   </div>
   <div class='ocr_carea' id='block_1_85' title="bbox 2199 2832 3716 2910">
    <p class='ocr_par' dir='ltr' id='par_1_85' title="bbox 2199 2832 3716 2910">
     <span class='ocr_line' id='line_1_87' title="bbox 2199 2832 3716 2910; baseline -0.003 -19"><span class='ocrx_word' id='word_1_662' title='bbox 2199 2845 2202 2848; x_wconf 81' lang='grc'><strong>’</strong></span> <span class='ocrx_word' id='word_1_663' title='bbox 2249 2845 2304 2891; x_wconf 89' lang='lat' dir='ltr'><strong>et</strong></span> <span class='ocrx_word' id='word_1_664' title='bbox 2339 2852 2404 2891; x_wconf 78' lang='lat' dir='ltr'><strong>ex</strong></span> <span class='ocrx_word' id='word_1_665' title='bbox 2435 2837 2585 2892; x_wconf 91' lang='lat' dir='ltr'><strong>nulla</strong></span> <span class='ocrx_word' id='word_1_666' title='bbox 2639 2845 2795 2908; x_wconf 86' lang='lat' dir='ltr'><strong>parte</strong></span> <span class='ocrx_word' id='word_1_667' title='bbox 2830 2839 2989 2894; x_wconf 90' lang='lat' dir='ltr'><strong>nobis</strong></span> <span class='ocrx_word' id='word_1_668' title='bbox 3030 2839 3370 2910; x_wconf 82' lang='lat' dir='ltr'><strong>adjutorium</strong></span> <span class='ocrx_word' id='word_1_669' title='bbox 3413 2832 3716 2896; x_wconf 58' lang='lat' dir='ltr'><strong>succediLEcrr</strong></span> 
     </span>
    </p>
   </div>
   <div class='ocr_carea' id='block_1_86' title="bbox 2249 2926 3715 3003">
    <p class='ocr_par' dir='ltr' id='par_1_86' title="bbox 2249 2926 3715 3003">
     <span class='ocr_line' id='line_1_88' title="bbox 2249 2926 3715 3003; baseline 0.001 -20"><span class='ocrx_word' id='word_1_670' title='bbox 2249 2929 2413 2984; x_wconf 90' lang='lat' dir='ltr'><strong>modo</strong></span> <span class='ocrx_word' id='word_1_671' title='bbox 2431 2929 2595 2985; x_wconf 90' lang='lat' dir='ltr'><strong>sinite</strong></span> <span class='ocrx_word' id='word_1_672' title='bbox 2621 2945 2708 2984; x_wconf 91' lang='lat' dir='ltr'><strong>me</strong></span> <span class='ocrx_word' id='word_1_673' title='bbox 2733 2930 2790 2986; x_wconf 92' lang='lat' dir='ltr'><strong>in</strong></span> <span class='ocrx_word' id='word_1_674' title='bbox 2814 2929 3098 2986; x_wconf 70' lang='lat' dir='ltr'><strong>Romaniae</strong></span> <span class='ocrx_word' id='word_1_675' title='bbox 3119 2935 3326 2989; x_wconf 87' lang='lat' dir='ltr'><strong>reverti</strong></span> <span class='ocrx_word' id='word_1_676' title='bbox 3347 2932 3576 3003; x_wconf 85' lang='lat' dir='ltr'><strong>patriam;</strong></span> <span class='ocrx_word' id='word_1_677' title='bbox 3591 2926 3715 2991; x_wconf 57' lang='lat' dir='ltr'><strong>abst“</strong></span> 
     </span>
    </p>
   </div>
   <div class='ocr_carea' id='block_1_87' title="bbox 2251 3019 3778 3098">
    <p class='ocr_par' dir='ltr' id='par_1_87' title="bbox 2251 3019 3778 3098">
     <span class='ocr_line' id='line_1_89' title="bbox 2251 3019 3778 3098; baseline -0.005 -21"><span class='ocrx_word' id='word_1_678' title='bbox 2251 3021 2359 3077; x_wconf 89' lang='lat' dir='ltr'><strong>ulla</strong></span> <span class='ocrx_word' id='word_1_679' title='bbox 2382 3021 2724 3078; x_wconf 83' lang='lat' dir='ltr'><strong>dubitatione</strong></span> <span class='ocrx_word' id='word_1_680' title='bbox 2740 3032 2983 3079; x_wconf 87' lang='lat' dir='ltr'><strong>revertar</strong></span> <span class='ocrx_word' id='word_1_681' title='bbox 2999 3024 3068 3080; x_wconf 88' lang='lat' dir='ltr'><strong>ad</strong></span> <span class='ocrx_word' id='word_1_682' title='bbox 3089 3040 3214 3082; x_wconf 87' lang='lat' dir='ltr'><strong>vos.</strong></span> <span class='ocrx_word' id='word_1_683' title='bbox 3235 3024 3348 3098; x_wconf 86' lang='lat' dir='ltr'><strong>Ego</strong></span> <span class='ocrx_word' id='word_1_684' title='bbox 3369 3039 3485 3081; x_wconf 88' lang='lat' dir='ltr'><strong>vero</strong></span> <span class='ocrx_word' id='word_1_685' title='bbox 3501 3023 3585 3078; x_wconf 87' lang='lat' dir='ltr'><strong>huc</strong></span> <span class='ocrx_word' id='word_1_686' title='bbox 3598 3019 3714 3074; x_wconf 75' lang='lat' dir='ltr'><strong>facian</strong></span> <span class='ocrx_word' id='word_1_687' title='bbox 3773 3063 3778 3066; x_wconf 98' lang='lat'><strong>.</strong></span> 
     </span>
    </p>
   </div>
   <div class='ocr_carea' id='block_1_88' title="bbox 2249 3115 3776 3189">
    <p class='ocr_par' dir='ltr' id='par_1_88' title="bbox 2249 3115 3776 3189">
     <span class='ocr_line' id='line_1_90' title="bbox 2249 3115 3776 3189; baseline -0.001 -19"><span class='ocrx_word' id='word_1_688' title='bbox 2249 3115 2452 3172; x_wconf 86' lang='lat' dir='ltr'><strong>multas</strong></span> <span class='ocrx_word' id='word_1_689' title='bbox 2481 3131 2648 3172; x_wconf 89' lang='lat' dir='ltr'><strong>naves</strong></span> <span class='ocrx_word' id='word_1_690' title='bbox 2689 3117 2876 3173; x_wconf 89' lang='lat' dir='ltr'><strong>venire</strong></span> <span class='ocrx_word' id='word_1_691' title='bbox 2922 3131 3026 3189; x_wconf 80' lang='lat' dir='ltr'><strong>per</strong></span> <span class='ocrx_word' id='word_1_692' title='bbox 3051 3133 3252 3188; x_wconf 86' lang='lat' dir='ltr'><strong>mare,</strong></span> <span class='ocrx_word' id='word_1_693' title='bbox 3290 3128 3498 3175; x_wconf 84' lang='lat' dir='ltr'><strong>onustas</strong></span> <span class='ocrx_word' id='word_1_694' title='bbox 3517 3115 3713 3169; x_wconf 65' lang='lat' dir='ltr'><strong>frum.</strong></span> <span class='ocrx_word' id='word_1_695' title='bbox 3773 3145 3776 3148; x_wconf 84' lang='lat'><strong><em>~</em></strong></span> 
     </span>
    </p>
   </div>
   <div class='ocr_carea' id='block_1_89' title="bbox 2249 3201 3714 3279">
    <p class='ocr_par' dir='ltr' id='par_1_89' title="bbox 2249 3201 3714 3279">
     <span class='ocr_line' id='line_1_91' title="bbox 2249 3201 3714 3279; baseline -0.001 -16"><span class='ocrx_word' id='word_1_696' title='bbox 2249 3207 2408 3276; x_wconf 90' lang='lat' dir='ltr'><strong>vino,</strong></span> <span class='ocrx_word' id='word_1_697' title='bbox 2447 3209 2678 3276; x_wconf 89' lang='lat' dir='ltr'><strong>hordeo,</strong></span> <span class='ocrx_word' id='word_1_698' title='bbox 2719 3225 2908 3276; x_wconf 89' lang='lat' dir='ltr'><strong>carne,</strong></span> <span class='ocrx_word' id='word_1_699' title='bbox 2938 3208 3138 3279; x_wconf 88' lang='lat' dir='ltr'><strong>farina,</strong></span> <span class='ocrx_word' id='word_1_700' title='bbox 3168 3220 3228 3267; x_wconf 88' lang='lat' dir='ltr'><strong>et</strong></span> <span class='ocrx_word' id='word_1_701' title='bbox 3261 3211 3451 3277; x_wconf 83' lang='lat' dir='ltr'><strong>caseis,</strong></span> <span class='ocrx_word' id='word_1_702' title='bbox 3483 3217 3528 3264; x_wconf 86' lang='lat' dir='ltr'><strong>et</strong></span> <span class='ocrx_word' id='word_1_703' title='bbox 3555 3201 3714 3262; x_wconf 66' lang='grc' dir='ltr'><strong>οιιιιῶυδ</strong></span> 
     </span>
    </p>
   </div>
   <div class='ocr_carea' id='block_1_90' title="bbox 2252 3301 3772 3375">
    <p class='ocr_par' dir='ltr' id='par_1_90' title="bbox 2252 3301 3772 3375">
     <span class='ocr_line' id='line_1_92' title="bbox 2252 3301 3772 3375; baseline -0.007 -17"><span class='ocrx_word' id='word_1_704' title='bbox 2252 3302 2414 3359; x_wconf 89' lang='lat' dir='ltr'><strong>bonis</strong></span> <span class='ocrx_word' id='word_1_705' title='bbox 2439 3302 2716 3360; x_wconf 88' lang='lat' dir='ltr'><strong>alimentis</strong></span> <span class='ocrx_word' id='word_1_706' title='bbox 2741 3319 2868 3375; x_wconf 71' lang='lat' dir='ltr'><strong>qua:</strong></span> <span class='ocrx_word' id='word_1_707' title='bbox 2905 3305 3229 3361; x_wconf 88' lang='lat' dir='ltr'><strong>necessaria</strong></span> <span class='ocrx_word' id='word_1_708' title='bbox 3260 3313 3402 3362; x_wconf 89' lang='lat' dir='ltr'><strong>sunt.</strong></span> <span class='ocrx_word' id='word_1_709' title='bbox 3430 3301 3584 3358; x_wconf 85' lang='lat' dir='ltr'><strong>Adhuc</strong></span> <span class='ocrx_word' id='word_1_710' title='bbox 3604 3304 3712 3350; x_wconf 70' lang='lat' dir='ltr'><strong>arma</strong></span> <span class='ocrx_word' id='word_1_711' title='bbox 3767 3359 3772 3364; x_wconf 22' lang='grc' dir='ltr'><strong>ε</strong></span> 
     </span>
    </p>
   </div>
   <div class='ocr_carea' id='block_1_91' title="bbox 2248 3391 3713 3468">
    <p class='ocr_par' dir='ltr' id='par_1_91' title="bbox 2248 3391 3713 3468">
     <span class='ocr_line' id='line_1_93' title="bbox 2248 3391 3713 3468; baseline -0.005 -15"><span class='ocrx_word' id='word_1_712' title='bbox 2248 3405 2305 3453; x_wconf 90' lang='lat' dir='ltr'><strong>et</strong></span> <span class='ocrx_word' id='word_1_713' title='bbox 2331 3391 2504 3468; x_wconf 79' lang='lat' dir='ltr'><strong>equos</strong></span> <span class='ocrx_word' id='word_1_714' title='bbox 2531 3394 2731 3453; x_wconf 64' lang='lat' dir='ltr'><strong>facian</strong></span> <span class='ocrx_word' id='word_1_715' title='bbox 2773 3397 3084 3454; x_wconf 89' lang='lat' dir='ltr'><strong>conducere</strong></span> <span class='ocrx_word' id='word_1_716' title='bbox 3108 3397 3182 3454; x_wconf 87' lang='lat' dir='ltr'><strong>ad</strong></span> <span class='ocrx_word' id='word_1_717' title='bbox 3210 3396 3525 3455; x_wconf 87' lang='lat' dir='ltr'><strong>vendendum</strong></span> <span class='ocrx_word' id='word_1_718' title='bbox 3541 3434 3554 3458; x_wconf 84' lang='lat'><strong>.</strong></span> <span class='ocrx_word' id='word_1_719' title='bbox 3575 3400 3616 3446; x_wconf 81' lang='lat' dir='ltr'><strong>et</strong></span> <span class='ocrx_word' id='word_1_720' title='bbox 3631 3401 3713 3442; x_wconf 72' lang='lat' dir='ltr'><strong>w-</strong></span> 
     </span>
    </p>
   </div>
   <div class='ocr_carea' id='block_1_92' title="bbox 2185 3479 3709 3559">
    <p class='ocr_par' dir='ltr' id='par_1_92' title="bbox 2185 3479 3709 3559">
     <span class='ocr_line' id='line_1_94' title="bbox 2185 3479 3709 3559; baseline -0.005 -15"><span class='ocrx_word' id='word_1_721' title='bbox 2185 3493 2188 3498; x_wconf 84' lang='lat'>&#39;</span> <span class='ocrx_word' id='word_1_722' title='bbox 2249 3497 2433 3544; x_wconf 86' lang='lat' dir='ltr'><strong>catum</strong></span> <span class='ocrx_word' id='word_1_723' title='bbox 2450 3503 2547 3559; x_wconf 88' lang='lat' dir='ltr'><strong>per</strong></span> <span class='ocrx_word' id='word_1_724' title='bbox 2562 3496 2766 3544; x_wconf 84' lang='lat' dir='ltr'><strong>terram</strong></span> <span class='ocrx_word' id='word_1_725' title='bbox 2782 3488 3134 3559; x_wconf 84' lang='lat' dir='ltr'><strong>imperatoris</strong></span> <span class='ocrx_word' id='word_1_726' title='bbox 3149 3488 3268 3546; x_wconf 88' lang='lat' dir='ltr'><strong>huc</strong></span> <span class='ocrx_word' id='word_1_727' title='bbox 3295 3489 3466 3545; x_wconf 85' lang='lat' dir='ltr'><strong>venire</strong></span> <span class='ocrx_word' id='word_1_728' title='bbox 3479 3487 3566 3541; x_wconf 85' lang='lat' dir='ltr'><strong>cito</strong></span> <span class='ocrx_word' id='word_1_729' title='bbox 3579 3479 3709 3536; x_wconf 64' lang='lat' dir='ltr'><strong>facian!-</strong></span> 
     </span>
    </p>
   </div>
   <div class='ocr_carea' id='block_1_93' title="bbox 2250 3571 3709 3655">
    <p class='ocr_par' dir='ltr' id='par_1_93' title="bbox 2250 3571 3709 3655">
     <span class='ocr_line' id='line_1_95' title="bbox 2250 3571 3709 3655; baseline -0.003 -18"><span class='ocrx_word' id='word_1_730' title='bbox 2250 3580 2392 3638; x_wconf 88' lang='lat' dir='ltr'><strong>Ecce</strong></span> <span class='ocrx_word' id='word_1_731' title='bbox 2417 3583 2535 3638; x_wconf 73' lang='lat' dir='ltr'><strong>haec</strong></span> <span class='ocrx_word' id='word_1_732' title='bbox 2567 3583 2754 3638; x_wconf 89' lang='lat' dir='ltr'><strong>omnia</strong></span> <span class='ocrx_word' id='word_1_733' title='bbox 2777 3583 2934 3640; x_wconf 88' lang='lat' dir='ltr'><strong>vobis</strong></span> <span class='ocrx_word' id='word_1_734' title='bbox 2955 3582 3194 3639; x_wconf 83' lang='lat' dir='ltr'><strong>fideliter</strong></span> <span class='ocrx_word' id='word_1_735' title='bbox 3214 3583 3411 3655; x_wconf 87' lang='lat' dir='ltr'><strong>jurabo</strong></span> <span class='ocrx_word' id='word_1_736' title='bbox 3429 3581 3490 3637; x_wconf 91' lang='lat' dir='ltr'><strong>ad</strong></span> <span class='ocrx_word' id='word_1_737' title='bbox 3506 3571 3709 3634; x_wconf 64' lang='lat' dir='ltr'><strong>tradidim-</strong></span> 
     </span>
    </p>
   </div>
   <div class='ocr_carea' id='block_1_94' title="bbox 2248 3667 3712 3752">
    <p class='ocr_par' dir='ltr' id='par_1_94' title="bbox 2248 3667 3712 3752">
     <span class='ocr_line' id='line_1_96' title="bbox 2248 3667 3712 3752; baseline -0.002 -21"><span class='ocrx_word' id='word_1_738' title='bbox 2248 3677 2444 3733; x_wconf 82' lang='lat' dir='ltr'><strong>Adhuc</strong></span> <span class='ocrx_word' id='word_1_739' title='bbox 2465 3693 2686 3749; x_wconf 89' lang='lat' dir='ltr'><strong>quoque</strong></span> <span class='ocrx_word' id='word_1_740' title='bbox 2707 3678 2999 3735; x_wconf 90' lang='lat' dir='ltr'><strong>domestici</strong></span> <span class='ocrx_word' id='word_1_741' title='bbox 3021 3679 3151 3746; x_wconf 87' lang='lat' dir='ltr'><strong>mei,</strong></span> <span class='ocrx_word' id='word_1_742' title='bbox 3173 3689 3232 3736; x_wconf 89' lang='lat' dir='ltr'><strong>et</strong></span> <span class='ocrx_word' id='word_1_743' title='bbox 3252 3680 3445 3752; x_wconf 88' lang='lat' dir='ltr'><strong>papilio</strong></span> <span class='ocrx_word' id='word_1_744' title='bbox 3461 3667 3712 3740; x_wconf 59' lang='lat' dir='ltr'><strong>meusjuttit‘f</strong></span> 
     </span>
    </p>
   </div>
   <div class='ocr_carea' id='block_1_95' title="bbox 2249 3763 3707 3840">
    <p class='ocr_par' dir='ltr' id='par_1_95' title="bbox 2249 3763 3707 3840">
     <span class='ocr_line' id='line_1_97' title="bbox 2249 3763 3707 3840; baseline -0.005 -15"><span class='ocrx_word' id='word_1_745' title='bbox 2249 3769 2306 3825; x_wconf 90' lang='lat' dir='ltr'><strong>in</strong></span> <span class='ocrx_word' id='word_1_746' title='bbox 2332 3783 2528 3840; x_wconf 90' lang='lat' dir='ltr'><strong>campo</strong></span> <span class='ocrx_word' id='word_1_747' title='bbox 2558 3769 2683 3825; x_wconf 91' lang='lat' dir='ltr'><strong>erit.</strong></span> <span class='ocrx_word' id='word_1_748' title='bbox 2719 3768 2788 3826; x_wconf 83' lang='lat' dir='ltr'><strong>Et</strong></span> <span class='ocrx_word' id='word_1_749' title='bbox 2813 3771 2966 3826; x_wconf 90' lang='lat' dir='ltr'><strong>nullo</strong></span> <span class='ocrx_word' id='word_1_750' title='bbox 2997 3771 3165 3827; x_wconf 89' lang='lat' dir='ltr'><strong>modo</strong></span> <span class='ocrx_word' id='word_1_751' title='bbox 3197 3773 3367 3828; x_wconf 90' lang='lat' dir='ltr'><strong>nolite</strong></span> <span class='ocrx_word' id='word_1_752' title='bbox 3393 3763 3604 3826; x_wconf 76' lang='lat' dir='ltr'><strong>increduli</strong></span> <span class='ocrx_word' id='word_1_753' title='bbox 3621 3770 3707 3814; x_wconf 68' lang='grc' dir='ltr'><strong>θέαι</strong></span> 
     </span>
    </p>
   </div>
   <div class='ocr_carea' id='block_1_96' title="bbox 2247 3851 3769 3947">
    <p class='ocr_par' dir='ltr' id='par_1_96' title="bbox 2247 3851 3769 3947">
     <span class='ocr_line' id='line_1_98' title="bbox 2247 3851 3769 3947; baseline 0.001 -29"><span class='ocrx_word' id='word_1_754' title='bbox 2247 3862 2346 3918; x_wconf 86' lang='lat' dir='ltr'><strong>sed</strong></span> <span class='ocrx_word' id='word_1_755' title='bbox 2393 3862 2630 3918; x_wconf 79' lang='lat' dir='ltr'><strong>ﬁrmiter</strong></span> <span class='ocrx_word' id='word_1_756' title='bbox 2668 3861 2874 3920; x_wconf 89' lang='lat' dir='ltr'><strong>credite</strong></span> <span class='ocrx_word' id='word_1_757' title='bbox 2924 3864 3055 3935; x_wconf 89' lang='lat' dir='ltr'><strong>quia</strong></span> <span class='ocrx_word' id='word_1_758' title='bbox 3100 3878 3210 3937; x_wconf 77' lang='lat' dir='ltr'><strong>ego</strong></span> <span class='ocrx_word' id='word_1_759' title='bbox 3267 3860 3557 3936; x_wconf 80' lang='lat' dir='ltr'><strong>quantocius</strong></span> <span class='ocrx_word' id='word_1_760' title='bbox 3767 3911 3769 3943; x_wconf 49' lang='grc' dir='ltr'><strong>ε</strong></span> 
     </span>
    </p>
   </div>
   <div class='ocr_carea' id='block_1_97' title="bbox 2248 3943 3767 4027">
    <p class='ocr_par' dir='ltr' id='par_1_97' title="bbox 2248 3943 3767 4027">
     <span class='ocr_line' id='line_1_99' title="bbox 2248 3943 3767 4027; baseline -0.013 -17"><span class='ocrx_word' id='word_1_761' title='bbox 2248 3962 2514 4010; x_wconf 86' lang='lat' dir='ltr'><strong>revertar.</strong></span> <span class='ocrx_word' id='word_1_762' title='bbox 2538 3973 2558 4007; x_wconf 75' lang='grc' dir='ltr'><strong><em>ι</em></strong></span> <span class='ocrx_word' id='word_1_763' title='bbox 2592 3953 2693 4011; x_wconf 90' lang='lat' dir='ltr'><strong>lvit</strong></span> <span class='ocrx_word' id='word_1_764' title='bbox 2716 3955 2808 4012; x_wconf 85' lang='lat' dir='ltr'><strong>ille</strong></span> <span class='ocrx_word' id='word_1_765' title='bbox 2835 3955 3130 4024; x_wconf 89' lang='lat' dir='ltr'><strong>inimicus,</strong></span> <span class='ocrx_word' id='word_1_766' title='bbox 3168 3956 3461 4027; x_wconf 85' lang='lat' dir='ltr'><strong>omniaque</strong></span> <span class='ocrx_word' id='word_1_767' title='bbox 3489 3963 3566 4007; x_wconf 89' lang='lat' dir='ltr'><strong>sua</strong></span> <span class='ocrx_word' id='word_1_768' title='bbox 3587 3943 3708 4000; x_wconf 59' lang='lat' dir='ltr'><strong>diust</strong></span> <span class='ocrx_word' id='word_1_769' title='bbox 3753 3971 3767 4027; x_wconf 33' lang='grc' dir='ltr'><em>Δ</em></span> 
     </span>
    </p>
   </div>
   <div class='ocr_carea' id='block_1_98' title="bbox 3711 4619 3760 4906">
    <p class='ocr_par' dir='ltr' id='par_1_98' title="bbox 3731 4619 3754 4906">
     <span class='ocr_line' id='line_1_100' title="bbox 3731 4619 3754 4906; baseline 0 0"><span class='ocrx_word' id='word_1_770' title='bbox 3731 4619 3754 4906; x_wconf 85' lang='grc' dir='ltr'><strong>Ι</strong></span> 
     </span>
    </p>
   </div>
   <div class='ocr_carea' id='block_1_99' title="bbox 2249 4043 3708 4119">
    <p class='ocr_par' dir='ltr' id='par_1_99' title="bbox 2249 4043 3708 4119">
     <span class='ocr_line' id='line_1_101' title="bbox 2249 4043 3708 4119; baseline 0 -18"><span class='ocrx_word' id='word_1_771' title='bbox 2249 4046 2306 4101; x_wconf 91' lang='lat' dir='ltr'><strong>in</strong></span> <span class='ocrx_word' id='word_1_772' title='bbox 2335 4061 2551 4117; x_wconf 89' lang='lat' dir='ltr'><strong>campo,</strong></span> <span class='ocrx_word' id='word_1_773' title='bbox 2573 4061 2641 4102; x_wconf 90' lang='lat' dir='ltr'><strong>eo</strong></span> <span class='ocrx_word' id='word_1_774' title='bbox 2671 4055 2859 4104; x_wconf 91' lang='lat' dir='ltr'><strong>tenore</strong></span> <span class='ocrx_word' id='word_1_775' title='bbox 2881 4047 3030 4119; x_wconf 90' lang='lat' dir='ltr'><strong>quod</strong></span> <span class='ocrx_word' id='word_1_776' title='bbox 3061 4056 3229 4116; x_wconf 90' lang='lat' dir='ltr'><strong>tunc,</strong></span> <span class='ocrx_word' id='word_1_777' title='bbox 3262 4058 3316 4104; x_wconf 89' lang='lat' dir='ltr'><strong>et</strong></span> <span class='ocrx_word' id='word_1_778' title='bbox 3334 4047 3506 4108; x_wconf 87' lang='lat' dir='ltr'><strong>modo.</strong></span> <span class='ocrx_word' id='word_1_779' title='bbox 3528 4043 3708 4101; x_wconf 53' lang='lat' dir='ltr'><strong>«me</strong></span> 
     </span>
    </p>
   </div>
   <div class='ocr_carea' id='block_1_100' title="bbox 2247 4123 3706 4223">
    <p class='ocr_par' dir='ltr' id='par_1_100' title="bbox 2247 4123 3706 4223">
     <span class='ocr_line' id='line_1_102' title="bbox 2247 4123 3706 4223; baseline 0.001 -32"><span class='ocrx_word' id='word_1_780' title='bbox 2247 4138 2562 4210; x_wconf 86' lang='lat' dir='ltr'><strong>perjuratus</strong></span> <span class='ocrx_word' id='word_1_781' title='bbox 2601 4141 2726 4196; x_wconf 88' lang='lat' dir='ltr'><strong>erit.</strong></span> <span class='ocrx_word' id='word_1_782' title='bbox 2755 4139 2848 4197; x_wconf 89' lang='lat' dir='ltr'><strong>Sic</strong></span> <span class='ocrx_word' id='word_1_783' title='bbox 2885 4141 3072 4212; x_wconf 85' lang='lat' dir='ltr'><strong>itaque</strong></span> <span class='ocrx_word' id='word_1_784' title='bbox 3101 4142 3201 4197; x_wconf 89' lang='lat' dir='ltr'><strong>tali</strong></span> <span class='ocrx_word' id='word_1_785' title='bbox 3233 4142 3394 4196; x_wconf 90' lang='lat' dir='ltr'><strong>modo</strong></span> <span class='ocrx_word' id='word_1_786' title='bbox 3430 4137 3600 4191; x_wconf 77' lang='lat' dir='ltr'><strong>venerat</strong></span> <span class='ocrx_word' id='word_1_787' title='bbox 3619 4123 3706 4223; x_wconf 36' lang='lat' dir='ltr'><strong>mf”</strong></span> 
     </span>
    </p>
   </div>
   <div class='ocr_carea' id='block_1_101' title="bbox 2247 4230 3702 4315">
    <p class='ocr_par' dir='ltr' id='par_1_101' title="bbox 2247 4230 3702 4315">
     <span class='ocr_line' id='line_1_103' title="bbox 2247 4230 3702 4315; baseline -0.003 -28"><span class='ocrx_word' id='word_1_788' title='bbox 2247 4247 2449 4302; x_wconf 78' lang='lat' dir='ltr'><strong>magna</strong></span> <span class='ocrx_word' id='word_1_789' title='bbox 2498 4233 2802 4291; x_wconf 89' lang='lat' dir='ltr'><strong>necessitas</strong></span> <span class='ocrx_word' id='word_1_790' title='bbox 2854 4234 3000 4304; x_wconf 89' lang='lat' dir='ltr'><strong>quod</strong></span> <span class='ocrx_word' id='word_1_791' title='bbox 3049 4232 3224 4290; x_wconf 83' lang='lat' dir='ltr'><strong>Turci</strong></span> <span class='ocrx_word' id='word_1_792' title='bbox 3279 4234 3498 4300; x_wconf 80' lang='lat' dir='ltr'><strong>undique</strong></span> <span class='ocrx_word' id='word_1_793' title='bbox 3540 4230 3702 4315; x_wconf 50' lang='lat' dir='ltr'><strong>constt”</strong></span> 
     </span>
    </p>
   </div>
   <div class='ocr_carea' id='block_1_102' title="bbox 2249 4316 3702 4396">
    <p class='ocr_par' dir='ltr' id='par_1_102' title="bbox 2249 4316 3702 4396">
     <span class='ocr_line' id='line_1_104' title="bbox 2249 4316 3702 4396; baseline -0.002 -17"><span class='ocrx_word' id='word_1_794' title='bbox 2249 4323 2448 4396; x_wconf 83' lang='lat' dir='ltr'><strong>gebant</strong></span> <span class='ocrx_word' id='word_1_795' title='bbox 2495 4340 2625 4393; x_wconf 91' lang='lat' dir='ltr'><strong>nos,</strong></span> <span class='ocrx_word' id='word_1_796' title='bbox 2678 4325 2826 4396; x_wconf 87' lang='lat' dir='ltr'><strong>quod</strong></span> <span class='ocrx_word' id='word_1_797' title='bbox 2865 4325 3050 4382; x_wconf 91' lang='lat' dir='ltr'><strong>nullus</strong></span> <span class='ocrx_word' id='word_1_798' title='bbox 3092 4335 3412 4382; x_wconf 88' lang='lat' dir='ltr'><strong>nostrorum</strong></span> <span class='ocrx_word' id='word_1_799' title='bbox 3448 4316 3702 4376; x_wconf 53' lang='lat' dir='ltr'><strong>audebatli‘“</strong></span> 
     </span>
    </p>
   </div>
   <div class='ocr_carea' id='block_1_103' title="bbox 2248 4407 3698 4487">
    <p class='ocr_par' dir='ltr' id='par_1_103' title="bbox 2248 4407 3698 4487">
     <span class='ocr_line' id='line_1_105' title="bbox 2248 4407 3698 4487; baseline -0.012 -15"><span class='ocrx_word' id='word_1_800' title='bbox 2248 4417 2399 4473; x_wconf 85' lang='lat' dir='ltr'><strong>exire</strong></span> <span class='ocrx_word' id='word_1_801' title='bbox 2431 4425 2586 4473; x_wconf 84' lang='lat' dir='ltr'><strong>extra</strong></span> <span class='ocrx_word' id='word_1_802' title='bbox 2634 4419 2899 4487; x_wconf 88' lang='lat' dir='ltr'><strong>tentoria;</strong></span> <span class='ocrx_word' id='word_1_803' title='bbox 2931 4427 3116 4474; x_wconf 88' lang='lat' dir='ltr'><strong>tantus</strong></span> <span class='ocrx_word' id='word_1_804' title='bbox 3154 4429 3281 4475; x_wconf 88' lang='lat' dir='ltr'><strong>erat</strong></span> <span class='ocrx_word' id='word_1_805' title='bbox 3314 4417 3573 4472; x_wconf 84' lang='lat' dir='ltr'><strong>Turcorum</strong></span> <span class='ocrx_word' id='word_1_806' title='bbox 3593 4407 3698 4458; x_wconf 58' lang='lat' dir='ltr'><strong>timor</strong></span> 
     </span>
    </p>
   </div>
   <div class='ocr_carea' id='block_1_104' title="bbox 2251 4507 3702 4582">
    <p class='ocr_par' dir='ltr' id='par_1_104' title="bbox 2251 4507 3702 4582">
     <span class='ocr_line' id='line_1_106' title="bbox 2251 4507 3702 4582; baseline 0.001 -19"><span class='ocrx_word' id='word_1_807' title='bbox 2251 4507 2332 4564; x_wconf 89' lang='lat' dir='ltr'><strong>Illi</strong></span> <span class='ocrx_word' id='word_1_808' title='bbox 2365 4525 2605 4581; x_wconf 87' lang='lat' dir='ltr'><strong>namque</strong></span> <span class='ocrx_word' id='word_1_809' title='bbox 2631 4511 3082 4582; x_wconf 86' lang='lat' dir='ltr'><strong>constringebant</strong></span> <span class='ocrx_word' id='word_1_810' title='bbox 3108 4526 3217 4568; x_wconf 88' lang='lat' dir='ltr'><strong>nos</strong></span> <span class='ocrx_word' id='word_1_811' title='bbox 3241 4511 3296 4566; x_wconf 93' lang='lat' dir='ltr'><strong>in</strong></span> <span class='ocrx_word' id='word_1_812' title='bbox 3325 4525 3424 4565; x_wconf 89' lang='lat' dir='ltr'><strong>una</strong></span> <span class='ocrx_word' id='word_1_813' title='bbox 3449 4515 3587 4578; x_wconf 72' lang='lat' dir='ltr'><strong>parte.</strong></span> <span class='ocrx_word' id='word_1_814' title='bbox 3605 4507 3702 4550; x_wconf 48' lang='grc' dir='ltr'><strong>αἴν’</strong></span> 
     </span>
    </p>
   </div>
   <div class='ocr_carea' id='block_1_105' title="bbox 2249 4687 3700 4780">
    <p class='ocr_par' dir='ltr' id='par_1_105' title="bbox 2249 4687 3700 4780">
     <span class='ocr_line' id='line_1_107' title="bbox 2249 4687 3700 4780; baseline 0.008 -29"><span class='ocrx_word' id='word_1_815' title='bbox 2249 4696 2440 4754; x_wconf 91' lang='lat' dir='ltr'><strong>miseri</strong></span> <span class='ocrx_word' id='word_1_816' title='bbox 2469 4697 2625 4754; x_wconf 90' lang='lat' dir='ltr'><strong>valde</strong></span> <span class='ocrx_word' id='word_1_817' title='bbox 2648 4713 2713 4753; x_wconf 92' lang='lat' dir='ltr'><strong>ac</strong></span> <span class='ocrx_word' id='word_1_818' title='bbox 2747 4698 3015 4756; x_wconf 86' lang='lat' dir='ltr'><strong>dolentes.</strong></span> <span class='ocrx_word' id='word_1_819' title='bbox 3047 4695 3294 4768; x_wconf 71' lang='lat' dir='ltr'><strong>Major-es</strong></span> <span class='ocrx_word' id='word_1_820' title='bbox 3329 4692 3483 4751; x_wconf 81' lang='lat' dir='ltr'><strong>nostri</strong></span> <span class='ocrx_word' id='word_1_821' title='bbox 3511 4687 3700 4780; x_wconf 65' lang='grc'><strong><em>³³</em></strong></span> 
     </span>
    </p>
   </div>
   <div class='ocr_carea' id='block_1_106' title="bbox 2249 4774 3698 4862">
    <p class='ocr_par' dir='ltr' id='par_1_106' title="bbox 2249 4774 3698 4862">
     <span class='ocr_line' id='line_1_108' title="bbox 2249 4774 3698 4862; baseline -0.003 -17"><span class='ocrx_word' id='word_1_822' title='bbox 2249 4791 2423 4846; x_wconf 91' lang='lat' dir='ltr'><strong>nimio</strong></span> <span class='ocrx_word' id='word_1_823' title='bbox 2451 4805 2654 4861; x_wconf 92' lang='lat' dir='ltr'><strong>pavore</strong></span> <span class='ocrx_word' id='word_1_824' title='bbox 2678 4799 2855 4846; x_wconf 89' lang='lat' dir='ltr'><strong>erant.</strong></span> <span class='ocrx_word' id='word_1_825' title='bbox 2893 4790 3212 4847; x_wconf 89' lang='lat' dir='ltr'><strong>Succursus</strong></span> <span class='ocrx_word' id='word_1_826' title='bbox 3240 4789 3451 4862; x_wconf 87' lang='lat' dir='ltr'><strong>quidem</strong></span> <span class='ocrx_word' id='word_1_827' title='bbox 3481 4774 3698 4840; x_wconf 47' lang='lat' dir='ltr'><strong>antatium</strong></span> 
     </span>
    </p>
   </div>
   <div class='ocr_carea' id='block_1_107' title="bbox 2247 4871 3700 4953">
    <p class='ocr_par' dir='ltr' id='par_1_107' title="bbox 2247 4871 3700 4953">
     <span class='ocr_line' id='line_1_109' title="bbox 2247 4871 3700 4953; baseline 0.002 -17"><span class='ocrx_word' id='word_1_828' title='bbox 2247 4881 2392 4937; x_wconf 89' lang='lat' dir='ltr'><strong>rium</strong></span> <span class='ocrx_word' id='word_1_829' title='bbox 2428 4883 2590 4938; x_wconf 89' lang='lat' dir='ltr'><strong>nobis</strong></span> <span class='ocrx_word' id='word_1_830' title='bbox 2619 4883 2840 4953; x_wconf 91' lang='lat' dir='ltr'><strong>penitus</strong></span> <span class='ocrx_word' id='word_1_831' title='bbox 2875 4882 3082 4939; x_wconf 89' lang='lat' dir='ltr'><strong>deerat.</strong></span> <span class='ocrx_word' id='word_1_832' title='bbox 3114 4882 3266 4940; x_wconf 85' lang='lat' dir='ltr'><strong>Gens</strong></span> <span class='ocrx_word' id='word_1_833' title='bbox 3297 4871 3700 4953; x_wconf 46' lang='lat' dir='ltr'><strong>minuudP&#39;P‘f&#39;</strong></span> 
     </span>
    </p>
   </div>
   <div class='ocr_carea' id='block_1_108' title="bbox 2246 4949 3698 5048">
    <p class='ocr_par' dir='ltr' id='par_1_108' title="bbox 2246 4949 3698 5048">
     <span class='ocr_line' id='line_1_110' title="bbox 2246 4949 3698 5048; baseline -0.01 -20"><span class='ocrx_word' id='word_1_834' title='bbox 2246 4975 2388 5030; x_wconf 91' lang='lat' dir='ltr'><strong>rima</strong></span> <span class='ocrx_word' id='word_1_835' title='bbox 2417 4949 2726 5046; x_wconf 73' lang='lat' dir='ltr'><strong>fugiebant,</strong></span> <span class='ocrx_word' id='word_1_836' title='bbox 2761 4975 2854 5029; x_wconf 90' lang='lat' dir='ltr'><strong>alii</strong></span> <span class='ocrx_word' id='word_1_837' title='bbox 2878 4973 3092 5046; x_wconf 88' lang='lat' dir='ltr'><strong>Cypro,</strong></span> <span class='ocrx_word' id='word_1_838' title='bbox 3118 4976 3217 5030; x_wconf 92' lang='lat' dir='ltr'><strong>alii</strong></span> <span class='ocrx_word' id='word_1_839' title='bbox 3257 4975 3314 5029; x_wconf 89' lang='lat' dir='ltr'><strong>in</strong></span> <span class='ocrx_word' id='word_1_840' title='bbox 3354 4949 3698 5048; x_wconf 55' lang='lat' dir='ltr'><strong>Romaniamfl“</strong></span> 
     </span>
    </p>
   </div>
   <div class='ocr_carea' id='block_1_109' title="bbox 2246 5051 3698 5138">
    <p class='ocr_par' dir='ltr' id='par_1_109' title="bbox 2246 5051 3698 5138">
     <span class='ocr_line' id='line_1_111' title="bbox 2246 5051 3698 5138; baseline -0.006 -19"><span class='ocrx_word' id='word_1_841' title='bbox 2246 5064 2303 5119; x_wconf 93' lang='lat' dir='ltr'><strong>in</strong></span> <span class='ocrx_word' id='word_1_842' title='bbox 2340 5066 2668 5122; x_wconf 86' lang='lat' dir='ltr'><strong>montaneis.</strong></span> <span class='ocrx_word' id='word_1_843' title='bbox 2710 5067 2792 5120; x_wconf 79' lang='lat' dir='ltr'><strong>Ad</strong></span> <span class='ocrx_word' id='word_1_844' title='bbox 2833 5083 2984 5121; x_wconf 89' lang='lat' dir='ltr'><strong>mare</strong></span> <span class='ocrx_word' id='word_1_845' title='bbox 3013 5067 3204 5138; x_wconf 88' lang='lat' dir='ltr'><strong>utique</strong></span> <span class='ocrx_word' id='word_1_846' title='bbox 3241 5082 3349 5122; x_wconf 92' lang='lat' dir='ltr'><strong>non</strong></span> <span class='ocrx_word' id='word_1_847' title='bbox 3389 5051 3698 5118; x_wconf 52' lang='lat' dir='ltr'><strong>audebitis“</strong></span> 
     </span>
    </p>
   </div>
   <div class='ocr_carea' id='block_1_110' title="bbox 2246 5141 3698 5230">
    <p class='ocr_par' dir='ltr' id='par_1_110' title="bbox 2246 5141 3698 5230">
     <span class='ocr_line' id='line_1_112' title="bbox 2246 5141 3698 5230; baseline -0.002 -18"><span class='ocrx_word' id='word_1_848' title='bbox 2246 5173 2358 5228; x_wconf 83' lang='lat' dir='ltr'><strong>prae</strong></span> <span class='ocrx_word' id='word_1_849' title='bbox 2383 5158 2578 5214; x_wconf 91' lang='lat' dir='ltr'><strong>timore</strong></span> <span class='ocrx_word' id='word_1_850' title='bbox 2607 5161 2974 5230; x_wconf 88' lang='lat' dir='ltr'><strong>pessimorum</strong></span> <span class='ocrx_word' id='word_1_851' title='bbox 3005 5159 3343 5228; x_wconf 75' lang='lat' dir='ltr'><strong>Turcorum;</strong></span> <span class='ocrx_word' id='word_1_852' title='bbox 3372 5156 3614 5213; x_wconf 60' lang='lat' dir='ltr'><strong>nullam!“</strong></span> <span class='ocrx_word' id='word_1_853' title='bbox 3631 5141 3698 5192; x_wconf 67' lang='grc' dir='ltr'><strong>πλί-</strong></span> 
     </span>
    </p>
   </div>
   <div class='ocr_carea' id='block_1_111' title="bbox 2248 5251 2849 5322">
    <p class='ocr_par' dir='ltr' id='par_1_111' title="bbox 2248 5251 2849 5322">
     <span class='ocr_line' id='line_1_113' title="bbox 2248 5251 2849 5322; baseline 0.003 -16"><span class='ocrx_word' id='word_1_854' title='bbox 2248 5251 2410 5308; x_wconf 87' lang='lat' dir='ltr'><strong>nobis</strong></span> <span class='ocrx_word' id='word_1_855' title='bbox 2441 5251 2526 5307; x_wconf 86' lang='lat' dir='ltr'><strong>via</strong></span> <span class='ocrx_word' id='word_1_856' title='bbox 2559 5251 2849 5322; x_wconf 89' lang='lat' dir='ltr'><strong>patefacta.</strong></span> 
     </span>
    </p>
   </div>
  </div>
