3846 6306
138 405 218 464 πει

831 400 888 456 Ρ.
930 397 1273 458 TUDEBODI
1309 395 1489 455 IIIST.
1532 395 1621 453 DE
1659 394 2027 456 HIEROSOL.
2097 397 2258 458 ITIN.
2300 432 2368 444 —
2407 399 2535 456 LIB.
2577 399 2666 456 III.

147 545 3362 580 Μ

919 695 1382 788 INCIPIT
1451 693 1812 786 LIBER
1883 697 2443 790 TERTIUS.

289 867 414 926 Item
435 866 732 924 Christiani
760 874 1057 938 pugnarunt
1085 884 1205 921 cum
1238 865 1452 922 Turcis.

179 965 359 1020 Interea
390 961 560 1016 nostri
602 960 880 1030 principes
899 958 1184 1015 audientes
1208 956 1663 1014 innumerabilem

125 1066 302 1131 gentem
326 1051 623 1110 'l'urcorum
650 1052 865 1108 venisse
887 1066 1054 1121 super
1084 1066 1186 1107 nos
1205 1092 1219 1117 ,
1245 1057 1508 1121 ceperunt
1532 1062 1666 1104 con-

122 1150 299 1212 silium,
323 1145 560 1201 dicentes
585 1159 598 1195 :
636 1163 655 1194 ‹
682 1141 820 1198 Ecce
843 1142 1326 1198 innumerabilium
1352 1140 1661 1196 Turcorum

121 1240 350 1296 exercitus
394 1235 540 1291 venit
597 1250 765 1305 super
804 1249 934 1302 nos,
989 1234 1122 1306 quid
1189 1233 1464 1290 faciemus
1497 1232 1521 1287 ?
1553 1231 1664 1288 Nos

118 1332 301 1402 quidem
342 1328 473 1384 tanti
508 1343 618 1383 non
648 1342 872 1395 sumus,
897 1327 1042 1399 quod
1073 1329 1128 1383 in
1175 1328 1389 1383 duabus
1416 1327 1664 1398 partibus

117 1439 320 1496 pugnare
354 1423 636 1478 valeamus
701 1437 826 1477 cum
876 1422 1000 1478 illis.
1052 1420 1343 1478 Faciamus
1399 1435 1530 1492 ergo
1595 1435 1663 1476 ex

115 1519 243 1574 nobis
269 1517 396 1572 duas
422 1524 628 1586 partes.
664 1514 799 1570 Pars
829 1530 1066 1586 namque
1111 1517 1346 1571 militum
1377 1522 1664 1571 remaneat

111 1611 278 1682 iugiter
295 1609 568 1664 custodire
592 1607 898 1678 papiliones
920 1617 1137 1664 nostros
1152 1649 1168 1675 ,
1199 1615 1254 1662 et
1285 1607 1555 1663 obsistere
1575 1606 1664 1662 his

111 1706 185 1778 qui
220 1706 270 1759 in
319 1703 537 1758 civitate
587 1709 739 1758 sunt.
791 1701 858 1757 Et
903 1701 1010 1758 alia
1052 1717 1179 1774 pars
1224 1701 1460 1756 militum
1499 1698 1663 1755 simul

110 1801 282 1872 equitet
319 1799 538 1854 obviam
585 1797 830 1854 inimicis
870 1796 1108 1863 nostris,
1142 1795 1238 1868 qui
1282 1793 1374 1850 hic
1397 1792 1662 1865 hospitali

107 1902 212 1949 sunt
232 1908 388 1964 prope
415 1907 520 1947 nos
551 1891 607 1945 in
641 1889 867 1946 castello
888 1887 1035 1959 quod
1065 1897 1296 1943 vocatur
1319 1885 1462 1959 Areg
1479 1927 1494 1952 ,
1519 1884 1664 1940 ultra

109 1984 612 2040 Fonteio-Ferreum.
637 2003 654 2035 ι
700 1982 836 2039 Sero
869 1995 1052 2038 autem
1091 1979 1271 2047 facto,
1297 1978 1549 2038 exierunt
1596 1976 1665 2033 de

106 2078 344 2146 tentoriis,
375 2086 430 2133 et
460 2077 760 2133 consilium
796 2075 1073 2140 fecerunt,
1103 2073 1346 2129 dicentes
1371 2091 1383 2126 :
1415 2069 1664 2129 «Omnes

103 2186 265 2226 eamus
307 2180 500 2226 contra
551 2169 810 2224 inimicos
854 2175 1108 2233 nostros,
1162 2165 1259 2237 qui
1300 2172 1429 2221 sunt
1469 2163 1660 2236 viginti

1695 877 1742 933 Α
1768 869 1954 926 omnia
1979 885 2102 942 qua:
2141 870 2216 926 ibi
2255 871 2497 942 reperire
2529 881 2860 943 potuerunt,
2901 882 3078 933 totum
3116 886 3364 936 castrum

1765 962 2248 1033 exspoliaverunt,
2297 965 2674 1037 miseruntque
2745 969 2927 1040 ignem
2976 982 3030 1026 et
3079 969 3360 1043 fugerunt.

1765 1052 2067 1120 Hermenii,
2117 1063 2173 1110 et
2226 1053 2469 1123 Suriani,
2520 1067 2574 1114 et
2618 1059 2792 1115 (ἓτωοί
2842 1062 3080 1118 scientes
3136 1063 3366 1121 omnino

1764 1141 1974 1201 Turcos
2009 1144 2315 1215 perdidisse
2340 1146 2567 1216 bellum,
2598 1150 2854 1208 exierunt
2871 1161 2928 1208 et
2951 1156 3367 1212 excubaverunt

1763 1250 1862 1305 per
1901 1245 2054 1291 arcta
2102 1236 2245 1302 loca,
2289 1247 2344 1293 et
2389 1240 2734 1309 occiderunt,
2780 1252 2836 1299 et
2879 1246 3366 1316 apprehenderunt

1762 1327 1971 1382 multos
1996 1342 2064 1382 ex
2089 1327 2192 1383 eis.
2227 1327 2479 1400 Superati
2508 1341 2640 1388 sunt
2666 1333 2848 1405 itaque
2869 1334 2980 1391 Deo
3002 1347 3281 1394 annuente
3303 1338 3362 1394 in

1765 1417 1856 1474 illa
1881 1418 1970 1474 die
2008 1417 2219 1476 inimici
2253 1423 2449 1477 nostri.
2479 1421 2626 1480 Satis
2650 1441 2781 1482 vero
2802 1430 3110 1499 recuperati
3139 1440 3270 1486 sunt
3294 1430 3365 1488 de

1745 1519 1942 1581 ‘equts,
1973 1518 2027 1565 et
2069 1509 2192 1566 aliis
2233 1512 2400 1568 rebus
2443 1515 2655 1583 multis,
2703 1533 2828 1588 qua:
2874 1529 3033 1575 erant
3055 1521 3163 1577 illis
3202 1522 3360 1578 valde

1765 1602 2110 1658 necessarizc.
2162 1603 2510 1676 Accipientes
2559 1608 2744 1680 itaque
2794 1611 2968 1667 multa
3015 1614 3223 1683 spolia,
3266 1614 3366 1670 de-

1764 1694 2043 1750 duxerunt
2088 1695 2295 1752 multos
2331 1713 2400 1753 ex
2436 1698 2547 1755 illis
2592 1700 2833 1757 inimicis
2869 1703 3024 1760 vivos
3053 1720 3274 1773 secum,
3307 1716 3363 1763 et

1745 1787 2000 1858 plurima
2043 1790 2222 1860 capita
2259 1799 2607 1847 mortuorum
2648 1794 2962 1850 detulerunt
2991 1810 3118 1853 ante
3146 1807 3361 1868 portam

1764 1880 2036 1946 civitatis,
2086 1882 2181 1938 ubi
2239 1882 2404 1955 legati
2452 1884 2746 1942 Ammirati
2793 1886 3106 1960 Babyloniae
3163 1901 3369 1947 castra-

1764 1974 1956 2030 mctati
2000 1973 2240 2043 fuerant,
2273 1992 2398 2048 quae
2446 1978 2808 2034 mittebantur
2833 1982 3022 2036 comiti
3056 1982 3126 2038 de
3163 1982 3367 2040 Sancto

1765 2064 1988 2138 Egidio
2014 2075 2070 2122 et
2093 2067 2218 2123 aliis
2251 2068 2584 2125 senioribus.
2621 2070 2722 2137 llli,
2755 2072 2850 2143 qui
2887 2084 3270 2131 remanserunt
3308 2075 3365 2131 in

1765 2157 2052 2226 tentoriis,
2099 2167 2213 2215 tota
2237 2159 2326 2215 die
2374 2161 2606 2231 prazliati
2678 2173 2810 2219 sunt
2857 2180 2982 2220 cum
3026 2166 3137 2221 illis
3176 2168 3269 2237 qui
3306 2167 3362 2222 in

103 2263 312 2335 quinque
333 2263 505 2318 mima
522 2305 541 2329 ,
573 2262 717 2318 sicut
738 2271 996 2316 narratur
1025 2259 1206 2316 nobis,
1243 2256 1350 2314 sed
1377 2255 1666 2313 Podiensis
1694 2255 1742 2317 Β
1767 2248 1991 2305 civitate
2018 2258 2212 2318 erant,
2245 2260 2374 2307 ante
2394 2260 2506 2308 tres
2528 2263 2718 2324 portas
2744 2256 3002 2312 civitatis.
3027 2256 3254 2313 Factum
3280 2268 3367 2314 est

102 2357 372 2426 episcopus,
396 2366 451 2410 et
474 2353 778 2410 Ilotbertus
799 2351 1232 2419 Nortlimannus,
1254 2358 1309 2406 et
1329 2347 1662 2406 Eustachius

101 2464 280 2516 comes,
322 2456 650 2504 remaneant
671 2447 948 2503 custodire
980 2445 1049 2500 ab
1091 2445 1199 2501 illis
1241 2442 1336 2516 qui
1364 2444 1418 2500 in
1445 2443 1666 2500 civitate

99 2550 220 2596 sunt.
248 2561 265 2593 ι
303 2540 541 2596 Summo
563 2549 750 2596 autem
781 2537 1025 2594 diluculo
1062 2537 1394 2594 remiserunt
1420 2551 1488 2592 ex
1517 2535 1664 2591 mili-

99 2635 220 2690 tibus
238 2635 366 2699 suis,
391 2634 485 2705 qui
515 2633 774 2688 exierunt
799 2632 986 2688 videre
1007 2630 1310 2686 exercitum
1332 2626 1662 2696 Turcorum,

99 2733 140 2777 et
175 2724 257 2778 ubi
296 2732 459 2790 sunt,
511 2732 569 2778 et
613 2722 745 2793 quid
780 2731 924 2778 certe
964 2730 1148 2794 agant.
1178 2719 1450 2776 Exierunt
1481 2721 1667 2791 itaque

98 2812 178 2879 illi,
223 2822 270 2868 et
316 2821 614 2884 coeperunt
665 2811 941 2868 subtiliter
1011 2812 1290 2883 inquirere
1351 2811 1446 2866 ubi
1520 2811 1667 2867 acies

96 2919 256 2959 eorum
305 2903 626 2962 Turcorum
678 2912 809 2960 sunt
863 2901 1192 2958 recondith
1221 2901 1372 2958 Illico
1407 2901 1668 2956 viderunt

95 3009 372 3072 segregatos
393 3001 591 3056 venire
622 3015 689 3055 ex
719 3007 872 3070 parte
898 2996 1141 3054 ﬂuminis
1176 2996 1383 3052 divisos
1411 3011 1507 3066 per
1529 2995 1668 3050 duas

94 3093 250 3159 acies,
295 3093 544 3148 maxima
577 3105 711 3146 vero
732 3091 952 3146 illorum
994 3090 1171 3144 virtus
1215 3087 1468 3144 veniebat
1497 3095 1663 3142 retro.

95 3181 285 3240 Reversi
304 3194 437 3241 sunt
465 3200 606 3256 ergo
628 3184 875 3240 celeriter
901 3182 1110 3250 nostri,
1137 3181 1380 3237 dicentes
1405 3199 1417 3235 :
1443 3199 1464 3232 ε
1487 3179 1626 3236 Ecce
1651 3220 1666 3246 ,

91 3292 193 3333 ecce
223 3278 333 3347 jam
388 3279 650 3334 veniunt.
709 3275 896 3332 Estote
944 3275 1130 3346 itaque
1182 3289 1376 3329 omnes
1426 3273 1670 3344 undique

89 3368 271 3436 parati,
318 3369 451 3439 quia
491 3368 614 3438 jam
665 3382 834 3438 prope
889 3375 1018 3422 sunt
1047 3365 1224 3432 nobis,
1265 3366 1407 3421 sicut
1442 3364 1670 3436 potestis

88 3461 261 3515 videre.
283 3480 301 3512 ι
352 3460 740 3517 Decreverunt
771 3458 945 3514 nostri
980 3474 1041 3515 se
1090 3467 1150 3513 ut
1188 3458 1568 3528 unusquisque
1601 3471 1670 3512 ex

91 3551 364 3622 majoribus
385 3569 490 3624 per
512 3569 576 3608 se
598 3552 877 3608 ordinaret
899 3567 1055 3608 suam
1075 3552 1269 3606 aciem.
1298 3549 1421 3605 Mox
1448 3550 1672 3606 ordina-

86 3655 255 3700 tcrunt
283 3663 380 3704 sex
423 3645 607 3702 acies.
645 3645 900 3716 Quinque
925 3653 1106 3699 autem
1143 3644 1292 3698 acies
1346 3643 1529 3698 ierunt
1565 3643 1664 3698 ad-

89 3737 271 3790 unatim
298 3737 572 3792 invadere
623 3735 767 3790 illos.
815 3733 1170 3789 Flandrcnsis
1226 3749 1412 3790 comes
1455 3731 1559 3788 fuit
1609 3734 1664 3789 in

82 3827 236 3896 primo
307 3827 518 3898 capite.
591 3823 946 3879 Boamundus
1002 3823 1265 3895 paulatim
1317 3816 1708 3894 gradiebatur~

85 3925 208 3969 retro
250 3933 377 3971 cum
433 3931 544 3972 sua
581 3914 718 3970 acie.
763 3912 947 3969 .luucti
988 3914 1154 3986 igitur
1197 3928 1460 3984 prospere
1493 3913 1668 3968 nostri

81 4021 186 4061 cum
214 4005 444 4074 Turcis,
487 4005 877 4077 unusquisque
908 4005 1188 4060 sternebat
1216 4005 1407 4059 alium.
1439 4003 1668 4059 Clamor
1705 3999 1710 4003 ’

84 4115 190 4154 vero
220 4116 416 4156 eorum
463 4100 767 4156 resonabat
815 4097 884 4153 ad
923 4099 1146 4154 caelum.
1182 4095 1390 4152 Imbres
1432 4097 1664 4152 telorum
1705 4103 1710 4108 '

78 4196 460 4252 obnubilabant
484 4209 696 4250 aerem.
726 4190 1025 4263 Postquam
1053 4190 1201 4246 venit
1231 4190 1471 4245 maxima
1491 4190 1668 4246 virtus

80 4303 270 4356 eorum,
294 4305 425 4360 qua:
467 4297 595 4344 erat
634 4296 803 4353 retro,
845 4287 1045 4342 acriter
1092 4279 1292 4339 invasit
1325 4294 1563 4351 nostros,
1594 4284 1669 4339 ita

82 4391 128 4437 ut
157 4384 321 4440 nostri
345 4383 474 4454 jam
511 4381 798 4454 paululum
831 4379 1152 4435 recederent
1184 4387 1349 4433 retro.
1391 4375 1506 4433 Iloc
1539 4393 1667 4433 cum

79 4475 195 4530 vidit
218 4476 595 4532 Boamundus
612 4517 628 4542 ,
656 4473 938 4545 ingemuit.
963 4470 1226 4541 Prmcepit
1248 4485 1378 4542 ergo
1413 4479 1668 4526 eonesta-
1695 4473 1699 4481 ‘

79 4570 157 4626 bili
193 4587 314 4638 suo,
377 4571 604 4627 scilicet
652 4567 918 4624 Rotberto
977 4566 1090 4621 filio
1134 4565 1383 4633 Girardi,
1436 4565 1666 4621 dicens:

83 4681 100 4714 ι
125 4662 432 4720 Recordare
472 4661 830 4734 prudentium
871 4659 1226 4730 antiquorum
1260 4667 1314 4714 ct
1351 4668 1668 4713 nostrorum

77 4753 282 4812 fortium
330 4766 670 4828 parentum,
709 4753 901 4825 quales
946 4752 1165 4806 luerunt
1209 4759 1264 4806 et
1301 4751 1487 4821 qualia
1529 4750 1670 4805 bella

77 4846 327 4904 fecerunt.
367 4869 387 4901 ι
427 4845 564 4902 Fuit
591 4847 776 4917 itaque
810 4845 900 4900 ille
927 4844 1095 4916 signo
1125 4843 1306 4898 crucis
1331 4849 1575 4896 armatus
1612 4846 1690 4897 ut

1771 2343 1879 2400 hoc
1908 2343 2110 2400 bellum
2142 2345 2197 2400 in
2224 2345 2314 2402 die
2346 2344 2536 2404 Martis
2562 2356 2689 2403 ante
2707 2347 2887 2420 Caput
2908 2348 3145 2421 Jejunii,
3175 2368 3210 2405 v
3237 2351 3364 2408 ldus

1767 2435 2086 2506 Februarii,
2139 2437 2358 2495 favente
2406 2438 2641 2496 Domino
2692 2450 2884 2496 nostro
2923 2440 3053 2498 Jesu
3105 2441 3362 2512 Christo,

1727 2531 1730 2534 ’
1768 2531 1862 2602 qui
1919 2546 2045 2587 cum
2083 2530 2246 2588 Patre
2294 2539 2350 2588 et
2398 2528 2606 2604 Spiﬁtu
2635 2544 2828 2590 sancto
2862 2533 2998 2590 vivit
3033 2545 3089 2592 et
3127 2543 3362 2608 regnat,

1768 2638 1928 2679 amen

1840 2715 2067 2775 Reversi
2099 2728 2229 2776 sunt
2253 2719 2438 2793 itaque
2458 2721 2660 2791 nostri,
2690 2721 2797 2778 hoc
2823 2729 3016 2794 agente
3046 2721 3196 2791 Deo,
3225 2739 3359 2795 gau-

1768 2809 1960 2868 dentes
1989 2810 2056 2867 de
2081 2811 2394 2884 triumpho,
2423 2829 2586 2884 quem
2612 2813 2666 2868 in
2698 2813 2787 2869 die
2815 2813 2908 2868 illo
2948 2813 3260 2869 habuerunt
3292 2814 3362 2870 de

1768 2903 2040 2971 inimicis,
2090 2904 2184 2976 qui
2230 2915 2360 2961 sunt
2389 2921 2486 2978 per
2527 2907 2715 2962 omnia
2755 2921 2972 2977 semper
2996 2908 3254 2981 superati
3285 2905 3368 2962 fu.

1768 2995 2014 3065 gientes,
2046 2995 2155 3051 huc
2193 3007 2248 3051 et
2283 2997 2413 3053 illuc
2442 3008 2733 3070 vagantes,
2784 3006 2840 3052 et
2861 3008 3140 3065 errantes;
3181 2998 3274 3053 alii
3307 2999 3365 3054 in

1767 3084 2113 3143 Corosanum
2134 3129 2148 3155 ,
2185 3088 2278 3143 alii
2312 3103 2443 3144 vero
2467 3090 2520 3144 in
2559 3087 2994 3146 Sarracenorum
3024 3091 3370 3145 intraverunt

1771 3186 1996 3234 terram.
2022 3178 2285 3238 Videntes
2320 3191 2505 3237 autem
2528 3182 2705 3237 nostri
2734 3182 2977 3254 majores
2999 3198 3066 3238 ac
3097 3182 3365 3249 seniores,

1771 3272 1916 3342 quod
1949 3273 2090 3328 male
2124 3282 2424 3329 tractarent
2450 3289 2550 3329 nos
2587 3282 2642 3330 et
2677 3274 3123 3345 constringerent
3157 3274 3367 3331 inimici

1771 3365 2001 3433 nostri,
2077 3366 2173 3438 qui
2249 3375 2408 3422 erant
2473 3366 2530 3422 in
2604 3367 2824 3424 civitate
2897 3367 3026 3439 (die
3093 3369 3238 3422 enim
3301 3383 3369 3425 ac

1772 3466 1934 3515 nocte
2001 3459 2207 3531 jugiter
2269 3459 2571 3532 vigilabant
2629 3469 2684 3516 et
2753 3460 3182 3527 insidiabantur,
3255 3477 3367 3532 qua

1773 3557 1930 3622 parte
2005 3566 2109 3607 nos
2196 3551 2398 3608 lmdere
2464 3568 2528 3608 ac
2607 3552 2892 3624 angustari
2965 3553 3364 3625 potuissent),

1695 3619 1738 3678 θ
1771 3644 2086 3716 congregati
2119 3644 2173 3698 in
2198 3660 2371 3700 unum
2398 3644 2691 3700 consilium
2725 3645 3032 3714 petierunt,
3073 3645 3318 3700 dicentes
3349 3663 3363 3698 :

1777 3754 1796 3788 ‹
1837 3735 2167 3808 Priusquam
2194 3736 2491 3808 perdamus
2514 3746 2729 3809 gentem
2753 3736 2848 3792 Dei
2884 3747 2937 3792 ct
2983 3747 3252 3804 nostram,
3283 3735 3368 3792 fac

1769 3828 1982 3886 ciamus
2010 3839 2254 3885 castrum
2278 3831 2346 3885 ad
2373 3828 2797 3897 Macomariam,
2822 3845 2944 3902 qua:
2974 3839 3057 3886 est
3080 3840 3206 3884 ante
3237 3845 3366 3900 por-

1769 3928 1881 3975 tam
1913 3919 2006 3974 ubi
2041 3934 2182 3990 pons
2207 3930 2321 3986 est,
2360 3920 2544 3992 ibique
2585 3919 2816 3976 forsitan
2848 3921 3152 3992 poterimus
3181 3921 3367 3976 inimi-

1770 4031 1867 4071 eos
1894 4025 2116 4072 nostros
2145 4017 2544 4089 constringere.
2585 4035 2603 4070 ι
2647 4015 2989 4073 Consensere
3013 4030 3208 4072 omnes
3230 4031 3366 4072 con-

1771 4109 1931 4176 silio,
1969 4117 2024 4164 et
2053 4108 2422 4166 laudaverunt
2449 4110 2594 4181 quod
2625 4110 2832 4166 bonum
2863 4119 3012 4166 esset
3053 4109 3120 4165 ad
3151 4109 3362 4167 facien-

1769 4200 1920 4256 dum.
1945 4200 2144 4256 Comes
2163 4202 2229 4257 de
2243 4199 2446 4257 Sancto
2467 4201 2686 4274 Egidio
2709 4202 2846 4257 dixit
2874 4203 3086 4272 primus
3110 4221 3153 4257 τε
3176 4201 3364 4258 Estotc
3461 4217 3476 4236 ι

1771 4294 1908 4351 mihi
1935 4295 1988 4350 in
2018 4296 2358 4367 adjutorium
2395 4295 2462 4351 ad
2497 4293 2804 4352 faciendum
2834 4303 3073 4349 castrum
3095 4335 3109 4358 ,
3156 4302 3212 4348 et
3263 4307 3365 4364 ego

1770 4389 2017 4445 muniam
2069 4398 2123 4444 et
2159 4388 2412 4444 servabo.
2447 4406 2464 4437 ι
2511 4385 2812 4459 Respondit
2844 4385 2919 4440 illi
2966 4384 3320 4440 Boamundus
3349 4404 3362 4439 :

1778 4500 1796 4533 t
1831 4479 1888 4536 Si
1914 4497 2012 4538 vos
2041 4481 2228 4548 vultis,
2252 4491 2305 4537 et
2336 4480 2428 4535 alii
2454 4480 2700 4536 seniores
2740 4476 3103 4543 laudaverint,
3142 4477 3232 4531 ibo
3267 4490 3367 4529 vo-

1772 4573 1985 4629 biscum
2017 4573 2083 4628 ad
2108 4578 2327 4645 portum
2353 4571 2538 4627 Sancti
2575 4571 2884 4638 Simeonis,
2915 4570 3205 4640 diligenter
3231 4583 3366 4620 con-

1772 4667 1972 4722 ducere
2000 4667 2122 4721 illos
2153 4665 2246 4738 qui
2281 4665 2390 4720 illic
2414 4674 2544 4720 sunt
2565 4665 2840 4730 homines,
2869 4663 2963 4735 qui
2997 4661 3103 4717 hoc
3134 4659 3365 4715 fideliter

1774 4769 2040 4832 peragant
2082 4774 2242 4830 opus.
2293 4759 2399 4813 Alii
2443 4759 2537 4830 qui
2588 4766 2718 4814 sunt
2765 4753 3070 4811 remansuri
3119 4753 3364 4822 undique

1775 4853 2029 4906 muniant
2062 4866 2183 4907 sese
2225 4851 2292 4906 ad
2319 4849 2744 4916 defendendum,
2777 4849 2821 4902 si
2848 4846 2986 4902 forte
3018 4845 3224 4899 inimici
3263 4858 3366 4898 ro-

77 4938 401 4998 ῖοηίδδὶπιυδ
459 4939 702 5006 athlans
751 4946 806 4993 ει
864 4937 1008 4992 δίουῑ
1047 4935 1270 5006 sapiens
1317 4944 1372 4990 ει
1424 4931 1749 5033 ΡΓιιάεηῑθιύ
1775 4943 1873 4999 stri
1902 4951 1956 4999 et
1983 4942 2079 4998 Dei
2107 4942 2340 4998 exierint
2392 4942 2460 4998 de
2507 4940 2758 5004 civitate,
2793 4947 2847 4993 et
2884 4939 2936 4992 in
2970 4937 3094 4992 loco
3126 4937 3218 4990 illo
3251 4937 3365 4990 sint

75 5031 260 5090 invasit
292 5034 461 5100 illos,
497 5029 748 5085 deferens
770 5028 1026 5082 vexillum
1053 5026 1380 5081 Boamundi.
1411 5025 1670 5082 Videntcs

75 5137 239 5182 autem
263 5127 390 5182 alite
415 5125 574 5180 acies
599 5123 744 5194 quod
792 5121 1046 5176 vexillum
1071 5119 1372 5174 Boamundi
1401 5127 1509 5173 tam
1534 5135 1667 5190 pru-
1691 5115 1694 5119 ’

75 5218 385 5272 dentissime
416 5215 570 5270 foret
624 5223 750 5268 ante
796 5213 932 5267 alios
981 5211 1257 5276 delatum,
1294 5211 1498 5265 reversi
1538 5220 1670 5266 sunt

75 5320 407 5377 retrorsum,
464 5317 526 5364 et
564 5309 715 5379 ipsos
761 5306 1091 5361 unanimiter
1138 5306 1472 5362 invaserunt.
1527 5307 1669 5362 Fue-

74 5417 296 5477 runtque
345 5402 544 5459 nostri
590 5415 819 5455 numero
870 5399 1224 5470 septingenti,
1274 5399 1438 5455 Turci
1474 5391 1686 5471 viginti.

49 5498 306 5569 quinque
355 5495 569 5551 millia.
625 5491 734 5546 Sed
783 5493 952 5563 gratia
1007 5493 1100 5546 Dci
1144 5507 1336 5548 omnes
1373 5491 1668 5562 stupefacti

59 5592 428 5660 arripuerunt
478 5586 696 5658 fugam,
749 5594 800 5639 et
844 5594 1121 5640 verterunt
1189 5587 1372 5640 statim
1417 5574 1690 5656 scapulas

57 5651 225 5736 'retro.
251 5679 454 5736 Nostri
502 5651 675 5748 igitur
702 5678 962 5745 persecuti
1006 5688 1135 5732 sunt
1159 5677 1310 5743 illos,
1340 5651 1679 5749 superantes

74 5786 132 5825 ac
154 5774 589 5829 detruncantes.
621 5767 837 5823 Reversi
863 5780 988 5825 sunt
1008 5787 1090 5825 ve;
1105 5786 1140 5824 ο
1161 5769 1326 5825 Turci
1347 5770 1673 5826 festinanter

74 5861 123 5914 iu
149 5878 308 5918 suum
331 5872 623 5918 castrum.
655 5857 760 5922 Qui
785 5859 883 5913 vivi
911 5871 1289 5917 remanserunt
1307 5904 1322 5930 ,
1343 5869 1672 5932 acceperunt

1775 5052 1968 5092 omnes
2006 5036 2322 5109 congregati
2355 5036 2408 5090 in
2434 5050 2629 5101 unum,
2655 5032 2863 5090 scilicet
2885 5032 2978 5087 ubi
3010 5048 3112 5086 nos
3135 5031 3365 5085 demon-

1773 5130 2091 5185 strabimus.
2127 5148 2144 5179 ι
2209 5127 2546 5197 Factumque
2595 5135 2682 5181 est
2725 5126 2819 5179 ita.
2864 5124 3064 5181 Comes
3112 5123 3279 5194 igitur
3309 5133 3366 5176 ct

1771 5219 2127 5276 Boamundus
2161 5228 2523 5290 perrexerunt
2563 5219 2630 5273 ad
2665 5217 2854 5273 Sancti
2904 5216 3179 5271 Simeonis
3228 5231 3360 5286 por-

1771 5321 1908 5366 tum.
1965 5309 2077 5366 Nos
2136 5312 2354 5382 itaque,
2403 5312 2499 5382 qui
2549 5311 2919 5366 rcmansimus
2947 5311 3264 5381 congregati
3306 5311 3360 5364 in

1769 5419 1962 5470 unum,
1986 5402 2078 5457 ubi
2103 5413 2343 5457 castrum
2369 5401 2609 5472 incipere
2629 5401 3033 5466 debuissemus,
3061 5409 3191 5456 tunc
3217 5399 3358 5455 Tur-

1770 5495 1820 5551 ci
1856 5493 2102 5548 videntes
2137 5493 2241 5548 hoc
2267 5499 2715 5564 praeparaverunt
2747 5501 2904 5562 se,‘et
2929 5492 3077 5548 illico
3103 5493 3357 5546 exierunt

1770 5595 1924 5640 extra
1954 5584 2231 5639 civitatem
2277 5585 2494 5639 obviam
2526 5584 2687 5640 nobis
2728 5584 2795 5640 ad
2841 5585 3110 5656 praelium.
3142 5583 3235 5639 Sic
3258 5583 3360 5637 ita-

1771 5692 1879 5748 que
1910 5677 2192 5730 irrnerunt
2215 5692 2382 5748 super
2405 5692 2526 5744 nos,
2550 5686 2606 5732 et
2633 5675 2902 5734 miserunt
2927 5693 3029 5733 nos
3058 5677 3112 5732 in
3139 5675 3354 5759 fugam,

1772 5776 1827 5824 et
1854 5767 2174 5823 occiderunt
2195 5769 2380 5840 plures
2413 5785 2480 5826 ex
2508 5770 2717 5826 nostris
2747 5769 3033 5825 militibus.
3072 5767 3228 5824 Unde
3254 5782 3360 5824 nos

1772 5862 1960 5918 tristes
1987 5861 2340 5935 dolentcsque
2372 5863 2596 5920 fuimus.
2629 5863 2887 5918 Crastino
2909 5870 3088 5918 autem
3115 5862 3361 5917 videntes
