3846 6306
487 432 494 435 ’
517 427 627 484 ’185

1088 418 1181 474 AD
1218 412 1671 474 GODEFRIDUM
1711 406 2000 466 APPEND.
2040 405 2103 461 11.
2141 436 2212 446 --
2250 403 2519 461 MONUM.
2564 402 2652 458 DE
2689 403 2913 461 BELLO
2947 403 3194 460 SACRO.
3669 410 3740 474 786

507 537 690 594 'Turci
719 535 984 608 quoniam
1014 532 1252 602 majores
1279 529 1457 586 nostri
1482 543 1594 582 non
1617 531 1804 582 essent
1832 524 1886 578 in
1922 523 2115 578 obses-
2145 525 2190 580 A
2218 537 2386 591 super
2414 521 2557 586 illos.
2590 529 2644 575 et
2692 518 2907 576 fortiter
2957 521 3299 576 im'asel‘unl-
3344 517 3424 574 mi
3453 528 3617 577 autem
3642 530 3740 584 arri-

521 633 700 698 sione,
723 638 779 685 et
805 627 953 699 quod
980 626 1240 680 hesterna
1285 623 1374 677 die
1419 619 1748 676 militassent
1775 617 1842 672 ad
1869 625 2112 688 portum,

520 726 974 795 praeparaverunt
991 731 1049 771 se
1065 728 1257 770 omnes
1283 713 1523 782 majores
1544 709 1612 764 de
1628 706 1937 763 Turcorum
1959 721 2116 762 exer-

519 816 657 881 citu,
691 820 748 869 et
774 811 1150 866 militaverunt
1171 805 1281 860 illis
1306 804 1528 859 obviam
1555 800 1903 857 venientibus
1929 813 1960 854 e
1989 813 2117 868 por-

521 918 601 964 tu.
631 903 789 960 Tunc
814 901 1062 956 videntes
1105 897 1364 952 comitem
1392 905 1446 950 et
1475 891 1859 948 Boamundum
1889 889 2108 945 venien-

527 1007 630 1061 tes,
662 1003 719 1049 et
745 991 1116 1048 conducentes
1142 995 1358 1058 gentem
1385 985 1452 1041 de
1481 993 1672 1056 portu,
1697 983 1960 1039 continuo
2000 996 2115 1037 coe-

528 1090 726 1156 perunt
771 1078 1004 1134 stridere
1027 1085 1083 1132 et
1123 1076 1337 1148 garrire
1360 1117 1376 1144 ,
1399 1086 1452 1131 et
1481 1076 1722 1131 clamare
1750 1071 2120 1128 vehementis-

527 1179 670 1233 simo
717 1173 988 1236 clamore,
1045 1169 1541 1239 circumcingentes
1577 1165 1824 1236 undique
1871 1171 2117 1226 nostros,

525 1264 837 1339 sagittando
882 1270 938 1318 et
970 1261 1314 1318 vulnerando
1342 1301 1358 1327 ,
1409 1276 1477 1315 ac
1530 1258 1828 1315 crudeliter
1879 1256 2121 1325 undique

529 1363 910 1419 detruncando
936 1358 1184 1416 ensibus.
1217 1355 1354 1410 Tam
1413 1354 1618 1410 acriter
1658 1353 1978 1407 invaserunt
2023 1363 2124 1404 no.

527 1463 694 1520 atros,
723 1452 876 1524 quod
909 1451 988 1506 illi
1019 1449 1260 1504 inierunt
1285 1446 1471 1517 fugam
1505 1461 1602 1516 per
1625 1444 1932 1515 proximam
1957 1426 2120 1497 m‘on-

526 1553 770 1609 taneam,
797 1557 864 1596 ac
891 1541 985 1596 ubi
1008 1539 1230 1610 patebat
1257 1536 1346 1591 via
1375 1534 1565 1591 eundi.
1596 1533 1704 1601 Qui
1726 1532 1908 1603 potuit
1935 1547 1994 1586 se
2019 1546 2142 1586 ex-'

527 1632 718 1705 pedire
764 1633 931 1689 celeri
961 1645 1152 1702 gressu
1171 1672 1186 1698 ,
1229 1628 1408 1684 evasit
1430 1627 1607 1682 vivus.
1635 1624 1728 1679 Ille
1750 1639 1880 1679 vero
1911 1622 2005 1694 qui
2032 1621 2122 1676 fu-

531 1740 660 1795 gere
683 1707 948 1794 nequivit,
973 1737 1076 1793 pro
1104 1720 1315 1777 Christi
1339 1719 1561 1774 nomine
1583 1716 1907 1790 martyrium
1931 1730 2121 1771 susce-

532 1819 633 1890 pit.
671 1818 1030 1888 Fueruntque
1084 1817 1139 1870 in
1181 1816 1273 1871 illa
1323 1815 1411 1872 die
1453 1813 1788 1886 martyrisati
1821 1828 1889 1868 ex
1917 1810 2123 1868 nostris

533 1909 806 1966 militibus
831 1909 944 1966 sive
965 1908 1241 1978 peditibus
1269 1907 1394 1978 plus
1419 1920 1586 1977 quam
1612 1904 1782 1968 mille,
1810 1903 1905 1974 qui
1934 1919 1990 1957 ιιι
2019 1917 2128 1958 οω-

534 2001 652 2056 lum
679 2001 926 2056 laetantes
946 1999 1344 2067 ascendebant,
1373 1996 1721 2053 candidatam
1746 1995 1982 2051 ferentes
2008 2002 2127 2070 sto-

536 2094 649 2150 lam
697 2091 902 2164 recepti
952 2091 1238 2164 martyrii,
1304 2090 1674 2162 gloriticantes
1739 2097 1794 2145 et
1843 2088 2132 2160 laudantes

539 2185 716 2241 Deum
747 2185 952 2240 trinum
1006 2191 1061 2238 et
1109 2197 1284 2238 unum
1304 2223 1321 2250 ,
1346 2181 1403 2236 in
1429 2195 1541 2252 quo
1563 2179 1796 2236 feliciter
1823 2179 2132 2250 triumpha-

539 2277 694 2342 bant,
750 2283 806 2330 et
848 2274 1106 2330 dicebant
1131 2273 1507 2329 concordabili
1550 2287 1728 2328 voce:
1761 2290 1780 2324 ι
1813 2269 1995 2339 Quare
2020 2285 2130 2325 non

539 2367 790 2424 defendis
819 2367 1146 2439 sanguinem
1183 2374 1456 2429 nostrum,
1488 2363 1636 2421 Deus
1664 2373 1875 2430 noster,
1907 2362 2002 2434 qui
2031 2361 2132 2416 ho-

539 2459 632 2515 die
660 2467 744 2514 est
780 2456 989 2514 effusus
1012 2472 1114 2528 pro
1139 2466 1236 2513 tuo
1266 2456 1529 2512 nomine?
1564 2475 1583 2508 ›
1634 2452 1991 2512 Boamundus
2028 2452 2132 2507 ita-

537 2568 646 2624 que
669 2552 837 2618 viam,
862 2566 1030 2622 quam
1067 2550 1160 2604 alii
1192 2557 1521 2616 tenuerunt,
1551 2563 1663 2604 non
1686 2547 1882 2612 tenuit,
1911 2545 2004 2600 sed
2042 2559 2132 2599 ce-

536 2647 710 2702 lerius
736 2645 885 2701 venit
907 2660 1033 2701 cum
1057 2644 1250 2716 paucis
1275 2641 1548 2698 militibus
1579 2640 1781 2696 laxatis
1810 2639 2004 2706 lrenis,
2035 2638 2136 2694 do-

538 2748 641 2789 nec
662 2739 1011 2804 properasset
1041 2746 1219 2802 usque
1247 2730 1316 2787 ad
1339 2745 1462 2796 nos,
1495 2729 1590 2801 qui
1623 2744 1846 2785 eramus
1881 2728 1938 2783 in
1961 2743 2133 2783 unum

539 2824 854 2895 congregati
881 2823 1024 2878 ultra
1047 2822 1273 2877 ﬂuvium
1293 2820 1599 2892 Pharpbar.
1621 2819 1777 2876 Tunc
1799 2835 1901 2876 nos
1916 2820 2137 2876 accensi

540 2916 597 2970 in
628 2917 710 2971 ira
744 2916 1022 2972 occisione
1050 2923 1390 2981 nostrorum,
1417 2915 1624 2970 Christi
1655 2915 1912 2970 invocato
1954 2913 2135 2969 nomi—

543 3020 633 3072 ne,
687 3015 741 3061 et
791 3006 968 3061 sancti
1023 3004 1359 3061 confidentes
1410 3004 1647 3075 sepulcri
1688 3003 1896 3060 Christi
1919 3002 2135 3058 itinere.

541 3098 721 3168 juncti
781 3098 1006 3153 insimul
1057 3097 1138 3153 sic
1169 3097 1525 3168 pervenimus
1551 3107 1744 3154 contra
1772 3111 1870 3153 eos
1918 3095 1988 3151 ad
2018 3095 2138 3151 bel-

545 3191 683 3258 lum,
715 3205 826 3260 quo
853 3205 1032 3260 usque
1055 3189 1363 3245 invasimus
1392 3203 1504 3244 uno
1531 3188 1696 3245 corde
1717 3196 1772 3244 et
1791 3188 1997 3244 animo.
2015 3185 2138 3244 Sta-

543 3282 676 3336 bant
706 3289 891 3338 autem
919 3281 1129 3350 inimici
1162 3280 1338 3337 nostri
1366 3289 1420 3337 et
1444 3279 1542 3336 Dei
1565 3280 1809 3352 undique
1844 3277 2135 3350 stupefacti

551 3382 605 3428 et
647 3374 998 3429 vehementer
1028 3372 1329 3444 perterriti,
1358 3381 1413 3428 et
1445 3379 1702 3442 putantes
1723 3386 1826 3426 nos
1849 3369 2137 3427 devincere

544 3475 600 3522 et
645 3466 926 3534 occidere,
959 3463 1424 3536 quemadmodum
1473 3473 1690 3536 gentem
1735 3463 1951 3520 comitis
2003 3461 2135 3517 Bai-

543 3559 735 3615 mundi
769 3566 825 3614 et
846 3556 1173 3613 Boamundi.
1221 3555 1327 3612 Sed
1351 3557 1700 3628 omnipotens
1728 3555 1874 3612 Deus
1896 3556 2003 3612 hoc
2029 3555 2140 3611 illis

544 3651 860 3722 permittere
886 3650 1199 3705 nullatenus
1228 3648 1419 3704 voluit.
1447 3646 1603 3704 Tunc
1655 3647 1766 3702 dux
1806 3645 2140 3703 Godefridus

544 3741 750 3796 Christi
775 3740 932 3796 miles
961 3739 1403 3810 potentissimus,
1456 3737 1676 3793 irruens
1726 3737 1782 3792 in
1825 3753 1922 3793 eos
1955 3737 2140 3810 evagi-

544 3842 676 3890 nato
706 3848 861 3901 ense,
914 3832 1186 3904 percussit
1217 3831 1509 3903 quemdam
1563 3829 1817 3902 gentilem
1869 3827 2142 3885 ferocissi-

547 3941 701 3980 mum
737 3932 848 3980 tam
870 3923 1118 3991 viriliter,
1153 3932 1214 3978 ut
1241 3921 1297 3977 in
1333 3921 1472 3978 duas
1501 3929 1684 3993 partes
1720 3922 1901 3993 ipsum
1927 3920 2141 3976 divide-

548 4026 653 4085 ret,
699 4033 729 4072 a
776 4017 982 4072 vertice
1025 4016 1279 4073 videlicet
1315 4030 1492 4087 usque
1543 4015 1599 4070 in
1641 4015 1831 4072 sellam
1881 4015 2010 4086 equi
2039 4013 2138 4086 (8).

548 4111 863 4183 Actumque
897 4120 952 4167 et
974 4126 1041 4166 ex
1071 4109 1167 4165 Dei
1191 4109 1534 4181 providentia
1566 4116 1648 4177 ut,
1668 4107 1923 4179 quamvis
1955 4107 2007 4161 in
2033 4106 2144 4162 duo

549 4204 838 4271 discissus,
864 4203 1090 4259 minime
1120 4218 1184 4259 ex
1216 4210 1331 4259 toto
1353 4202 1422 4258 de
1459 4217 1603 4274 equo
1633 4201 1984 4258 dilaberetur.
2014 4198 2143 4255 Post

551 4299 702 4355 hunc
726 4314 1020 4371 aggressus
1061 4298 1231 4354 alium
1263 4313 1332 4355 ex
1358 4296 1604 4368 obliquo,
1660 4296 1839 4352 secuit
1879 4311 2006 4351 cum
2049 4309 2145 4367 per

553 4390 818 4448 medium.
858 4388 937 4445 Eat
968 4389 1096 4445 hinc
1120 4389 1392 4446 maximus
1416 4397 1593 4443 terror
1626 4395 1680 4442 et
1723 4387 1921 4443 horror
1953 4402 2146 4443 omnes

555 4483 812 4540 inimicos
862 4482 1299 4539 Christianitatis
1358 4480 1628 4552 perculit,
1690 4495 1800 4535 non
1832 4479 2010 4537 solum
2049 4480 2144 4551 qui

2218 621 2460 684 pncrunt
2493 613 2725 668 celerem
2759 612 2944 684 fugam
2968 628 3068 682 per
3091 611 3335 668 medium
3363 613 3542 683 pontis
3562 621 3743 692 angusti,

2217 706 2285 760 ad
2314 705 2534 760 illorum
2586 704 2890 760 interitum.
2947 703 3027 758 illi
3062 747 3076 772 ,
3108 703 3201 774 qui
3234 704 3340 758 vivi
3371 719 3479 760 non
3516 716 3744 777 potuerunt

2217 798 2556 869 pertransire
2595 806 2823 868 pontem
2859 814 2972 868 prae
3001 799 3173 854 nimia
3195 798 3540 855 multitudine
3562 804 3745 872 gentium

2217 900 2273 948 et
2298 891 2660 958 caballorum,
2713 891 2786 946 ibi
2824 899 3152 961 receperunt
3211 891 3595 962 sempiternum
3629 894 3747 950 inter-

2221 981 2384 1048 itum,
2407 992 2461 1036 et
2484 981 2841 1037 reddiderunt
2875 980 3121 1036 infelices
3143 981 3360 1037 animas
3389 982 3598 1038 diabolo
3618 994 3659 1039 et
3683 986 3751 1041 Sa-

2219 1080 2362 1125 tana:
2385 1071 2675 1126 ministris.
2732 1070 2842 1126 Nos
2895 1070 3082 1142 itaque
3120 1081 3447 1142 superantes
3484 1087 3574 1127 eos
3614 1075 3750 1147 impel-

2220 1162 2468 1219 lebamus
2500 1164 2554 1218 in
2591 1164 2795 1219 ﬂumen
2823 1179 2950 1219 cum
2988 1164 3198 1219 nostris
3259 1163 3556 1220 mortiferis
3580 1165 3750 1225 lanceis.

2222 1252 2381 1310 Unda
2415 1271 2642 1326 quoque
2715 1255 2894 1326 rapidi
2943 1255 3188 1311 ﬂuminis
3261 1256 3468 1326 ubique
3532 1258 3754 1316 videbatur

2221 1346 2391 1402 ﬂuere
2413 1347 2582 1402 rubea
2607 1346 2917 1402 Turcorum
2943 1347 3233 1420 sanguine.
3279 1346 3349 1402 Et
3371 1348 3419 1402 si
3458 1346 3587 1404 forte
3611 1351 3756 1421 aliquis

2222 1453 2412 1495 eorum
2439 1440 2707 1496 voluisset
2733 1429 2953 1511 reptare
2977 1456 3143 1510 super
3179 1441 3366 1511 pontis
3396 1440 3674 1510 columnas,
3691 1457 3757 1500 aut

2224 1531 2465 1587 natando
2488 1531 2810 1587 vulneratus
2836 1530 2905 1587 ad
2933 1539 3138 1586 terram
3177 1530 3470 1586 moliretur
3501 1531 3650 1598 exire,
3687 1550 3760 1590 nos

2224 1623 2467 1694 undique
2489 1631 2743 1679 natantes
2771 1638 2939 1694 super
2981 1623 3156 1693 ripam
3217 1622 3461 1678 fluminis
3506 1621 3759 1692 impelleba-

2224 1724 2370 1775 mus,
2403 1719 2663 1764 necantes
2691 1718 2820 1764 eum
2850 1709 3058 1780 impetu
3106 1707 3284 1778 rapidi
3315 1707 3573 1763 ﬂuminis.
3606 1706 3761 1765 Rumor

2227 1815 2447 1871 quoque
2461 1809 2516 1856 et
2550 1800 2761 1856 clamor
2787 1809 3101 1857 nostrorum
3120 1809 3175 1855 et
3197 1800 3417 1856 illorum
3442 1800 3697 1856 resonabat
3714 1804 3761 1857 ad

2228 1893 2450 1948 caelum.
2478 1891 2682 1948 Pluvia:
2705 1892 2942 1948 telorum
2972 1902 3024 1947 et
3055 1893 3386 1964 sagittarum
3440 1893 3670 1965 tegebant
3695 1910 3764 1964 po-

2229 1982 2341 2038 lum
2374 1991 2429 2039 et
2453 1982 2760 2038 claritatem
2788 1982 2928 2049 diei;
2955 1983 3078 2038 alue
3107 1997 3272 2038 voces
3313 1981 3465 2038 intus
3485 1994 3536 2038 et
3562 1993 3691 2038 extra
3711 1985 3765 2038 ci-

2229 2076 2453 2132 vitatem
2482 2084 2660 2131 erant.
2703 2073 2962 2130 Mulieres
2986 2075 3224 2130 civitatis
3252 2074 3538 2130 veniebant
3582 2075 3640 2129 ad
3662 2077 3767 2129 muri

2231 2167 2501 2225 fenestras
2530 2167 2879 2236 Christianae,
2914 2168 3287 2239 inspectantes
3315 2166 3511 2222 misera
3544 2165 3642 2222 fata
3666 2166 3770 2221 Tur.

2233 2275 2448 2328 eorum,
2475 2269 2529 2316 et
2559 2259 2897 2331 plaudebant
2929 2260 3187 2316 manibus
3219 2260 3454 2328 occulte,
3508 2259 3636 2316 sicut
3683 2276 3771 2315 mos

2231 2361 2315 2409 est
2368 2353 2608 2408 illarum.
2666 2351 2966 2420 Hermenii,
2999 2361 3053 2409 et
3083 2351 3329 2420 Suriani,
3361 2363 3416 2408 et
3443 2351 3626 2420 ϐπερὶ,
3651 2353 3770 2423 jussu

2233 2444 2508 2516 majorum
2533 2443 2840 2499 Turcorum
2868 2452 3226 2516 tyrannorum
3259 2443 3506 2515 quotidie
3527 2442 3666 2498 inviti
3691 2443 3773 2497 sive

2234 2547 2433 2608 sponte
2461 2537 2798 2609 sagittabant
2835 2536 3042 2599 celeres
3074 2536 3324 2608 sagittas.
3356 2535 3550 2591 Mortui
3585 2546 3695 2591 sunt
3737 2534 3775 2588 in

2235 2631 2418 2685 anima
2441 2638 2496 2685 et
2515 2643 2746 2702 corpore
2768 2628 3060 2685 duodecim
3091 2629 3401 2684 ‘Ammiralii
3423 2628 3492 2685 de
3520 2627 3776 2684 Turcorum

2235 2723 2454 2794 agmine
2492 2723 2548 2777 in
2586 2721 2773 2794 praelio
2805 2722 2919 2790 illo,
2957 2729 3012 2777 et
3055 2722 3296 2778 aliorum
3361 2721 3778 2786 prudentissime-

2237 2831 2360 2870 rum
2390 2815 2626 2870 militum
2651 2823 2707 2870 et
2733 2813 3050 2882 fortiorum,
3083 2815 3178 2886 qui
3207 2813 3406 2870 melius
3427 2813 3704 2887 pugnando
3721 2812 3779 2865 ci-

2237 2908 2460 2963 vitatem
2483 2907 2870 2975 defendebant,
2908 2923 3176 2964 numerus
3201 2923 3441 2978 quorum
3479 2907 3622 2962 mille
3655 2906 3782 2975 quin-

2237 3002 2404 3073 genti.
2437 3001 2659 3073 Alii_qui
2694 3009 3081 3058 remanserunt
3107 3001 3237 3067 vivi,
3268 3000 3384 3071 jam
3422 3015 3535 3055 non
3587 2997 3780 3067 amplius

2239 3096 2514 3151 audebant
2564 3095 2828 3162 clamare,
2861 3110 3039 3166 neque
3089 3094 3321 3166 garrire,
3381 3094 3439 3148 in
3469 3093 3560 3149 die
3606 3092 3704 3147 sive
3742 3090 3783 3142 in

2239 3179 2418 3256 nocte,
2448 3191 2732 3246 sicutante
2756 3189 3026 3245 solebant.
3053 3187 3259 3244 Omnes
3285 3189 3475 3259 itaque
3496 3202 3597 3242 nos
3623 3195 3670 3241 et
3696 3184 3791 3237 illos

2241 3295 2350 3334 non
2391 3280 2666 3350 separavit
2692 3279 2988 3351 quisquam
3029 3279 3136 3335 nisi
3167 3278 3522 3334 solummodo
3552 3291 3673 3333 nox.
3703 3273 3792 3329 Nox

2239 3373 2424 3445 itaque
2448 3374 2636 3430 divisit
2678 3382 2944 3447 utrosque
2995 3373 3317 3445 praeliando,
3343 3382 3399 3429 et
3427 3371 3726 3445 jaculando,
3755 3376 3795 3421 et

2240 3465 2568 3536 sagittando.
2610 3464 2810 3536 Sicque
2838 3466 3042 3521 virtute
3070 3464 3167 3521 Dei
3193 3473 3250 3522 et
3272 3466 3451 3521 sancti
3483 3464 3707 3536 sepulcri
3729 3478 3799 3516 su-

2240 3559 2411 3629 perati
2437 3566 2566 3614 sunt
2606 3557 2817 3614 inimici
2853 3558 3052 3624 nostri,
3083 3573 3151 3615 eo
3194 3567 3383 3615 tenore
3419 3558 3573 3630 quod
3611 3554 3800 3612 ulterius

2242 3664 2349 3706 non
2363 3651 2652 3707 valuerunt
2662 3651 2864 3708 habere
2878 3651 3038 3707 talem
3049 3651 3308 3707 virtutem
3323 3666 3508 3722 neque
3522 3650 3578 3704 in
3592 3660 3804 3713 voce,ne-

2243 3757 2349 3813 que
2366 3741 2418 3796 in
2433 3758 2620 3812 opere,
2635 3743 2800 3799 sicuti
2813 3743 2991 3814 prius.
3022 3741 3136 3799 Nos
3159 3744 3346 3814 itaque
3366 3743 3533 3798 valde
3560 3742 3744 3796 fuimus
3762 3737 3802 3789 in

2244 3835 2332 3890 illa
2357 3835 2545 3892 refecti
2566 3837 2654 3892 die
2673 3837 2740 3894 de
2755 3837 2973 3892 illorum
2986 3837 3166 3907 equis,
3183 3844 3236 3891 et
3247 3836 3314 3891 de
3326 3834 3458 3891 aliis
3473 3833 3660 3890 multis
3677 3830 3807 3886 rebus

2244 3943 2367 3998 quae
2397 3928 2532 3984 satis
2578 3928 2740 3984 nobis
2772 3937 2932 3984 erant
2991 3927 3338 3984 necessariae.
3371 3925 3635 3982 Crastina
3661 3932 3806 3977 autem

2244 4021 2333 4076 die
2371 4035 2589 4076 summo
2611 4020 2854 4076 diluculo
2887 4020 3143 4077 exierunt
3171 4020 3263 4076 alii
3291 4018 3468 4076 Turci
3501 4019 3572 4075 de
3593 4016 3809 4076 civitate-‘3

2245 4120 2300 4168 et
2327 4112 2664 4184 collegerunt
2715 4113 2899 4167 omnia
2952 4112 3220 4168 cadavera
3266 4110 3500 4168 fetentia
3546 4111 3810 4166 Turcorum

2247 4215 2594 4261 mortuorum
2619 4247 2635 4274 ,
2675 4221 2798 4276 quat
2827 4207 3068 4276 reperire
3113 4214 3421 4277 potuerunt
3454 4222 3626 4277 super
3669 4204 3811 4273 ripam

2247 4297 2490 4354 fluminis
2510 4341 2525 4366 ,
2562 4300 2804 4370 exceptis
2826 4299 2934 4355 illis
2961 4315 3086 4370 qua).
3108 4299 3162 4354 in
3195 4300 3351 4355 alveo
3377 4300 3634 4355 latebant
3670 4293 3813 4349 flumi-

2249 4391 2356 4458 nis,
2394 4398 2450 4446 et
2477 4391 2708 4461 sepelire
2740 4389 2990 4447 fecerunt
3025 4392 3092 4447 ad
3121 4390 3597 4458 Machomariam,
3622 4402 3731 4460 quze
3754 4394 3817 4438 est

2248 4484 2396 4540 ultra
2421 4492 2646 4556 pontem
2682 4483 2923 4540 civitatis
2945 4493 3072 4540 ante
3097 4494 3334 4555 portam.
3392 4483 3686 4552 Simulque
3721 4491 3814 4532 cum

554 4584 856 4646 praesentes
904 4575 1160 4642 aderant,
1202 4574 1297 4631 sed
1338 4587 1533 4628 omnes
1573 4572 1669 4643 qui
1713 4571 1822 4628 hoc
1866 4579 2145 4643 utcunque
2177 4593 2224 4651 ι)
2251 4576 2358 4633 illis
2384 4577 2646 4648 sepeliere
2685 4576 2871 4648 pallia,
2897 4577 3193 4650 bysanteos
3223 4593 3462 4644 aureos,
3492 4591 3656 4632 arcus
3675 4581 3724 4629 ct
3753 4584 3818 4625 sa-

553 4669 744 4726 audire
766 4677 1077 4742 potuerunt.
1107 4666 1313 4723 Deinde
1339 4667 1447 4722 dux
1460 4681 1557 4736 per
1569 4665 1750 4721 omnia
1763 4666 2152 4724 memorandus

556 4761 750 4819 illosin
763 4761 951 4834 fugam
975 4777 1164 4818 versos
1180 4774 1546 4831 persequens,
1563 4758 1846 4825 nuncbos,
1867 4774 2013 4815 nunc
2027 4759 2150 4816 illos

556 4865 618 4911 ut
641 4855 729 4913 leo
749 4854 1089 4911 fortissimus
1118 4851 1406 4918 invadens,
1433 4850 1814 4917 detruncabat,
1844 4857 1899 4906 et
1927 4851 1980 4906 in
2031 4867 2149 4906 am-

555 4963 683 5004 nem
714 4948 1108 5019 praecipitabat.
1143 4944 1321 5001 Simili
1345 4954 1526 4999 autem
1544 4944 1708 5000 modo
1727 4942 1882 5017 Hugo
1894 4944 2146 5017 Magnus,

553 5051 609 5098 et
653 5056 841 5097 comes
900 5038 1088 5096 Sancti
1133 5037 1362 5110 Egidii,
1386 5047 1439 5092 et
1489 5036 1842 5094 Boamundus
1870 5046 1925 5092 et
1978 5037 2145 5092 Flan-

557 5132 778 5189 drensis
804 5146 1013 5197 comes,
1037 5139 1091 5186 et
1117 5130 1211 5187 alii
1236 5143 1491 5200 proceres
1512 5129 1662 5199 ipsos
1701 5128 2066 5195 trucidabant,
2093 5137 2148 5185 et

556 5224 612 5278 in
643 5238 862 5279 amnem
888 5223 1318 5294 prazcipitabant.
1373 5220 1552 5277 Locus
1572 5237 1704 5276 vero
1756 5223 1996 5295 fugiendi
2035 5237 2144 5276 non

555 5324 696 5383 erat,
722 5315 830 5371 nisi
859 5314 1204 5371 solummodo
1233 5329 1331 5385 per
1352 5320 1594 5384 pontem,
1620 5314 1712 5382 qui
1745 5321 1875 5367 tunc
1893 5313 1999 5368 illis
2023 5329 2148 5383 per-

556 5415 829 5481 angustus
856 5417 996 5476 erat,
1048 5408 1264 5479 ipsique
1293 5407 1617 5476 semetipsos
1654 5405 2043 5475 pi-zepedicntcs
2091 5405 2146 5458 in

555 5500 784 5556 ﬂumine
805 5499 1280 5571 demergebantur.
1315 5497 1517 5553 Milites
1546 5497 1712 5568 igitur
1748 5497 1861 5550 veri
1904 5496 1996 5550 Dei
2047 5513 2150 5550 un-

558 5591 724 5663 dique
758 5593 1108 5663 signoerucis
1131 5591 1364 5664 protecti
1402 5591 1684 5644 irruerunt
1730 5589 1893 5644 nimis
1950 5585 2149 5642 acriter

631 5795 708 5866 (8)
738 5792 1012 5866 Videnﬁdus
1041 5793 1263 5866 Tyrius,
1282 5791 1390 5866 lib.
1412 5807 1464 5854 v,
1484 5788 1623 5866 2.56,
1652 5805 1703 5866 pr
1735 5787 1858 5866 ‘fﬂl,
1879 5796 1932 5840 et
1959 5786 2149 5838 Alher-

558 5859 648 5922 tus
677 5859 971 5936 Aquensis,
1002 5867 1036 5920 l.
1075 5859 1157 5932 Ill,
1182 5880 1232 5920 c.
1269 5865 1359 5929 65,
1389 5877 1441 5930 p.
1469 5859 1574 5913 2.38
1601 5877 1615 5925 ;
1662 5859 1934 5912 llabertus
1968 5873 2146 5921 mon.,

2247 4671 2432 4742 gittas,
2464 4670 2637 4726 etalia
2667 4685 2835 4742 quam
2857 4670 3095 4742 plurima
3125 4671 3512 4727 instrumenta
3535 4685 3657 4742 quae
3678 4664 3818 4722 nomi-

2248 4777 2381 4817 nare
2403 4762 2775 4834 nequivimus.
2809 4762 3111 4818 Audientes
3138 4763 3324 4834 itaque
3358 4763 3551 4820 nostri
3583 4759 3719 4834 quod
3743 4758 3818 4812 ιιῐξ·

2249 4867 2402 4907 mare
2435 4861 2686 4910 mortuos
2713 4852 2925 4909 Turcos
2947 4852 3229 4918 fecissent,
3259 4868 3471 4909 omnes
3497 4854 3680 4909 statim
3714 4864 3818 4920 pnt-

2248 4959 2586 5020 paraverunt
2617 4965 2759 5017 sese,
2785 4960 2840 5006 et
2861 4959 3132 5006 venerunt
3153 4949 3501 5008 festinantes
3539 4951 3610 5007 ad
3632 4945 3818 5006 diabolr

2248 5057 2374 5097 cum
2401 5042 2625 5111 atrium,
2656 5051 2710 5098 et
2726 5042 3013 5113 jusserunt
3039 5042 3372 5114 desepelire,
3404 5053 3466 5100 et
3489 5044 3732 5114 frangere
3755 5053 3818 5092 se

2249 5150 2371 5190 rum
2399 5136 2638 5202 tumbas,
2665 5143 2721 5192 et
2759 5135 2978 5192 trahere
3011 5136 3135 5192 illos
3165 5142 3324 5192 extra
3353 5136 3596 5193 illorum
3624 5131 3818 5206 sepultus

2250 5245 2362 5284 ras.
2415 5227 2482 5283 Et
2527 5229 2806 5299 ejecerunt
2829 5244 3021 5284 eorum
3055 5229 3326 5285 cadavera
3359 5231 3564 5285 omnia
3590 5231 3643 5284 in
3667 5239 3818 5297 quanr

2250 5322 2376 5376 dam
2409 5320 2644 5387 foveam,
2675 5329 2729 5376 et
2764 5321 3194 5390 deportaverunt
3240 5337 3533 5377 caesorum
3567 5320 3729 5392 capita
3773 5311 3818 5367 al

2252 5413 2486 5466 tentoria
2519 5420 2738 5476 nostra,
2772 5418 3051 5481 quatenus
3082 5409 3325 5480 perfecte
3373 5415 3626 5469 sciretur
3669 5421 3818 5465 eorum

2256 5515 2520 5556 numerus
2547 5543 2562 5568 ,
2598 5510 2828 5572 excepto
2857 5503 3002 5572 quod
3034 5517 3207 5572 equos
3235 5513 3486 5561 onustos
3511 5519 3694 5560 eorum
3711 5499 3818 5568 rapi‘

2256 5594 2401 5647 tibus
2425 5603 2662 5662 quatuor
2692 5592 2916 5649 fuerunt
2952 5593 3018 5648 ad
3052 5609 3204 5649 mare
3234 5596 3464 5651 nuntiis
3491 5594 3724 5650 Aniiralii
3746 5590 3818 5641 Ba‘

2256 5797 2348 5850 liii.
2377 5813 2448 5861 tv,
2485 5813 2535 5866 p.
2565 5795 2664 5865 50,
2694 5804 2748 5849 ct
2771 5796 2805 5849 l.
2837 5795 2927 5861 9.,
2953 5811 3005 5865 p.
