3804 6312
42 369 136 427 785

775 371 837 430 P.
881 373 1230 435 TUDEBODI
1266 377 1449 435 HIST.
1495 373 1637 434 DEI

1815 381 1982 440 DSOL.
2021 385 2181 444 ΙΤΙΝ.
2216 420 2282 429 ——
2312 390 2441 448 LIB.
2479 393 2566 450 111.

3211 399 3334 460 786ῖ

40 483 240 588 bvlonis
268 485 480 588 delata:
519 486 672 555 Quod
710 489 958 588 videntes
987 490 1176 566 Turci,
1203 494 1368 588 nimis
1399 494 1624 552 fuerunt
1655 500 1696 560 Α
1726 499 1957 571 cidistis,
1981 503 2234 562 videlicet
2257 506 2548 564 duodecim
2570 509 2884 580 Amitalios,
2908 520 2962 568 et
2985 513 3133 571 mille
3155 515 3319 588 quiu—
3343 553 3346 556 ~

40 577 212 632 tristes
233 617 252 642 ,
287 585 345 631 et
386 575 636 634 dolentes
672 595 849 651 usque
881 583 952 638 ad
991 598 1203 640 necem.
1241 585 1346 654 Qui
1375 589 1622 658 quotidie

41 669 329 740 plorantes,
394 669 478 726 nil
505 670 647 726 aliud
675 673 909 743 quibant
943 674 1128 733 facere
1163 678 1272 735 nisi
1308 680 1526 750 plorare
1570 691 1624 740 et

40 761 256 816 ululare.
291 760 486 818 Tertia
531 772 713 820 autem
745 765 834 822 die
863 768 1139 837 veniente,
1167 781 1454 843 ceperunt
1495 790 1626 845 gau-

40 857 214 912 dentes
232 864 286 912 et
310 857 659 916 exsultantes
689 858 871 931 juncti
891 860 1117 918 insimul
1139 863 1411 921 aediﬁcare
1430 868 1624 924 eodem

39 947 118 1002 die
150 957 396 1003 castrum
437 949 576 1006 illud
601 950 719 1022 jam
762 955 1177 1025 supradictum,
1215 958 1283 1014 de
1311 957 1508 1016 iisdem
1538 961 1622 1016 la-

42 1038 243 1110 pidibus
290 1055 439 1112 quos
469 1042 848 1104 abstraximus
872 1046 1110 1119 desuper
1142 1050 1384 1108 humatis
1411 1050 1621 1110 Turco-

42 1147 151 1186 rum
183 1132 538 1202 corporibus.
575 1133 806 1192 Peracto
833 1137 1021 1210 itaque
1049 1151 1265 1208 castro,
1290 1156 1420 1198 mox
1449 1144 1622 1214 coepi-

43 1237 153 1279 mus
183 1238 250 1280 ex
281 1224 441 1280 omni
476 1234 632 1296 parte
660 1237 1025 1300 coangustare
1044 1230 1343 1302 prudenter
1369 1232 1626 1290 inimicos

43 1324 265 1383 nostros,
289 1331 540 1386 quorum
577 1320 788 1375 tumida
808 1321 950 1377 colla
980 1323 1050 1378 ad
1071 1323 1305 1379 nihilum
1323 1324 1439 1395 jam
1466 1334 1627 1383 erant

45 1406 264 1461 redacta.
315 1405 482 1474 Quod
510 1419 756 1466 castrum
787 1413 1171 1486 unusquisque
1215 1417 1497 1474 seniorum
1535 1433 1629 1474 no-

46 1504 266 1551 strorum
299 1496 436 1554 fecit
460 1514 561 1570 per
590 1511 802 1572 partem
835 1504 1108 1562 immenso
1136 1521 1334 1580 aggere
1365 1516 1421 1564 et
1442 1524 1625 1579 muro,

44 1596 93 1642 et
108 1587 518 1646 aaditicaverunt
549 1593 604 1646 in
635 1609 702 1650 eo
728 1595 868 1653 duas
891 1604 1074 1654 turres
1127 1597 1182 1652 in
1229 1598 1624 1658 Machomaria.
1683 1611 1689 1616 ‘

47 1677 143 1734 Nos
178 1689 357 1736 autem
397 1698 600 1740 secure
647 1687 1068 1746 ambulabamus
1104 1690 1215 1748 huc
1265 1701 1320 1748 et
1371 1693 1502 1750 illuc
1559 1696 1629 1752 ad

1726 601 1920 662 gentos
1952 595 2241 663 nobilium,
2286 597 2582 669 nullusque
2629 601 2895 658 remansit
2943 603 3038 673 qui
3081 593 3318 676 praeliari

1724 683 2008 741 vobiscum
2033 688 2228 742 audeat
2281 704 2458 760 neque
2493 691 2768 747 civitatem
2801 692 3109 751 defendere.
3154 715 3177 750 ο
3225 696 3320 752 In-

1728 783 2142 848 terrogaverunt
2165 788 2347 836 autem
2373 779 2537 838 Turci
2571 781 2973 855 drogmandum
3024 785 3157 857 quid
3185 785 3320 844 Bai-

1726 867 1925 924 naldus
1951 869 2184 926 dicebat.
2223 870 2328 940 Qui
2353 873 2492 929 dixit
2515 873 2625 930 illis
2655 893 2669 930 :
2699 894 2718 928 ι
2745 873 2895 932 Nihil
2917 876 3321 952 loquiturboni

1727 958 1795 1028 de
1816 961 1995 1017 nobis.
2034 981 2054 1014 ι
2083 961 2240 1020 Tunc
2273 965 2584 1024 Cassianus
2604 967 2903 1026 Amiralius
2923 971 3186 1028 continuo
3206 971 3320 1043 jus-

1727 1052 1800 1109 sit
1825 1071 1952 1110 eum
1988 1056 2319 1115 descendere
2349 1059 2417 1115 de
2447 1075 2634 1128 muro,
2664 1061 2912 1134 dixitque
2941 1053 3006 1119 ei'
3034 1079 3132 1138 per
3187 1065 3318 1122 dro-

1727 1147 2024 1220 gmandum
2060 1168 2074 1204 :
2105 1169 2123 1203 ς
2157 1151 2485 1220 Rainaldus,
2516 1153 2600 1210 vis
2639 1155 2932 1212 nobiscum
2976 1156 3208 1214 honeste
3239 1157 3320 1212 vi—
3409 1221 3426 1226 ρ

1728 1253 1876 1300 vena.
1903 1246 1959 1295 et
1988 1241 2260 1312 gaudere?
2292 1263 2310 1296 ι
2341 1242 2640 1300 Rainaldus
2670 1246 2952 1316 respondit
2978 1265 2991 1300 :
3032 1265 3050 1298 ι
3083 1245 3322 1314 Quomo-

1727 1331 1802 1388 do
1835 1332 2120 1390 vobiscum
2154 1335 2384 1392 honeste
2409 1337 2528 1392 sine
2562 1347 2790 1408 peccato
2822 1339 3004 1394 vivere
3025 1340 3262 1409 potero?
3294 1359 3313 1392 ι

1729 1423 1986 1498 Dixitque
2006 1426 2346 1484 Amiralius:
2393 1447 2411 1482 ε
2446 1428 2668 1500 Abnega
2710 1427 2880 1484 Deum
2927 1438 3105 1497 tuum,
3152 1445 3320 1501 quem

1729 1517 1910 1574 credis
1939 1525 1994 1573 et
2015 1517 2172 1584 colis,
2207 1527 2262 1574 et
2303 1518 2466 1574 crede
2520 1517 2842 1590 Malphium,
2884 1529 2939 1576 et
2968 1520 3173 1582 nostris
3212 1520 3322 1576 diis

1731 1609 1875 1666 aliis.
1910 1608 2070 1677 Quod
2093 1609 2140 1666 si
2167 1609 2386 1678 feceris,
2417 1609 2673 1666 dabimus
2704 1611 2799 1666 tibi
2843 1611 3030 1667 omnia
3061 1626 3184 1683 quae
3222 1625 3320 1681 pe-

1735 1700 1914 1767 tieris,
1942 1700 2198 1757 videlicet
2220 1717 2416 1756 aurum
2440 1709 2493 1756 et
2515 1710 3012 1774 argentum,cquos
3039 1712 3094 1759 et
3119 1701 3321 1769 mulos,

47 1780 266 1842 portum,
290 1783 346 1830 et
375 1775 449 1831 ad
487 1788 874 1848 montaneam,
915 1783 1203 1840 laudantes
1233 1793 1289 1841 et
1313 1786 1630 1858 glorifican-
1661 1857 1695 1862 _
1734 1799 1789 1848 et
1819 1792 1926 1847 alia
1963 1791 2200 1862 plurima
2224 1798 2571 1860 ornamenta,
2593 1806 2718 1861 quae
2739 1790 2998 1858 volueris,
3017 1800 3070 1847 et
3096 1806 3321 1858 uxores,

53 1869 120 1919 tes
134 1863 390 1934 joeunda,
427 1865 558 1924 laeta
606 1877 922 1929 etconsoua
951 1889 1106 1944 voce,
1128 1857 1426 1934 Dominum
1453 1878 1625 1936 Deum
1661 1857 1704 1914 Β
1730 1892 1786 1940 et
1827 1857 2203 1952 haereditates,
2263 1890 2318 1938 et
2350 1857 2593 1938 maximo
2611 1857 2834 1938 honore
2871 1857 3172 1940 ditabimus
3194 1891 3262 1938 te.
3295 1857 3316 1936 ὲ

49 1966 298 2026 nostrum,
331 1959 424 2015 cui
455 1971 545 2017 est
569 1963 748 2020 honor
774 1974 830 2022 et
854 1967 1028 2039 gloria
1052 1984 1152 2040 per
1173 1979 1374 2028 cuncta
1403 1975 1628 2030 saeculo-

51 2065 155 2103 rum
180 2052 409 2121 saecula,
439 2070 630 2111 amen.

50 2139 356 2200 Raimundus
411 2149 589 2203 erexit
636 2160 872 2206 castrum
902 2169 1056 2210 suum
1102 2167 1290 2212 contra
1335 2159 1622 2217 civitatem.

113 2230 303 2290 Omnes
335 2252 471 2293 vero
499 2238 752 2296 seniores
797 2244 973 2298 nostri
1008 2253 1063 2300 et
1092 2246 1372 2318 principes
1403 2251 1629 2306 commi-

55 2337 220 2382 serunt
259 2329 394 2386 illud
447 2342 702 2388 castrum
750 2334 1060 2394 Raimundo
1101 2337 1289 2396 Sancti
1317 2341 1522 2415 IEgidii
1556 2347 1627 2402 ad

58 2419 474 2492 custodiendum,
509 2440 582 2482 eo
611 2426 759 2503 quod
782 2427 899 2499 ipse
933 2429 1158 2488 haberet
1183 2433 1308 2503 plus
1337 2436 1539 2492 milites
1569 2437 1627 2492 iu

59 2523 142 2565 sua
161 2509 360 2569 familia
383 2532 559 2586 quam
586 2502 703 2586 alii,
725 2528 781 2574 et
808 2521 933 2590 plus
956 2533 1170 2592 poterat
1187 2502 1343 2582 dare.
1374 2525 1469 2584 llle
1489 2545 1629 2599 quo-

60 2617 150 2671 que
171 2609 516 2663 conservavit
547 2619 790 2666 castrum
823 2627 950 2668 cum
989 2629 1092 2669 suo
1117 2617 1384 2684 exercitu,
1424 2628 1626 2675 etcum

60 2710 115 2751 eo
155 2695 250 2753 fuit
289 2699 491 2758 Gastos
558 2703 626 2758 de
671 2702 822 2760 Biart
870 2721 995 2761 cum
1044 2708 1161 2765 suis
1200 2709 1537 2778 hominibus,
1574 2720 1630 2766 et

63 2784 232 2846 Petrus
253 2791 572 2850 vicecomes
594 2793 662 2850 de
684 2794 962 2852 Castellon
980 2838 995 2866 ,
1034 2808 1090 2854 et
1118 2797 1462 2858 Raimundus
1483 2803 1629 2859 vice-

65 2895 222 2938 comes
247 2882 313 2940 de
351 2884 598 2956 Torena,
627 2897 683 2944 et
726 2888 1052 2950 Guillelmus
1083 2892 1150 2948 de
1175 2891 1592 2965 Montepeslcrio
1611 2937 1626 2964 ,

66 2982 110 3027 et
134 2972 425 3045 Goll‘redus,
445 2987 506 3034 et
529 2977 728 3036 Petrus
760 2979 1105 3040 Raimundus
1132 2983 1382 3054 d’Alpoz,
1410 2994 1464 3041 et
1484 2986 1632 3042 Guil-

67 3061 234 3149 leltnus
255 3067 320 3123 de
348 3066 552 3125 Sabra.
578 3067 782 3141 Omnes
811 3072 924 3140 isti,
954 3083 1006 3129 et
1036 3073 1129 3128 alii
1155 3075 1342 3145 plures
1371 3091 1497 3132 cum
1524 3077 1628 3132 bo-

70 3159 280 3220 minibus
303 3165 442 3234 suis,
469 3164 702 3223 fuerunt
733 3183 860 3224 cum
890 3183 977 3225 eo.
1021 3168 1365 3227 Raimundus
1410 3186 1629 3244 quoque

73 3249 230 3310 Sancti
263 3255 467 3328 JEgidii
495 3273 642 3329 quos
663 3259 887 3329 milites,
915 3261 1168 3318 videlicet
1195 3237 1446 3332 clientes,
1477 3237 1630 3320 inve-
1657 3237 1699 3295 Ο

71 3345 168 3400 nire
191 3363 279 3418 per
305 3365 544 3406 censum
593 3353 794 3422 potuit,
825 3353 894 3409 ad
921 3361 1166 3410 castrum
1213 3356 1632 3414 custodiendum

73 3451 152 3504 per
175 3443 592 3499 conventionem
615 3445 863 3500 retinuit.
883 3443 999 3501 Una
1024 3447 1112 3503 die
1136 3448 1392 3506 exierunt
1415 3450 1483 3507 de
1508 3452 1640 3509 civi-

74 3537 180 3597 tate,
204 3541 255 3588 et
274 3545 552 3592 venerunt
575 3537 644 3592 ad
663 3546 926 3605 castrum,
959 3539 1106 3610 quod
1131 3541 1373 3613 undique
1393 3543 1633 3600 circum-

75 3617 308 3680 dederunt
335 3625 636 3682 clamando
657 3637 712 3683 et
733 3629 1064 3700 sagittando,
1088 3640 1424 3702 nostrosque
1447 3633 1636 3690 vulne-

75 3712 220 3770 rando
238 3725 287 3772 et
308 3719 638 3789 occidendo,
670 3721 745 3776 ita
770 3722 919 3793 quod
939 3723 1105 3779 etiam
1137 3724 1374 3780 tentoria
1409 3735 1636 3783 nostro-

78 3818 179 3858 rum
194 3818 340 3865 erant
359 3820 629 3883 cooperta
653 3812 838 3870 inﬁxis
866 3814 1103 3886 sagittis,
1127 3823 1184 3870 et
1208 3815 1317 3872 nisi
1343 3824 1489 3874 esset
1509 3832 1637 3874 suc—

77 3907 245 3955 cursus
297 3901 392 3972 qui
430 3903 593 3960 venit
622 3903 690 3959 de
715 3905 825 3961 alio
851 3906 1118 3977 exercitu,
1154 3907 1459 3963 maximum
1479 3909 1636 3964 dam-

80 4001 187 4044 num
215 3991 265 4048 iu
311 3995 391 4052 eis
437 3995 728 4053 fecissent.
784 3996 900 4054 Hoc
935 4000 1109 4056 nostri
1153 4000 1424 4069 videntes,
1451 3991 1635 4058 statim

80 4079 442 4144 ordinaverunt
493 4097 560 4144 ut
610 4088 855 4146 facerent
882 4091 1182 4148 maximam
1231 4093 1469 4164 talpam,
1509 4109 1636 4151 cum

81 4186 170 4242 qua
222 4179 530 4248 potuissent
591 4181 871 4254 perforare
932 4193 1195 4255 pontem;
1262 4194 1318 4243 et
1364 4186 1634 4244 fecerunt.

83 4265 296 4334 Quadam
374 4279 464 4336 die
544 4280 730 4352 praelia
815 4289 1099 4338 verterunt
1163 4296 1330 4354 super
1378 4291 1598 4352 pontem
1620 4323 1636 4350 ,

85 4369 128 4414 et
155 4364 409 4427 duxerunt
429 4372 660 4443 talpam,
691 4371 1026 4444 fueruntque
1063 4373 1228 4430 Turci
1267 4374 1472 4430 mortui
1494 4374 1640 4430 mul-

87 4452 138 4521 ti,
157 4465 206 4512 et
230 4474 362 4529 pons
389 4462 710 4534 perforatus
729 4473 834 4521 est.
874 4463 1045 4520 Nocte
1079 4480 1210 4520 vero
1237 4453 1640 4523 dormientibus

1729 1974 1832 2032 Cui
1862 1975 2162 2032 Rainaldus
2187 1975 2470 2047 respondit
2499 1992 2513 2030 :
2556 1993 2575 2028 ‹
2606 1974 2740 2031 Date
2763 1974 2900 2030 mihi
2929 1975 3188 2046 spatium,
3211 1987 3337 2044 quo

1727 2069 1935 2140 possim
1967 2068 2253 2126 conciliari
2271 2083 2508 2124 meeum.
2543 2086 2560 2122 ι
2587 2065 2656 2122 Et
2684 2061 2984 2123 Amiralius
3014 2051 3318 2138 respondit,

1727 2173 1782 2217 et
1813 2161 2001 2218 libenti
2027 2161 2213 2217 animo
2244 2160 2538 2217 concessit.
2565 2158 2722 2214 Tunc
2763 2159 3065 2215 Rainaldus
3085 2159 3319 2230 projecit

1729 2271 1788 2313 se
1811 2256 1865 2310 in
1893 2253 2238 2310 orationibus
2281 2252 2490 2324 junctis
2528 2251 2786 2307 manibus
2823 2251 2878 2306 in
2931 2260 3074 2306 terra
3129 2259 3322 2306 contra

1730 2348 2028 2416 orientem;
2059 2345 2336 2402 humiliter
2361 2344 2532 2400 Deum
2572 2359 2796 2415 rogans,
2823 2352 2884 2398 ut
2921 2343 2970 2398 ei
3011 2342 3321 2412 subveniat,

1731 2455 1999 2510 suamque
2031 2439 2275 2493 animam
2305 2437 2361 2491 in
2385 2437 2512 2491 sinu
2555 2433 2792 2491 Abrahae
2818 2433 3108 2504 dignanter
3139 2434 3321 2491 susci-

1731 2530 1864 2602 piat.
1880 2528 2037 2596 Quod
2059 2545 2184 2584 cum
2201 2528 2426 2583 vidisset
2443 2525 2765 2592 Amiralius,
2787 2525 3005 2595 vocavit
3026 2513 3323 2596 drOgman-

1729 2621 1884 2686 dum,
1906 2627 1962 2676 et
1989 2618 2128 2676 dixit
2149 2618 2199 2674 ei
2226 2637 2239 2673 :
2271 2638 2289 2671 ι
2321 2617 2464 2685 Quid
2492 2617 2569 2674 ait
2599 2615 2940 2672 Rainaldus?
2969 2635 2988 2668 ι
3020 2614 3327 2686 Drogman~

1732 2713 1838 2769 dus
1865 2712 2146 2784 respondit
2170 2731 2182 2766 :
2217 2731 2236 2764 ‹
2275 2710 2568 2766 Dominum
2589 2709 2762 2765 Deum
2787 2723 2952 2766 suum
2979 2707 3131 2763 nullo
3160 2707 3326 2762 modo

1733 2805 1972 2878 negavit.
2032 2825 2052 2858 ι
2102 2804 2261 2872 Quod
2310 2803 2540 2859 audiens
2578 2801 2900 2868 Amiralius,
2941 2800 3108 2856 nimis
3151 2799 3325 2855 iratus

1732 2901 1855 2958 fuit.
1892 2900 2044 2957 Illico
2067 2898 2236 2970 jussit
2253 2912 2380 2954 eum
2406 2895 2685 2964 decollari,
2710 2905 2765 2952 et
2786 2894 2951 2950 Turci
2973 2909 3101 2950 cum
3125 2907 3326 2963 magno

1733 2994 1934 3066 gaudio
1983 2991 2394 3050 decollaverunt
2435 3003 2585 3045 eum.
2623 2986 2796 3059 Cujus
2835 2987 3076 3042 animam
3132 2983 3325 3041 confc-

1733 3087 1861 3144 stim
1910 3083 2276 3155 suscipientes
2305 3079 2506 3152 angeli,
2533 3087 2660 3136 ante
2696 3087 3054 3150 conspectum
3083 3075 3324 3145 Domini,

1731 3195 1833 3251 pro
1857 3177 2017 3249 cujus
2043 3190 2230 3231 amore
2256 3171 2582 3246 martyrium
2607 3171 2873 3242 suscepit,
2904 3171 3204 3244 gaudentes
3227 3169 3325 3224 de-

1735 3273 1995 3328 tulerunt.
2008 3269 2166 3325 Tunc
2185 3267 2485 3322 Amiralius
2499 3265 2673 3321 iratus
2697 3263 3184 3330 fuitvehementer,
3202 3261 3343 3317 ideov

1735 3362 1882 3434 quod
1907 3358 2331 3416 Rainaldumad
2353 3373 2483 3414 suos
2500 3372 2613 3413 non
2641 3355 3151 3434 potuitconvertere
3170 3353 3325 3409 deos.

1738 3452 1932 3509 Statim
1967 3451 2137 3524 jussit
2177 3450 2246 3506 ad
2288 3465 2348 3506 se
2387 3463 2582 3504 omnes
2622 3447 2939 3519 peregrinos
2965 3433 3325 3514 adduci,‘qui

1733 3554 1893 3602 erant
1917 3544 1976 3600 in
1998 3544 2240 3611 civitate,
2260 3541 2441 3614 ligatis
2462 3547 2588 3612 post
2610 3547 2824 3611 tergum
2840 3537 3117 3592 manibus.
3149 3535 3322 3590 Cum—

1735 3655 1843 3710 que
1872 3647 1999 3694 ante
2026 3653 2154 3694 eum
2193 3636 2492 3702 venissent,
2533 3633 2825 3704 imperavit
2857 3640 2919 3688 ut
2964 3630 3096 3686 nudi
3126 3645 3334 3700 exspo-

1735 3728 2002 3784 liarentur
2029 3742 2240 3782 omnes.
2263 3724 2402 3781 Cum
2432 3738 2566 3796 ergo
2589 3721 2880 3794 exspoliati
2919 3720 3176 3790 fuissent,
3203 3719 3339 3777 fecit.

1736 3819 2032 3878 constricte
2055 3817 2374 3891 congregari
2404 3818 2462 3872 in
2501 3831 2696 3884 unum,
2720 3823 2775 3874 et
2817 3829 2944 3872 cum
2995 3813 3127 3871 fune
3169 3813 3342 3885 ligari.

1737 3928 1932 3969 omnes
1959 3913 2013 3966 in
2037 3926 2251 3984 gyrum,
2271 3919 2326 3966 et
2358 3908 2486 3967 fecit
2512 3907 2682 3981 ligna,
2705 3914 2760 3965 et
2779 3907 3016 3980 paleam,
3039 3913 3094 3963 et
3141 3905 3330 3963 fenum

1736 4006 1884 4065 circa
1914 4022 2011 4063 eos
2045 4005 2289 4061 ordinari
2344 4020 2411 4061 ac
2457 4003 2656 4060 deinde
2710 4019 2777 4059 ac
2825 4001 2873 4059 si
2927 4000 3188 4058 inimicus
3232 3999 3345 4056 Dei-

1739 4099 1920 4172 ignem
1949 4099 2079 4155 fecit
2111 4097 2353 4154 immitti.
2377 4095 2677 4160 Christiani
2709 4095 2877 4170 igitur
2889 4093 3142 4152 videlicet
3164 4092 3354 4150 Chri-

1740 4193 1810 4248 sti
1833 4192 2055 4258 milites,
2092 4189 2250 4247 valde
2290 4188 2597 4245 stridebant
2628 4195 2682 4243 et
2718 4185 3054 4254 clamabant;
3091 4198 3345 4256 quorum-

1740 4301 1904 4343 voces
1958 4284 2292 4342 resonabant
2319 4283 2389 4341 ad
2425 4282 2638 4340 coelum
2692 4281 2761 4338 ad
2809 4279 3005 4348 Deum,
3043 4293 3145 4350 pro
3170 4277 3340 4349 cujus.

1741 4393 1930 4434 amore
1957 4393 2149 4435 eorum
2179 4383 2451 4434 carneset
2471 4391 2599 4432 ossa
2623 4375 2678 4430 in
2705 4375 2887 4447 ignem
2915 4370 3345 4430 eremabantur.-

1742 4469 1811 4528 Et
1833 4471 1914 4528 sic
1933 4469 2270 4543 martyrisati
2296 4459 2722 4526 fueruntomnes
2743 4466 2836 4523 isti
2862 4465 2918 4521 in
2941 4479 3052 4522 una
3072 4463 3180 4533 die,
3193 4475 3329 4534 pore

90 4547 240 4619 nobis,
260 4554 512 4613 exierunt
534 4555 700 4614 Turci
718 4557 785 4614 de
805 4557 1027 4614 civitate
1045 4564 1100 4614 et
1125 4565 1380 4615 arserunt
1412 4558 1638 4629 talpam,
1671 4583 1718 4644 ο
1747 4572 1926 4621 tantes
1951 4563 2008 4619 in
2036 4564 2236 4622 caelum
2263 4561 2526 4618 candidas
2548 4559 2718 4616 stolas
2739 4567 2866 4614 ante
2891 4554 3084 4622 Deum,
3102 4567 3211 4644 pro
3230 4567 3330 4644 cu-

91 4649 137 4695 α
172 4655 607 4707 I'GStauraverunt
652 4657 898 4722 pontem,
953 4649 1100 4706 unde
1148 4650 1318 4707 nimis
1364 4651 1643 4707 exercitus
1672 4641 1704 4644 _
1737 4659 1832 4730 jus
1853 4670 2040 4712 amore
2065 4653 2294 4709 ﬁdeliter
2320 4652 2438 4708 bzec
2459 4650 2607 4721 passi
2637 4658 2784 4717 sunt,
2806 4653 3066 4718 regnante
3095 4641 3348 4700 Domino

95 4733 269 4794 Christi
291 4740 461 4800 iratus
485 4743 609 4800 fuit.
633 4742 756 4798 Alia
783 4743 874 4800 die
908 4742 1260 4799 adduxerunt
1283 4741 1450 4800 Turci
1477 4759 1648 4816 super

98 4842 286 4890 murum
313 4837 548 4895 civitatis
569 4838 864 4910 quemdam
901 4838 1132 4894 militem
1181 4847 1499 4896 nostrorum
1537 4856 1642 4896 no-

101 4921 260 4995 bilem,
303 4936 523 4992 nomine
569 4935 900 4991 Rainaldum
946 4934 1299 5003 Porchctum,
1331 4951 1497 5006 quem
1545 4937 1642 4992 diu

93 5023 356 5092 ,lcnuerant
387 5027 439 5080 in
491 5029 648 5083 malis
676 5029 1016 5096 carceribus,
1041 5028 1410 5100 dixeruntque
1459 5037 1522 5084 ut
1563 5028 1645 5084 lo-

114 5120 331 5177 ]ueretur
366 5135 486 5173 cum
510 5120 718 5177 Christi
749 5122 1079 5193 peregrinis,
1106 5130 1380 5194 quatenus
1401 5137 1526 5176 eum
1557 5134 1647 5176 re-
1692 5180 1694 5182 τ

33 5231 40 5238 ι
109 5200 340 5266 dimerent
363 5212 599 5268 maximo
627 5229 819 5280 censu,
836 5223 1132 5285 antequam
1158 5219 1324 5284 caput
1346 5211 1645 5268 amisisset.

113 5287 200 5354 Qut
221 5311 333 5354 cum
351 5313 492 5360 esset
515 5321 679 5378 super
699 5322 943 5376 murum,
958 5307 1174 5363 locutus
1197 5313 1282 5363 est
1311 5305 1646 5373 senioribus,

113 5382 271 5446 dicens
316 5397 554 5455 nostris:
603 5418 622 5454 ι
653 5397 930 5467 Seniores,
975 5407 1189 5454 tantum
1235 5399 1460 5470 quidem
1506 5399 1654 5454 valet

117 5481 364 5554 quatiam
391 5505 488 5563 ego
507 5503 758 5550 mortuus
783 5509 987 5551 essem.
1012 5493 1078 5549 Et
1111 5493 1234 5550 ideo
1253 5494 1519 5564 deprecor
1547 5507 1650 5549 vos

120 5567 252 5665 sicuti
274 5593 418 5647 meos
442 5583 653 5656 fratres,
687 5595 747 5643 ut
765 5601 862 5657 per
888 5601 978 5641 me
1007 5586 1221 5642 nullum
1253 5585 1421 5642 funus
1451 5584 1650 5642 oli‘era-

121 5661 197 5713 εῖδ-
216 5661 311 5722 Sed
333 5681 497 5732 estote
517 5676 695 5734 securi
726 5677 782 5732 in
812 5676 917 5734 ﬁde
937 5674 1166 5744 Christi,
1185 5685 1240 5734 et
1265 5676 1440 5734 sancti
1465 5675 1650 5748 sepul-

126 5750 210 5818 cri.
237 5760 354 5827 quia
370 5763 508 5825 Deus
551 5769 834 5828 vobiscum
893 5778 980 5826 est
1012 5777 1068 5824 et
1104 5784 1322 5840 semper
1362 5769 1486 5826 erit.
1520 5767 1651 5824 0m—

131 5850 435 5924 “intimas
463 5860 643 5934 itaque
681 5870 735 5920 et
766 5861 1088 5920 audaciores
1112 5861 1278 5936 hujus
1301 5861 1542 5920 civitatis
1561 5876 1654 5917 oc-

1744 4749 1856 4806 Deo
1885 4755 2096 4815 nostro,
2125 4745 2215 4802 cui
2241 4753 2326 4802 est
2358 4745 2538 4801 honor
2558 4752 2618 4800 et
2633 4743 2808 4816 gloria
2837 4741 2894 4797 in
2933 4737 3135 4797 saecula
3157 4750 3334 4794 sacu-

1742 4843 1948 4909 lorum,
1970 4855 2152 4896 amen.

1815 4933 1956 4990 Cum
1999 4931 2235 5004 jamjam
2281 4945 2473 4987 omnes
2528 4928 2736 4984 semitae
2783 4923 3072 4998 prohibita:
3123 4929 3338 4980 starent

1747 5026 1966 5096 Turcis,
1996 5025 2104 5082 nisi
2126 5041 2195 5080 ex
2227 5023 2318 5079 illa
2341 5031 2496 5094 parte
2521 5019 2784 5086 ﬂuminis,
2808 5019 2862 5074 in
2891 5031 3003 5089 quo
3019 5023 3138 5072 erat
3158 5013 3338 5088 quod-

1747 5121 1874 5177 dam
1943 5126 2191 5176 castrum
2246 5115 2304 5169 in
2351 5111 2590 5186 quodam
2651 5109 3029 5188 monasterio,
3076 5105 3226 5180 quod
3295 5107 3343 5163 si

1745 5207 1986 5282 perfecte
2041 5207 2197 5262 ﬁeret
2241 5204 2682 5270 eorroberatum,
2723 5200 2840 5272 jam
2871 5199 3058 5257 nullus
3109 5197 3345 5256 auderet

1744 5312 1901 5361 extra
1922 5299 2164 5358 civitatis
2193 5305 2411 5370 portam
2433 5295 2604 5362 exire,
2634 5293 2910 5351 consiliati
2937 5301 3068 5350 sunt
3103 5291 3346 5349 ﬁdeliter

1717 5381 1946 5461 nostri,
1992 5390 2307 5449 concordali
2350 5405 2460 5444 una
2505 5402 2642 5444 voce
2682 5387 2966 5445 dicentes:
2999 5404 3019 5441 ι
3056 5383 3346 5457 Eligamus

1745 5501 1919 5542 unum
1951 5481 2266 5555 quempiam
2288 5495 2356 5537 ex
2378 5479 2560 5548 nobis,
2595 5479 2692 5552 qui
2721 5479 2946 5536 robusta
2977 5477 3114 5534 illud
3152 5482 3338 5532 teneat

1744 5587 2012 5644 castrum,
2035 5583 2090 5631 et
2110 5573 2316 5631 nostris
2344 5572 2585 5629 inimicis
2607 5571 2894 5644 prohibeat
2919 5569 3150 5628 viriliter
3177 5581 3338 5624 mon-

1748 5683 1960 5740 taneas,
1987 5671 2102 5728 sive
2129 5671 2379 5741 planum,
2401 5675 2457 5724 et
2497 5667 2784 5724 introitum
2805 5674 2861 5723 et
2886 5665 3093 5722 exitum
3142 5660 3339 5718 civita-

1750 5769 1840 5825 tis.
1877 5785 1895 5819 ι
1928 5765 2120 5821 Plures
2146 5779 2280 5821 vero
2313 5779 2381 5819 ex
2433 5763 2542 5820 illis
2577 5747 2937 5834 prohibebant
2979 5774 3040 5816 se
3068 5756 3203 5832 illud
3245 5753 3345 5812 ho-

1752 5857 1967 5930 spitari,
1995 5856 2107 5914 nisi
2136 5855 2282 5915 forte.
2300 5854 2456 5914 multi
2494 5855 2729 5916 fuissent
2776 5853 2831 5909 in
2863 5867 3053 5910 unum.
3101 5845 3348 5933 Tancref
