3846 6306
483 352 584 406 787

1056 347 1149 402 AD
1184 338 1634 418 GCDEFRIDUM
1670 334 1966 394 APPEND.
2009 332 2073 387 il.
2113 361 2180 371 -—
2225 329 2496 388 NONUM.
2536 327 2625 384 DE
2663 325 2888 384 BELLO
2928 324 3171 384 SACRO.

3615 320 3714 392 ut"

480 462 586 520 dus
617 463 782 536 igitur
826 461 1040 534 primus
1083 460 1311 532 protulit
1354 473 1414 513 se
1453 465 1580 511 ante
1624 453 1789 522 alios,
1832 451 2062 509 dicens:
2097 451 2145 510 A
2173 445 2456 514 milarum,
2486 454 2539 501 et
2581 444 2813 500 aliarum
2845 440 3203 514 plurimarum
3251 445 3522 502 nationum
3563 453 3690 521 genti-

491 575 512 608 ι
550 553 963 618 Verumtamen,
1007 552 1054 609 si
1091 552 1293 609 scirem.
1323 549 1452 620 quid
1485 545 1715 618 prolicui
1764 543 1900 599 mihi
1946 543 2073 598 atti-

481 648 647 719 gerit;
679 662 782 718 ego
809 645 1001 704 scdulo
1036 641 1383 700 solummodo
1413 655 1538 696 cum
1580 636 1720 693 meis
1753 634 2072 691 hominibus

481 738 856 804 corroborabo
899 745 1242 802 castrum,et
1281 734 1450 796 viam,
1504 747 1601 800 per
1647 745 1812 800 quam
1864 726 2071 783 inimici

482 828 661 886 nostri
687 827 865 884 solent
886 828 1200 895 frequenter
1225 820 1438 886 szevire,
1467 818 1698 874 viriliter
1716 817 1824 872 illis
1847 814 2074 870 omnino

481 919 769 976 devetabo.
805 938 824 970 ι
860 915 967 982 Qui
991 914 1255 971 continuo
1287 910 1701 983 spoponderunt
1735 907 1782 963 ei
1817 905 2075 978 quadrinc

483 1021 679 1085 gentos
712 1024 930 1065 marces
958 1005 1192 1077 argenti.
1239 1003 1361 1058 Neu
1406 1000 1682 1073 acquievit
1728 996 2070 1064 Tancredus,

481 1115 794 1172 quanquam
819 1098 971 1155 solus
985 1105 1160 1160 esset;
1185 1107 1364 1152 tamen
1388 1093 1628 1167 perrexit
1647 1107 1772 1148 cum
1797 1089 2077 1147 honestis-

479 1185 636 1242 simis
667 1185 939 1241 militibus
959 1192 1015 1240 et
1045 1182 1434 1245 servientibus,
1459 1189 1514 1235 et
1535 1179 1815 1249 extemplo
1849 1175 2078 1233 abstulit

478 1275 723 1348 undique
757 1276 902 1332 viam
937 1285 992 1331 et
1043 1274 1299 1332 semitam
1353 1271 1575 1340 Turcis,
1629 1285 1809 1342 neque
1857 1280 2080 1342 propter

478 1369 730 1436 herbam,
775 1383 953 1440 neque
995 1377 1217 1440 propter
1264 1366 1434 1438 ligna,
1474 1378 1658 1435 neque
1692 1371 1920 1434 propter
1969 1363 2079 1417 ulla

480 1464 796 1521 necessaria
819 1463 1068 1520 recessit.
1101 1461 1390 1518 Remansit
1422 1469 1606 1516 autem
1645 1460 1722 1516 ibi
1760 1459 2080 1516 Tancredus

479 1570 611 1610 cum
657 1557 776 1612 suis
825 1555 1164 1621 hominibus,
1200 1562 1254 1610 et
1297 1551 1460 1624 coepit
1489 1553 1842 1608 vehementer
1877 1551 2082 1623 ubique

482 1659 854 1720 coangustare
902 1648 1202 1704 civitatem.
1254 1647 1380 1719 ipsa
1431 1656 1617 1703 autem
1677 1646 1770 1701 die
1826 1646 2081 1703 veniebat

483 1741 728 1796 maxima
755 1756 884 1812 pars
928 1739 1345 1798 Hermeniorum
1377 1750 1433 1796 et
1479 1739 1844 1796 Surianorum
1880 1755 2074 1797 secure

2174 539 2331 605 lium,
2359 553 2501 608 quas
2529 552 2824 592 numerare
2854 551 3031 607 neque
3078 535 3363 592 nominare
3391 541 3578 596 nescio.
3607 543 3696 601 Sta-

2174 629 2381 700 timque
2410 629 2791 684 adunaverunt
2811 644 2932 683 sese
2959 644 3153 685 omnes
3177 629 3399 685 insimul
3427 634 3702 704 majores,et

2174 722 2424 778 fecerunt
2463 722 2776 788 consilium,
2825 721 3072 777 dicentes
3109 741 3122 777 :
3155 741 3173 773 ‹
3211 721 3474 789 Quoniam
3522 727 3563 782 si
3602 727 3704 784 Boa.

2173 805 2416 870 mundus
2437 813 2680 884 potuerit
2699 814 2985 884 acquirere
3014 814 3288 869 civitatem
3320 825 3414 871 aut
3440 833 3530 888 per
3549 835 3617 886 se,
3638 834 3705 880 aut

2174 923 2272 979 per
2295 908 2456 975 alios,
2487 924 2593 964 nos
2617 923 2727 963 una
2756 909 2948 963 libenti
2977 909 3164 964 animo
3190 910 3337 966 ultro
3378 912 3427 967 ei
3468 913 3703 982 donamus,

2174 1001 2449 1056 intantum
2477 1001 2624 1072 quod
2650 1001 2696 1057 si
2721 1001 3022 1072 imperator
3047 1004 3261 1060 venerit
3285 1005 3442 1061 nobis
3467 1006 3516 1060 in
3538 1006 3707 1077 adjuto-

2175 1090 2342 1158 rium,
2383 1100 2438 1148 et
2467 1107 2686 1148 omnem
2717 1094 3166 1163 conventionem,
3202 1097 3349 1152 sicut
3379 1098 3530 1154 nobis
3552 1102 3709 1170 promi-

2177 1179 2250 1236 sit
2272 1190 2440 1252 atque
2462 1181 2690 1251 juravit,
2722 1183 3004 1239 attendere
3027 1185 3284 1253 voluerit,
3309 1202 3412 1242 nos
3433 1188 3481 1243 ei
3503 1205 3607 1244 eam
3626 1192 3711 1247 red-

2178 1271 2532 1342 demusjure.
2569 1271 2665 1327 Sin
2696 1283 2903 1340 autem,
2936 1273 3173 1331 insuam
3206 1286 3527 1347 potestatem
3564 1280 3712 1339 habeat

2180 1363 2555 1420 Boamundus.
2578 1384 2596 1418 ι
2615 1362 2739 1420 Mox
2764 1365 2949 1436 itaque
2972 1364 3326 1424 Boamundus
3348 1369 3712 1441 cmpitquotidie

2179 1455 2461 1512 humiliter
2488 1472 2618 1513 suos
2639 1456 2918 1528 deprecari
2961 1458 3194 1526 amicos,
3227 1459 3487 1529 petitione
3525 1465 3713 1532 premit-

2179 1546 2344 1602 tendo
2368 1546 2696 1615 humillima,
2727 1557 2893 1619 atque
2917 1548 3064 1604 duici
3097 1563 3233 1606 voce
3267 1551 3324 1605 in
3367 1551 3514 1608 hunc
3535 1553 3716 1612 dicendo

2179 1640 2405 1696 modum
2441 1659 2454 1695 :
2489 1659 2508 1693 ι
2544 1639 2684 1698 Ecce
2707 1656 2835 1697 vere
2858 1651 3076 1713 tempus
3121 1644 3286 1699 modo
3337 1643 3594 1702 habemus
3630 1647 3716 1704 ido-

2180 1749 2371 1801 neum,
2406 1733 2460 1788 in
2491 1751 2603 1804 quo
2633 1749 2932 1805 possumus
2957 1735 3175 1806 operari
3206 1736 3472 1808 quidquid
3512 1740 3622 1794 boni
3653 1757 3721 1796 vo-
3786 1764 3788 1766 τ

482 1832 553 1888 de
581 1833 909 1900 montancis,
933 1833 1028 1904 qui
1053 1833 1305 1892 ferebant
1347 1833 1608 1888 alimenta
1654 1832 1852 1889 Turcis
1883 1833 1940 1888 in
1972 1833 2072 1888 ad-
2103 1807 2152 1868 Β
2181 1823 2386 1879 Ῐυηῑυεο
2427 1823 2596 1896 Igitur
2623 1825 2846 1896 adjuvet
2895 1841 2984 1881 me
3027 1826 3240 1882 amicus
3289 1844 3446 1884 meus
3487 1829 3714 1901 Pyrrus:

407 1981 414 1988 .
479 1927 750 2002 jutorium
776 1928 1035 1986 civitatis.
1068 1927 1281 1996 Quibus
1307 1927 1526 1984 obviam
1551 1928 1701 1984 venit
1735 1926 2073 1996 Tanercdus,

483 2027 542 2076 et
569 2017 860 2075 confestim
883 2019 1245 2090 apprehendit
1297 2028 1351 2074 et
1383 2019 1568 2075 omnia
1589 2036 1712 2090 quae
1732 2019 2072 2088 deferebant,

482 2109 734 2167 videlicet
760 2108 1118 2177 frumentum,
1149 2111 1338 2165 vinum
1361 2121 1416 2166 et
1437 2111 1641 2172 oleum.
1668 2121 1722 2166 et
1745 2112 1851 2167 alia
1879 2111 2076 2183 hujus-

480 2200 652 2256 modi.
685 2199 777 2256 Sic
808 2200 992 2271 itaque
1013 2217 1275 2272 prospere
1304 2201 1641 2274 robusteque
1677 2203 1980 2259 deducebat
2015 2219 2075 2259 se

478 2288 818 2358 Tancredus,
845 2291 1013 2347 etiam
1043 2307 1265 2362 quoque
1300 2292 1538 2348 habebat
1574 2293 1884 2365 prohibitus
1917 2305 1971 2351 et
1996 2296 2074 2351 in-

477 2382 623 2438 cisas
646 2397 838 2438 omnes
869 2383 1096 2439 semitas
1133 2382 1353 2451 Turcis,
1379 2399 1560 2457 usque
1604 2384 1737 2440 dum
1780 2376 2073 2442 Antiochia

477 2471 1057 2554 tiereteapta._0mnia
1090 2491 1214 2548 quae
1259 2475 1493 2533 fecimus
1543 2487 1838 2549 antequam
1888 2478 2075 2535 Antio-

478 2566 605 2622 chia
630 2575 788 2638 capta
811 2565 1027 2636 fuisset,
1057 2583 1272 2640 nequeo
1294 2585 1572 2627 enarrare.
1601 2569 1732 2638 Quae
1758 2570 1901 2627 facta
1922 2581 2070 2642 sunt,

479 2661 566 2716 vel
591 2661 869 2730 quomodo
905 2658 1114 2716 fuerint
1145 2669 1356 2732 postea,
1390 2663 1794 2734 aliquantulum
1823 2663 1947 2720 volo
1973 2681 2072 2720 ex-

479 2751 706 2822 plicare.
740 2751 866 2809 ideo
898 2754 1301 2825 aliquantulum
1331 2755 1474 2822 dico,
1514 2755 1643 2826 quia
1684 2771 1846 2812 nemo
1885 2765 1970 2812 est
2015 2757 2071 2812 in

477 2844 565 2900 his
588 2846 855 2916 partibus,
888 2847 983 2918 qui
1008 2847 1256 2916 omnino,
1294 2849 1413 2904 sive
1441 2849 1675 2906 clericus
1719 2849 1834 2906 sive
1876 2850 2068 2920 laicus,

477 2935 666 2992 dicere
697 2937 813 2992 sive
837 2953 1067 2994 narrare
1097 2938 1273 3009 possit
1302 2938 1444 2994 sicut
1469 2956 1558 2996 res
1588 2949 1674 2995 est
1700 2950 1841 2997 aeta.

553 3025 772 3084 interea.
795 3028 962 3101 igitur
982 3039 1102 3086 erat
1135 3031 1361 3102 quidam
1409 3032 1712 3090 Amiralius
1762 3034 1830 3090 de
1872 3050 2069 3106 genere

2179 1917 2283 1984 Qui
2315 1917 2452 1972 satis
2475 1918 2698 1990 gavisus
2727 1918 2794 1973 de
2822 1919 3040 1986 nuntio,
3073 1919 3151 1974 ait
3189 1935 3249 1975 se
3295 1921 3549 1991 adjuvare
3585 1923 3721 1992 illum,

2177 2011 2322 2065 sicut
2349 2026 2510 2082 agere
2533 2011 2714 2068 debet.
2741 2010 2910 2068 Nocte
2938 2013 3124 2082 itaque
3143 2013 3397 2068 veniente
3420 2014 3474 2067 in
3496 2016 3720 2086 proximo,

2177 2102 2329 2158 misit
2351 2103 2523 2159 ﬁlium
2555 2120 2716 2160 suum
2744 2113 2901 2161 caute
2936 2104 3137 2175 pignus
3167 2105 3509 2174 Boamundo,
3534 2117 3582 2162 et
3609 2111 3722 2178 quod

2176 2197 2352 2268 magis
2379 2199 2532 2253 fieret
2562 2214 2792 2256 securus
2815 2199 2882 2255 de
2904 2199 3133 2255 introitu
3157 2201 3420 2268 civitatis,
3448 2202 3623 2257 amodo
3647 2203 3726 2256 mi-

2177 2289 2247 2345 sit
2278 2290 2328 2346 ei
2358 2291 2524 2346 verba
2553 2292 2658 2348 hoc
2689 2292 2853 2348 modo
2881 2312 2895 2348 :
2933 2315 2950 2344 ο
2997 2291 3157 2360 Quod
3189 2309 3316 2348 cras
3347 2309 3561 2349 omnem
3598 2293 3730 2348 Fran-

2175 2399 2368 2439 corum
2394 2392 2608 2455 gentem
2637 2386 2975 2456 praaconiare
3003 2385 3192 2453 faciat,
3221 2401 3335 2457 quo
3364 2386 3419 2441 in
3445 2385 3731 2441 Sarraceno-

2178 2493 2303 2532 rum
2334 2485 2538 2532 terram
2587 2477 2751 2533 vadat
2791 2478 3116 2549 depraedari,
3150 2478 3350 2535 deinde
3399 2479 3628 2535 celeriter
3664 2494 3733 2533 re-

2173 2577 2419 2623 vertatur
2447 2584 2545 2640 per
2567 2568 2849 2625 sinistram
2875 2579 3254 2626 montaneam.
3296 2571 3520 2644 Egoque
3547 2588 3629 2626 ero
3665 2572 3732 2625 in-

2175 2661 2420 2716 tentione
2441 2671 2646 2729 erecta,
2673 2663 3001 2733 przestolans
3045 2663 3134 2718 illa
3166 2663 3415 2736 agmina,
3440 2681 3596 2735 eaque
3618 2664 3736 2718 reci-

2173 2752 2318 2822 piam
2375 2753 2428 2806 in
2483 2761 2661 2809 turres
2720 2770 2860 2825 quas
2918 2755 3096 2811 habeo
3147 2756 3203 2811 in
3258 2773 3384 2812 mea
3435 2755 3679 2813 custodia.
3714 2775 3730 2808 ι

2172 2844 2380 2901 Deinde
2406 2845 2779 2902 Boamundus
2810 2845 3101 2903 confestim
3150 2849 3218 2902 ad
3271 2864 3332 2904 se
3379 2849 3545 2920 jussit
3580 2848 3739 2904 vocari

2172 2938 2496 2993 servientem
2514 2938 2803 3009 quemdam
2818 2934 3257 3005 suum,videlicet
3274 2938 3740 3004 Malam-coronam,

2177 3029 2339 3101 eique
2384 3031 2641 3102 praecepit
2698 3039 2759 3086 ut
2797 3031 3158 3102 prazconiaret
3208 3040 3428 3103 gentem
3478 3032 3742 3087 maximam

478 3119 814 3190 Turcorum,
841 3122 931 3179 cui
972 3137 1173 3180 nomen
1214 3123 1440 3198 Pyrrus,
1472 3125 1566 3197 qui
1602 3125 1899 3182 maximam
1932 3128 2072 3182 ami-
2101 3163 2142 3222 ε
2180 3121 2545 3189 Francorum,
2572 3123 2718 3193 quod
2745 3122 2978 3178 ﬁdeliter
3005 3133 3342 3193 praepararet
3391 3139 3451 3178 se
3495 3123 3547 3177 in
3571 3122 3743 3177 Sarra-

481 3213 674 3270 citiam
705 3225 993 3288 acceperat
1012 3233 1139 3273 cum
1167 3215 1509 3274 Boamundo.
1544 3217 1703 3276 Hunc
1745 3235 1889 3291 saepe
1933 3221 2072 3276 Boa-

478 3305 722 3363 mundus
752 3307 1004 3379 tangebat
1031 3324 1157 3365 cum
1209 3310 1420 3366 nuntiis
1469 3310 1538 3366 ad
1592 3310 1824 3367 invicem
1861 3312 2070 3381 missis,

482 3412 597 3468 quo
619 3413 754 3454 eum,
773 3397 916 3455 infra
936 3400 1212 3457 civitatem
1233 3401 1569 3459 amicissime
1599 3404 1887 3475 reciperet,
1913 3405 2074 3476 eique

477 3489 952 3550 Cludstianitatem
978 3494 1205 3551 liberius
1227 3496 1604 3567 promittebat,
1648 3507 1814 3570 atque
1843 3515 1970 3556 eum
1995 3499 2076 3555 di-

474 3581 640 3638 vitem
674 3584 848 3642 multo
869 3585 1080 3642 honore
1104 3584 1285 3642 facere
1306 3589 1626 3644 mandabat.
1652 3588 1950 3646 Consensit
1974 3607 2071 3647 ve-

473 3688 542 3729 ro
575 3674 665 3730 ille
693 3676 855 3734 dictis
876 3675 1341 3748 promissionibus
1365 3681 1555 3738 dicens
1585 3700 1598 3736 :
1628 3701 1646 3734 ι
1681 3680 2072 3740 Verumtamen

481 3772 596 3821 tres
618 3775 799 3823 turres
830 3768 1102 3837 custodio,
1127 3785 1332 3842 easque
1362 3771 1598 3829 libenter
1627 3773 1676 3828 ei
1708 3775 1996 3845 promitto,
2020 3785 2075 3832 et

479 3874 812 3932 quacunque
843 3862 982 3918 hora
1005 3851 1240 3920 voluerit
1280 3864 1336 3921 in
1363 3881 1458 3923 eas
1492 3858 1803 3924 voluntarie
1850 3855 2072 3926 recolli-

480 3966 628 4025 gam.
661 3971 680 4004 ι
719 3952 849 4009 Erat
872 3953 1056 4026 itaque
1087 3955 1444 4015 Boamundus
1481 3958 1599 4029 jam
1642 3975 1870 4016 securus
1895 3962 1962 4016 de
1990 3961 2074 4016 in-

477 4042 648 4100 troitu
695 4043 955 4103 civitatis.
1002 4046 1124 4105 Una
1158 4065 1290 4122 ergo
1341 4051 1584 4122 gavisus,
1638 4061 1804 4123 atque
1861 4053 2074 4125 placido

479 4135 659 4205 vultu,
684 4153 880 4196 serena
905 4149 1108 4211 mente,
1131 4141 1283 4198 venit
1309 4143 1379 4198 ad
1425 4144 1564 4201 alios
1588 4161 1779 4203 omnes
1804 4147 2072 4215 seniores,

480 4228 669 4300 eisque
689 4230 934 4300 jucunda
955 4233 1120 4289 verba
1147 4234 1377 4305 protulit
1422 4235 1476 4292 in
1507 4237 1615 4292 hoc
1639 4237 1801 4293 modo
1835 4256 1848 4292 :
1895 4258 1913 4290 ‹
1946 4237 2062 4295 Viri

473 4323 894 4394 prudentissimi.
941 4327 1172 4395 milites,
1193 4328 1372 4384 videte
1417 4329 1698 4400 quomodo
1743 4346 1845 4387 nos
1882 4317 2075 4389 omnes

477 4415 534 4471 in
563 4415 734 4473 nimia
764 4427 1085 4488 paupertate
1105 4428 1161 4476 et
1181 4419 1404 4476 miseria
1439 4420 1671 4492 projecti
1702 4437 1919 4492 sumus,
1951 4439 2072 4478 ma-

2178 3231 2438 3272 cenorum
2463 3215 2629 3271 eundi
2657 3224 2882 3270 terram.
2916 3213 3258 3286 Factumque
3283 3224 3371 3271 est
3415 3216 3509 3270 ita.
3531 3215 3746 3270 Credidit

2178 3309 2364 3379 itaque
2389 3307 2748 3364 Boamundus
2770 3309 2874 3363 hoc
2897 3307 3194 3364 consilium
3225 3307 3354 3363 duci
3383 3307 3682 3374 Godefrido,
3703 3316 3748 3360 et

2173 3401 2496 3458 Flandrensi
2522 3402 2790 3469 comiti,et
2813 3402 3000 3457 comiti
3022 3403 3090 3457 de
3112 3402 3318 3458 Sancto
3345 3403 3576 3474 Aigidio,
3602 3413 3748 3472 auiae

2174 3491 2430 3548 Podiensi
2477 3493 2756 3564 episcopo.
2818 3513 2836 3544 ι
2881 3491 3152 3560 Quoniam
3199 3495 3245 3549 si
3290 3493 3404 3548 Deo
3436 3495 3621 3564 placet,
3662 3493 3753 3546 erit

2173 3587 2336 3642 nobis
2381 3586 2437 3640 in
2484 3585 2589 3640 hac
2632 3598 2793 3640 nocte
2838 3585 3130 3640 Antiochia
3182 3586 3417 3641 reddita.
3463 3606 3480 3638 ι
3510 3584 3749 3639 Ordinata

2176 3687 2306 3733 sunt
2333 3677 2517 3747 itaque
2543 3676 2659 3732 hzec
2688 3676 2896 3731 omnia.
2931 3675 3134 3731 Milites
3163 3686 3464 3732 tenuerunt
3489 3677 3665 3747 plana,
3709 3685 3755 3728 et

2174 3768 2388 3838 pedites
2414 3777 2728 3823 montanea.
2759 3767 2896 3823 Tota
2923 3777 3082 3824 nocte
3104 3769 3483 3825 militaverunt
3519 3779 3570 3824 et
3596 3783 3757 3838 usque

2175 3875 2344 3932 prope
2365 3876 2626 3916 auroram
2651 3861 2781 3928 dici,
2807 3869 2861 3916 et
2883 3861 3144 3932 deinceps
3170 3871 3461 3932 cmperunt
3483 3863 3760 3933 appmpin-

2179 3968 2349 4023 quare
2375 3953 2443 4008 ad
2483 3964 2662 4010 turres
2720 3969 2859 4024 quas
2901 3952 2991 4008 ille
3034 3953 3316 4024 vigilabat.
3363 3952 3661 4009 Confestim
3683 3952 3761 4005 de-

2177 4044 2393 4101 scendit
2412 4045 2786 4112 Boamundus,
2820 4054 2876 4102 et
2922 4047 3180 4117 praecepit
3225 4047 3504 4112 omnibus,
3541 4045 3765 4101 dicendo

2179 4140 2297 4196 hazc
2321 4139 2485 4195 verba
2516 4159 2529 4194 :
2575 4159 2593 4191 ε
2631 4139 2707 4195 ite
2736 4156 2935 4196 securo
2961 4140 3170 4208 animo,
3198 4149 3256 4196 et
3274 4139 3423 4197 felici
3459 4139 3762 4198 concordia.

2176 4239 2232 4286 et
2256 4229 2534 4286 aScendite
2563 4246 2658 4302 per
2681 4231 2858 4287 scalas
2886 4230 2941 4285 in
2985 4231 3346 4287 Antiochiam
3395 4249 3560 4303 quam
3592 4230 3768 4288 statim

2181 4323 2528 4392 habebimus,
2561 4325 2607 4381 si
2635 4324 2747 4380 Deo
2776 4325 2975 4396 placet,
3007 4324 3065 4380 in
3101 4335 3291 4382 nostra
3318 4327 3594 4382 custodia.
3637 4345 3654 4376 ι
3688 4322 3771 4376 Ve-

2176 4425 2484 4487 neruntque
2529 4416 2606 4470 illi
2636 4433 2809 4488 usque
2843 4417 2912 4472 ad
2944 4417 3172 4484 scalam,
3201 4433 3328 4488 quae
3364 4419 3478 4488 jam
3514 4428 3643 4472 erat
3692 4415 3770 4470 dis

469 4508 622 4580 iores
657 4510 774 4567 sive
801 4512 1064 4581 minores,
1108 4522 1164 4569 et
1201 4513 1522 4584 ignoramus
1562 4514 1783 4584 penitus
1835 4530 1904 4570 ex
1957 4531 2073 4587 qua
2105 4510 2152 4569 ι)
2179 4516 2328 4564 recta
2353 4520 2413 4564 et
2440 4508 2854 4582 ﬁrmiterligata
2878 4511 2948 4565 ad
2970 4509 3210 4566 civitatis
3238 4511 3467 4566 mmnia.
3491 4510 3565 4564 Et
3597 4523 3777 4564 ascen-

473 4611 628 4672 parte
651 4604 848 4661 melius
873 4605 1135 4662 succedat
1156 4606 1337 4662 nobis.
1373 4595 1444 4661 Si
1489 4606 1656 4678 igitur
1679 4607 1836 4665 vobis
1858 4609 2069 4664 bonum

473 4712 541 4752 ac
561 4698 852 4754 honestum
883 4699 1114 4767 videtur,
1139 4699 1306 4770 eligat
1328 4715 1386 4755 se
1406 4709 1532 4756 ante
1556 4702 1696 4757 alios
1718 4719 1864 4759 unus
1885 4718 1951 4758 ex
1980 4719 2073 4759 no-

473 4788 561 4846 bis
581 4790 899 4862 quieunque
923 4791 1111 4858 vultis,
1135 4801 1323 4848 utrum
1349 4808 1408 4848 se
1439 4793 1529 4848 ille
1552 4793 1663 4848 ullo
1686 4796 1850 4851 modo
1873 4795 2068 4850 autin-

473 4882 635 4953 genio
663 4883 940 4939 civitatem
965 4885 1271 4954 acquirere,
1296 4884 1381 4939 vel
1413 4884 1715 4954 ingeniare,
1738 4896 1831 4942 aut
1859 4904 1955 4958 per
1986 4903 2066 4955 se,

473 4982 570 5029 aut
595 4989 690 5044 per
714 4974 878 5042 alios,
909 4974 1184 5031 concorda
1228 4990 1364 5032 voce
1411 4976 1557 5032 dono
1597 4980 2001 5048 permittamus.
2041 4999 2060 5031 ι

475 5063 583 5132 Qui
605 5065 834 5120 omnino
864 5065 1222 5136 prohibentes
1263 5074 1318 5122 et
1354 5066 1710 5140 denegantes,
1759 5069 2018 5125 dixerunt
2051 5088 2064 5124 :

481 5176 503 5210 ι
527 5156 745 5213 Nemini
775 5174 1019 5230 unquam
1046 5160 1152 5217 erit
1174 5161 1290 5216 haec
1318 5161 1516 5218 civitas
1540 5162 1790 5230 dimissa,
1821 5164 1916 5219 sed
1942 5179 2065 5218 om-

475 5265 576 5306 nes
599 5251 866 5321 aqualem
913 5251 1063 5310 illam
1095 5254 1452 5323 habebimus;
1484 5256 1629 5312 sicut
1656 5255 1922 5327 aequalem
1971 5258 2070 5312 ha-

473 5340 700 5399 buimus
725 5342 990 5412 laborem,
1021 5346 1104 5403 sic
1133 5346 1262 5403 inde
1289 5347 1617 5405 habebimus
1659 5350 1926 5420 aequalem
1960 5351 2062 5404 lio-

475 5448 693 5490 norem.
731 5451 752 5487 ι
783 5432 874 5491 Sic
893 5435 1078 5507 itaque
1099 5437 1479 5508 Boamundus,
1507 5439 1711 5495 auditis
1739 5439 1826 5495 his
1856 5439 2066 5506 verbis,

473 5527 640 5597 paulo
662 5526 846 5584 minus
870 5529 1162 5586 subridens
1209 5532 1463 5602 protinus
1492 5531 1740 5588 recessit.
1797 5529 1917 5586 Non
1947 5543 2073 5602 post
2103 5581 2120 5596 ,

471 5619 710 5676 multum
733 5635 864 5678 vero
885 5622 1151 5693 temporis
1181 5623 1472 5680 audierunt
1494 5641 1688 5682 omnes
1712 5625 1950 5698 majores
1974 5640 2068 5680 no-

470 5711 574 5769 stri
610 5713 836 5770 nuntios
864 5715 933 5770 de
957 5715 1199 5771 exercitu
1225 5725 1542 5773 nostrorum
1583 5718 1847 5788 hostium,
1875 5719 2065 5775 videli-

471 5804 902 5877 cctTurcorutn,
930 5815 984 5864 et
1003 5804 1454 5882 Publicanorum,
1480 5809 1909 5883 Angulanorum,
1939 5811 2063 5868 Διὶ-

2175 4601 2373 4657 derunt
2396 4618 2495 4673 per
2524 4603 2673 4658 illam
2701 4604 2954 4660 homines
2982 4602 3097 4660 fere
3125 4604 3414 4675 sexaginta
3437 4619 3501 4659 ex
3549 4602 3780 4664 nostris,

2173 4700 2229 4749 et
2250 4692 2412 4750 divisi
2445 4703 2575 4755 sunt
2603 4709 2702 4766 per
2731 4703 2842 4751 tres
2872 4703 3073 4762 turres,
3105 4711 3246 4765 quas
3267 4695 3361 4750 ille
3381 4695 3672 4766 vigilabat.
3702 4692 3781 4743 Vi-

2173 4784 2308 4843 dens
2330 4795 2515 4843 autem
2537 4787 2745 4862 Pyrrus
2767 4789 2914 4860 quod
2944 4799 3052 4845 tam
3076 4790 3238 4860 pauci
3284 4790 3523 4847 fuissent
3570 4789 3784 4846 ascensi

2171 4897 2239 4937 ex
2271 4881 2502 4948 nostris,
2531 4881 2698 4953 coepit
2741 4897 2938 4953 pavere
2982 4898 3131 4938 mox.
3172 4881 3404 4938 Timens
3447 4897 3702 4952 namque
3733 4896 3785 4934 se

2169 4983 2224 5030 et
2264 4983 2517 5043 nostros,
2560 4992 2629 5031 ne
2678 4976 2735 5031 in
2783 4977 3040 5033 manibus
3088 4976 3400 5034 Tui-corum
3443 4979 3786 5041 evenissent,

2168 5068 2349 5123 dixit:
2401 5087 2419 5120 ι
2472 5068 2642 5124 Micro
2686 5067 2928 5124 Francos
2961 5071 3222 5138 echomui,
3274 5071 3384 5127 hoc
3420 5082 3531 5139 est,
3585 5088 3789 5143 pauc-os

2170 5159 2416 5216 Francos
2453 5160 2649 5216 habeo.
2681 5160 2786 5217 Ubi
2829 5171 2912 5218 est
2943 5151 3336 5220 Boamundus?
3364 5163 3466 5219 Ubi
3495 5175 3597 5222 est
3639 5165 3796 5221 miles

2171 5251 2450 5309 invictus?
2482 5273 2500 5306 ι
2538 5252 2758 5309 Interim
2789 5255 3070 5311 descendit
3092 5257 3321 5327 quidam
3353 5259 3621 5315 serviens
3651 5258 3788 5318 bona

2171 5345 2449 5416 gobardus
2472 5346 2751 5414 deorsum,
2790 5357 2846 5403 et
2878 5348 3124 5404 cucurrit
3157 5352 3496 5418 quantocius
3547 5353 3626 5409 ad
3653 5351 3792 5407 Boa-

2172 5435 2439 5491 mundum
2465 5435 2654 5492 dicens
2674 5455 2718 5492 :c
2743 5437 2882 5504 Quid
2907 5438 2996 5495 hic
3018 5448 3152 5508 stas,
3172 5441 3260 5494 vir
3281 5442 3577 5512 prudens?
3599 5459 3793 5515 quam—

2171 5529 2359 5586 obrem
2395 5531 2503 5587 huc
2533 5531 2770 5586 venisti?
2801 5531 2941 5588 Ecce
2969 5533 3085 5604 jam
3117 5548 3222 5591 nos
3248 5544 3362 5592 tres
3392 5545 3592 5594 turres
3625 5537 3793 5594 habe—

2171 5641 2315 5680 mus.
2355 5645 2372 5676 ›
2405 5623 2585 5680 Motus
2615 5634 2699 5681 est
2734 5635 2915 5680 autem
2945 5625 3030 5681 vir
3056 5626 3146 5683 ille
3176 5642 3307 5684 cum
3340 5629 3468 5685 aliis
3498 5632 3794 5694 omnibus,

2168 5732 2363 5772 omnes
2395 5716 2692 5788 gaudentes
2717 5725 2882 5776 atoue
2921 5717 3169 5774 laetantes
3196 5731 3589 5790 pervenerunt
3623 5738 3800 5795 usque

2169 5808 2235 5867 ad
2267 5808 2492 5866 scalam.
2521 5807 2987 5884 Videutesjtaque
3009 5809 3086 5868 illi
3111 5811 3208 5884 qui
3229 5821 3392 5870 erant
3413 5811 3576 5873 infra
3591 5823 3800 5884 turres,
