3846 6306
488 379 591 437 19!

1054 373 1148 430 AD
1186 371 1647 432 GODEFRIDUM‘
1677 369 1972 428 APPEND.
2017 370 2080 426 ll.
2117 402 2186 412 -
2224 369 2495 428 MONUM.
2540 370 2629 427 DE
2670 368 2897 427 BELLO
2933 369 3178 428 SACRO.
3629 377 3715 434 ἸΩ

486 475 638 557 rum,
684 487 1261 561 appropinquaverunt
1316 485 1554 553 civitati,
1603 492 1659 540 et
1709 484 2080 540 castrametati
2111 489 2156 548 Α
2185 494 2426 542 castrum
2453 486 2510 540 in
2547 499 2668 541 mea
2704 484 2874 540 libera
2903 485 3184 542 voluntate
3208 492 3385 541 teneo.
3425 484 3498 541 illi
3522 503 3712 562 namque

487 591 619 641 sunt
663 582 805 638 inter
838 580 948 635 duo
991 577 1239 645 ﬁumina,
1279 583 1656 646 steteruntque
1700 574 1772 629 ibi
1818 589 1916 645 per
1940 576 2081 630 duos

485 678 624 736 dies.
653 675 893 747 Recepto
915 674 1112 744 itaque
1122 678 1325 736 castro,
1349 679 1477 725 tunc
1495 667 1769 724 Curbalan
1791 665 2080 722 confestim

486 769 777 827 advocavit
801 782 970 822 unum
991 762 1372 819 Ammiralium
1400 776 1466 817 ex
1489 760 1627 826 suis,
1645 774 1807 830 quem
1829 773 2082 815 sermone

485 863 694 920 sciebat
723 873 993 922 veracem,
1042 855 1253 920 mitem,
1282 863 1337 908 et
1385 853 1707 924 paciﬁcum,
1746 859 1806 905 et
1848 851 1923 905 ait
1954 849 2031 904 illi
2064 868 2078 905 :

493 939 513 1007 ὲ
548 952 686 1010 Volo
710 959 772 1008 ut
799 952 970 1007 intres
992 949 1048 1004 in
1078 946 1337 1004 ﬁdelitate
1356 962 1478 1002 mea
1503 946 1609 1001 hoc
1630 953 1871 1001 castrum
1896 952 2082 1000 custo-

487 1047 627 1114 dire,
662 1044 808 1116 quod
837 1059 902 1098 ex
935 1049 1178 1112 tempore
1199 1039 1527 1109 longissimo
1550 1038 1665 1093 scio
1692 1046 1746 1092 te
1767 1035 1924 1092 valde
1943 1035 2080 1092 ﬁde-

485 1141 778 1202 lissimum,
811 1135 1041 1205 ideoque
1069 1148 1266 1204 precor
1291 1141 1364 1198 te,
1395 1139 1456 1186 ttt
1483 1145 1698 1186 summa
1724 1128 1937 1184 cautela
1977 1127 2082 1183 hoc

487 1230 773 1287 contineas
803 1226 1086 1298 oppidum.
1123 1225 1319 1282 Adhuc
1353 1239 1593 1295 namque
1634 1223 1764 1292 quia
1799 1220 1916 1277 scio
1943 1229 1996 1275 te
2024 1219 2080 1274 in

481 1332 648 1388 opere
675 1313 1188 1387 prudentissimum,
1214 1312 1535 1383 nullumque
1557 1311 1733 1383 magis
1756 1324 2008 1392 veraeetn
2029 1317 2084 1364 et

482 1407 846 1463 fortissimum
897 1407 987 1463 hic
1023 1406 1192 1462 modo
1215 1405 1453 1476 reperire
1485 1419 1716 1474 nequeo.
1754 1422 1773 1455 ι
1805 1401 1906 1458 Cui
1950 1400 2082 1455 Am-

481 1499 733 1556 miralius
755 1499 832 1554 ait
862 1517 880 1554 :
916 1518 934 1551 ‹
965 1495 1086 1552 Tibi
1118 1513 1361 1567 unquam
1390 1495 1458 1550 de
1502 1494 1598 1550 tali
1627 1494 1820 1550 vellem
1860 1491 2082 1548 obedire

481 1591 680 1660 oﬁicio,
710 1590 805 1647 sed
851 1590 1174 1662 priusquam
1220 1597 1426 1644 metuo
1456 1602 1657 1658 arguas
1705 1583 1948 1650 stimulo,
1973 1584 2082 1638 hoc

482 1683 682 1738 faciam
713 1697 778 1738 eo
823 1691 1016 1740 tenore
1060 1681 1209 1752 quod
1259 1680 1312 1736 si.
1354 1679 1550 1735 Franci
1597 1677 1856 1749 ejeeerint
1885 1689 1987 1732 vos
2014 1673 2090 1731 de

484 1775 704 1830 mortali
734 1775 942 1846 praelio,
978 1773 1061 1830 eis
1096 1773 1358 1828 continuo
1382 1772 1488 1827 hoc
1510 1771 1730 1826 reddam
1753 1777 2017 1826 castrum.
2054 1787 2074 1821 ι

484 1867 742 1938 Dixitque
767 1865 1040 1922 Curbalan
1069 1885 1083 1922 :
1121 1885 1140 1919 ι
1183 1864 1317 1921 Tam
1350 1866 1641 1921 honestum
1672 1873 1725 1920 et
1756 1862 2081 1936 prudentem

487 1968 540 2012 te
568 1972 864 2029 cognosco,
908 1966 967 2012 ut
1007 1971 1171 2012 omne
1211 1955 1476 2027 quidquid
1523 1955 1650 2011 boui
1679 1955 1766 2010 vis
1795 1970 1956 2026 agere
1983 1969 2085 2026 ego

490 2048 682 2117 utique
711 2047 1016 2103 consentio.
1054 2067 1071 2100 ι
1121 2046 1393 2103 Reversus
1433 2056 1516 2103 cst
1550 2048 1734 2117 itaque
1763 2045 2086 2103 festinanter

485 2137 760 2194 Curbalan
789 2142 854 2194 ad
897 2155 1058 2195 suum
1106 2139 1408 2195 exercitum
1439 2139 1494 2194 in
1525 2139 1665 2195 valle
1706 2139 1796 2195 illa
1849 2138 1940 2194 ubi
1967 2146 2086 2195 erat

485 2240 928 2288 castramctatus.
951 2229 1210 2288 Protinus
1229 2230 1392 2288 Turci
1413 2232 1732 2288 deludentes
1748 2231 2083 2287 Francorum

481 2311 796 2396 collegium,
850 2324 1167 2381 detulerunt
1213 2333 1341 2380 ante
1397 2324 1675 2381 Curbalan
1726 2333 2084 2395 conspectum

483 2417 778 2488 quamdam
811 2416 1144 2473 vilissimam-
1164 2431 1352 2472 ensem
1382 2416 1635 2489 rubigine
1663 2423 1884 2483 tectam,
1913 2423 1968 2470 et
1989 2415 2085 2471 de-

483 2510 770 2565 terrimum
814 2511 969 2565 valde
1014 2525 1204 2566 arcum
1253 2510 1518 2582 ligneum,
1557 2517 1616 2566 et
1638 2510 1884 2565 lanceam
1915 2507 2090 2564 nimis

485 2604 758 2669 inutilem,
802 2620 967 2674 quam
992 2603 1336 2660 abstulerunt
1365 2619 1539 2674 nuper
1566 2603 1897 2674 pauperibus
1928 2616 2084 2673 pere-

483 2694 679 2765 grinis,
703 2695 946 2750 dicentes
971 2737 982 2749 .
1021 2693 1190 2750 tEcce
1214 2711 1390 2763 arma,
1416 2710 1540 2766 quae
1562 2695 1863 2750 attulerunt
1886 2693 2083 2749 Franci

487 2782 706 2838 obviam
743 2783 904 2838 nobis
925 2783 990 2838 ad
1021 2800 1280 2856 pugnam.
1322 2803 1342 2835 ι
1393 2783 1549 2839 Tunc
1575 2783 1848 2840 Curbalan
1889 2784 2083 2840 videns

484 2881 604 2931 haec
649 2890 822 2939 arma,
867 2875 1034 2946 coepit
1081 2875 1362 2931 subt'idet'e
1393 2877 1449 2930 in
1498 2875 1806 2946 propatulo,
1851 2873 2083 2930 dicendo

483 2967 745 3022 omnibus
767 2967 862 3037 qui
890 2967 944 3020 in
975 2967 1068 3022 illo
1090 2976 1248 3022 erant
1271 2967 1499 3036 collegio
1526 2986 1540 3020 :
1574 2987 1592 3017 ι
1625 2965 1748 3022 Haec
1770 2973 1898 3024 sunt
1925 2982 2085 3022 arma

487 3059 683 3114 bellica
708 3066 871 3128 atque
893 3059 1065 3113 nitida
1107 3074 1228 3129 qua:
1260 3059 1560 3114 attulerunt
1583 3059 1884 3115 Christiani
1916 3075 2080 3130 super

483 3164 588 3204 nos
617 3148 672 3203 itt
714 3148 922 3215 Asiam,
954 3148 1062 3204 orti
1115 3149 1171 3211 in
1209 3149 1535 3204 occidentali
1567 3159 1744 3218 terra,
1785 3151 1993 3206 scilicet
2021 3153 2078 3207 in

483 3245 726 3318 Europa,
751 3257 977 3319 quaeest
1004 3249 1189 3304 mundi
1220 3264 1350 3320 pars
1370 3247 1549 3315 tertia,
1573 3247 1776 3317 quibus
1801 3254 1994 3316 putant
2015 3258 2082 3300 ac

484 3340 772 3396 conﬁdunt
793 3358 893 3398 nos
920 3342 1190 3413 expellere
1211 3350 1267 3397 et
1291 3341 1613 3412 propulsare
1642 3349 1784 3394 intra
1811 3335 2081 3393 Corosani

484 3433 742 3500 conﬁnia,
775 3443 830 3492 et
859 3434 1038 3492 delere
1069 3435 1255 3492 omnia
1283 3443 1472 3490 nostra
1494 3433 1716 3488 nomina
1746 3432 1891 3486 ultra
1914 3429 2082 3496 Ama-

485 3526 644 3581 sonia
674 3526 926 3595 ﬁumina,
953 3528 1049 3598 qui
1077 3527 1463 3599 propulserunt
1502 3541 1695 3581 omnes
1725 3531 1942 3581 nostros
1983 3537 2082 3594 pa-

482 3629 722 3675 rentesa
747 3617 1017 3676 Romania
1055 3628 1109 3675 et
1156 3618 1444 3675 Antiochia
1485 3617 1707 3674 civitate
1753 3614 1926 3687 regia,
1957 3629 2082 3686 quae

486 3713 806 3770 hanorabile
832 3725 917 3770 est
935 3723 1098 3785 caput
1128 3713 1300 3770 totius
1326 3711 1516 3784 Syriae.
1558 3731 1577 3764 ›
1611 3709 1887 3766 Continuo
1913 3708 2082 3764 advo-

481 3805 626 3860 cavit
645 3822 807 3862 suum
837 3806 1051 3862 ﬁdelem
1084 3806 1358 3862 notarium
1387 3805 1454 3860 ad
1476 3819 1555 3871 se,
1585 3813 1641 3860 et
1669 3805 1747 3859 ait
1779 3823 1802 3858 ε·

453 3907 456 3910 ’
483 3918 590 3975 Hic
628 3921 773 3976 misit
802 3919 1076 3977 Curbalan
1113 3918 1349 3989 Soldano
1385 3916 1585 3989 Persice
1611 3916 1895 3989 epistolas,
1928 3924 1982 3971 et
2009 3916 2080 3970 ad

935 3990 1284 4062 apostolicum
1309 3988 1612 4060 Cafipham.

557 4082 636 4154 (9)
652 4081 850 4138 Scribe
861 4096 992 4152 ergo
1020 4081 1131 4138 cito
1169 4081 1354 4152 plures
1367 4080 1746 4150 chartas,qua3
1769 4078 1824 4133 in
1844 4077 2080 4135 Corosa-

479 4189 613 4228 num
634 4173 746 4230 sint
776 4173 1046 4245 legendae,
1066 4173 1174 4228 hoc
1198 4171 1362 4228 modo
1387 4189 1400 4224 :
1436 4169 1708 4242 «Caliphaa
1732 4177 1923 4226 nostro
1948 4184 2081 4241 apo-

479 4264 702 4332 stolica,
739 4274 793 4320 et
830 4273 1023 4320 nostro
1061 4263 1172 4336 regi
1206 4262 1433 4320 domino
1467 4260 1746 4329 Soldano,
1781 4260 1942 4317 militi
1967 4260 2082 4316 for-

483 4357 742 4425 tissimo,
789 4365 953 4428 atque
999 4357 1258 4413 omnibus
1307 4354 1755 4428 prudentissimis
1807 4353 2080 4410 Corosani

479 4447 781 4514 militibus,
811 4449 962 4505 salus
988 4457 1043 4504 et
1071 4447 1377 4505 immensus
1405 4447 1602 4501 honor.
1649 4444 1796 4501 Satis
1828 4444 1940 4500 sint
1973 4443 2081 4500 laeti

2181 577 2440 633 deorsum
2468 586 2598 634 sunt
2619 577 2674 632 in
2696 576 2935 633 civitate.
2963 575 3080 648 Ego
3101 584 3284 632 autem
3316 577 3484 633 habeo
3497 579 3597 648 jatn
3618 583 3717 642 illus

2182 685 2375 726 omnes
2414 669 2468 724 in
2502 683 2623 724 mea
2659 684 2824 723 manu
2842 710 2857 735 ,
2881 677 2978 724 aut
3002 683 3101 724 eos
3131 667 3328 724 faciam
3355 670 3616 739 capitalem
3641 691 3714 731 ac.

2182 761 2300 817 bire
2330 760 2686 826 sententiam,
2715 768 2815 816 aut
2831 775 2930 816 eos
2963 760 3227 816 deducam
3257 760 3313 814 in
3345 759 3652 820 Corosanutn
3671 768 3720 824 in

2181 854 2494 925 captivitate
2520 853 2720 919 nimia,
2745 867 2813 909 eo
2837 853 2984 924 quod
3015 853 3298 909 minantur
3332 869 3432 910 nos
3458 857 3565 912 suis
3585 861 3718 916 armis

2181 943 2504 1015 propulsare
2548 952 2604 999 et
2641 943 2839 1015 ejicere
2879 943 3023 998 ultra
3064 942 3334 1000 Corosani
3372 946 3623 1012 conﬁnia,
3647 962 3718 1005 aut

2181 1035 2362 1092 delere
2383 1035 2570 1091 omnia
2588 1043 2778 1092 nostra
2799 1035 3024 1090 nomina
3043 1036 3185 1091 uitta
3205 1037 3497 1093 Amasonia
3517 1037 3722 1108 ﬁumina,

2182 1137 2278 1185 aut
2302 1129 2502 1198 ejicere
2524 1144 2628 1183 nos
2647 1129 2789 1183 ultra
2817 1128 3156 1198 smeriorem
3185 1126 3448 1194 Judaaatn,
3474 1145 3561 1184 seu
3583 1133 3720 1202 ejece-

2182 1229 2318 1274 runt
2332 1236 2524 1275 omnes
2547 1229 2800 1290 parentes
2820 1227 3039 1275 nostros
3063 1219 3132 1274 de
3149 1227 3350 1274 cuncta
3373 1218 3614 1276 Romanis
3633 1225 3724 1280 sive

2184 1309 2364 1385 Syria.
2395 1311 2610 1368 Amodo
2636 1312 2793 1368 vobis
2819 1327 3060 1381 namque
3079 1311 3207 1381 juro
3237 1326 3335 1381 per
3354 1309 3661 1381 Macbomet,
3679 1329 3724 1371 et

2182 1419 2280 1476 per
2303 1404 2489 1461 omnia
2523 1403 2752 1460 deorum
2788 1404 3048 1470 nomina,
3083 1404 3346 1473 quoniam
3384 1413 3505 1460 ante
3529 1415 3724 1462 vestram

2183 1512 2292 1552 non
2305 1511 2402 1552 ero
2421 1511 2743 1552 reversurus
2759 1495 3126 1567 praesentiam,
3141 1495 3315 1551 donec
3335 1496 3562 1566 regalem
3575 1497 3726 1554 Antio-

2182 1589 2400 1657 chiam,
2417 1604 2635 1645 omnem
2667 1588 2881 1661 Syriam
2902 1629 2920 1654 ,
2948 1588 3064 1644 sive
3092 1587 3418 1643 Romaniam
3447 1597 3595 1658 atque
3624 1589 3724 1646 Bul-

2182 1683 2389 1754 gariam
2421 1697 2596 1754 usque
2624 1683 2680 1737 in
2714 1681 2967 1754 Apuliam
2996 1681 3456 1754 amnisiero-mea
3486 1681 3598 1738 forti
3623 1684 3732 1739 det-

2183 1781 2298 1830 tera
2325 1815 2341 1843 ,
2365 1774 2433 1830 ad
2457 1774 2688 1830 deorum
2718 1773 3012 1840 honorem,
3039 1784 3092 1829 et
3116 1781 3392 1842 vestrum,
3423 1774 3731 1845 omniumque

2185 1874 2499 1922 nostrorum
2527 1864 2854 1921 Tureorum.
2888 1883 2908 1916 ι
2939 1864 3031 1920 Sic
3054 1865 3239 1936 itaque
3259 1864 3392 1921 fecit
3409 1867 3562 1921 ﬁnem
3581 1867 3727 1923 dictis.

2184 1957 2357 2013 Mater
2387 1967 2571 2014 autem
2605 1957 2850 2030 ejusdem
2903 1956 3182 2014 Curbalan
3225 1973 3351 2028 qua:
3379 1968 3497 2014 erat
3521 1959 3571 2014 in
3593 1959 3734 2029 Aleph

2183 2050 2425 2118 civitate,
2459 2052 2645 2107 statim
2680 2053 2914 2108 accessit
2941 2052 2992 2107 ei
3029 2051 3478 2123 lacrymabilitcr,
3507 2061 3559 2108 et
3582 2053 3729 2108 dixit:

2191 2163 2211 2198 ι
2240 2143 2364 2209 Fili,
2415 2153 2616 2200 suntne
2654 2159 2783 2200 vera
2825 2159 2890 2200 ea
2921 2159 3044 2215 qua:
3090 2143 3296 2200 audio?
3337 2163 3369 2196 »ς
3391 2143 3498 2199 Cui
3535 2144 3615 2199 ille
3635 2144 3733 2198 ait:

2191 2256 2212 2292 t
2243 2236 2410 2305 Quae?
2443 2256 2462 2289 ι
2500 2237 2567 2292 Et
2609 2236 2748 2293 dixit
2793 2237 2882 2292 illa
2911 2255 2928 2292 :
2955 2256 2975 2289 ι
3022 2235 3145 2293 Iam
3174 2237 3360 2293 audivi
3388 2237 3532 2308 quod
3567 2237 3734 2292 bellum

2183 2328 2270 2384 vis
2312 2329 2656 2385 committere
2703 2344 2831 2384 cum
2879 2327 3219 2386 Francorum
3263 2340 3444 2400 gente.
3487 2349 3507 2382 ι
3535 2327 3624 2384 Cui
3666 2330 3736 2382 ille

2183 2421 2264 2476 ait
2291 2439 2304 2476 :
2335 2440 2354 2474 ι
2388 2419 2782 2477 Verumtamen
2804 2436 2995 2477 verum
3025 2423 3131 2478 hoc
3153 2437 3277 2478 esse
3304 2422 3531 2478 omnino
3553 2423 3688 2478 scias.
3716 2442 3733 2472 ›

2184 2511 2332 2569 Dixit
2356 2513 2446 2569 illa
2478 2533 2492 2568 :
2523 2532 2543 2566 ι
2575 2512 2900 2581 Contestor,
2931 2513 3038 2582 ﬁli,
3070 2529 3166 2585 per
3192 2515 3423 2570 deorum
3454 2515 3676 2581 nomina,
3696 2524 3740 2569 et

2183 2622 2280 2678 per
2304 2615 2458 2663 tuam
2485 2622 2739 2679 magnam
2769 2607 3054 2664 audaciam
3093 2607 3530 2678 immensamque
3555 2607 3730 2661 bonita-

2186 2708 2317 2767 tem,
2356 2715 2425 2754 ne
2458 2699 2657 2754 bellum
2694 2699 2860 2755 simul
2897 2714 3024 2755 cum
3062 2698 3292 2754 Francis
3335 2699 3658 2754 committere
3688 2698 3739 2750 li-

2183 2790 2339 2859 beat,
2370 2791 2631 2862 quoniam
2667 2800 2726 2845 tu
2764 2805 2824 2846 es
2853 2790 3012 2845 miles
3047 2789 3317 2857 invictus,
3345 2798 3400 2844 et
3429 2789 3621 2844 nullam
3654 2787 3739 2840 im-

2183 2881 2531 2951 prudentiam
2559 2897 2628 2936 ex-
2666 2890 2719 2936 te
2755 2889 2851 2936 aut
2885 2889 2980 2936 tuo
3008 2880 3258 2936 exercitu
3291 2896 3535 2951 unquam
3559 2880 3743 2949 penitus

2184 2971 2404 3038 audivi,
2435 2979 2492 3024 et
2530 2978 2583 3026 te
2621 2985 2656 3026 e
2693 2985 2887 3040 campo
2916 2970 2986 3026 ab
3024 2971 3208 3041 aliquo
3237 2970 3448 3026 victore
3487 2968 3740 3041 fugientem

2183 3062 2474 3133 quisquam
2505 3061 2730 3126 minime
2758 3063 2984 3118 invenit.
3020 3061 3310 3118 Diﬁ‘amata
3350 3071 3436 3118 est
3466 3073 3556 3118 tua
3582 3062 3745 3116 militia

2181 3153 2252 3208 ab
2278 3153 2488 3209 oriente
2515 3168 2692 3224 usque
2716 3153 2771 3209 in
2803 3154 3166 3218 occidentem,
3193 3163 3250 3210 et
3272 3169 3470 3210 omnes
3489 3154 3746 3226 prudentes

2183 3244 2390 3299 milites
2439 3243 2634 3300 audito
2681 3251 2784 3299 tuo
2833 3244 3057 3300 nomine
3108 3245 3568 3300 contremiscunt.
3623 3243 3744 3298 Satis

2182 3351 2422 3407 namque
2453 3337 2662 3393 scimus
2681 3377 2697 3403 ,
2724 3335 2831 3402 ﬁli,
2857 3335 3120 3406 quoniam
3157 3344 3215 3391 tu
3247 3351 3309 3391 es
3346 3332 3682 3406 bellipotens,
3703 3344 3746 3389 et

2181 3427 2368 3496 fortis,
2392 3438 2447 3484 et
2475 3429 2742 3485 bellorum
2775 3427 3123 3500 ingeniosus,
3156 3427 3423 3498 nullaque
3457 3444 3585 3499 gens
3609 3427 3745 3482 Chri-

2181 3521 2488 3578 stianorum
2534 3536 2637 3577 nec
2677 3536 3017 3592 paganorum
3061 3529 3188 3576 ante
3239 3529 3396 3576 tuum
3429 3528 3747 3592 conspectum

2181 3615 2423 3686 aliquam
2453 3614 2713 3670 virtutem
2742 3615 2946 3670 habere
2974 3613 3170 3685 potuit.
3203 3613 3310 3670 Sed
3342 3613 3650 3686 fugiebant,
3678 3629 3742 3666 so

2181 3709 2464 3766 lummodo
2501 3709 2689 3766 audito
2732 3718 2827 3764 tuo
2864 3709 3116 3777 nomine,
3148 3709 3612 3780 quemadmodum
3643 3724 3754 3763 oves

2181 3813 2307 3859 ante
2345 3803 2527 3860 leonis
2570 3801 2816 3858 furorem
2864 3800 3102 3874 fugiunt.
3151 3802 3392 3873 Ideoque
3443 3802 3662 3858 obsecro
3694 3811 3753 3860 te.

2181 3895 2507 3952 charissime
2545 3909 2611 3950 ac
2651 3893 3010 3950 dilectissime
3045 3894 3161 3964 ﬁli,
3191 3903 3254 3950 ut
3292 3896 3438 3952 meis
3463 3895 3750 3966 acquiescas

2180 3987 2444 4054 consiliis,
2475 3997 2529 4043 et
2561 4002 2630 4044 ne
2659 4003 2904 4059 unquam
2949 3988 3005 4044 in
3040 3995 3139 4044 tuo
3175 3989 3398 4044 haesitet
3444 3989 3650 4056 animo,
3679 3998 3750 4041 aut

2156 4081 2238 4136 "in
2279 4089 2381 4136 tuo.
2413 4081 2720 4136 inveniatur
2763 4080 3048 4150 consilio,
3079 4081 3228 4152 quod
3282 4081 3490 4138 bellum
3539 4081 3752 4151 incipere

2179 4174 2315 4231 velis
2365 4173 2528 4230 simul
2572 4188 2699 4228 cum
2747 4173 3193 4230 Christianorum
3235 4174 3492 4246 collegio.
3553 4194 3575 4228 ι
3624 4172 3754 4226 Tune

2179 4267 2456 4322 Curbalan
2478 4274 2722 4321 materna
2745 4265 2976 4322 audiens
2993 4265 3229 4332 monita,
3255 4263 3430 4322 feroci
3453 4266 3754 4337 quandoth

2179 4357 2464 4429 respondit
2506 4373 2762 4414 sermone
2791 4377 2854 4414 ιι
2889 4358 3033 4426 Quid
3075 4367 3162 4415 est
3205 4357 3340 4425 hoc,
3382 4368 3594 4424 mater,
3634 4355 3754 4427 quod

2180 4449 2314 4504 mihi
2344 4449 2562 4506 refers?
2580 4448 2728 4506 Puto
2761 4464 3002 4520 namque
3034 4449 3182 4520 quod
3215 4449 3464 4516 insanis,
3505 4461 3600 4505 aut
3641 4448 3759 4503 lat-ia

443 4541 447 4546 “
477 4548 531 4595 et
564 4541 734 4612 gavisi
765 4541 1013 4610 jucunda
1040 4539 1338 4596 concordia
1361 4580 1376 4605 ,
1405 4546 1462 4594 et
1495 4536 1838 4594 satisfaciant
1872 4537 2082 4592 ventri-
2115 4541 2163 4598 Β
2184 4555 2245 4596 es
2274 4539 2452 4610 plena.
2491 4539 2786 4596 Enimvero
2815 4550 2939 4611 plus
2974 4540 3323 4596 solummodo
3361 4540 3544 4598 habeo
3569 4556 3757 4596 mecum

475 4633 581 4688 bus
601 4675 614 4699 ,
641 4633 979 4688 voluntatem
1023 4633 1310 4702 imperent,
1347 4638 1404 4685 et
1429 4630 1801 4686 sermocinent
1828 4644 1928 4699 per
1951 4629 2075 4683 uni-

477 4739 696 4782 versam
742 4726 1022 4798 regionem
1062 4725 1242 4791 illam,
1289 4732 1344 4779 et
1390 4723 1618 4779 omnino
1661 4723 1791 4778 dent
1840 4738 1961 4778 sese
2005 4723 2074 4778 ad

476 4818 834 4888 petulantiam
878 4817 1143 4883 luxuriae,
1183 4825 1369 4871 utrum
1420 4815 1624 4871 multos
1672 4814 1814 4872 ﬁlios
1858 4823 2076 4886 patrare

475 4909 886 4980 congaudeant,
908 4908 1002 4979 qui
1035 4917 1228 4964 contra
1257 4907 1603 4964 Christianos
1633 4907 1835 4963 bellare
1863 4906 2076 4964 fortiter

475 5001 829 5070 praevaleant,
860 5010 914 5055 et
955 5000 1190 5055 libenter
1237 4999 1540 5069 suscipiant
1582 4999 1698 5054 haec
1746 4999 1848 5055 tria
1897 5015 2072 5068 arma,

476 5105 602 5164 quae
626 5093 756 5149 olim
784 5091 1114 5148 abstulimus
1141 5106 1177 5147 a
1196 5090 1538 5147 Francorum
1562 5101 1764 5159 turma,
1787 5101 1842 5148 et
1860 5092 2076 5148 discant

476 5183 644 5240 modo
663 5199 786 5255 quae
808 5199 960 5237 arma
987 5183 1215 5239 adduxit
1238 5197 1405 5254 super
1433 5199 1532 5240 nos
1557 5199 1691 5256 gens
1715 5183 2074 5256 Francigena,

430 5274 716 5343 "qualiter
744 5283 874 5329 sunt
921 5273 1127 5345 optima
1167 5283 1333 5346 atque
1367 5273 1627 5346 perfecta.
1676 5275 1830 5333 Heu!
1863 5287 2076 5335 certare

475 5363 654 5418 voluit
678 5373 878 5419 contra
896 5374 1088 5421 nostra
1117 5381 1269 5422 arma
1285 5409 1300 5434 ,
1332 5383 1454 5438 quae
1483 5377 1614 5424 sunt
1633 5367 1719 5425 bis
1741 5377 1837 5424 aut
1858 5377 1941 5424 ter
1960 5370 2076 5425 sive

475 5461 676 5523 quater
711 5465 942 5524 purgata
969 5456 1115 5512 sicut
1153 5467 1436 5530 argentum
1455 5500 1470 5527 ,
1499 5469 1593 5515 aut
1619 5475 1817 5516 aurum
1845 5459 2076 5531 purissi-

476 5560 651 5600 mum.
710 5543 907 5602 Adhuc
946 5565 1167 5622 quoque
1209 5552 1388 5608 sciant
1428 5569 1621 5611 omnes
1670 5555 1932 5627 quoniam
1973 5566 2075 5627 ego

477 5651 672 5692 omnes
695 5636 943 5697 Francos
967 5642 1116 5701 intus
1144 5644 1494 5703 Antiochiam
1519 5647 1695 5704 habeo
1726 5649 1992 5716 inclusos,
2021 5657 2077 5704 et

551 5791 640 5862 t9)
669 5791 948 5856 Echemus.
970 5813 1118 5854 nto-n.
1137 5843 1159 5870 ,
1180 5802 1273 5858 lib.
1307 5819 1380 5872 vr,
1415 5819 1466 5874 p.
1497 5805 1564 5860 57
1591 5814 1644 5860 ct
1668 5820 1783 5875 seq.

2178 4631 2529 4688 Ammiralios
2579 4648 2745 4702 quam
2777 4631 2940 4687 iidem
2980 4630 3278 4690 Christiani
3315 4643 3486 4700 sunt,
3550 4633 3760 4703 majores

2179 4722 2297 4777 sive
2339 4722 2602 4779 minores.
2644 4742 2664 4776 ι
2703 4721 3112 4794 Responditque
3157 4724 3215 4778 ei
3245 4734 3426 4780 mater
3463 4725 3628 4795 ejus:
3665 4744 3684 4775 ι
3723 4722 3762 4775 Ο

2177 4815 2498 4871 dulcissime
2533 4815 2648 4882 ﬁli,
2679 4815 2980 4872 Christiani
3026 4825 3309 4887 nequeunt
3334 4817 3624 4874 vobiscum
3665 4816 3758 4869 bel-

2180 4906 2314 4962 lare.
2358 4905 2473 4962 Hoc
2497 4907 2647 4963 enim
2688 4907 2804 4964 scio
2833 4908 2970 4964 satis
2988 4908 3135 4979 quod
3179 4909 3282 4980 ipsi
3309 4926 3421 4965 non
3465 4912 3648 4966 valent
3678 4925 3760 4979 pu-

2179 5015 2345 5068 gnam
2383 4998 2594 5056 inferre
2624 5000 2908 5056 vobiscum
2931 5043 2945 5067 ,
2968 5001 3061 5056 sed
3100 5017 3292 5058 eorum
3335 5002 3486 5058 Deus
3514 5020 3614 5074 pro
3649 5000 3762 5071 ipsis

2175 5090 2423 5162 Quotidie
2463 5100 2698 5163 pugnat,
2742 5107 2949 5163 eosque
2997 5092 3086 5148 die
3133 5102 3416 5164 noctuque
3457 5110 3564 5150 sua
3603 5102 3759 5165 prote-

2176 5183 2360 5240 ctione
2379 5183 2647 5251 defendit,
2670 5194 2726 5238 et
2751 5184 2940 5255 vigilat
2966 5201 3130 5256 super
3153 5201 3277 5254 eos,
3297 5187 3444 5242 sicut
3477 5197 3664 5259 pastor
3683 5184 3783 5258 qui;

2177 5273 2366 5346 vigilat
2407 5289 2574 5345 super
2615 5289 2834 5346 gregem
2880 5291 3077 5344 suum,
3123 5283 3179 5330 et
3211 5292 3324 5332 non
3370 5279 3645 5348 permittit
3682 5290 3760 5330 eos

2177 5366 2298 5423 laedi
2324 5367 2470 5438 ipse,
2499 5381 2600 5422 nec
2624 5367 2942 5422 conturbari
2984 5368 3055 5422 ab
3084 5367 3192 5422 ulla
3233 5377 3430 5438 gente,
3458 5379 3518 5426 et
3551 5370 3759 5441 quicun-

2176 5474 2285 5530 que
2307 5458 2574 5515 voluisset
2593 5457 2674 5514 eis
2708 5458 2996 5526 obsistere,
3023 5459 3165 5514 idem
3195 5475 3392 5516 eorum
3423 5460 3577 5518 Deus
3599 5463 3758 5518 statim

2176 5551 2467 5608 conturbat
2497 5551 2620 5608 illos
2638 5593 2653 5618 ,
2685 5552 2828 5608 sicut
2855 5551 2996 5608 idem
3027 5551 3104 5607 ait
3142 5567 3238 5623 per
3265 5569 3332 5610 os
3361 5556 3648 5626 prOphette
3672 5553 3735 5606 Da

2175 5643 2268 5702 vid
2294 5663 2306 5700 :
2333 5643 2552 5717 Disstpa
2577 5655 2752 5717 gentes
2795 5661 2914 5718 qua:
2962 5661 3148 5701 nomen
3175 5657 3360 5717 tuum,
3389 5647 3649 5716 Domine,
3672 5661 3760 5702 nos
