3846 6306
123 389 208 450 793
447 350 457 359 ’
773 380 833 435 r.
875 377 1220 435 venenum
1259 375 1437 433 msr.
1476 374 1566 431 ns
1600 372 1974 431 nmnoson
2012 372 2172 431 nm.
2211 405 2280 414 —
2312 373 2442 430 un.
2481 373 2570 428 iv.

3218 376 3326 434 7M

123 500 432 560 immiserant
454 493 627 566 (Psal.
657 507 880 560 Lxxvm,
903 492 978 564 6).
1009 491 1318 562 Antequam
1345 505 1474 545 vero
1500 504 1639 559 pra:-
1664 490 1713 546 A
1736 503 1901 558 quam
1921 488 2043 546 aliis
2061 490 2306 562 quotidie
2327 489 2602 544 ministrat
2623 489 2750 544 illis.
2768 487 2905 544 Nam
2923 488 3065 548 Deus
3086 490 3327 561 illorum,

121 595 260 670 furati
283 593 382 648 sint
402 588 464 644 ad
499 587 700 642 bellum
729 584 1117 656 incipiendum,
1147 598 1338 640 eorum
1367 581 1508 638 Deus
1535 595 1636 651 op—

121 689 252 743 timus
274 690 322 736 et
345 679 684 748 bellipotens,
717 676 880 730 simul
904 691 1028 730 cum
1059 675 1176 730 suis
1205 672 1410 730 sanctis
1444 685 1636 727 omnes

113 778 201 848 jam
236 772 380 828 habet
417 768 664 823 inimicos
695 767 965 833 devictos,
1004 774 1210 836 quanto
1255 763 1429 834 magis
1475 761 1638 818 faciet

117 866 247 923 modo
275 865 408 917 circa
431 876 556 929 vos,
583 859 712 930 quia
744 859 865 929 ejus
902 874 999 914 vos
1023 857 1160 914 estis
1187 855 1435 922 inimici,
1460 863 1514 911 et
1540 853 1636 925 qui

113 955 377 1030 praparatis
399 967 494 1007 vos
521 952 601 1008 eis
626 951 892 1006 obsistere
931 958 1041 1005 tota
1076 949 1309 1004 virtute?
1346 945 1461 1004 Hoc
1489 961 1640 1002 nam-

112 1065 196 1120 que
212 1050 257 1102 in
278 1046 489 1101 veritate
514 1044 677 1111 scias,
700 1043 959 1114 quoniam
985 1040 1285 1097 Christiani
1315 1040 1404 1096 isti
1431 1037 1638 1095 Christi

110 1138 183 1194 lilii
200 1137 353 1192 vocati
374 1143 518 1201 sunt,
541 1141 596 1189 et
615 1148 713 1205 per
735 1132 1117 1204 prophetarum
1144 1146 1241 1185 ora
1271 1129 1364 1184 ﬁlii
1390 1129 1636 1200 adoptio-

109 1229 176 1283 nis
193 1241 246 1281 ac
269 1223 658 1296 promissionis,
681 1231 736 1278 et
761 1238 860 1293 per
887 1221 1232 1292 Apostolum,
1263 1220 1494 1275 Izaaredes
1517 1219 1636 1285 Dei,

106 1317 348 1373 coheredes
393 1324 568 1369 autem
615 1313 818 1370 Christi
863 1313 1050 1384 (Rom.
1095 1329 1216 1380 vnt,
1265 1311 1373 1382 l7).
1427 1299 1640 1378 Quibus

105 1411 314 1467 Christus
351 1409 691 1465 hereditates
730 1407 813 1463 eis
842 1405 1202 1478 repromissas
1234 1405 1348 1476 jam
1394 1405 1637 1471 donavit,

102 1503 288 1561 dicendo
317 1519 331 1555 :
360 1521 380 1554 α
412 1502 459 1555 Α
489 1502 623 1557 solis
645 1508 772 1555 ortu
807 1515 984 1571 usque
1031 1499 1100 1555 ad
1141 1515 1422 1567 occasum,
1469 1499 1556 1554 vel
1583 1499 1639 1553 in

103 1594 418 1660 occidentem,
475 1600 638 1648 erunt
680 1592 896 1647 termini
926 1591 1125 1658 vestri,
1160 1591 1234 1646 ita
1282 1590 1430 1662 quod
1477 1605 1639 1645 nemo

101 1688 240 1743 audax
271 1685 428 1743 stabit
459 1693 654 1742 contra
684 1700 804 1741 vos.
838 1704 860 1737 ι
895 1683 962 1740 Et
989 1685 1116 1756 quis
1148 1691 1329 1755 potest
1367 1684 1452 1739 his
1475 1682 1639 1739 dictis

100 1781 458 1847 contradicere,
479 1780 570 1835 vel
595 1779 851 1835 obstare?
873 1779 1032 1835 Certe
1059 1778 1105 1835 si
1146 1778 1251 1834 hoc
1277 1777 1480 1833 bellum
1507 1792 1640 1834 eon-

99 1883 160 1929 tra
185 1871 289 1928 illos
315 1871 605 1941 increpet-is
628 1912 644 1937 ,
686 1871 988 1926 maximum
1012 1869 1118 1925 erit
1165 1869 1261 1923 tibi
1290 1868 1552 1925 damnum
1581 1875 1638 1922 et

97 1967 319 2031 dedecus,
342 1973 397 2019 et
421 1963 630 2020 multos
668 1963 870 2018 milites
899 1971 1026 2018 tuos
1057 1960 1389 2032 perdideris,
1425 1968 1479 2017 et
1511 1959 1636 2015 uni-

96 2075 216 2115 versa
233 2059 392 2130 spolia
415 2075 540 2129 qua:
561 2059 707 2129 apud
733 2066 784 2113 te
811 2057 980 2113 babes
1007 2055 1278 2123 amiseris,
1301 2063 1357 2111 et
1385 2053 1441 2109 in
1463 2053 1636 2109 nimia

97 2154 190 2223 luga
209 2149 456 2208 eveneris.
493 2151 577 2207 Tu
619 2161 804 2207 autem
831 2150 890 2206 in
928 2151 1034 2207 hoc
1062 2149 1203 2205 bello
1235 2164 1346 2204 non
1381 2146 1636 2203 morieris

95 2246 236 2312 modo,
260 2245 348 2301 sed
370 2245 554 2300 omnia
585 2242 843 2300 habentia
885 2245 944 2298 in
976 2244 1081 2298 hoc
1100 2241 1399 2314 perdideris
1423 2240 1631 2312 praelia.

94 2339 332 2410 Propterea
355 2339 480 2394 dico
502 2338 630 2403 tibi,
661 2354 772 2393 non
802 2336 1058 2394 morieris
1082 2336 1268 2402 modo,
1293 2336 1424 2407 quia
1444 2349 1635 2391 eorum

95 2431 203 2487 Deus
227 2447 323 2486 non
355 2431 541 2486 statim
575 2431 791 2502 judicat
807 2429 1168 2486 oﬂ‘endentem
1195 2443 1255 2484 se
1286 2435 1503 2484 exserta
1530 2426 1634 2492 ira,

93 2526 160 2578 sed
177 2523 374 2594 quando
392 2525 514 2579 vult
523 2539 652 2579 eum
677 2523 833 2594 punit
855 2521 1145 2578 manifesta
1159 2520 1420 2588 vindicta,
1443 2519 1638 2576 timeo-

93 2629 172 2683 que
215 2628 275 2668 ne
333 2624 384 2669 te
445 2614 662 2684 judicet
709 2613 911 2684 ptenali
962 2610 1184 2668 tristitia
1208 2654 1224 2680 ,
1273 2619 1330 2668 et
1373 2611 1471 2667 tibi
1511 2611 1636 2667 dico

93 2706 384 2777 modo,quia
418 2707 474 2761 in
523 2707 634 2763 hoc
665 2721 809 2762 anno
845 2705 1117 2762 morieris.
1164 2725 1182 2757 ι
1214 2703 1492 2760 Curbalan
1531 2719 1634 2759 au-

94 2809 174 2852 tern
204 2797 343 2852 valde
377 2797 577 2853 dolens
627 2798 683 2851 in
729 2797 942 2852 intimis
983 2795 1322 2863 visceribus,
1372 2794 1638 2852 maternis

93 2891 247 2946 auditis
267 2889 445 2945 verbis
467 2887 788 2960 respondit:
809 2907 828 2940 ι
857 2885 1028 2946 Mater
1050 2887 1400 2955 charissima,
1425 2902 1634 2958 quaeso,

89 2981 186 3056 quis
211 2982 295 3037 tibi
324 2982 460 3037 dixit
497 2983 611 3038 ista
641 2983 709 3037 de
735 2980 1046 3037 Christiana
1081 2989 1243 3053 gente
1263 3023 1278 3049 ,
1305 2981 1454 3052 quod
1492 2979 1638 3037 Deus

91 3093 238 3132 eorum
260 3085 460 3132 tantum
488 3084 644 3132 amet
671 3091 800 3142 eos,
822 3086 878 3131 et
904 3076 1051 3146 quod
1080 3076 1196 3146 ipse
1222 3074 1500 3146 pugnandi
1526 3074 1639 3129 vir-

1735 578 2093 652 Omnipotens
2119 592 2202 640 est
2229 582 2349 654 ejus
2371 597 2594 648 nomen,
2623 582 2719 652 qui
2747 581 2875 636 fecit
2905 583 3102 638 emlum
3137 594 3190 640 et
3219 596 3327 646 ter-

1734 690 1876 740 ram,
1901 685 1953 731 et
1976 674 2221 732 fundavit
2249 675 2446 742 maria,
2473 684 2529 729 et
2555 674 2809 729 universa
2836 690 2959 745 qua:
2985 675 3040 729 in
3071 676 3149 730 eis
3170 689 3324 742 sunt;

1735 766 1896 838 cujus
1930 765 2087 822 sedes
2125 767 2181 822 in
2217 767 2359 822 cmlo
2388 774 2506 832 est,
2542 775 2731 836 parata
2761 765 2817 819 in
2851 774 3138 832 aeternum,
3171 767 3330 837 cujus

1737 868 1978 930 potestas
2003 860 2206 930 ubique
2231 869 2315 916 est
2342 858 2656 915 metuenda.
2696 879 2714 911 ι
2745 859 2998 930 Dixitque
3028 860 3102 914 illi
3137 861 3279 916 ﬁlius
3311 877 3326 914 :
3395 899 3397 903 ι

1744 971 1763 1004 ‹
1803 951 1860 1006 Si
1889 951 1960 1006 ita
1989 961 2074 1007 est
2103 967 2295 1020 causa,
2330 967 2456 1008 cum
2490 952 2571 1008 eis
2598 951 2834 1022 prazlia'ri
2857 969 2967 1007 non
2995 953 3263 1008 desinam.
3306 972 3330 1003 ι

1736 1042 1980 1100 Audiens
2007 1044 2192 1114 itaque
2217 1053 2392 1099 mater
2418 1043 2538 1114 ejus
2567 1044 2714 1115 quod
2744 1045 2894 1099 nullo
2916 1031 3080 1100 modo
3109 1044 3333 1114 aequio—

1738 1145 1914 1195 sceret
1937 1137 2184 1193 consiliis
2216 1137 2332 1193 suis
2351 1177 2366 1206 ,
2401 1137 2750 1192 vehementer
2769 1137 2962 1194 dolens
2990 1138 3214 1191 recessit
3247 1153 3334 1192 re-

1739 1236 1979 1283 trorsum
2015 1226 2069 1280 in
2113 1226 2284 1297 Aleph
2328 1225 2548 1282 civitate
2571 1268 2588 1293 ,
2619 1225 2869 1284 deferens
2907 1243 3093 1284 secum
3133 1236 3329 1282 cuncta

1739 1320 1910 1390 spolia
1933 1334 2056 1389 qua:
2084 1319 2391 1374 conducere
2421 1319 2618 1388 potuit.

1810 1410 1993 1466 Tertia
2023 1427 2153 1466 vero
2179 1410 2268 1466 die
2305 1411 2539 1465 armavit
2569 1426 2629 1465 se
2667 1409 2938 1466 Curbalau
2961 1453 2978 1477 ,
3007 1419 3061 1466 et
3088 1411 3328 1467 maxima

1739 1519 1870 1576 pars
1907 1503 2214 1560 Turcorum
2243 1518 2370 1558 cum
2414 1519 2510 1570 eo,
2542 1513 2917 1574 veneruntque
2955 1504 3021 1559 ad
3053 1505 3328 1559 civitatem

1738 1614 1806 1654 ex
1831 1599 1920 1654 illa
1951 1606 2104 1670 parte
2145 1599 2200 1653 in
2246 1614 2356 1670 qua
2381 1607 2624 1654 castrum
2648 1607 2783 1654 erat.
2813 1596 2995 1653 Nostri
3018 1608 3199 1654 autem
3231 1615 3334 1669 pu-

1740 1698 1919 1746 tantes
1959 1689 2250 1757 resistere,
2302 1691 2552 1746 nolentes
2594 1690 2947 1760 volcntesque
2995 1690 3334 1746 intraverunt

1740 1781 2045 1848 civitatem;
2083 1781 2288 1853 quibus
2328 1775 2432 1837 fuit
2462 1791 2574 1837 tam
2612 1781 2934 1836 mirabiliter
2973 1791 3122 1837 arcta
3151 1792 3205 1837 et
3237 1799 3334 1837 an-

1741 1881 1897 1942 gusta
1936 1882 2092 1944 porta
2139 1873 2285 1944 quod
2335 1874 2447 1929 illic
2497 1874 2719 1929 fuerunt
2768 1872 2922 1928 multi
2975 1874 3176 1928 mortui
3236 1890 3334 1943 0p-

1699 1966 2020 2036 .pressione
2065 1966 2322 2022 aliorum.
2380 1965 2591 2022 Interea
2649 1965 2743 2020 alii
2805 1965 3122 2035 pugnabant
3180 1973 3338 2019 extra

1736 2059 2045 2124 civitatem,
2103 2059 2194 2114 alii
2257 2059 2406 2115 intus
2473 2059 2527 2112 in
2580 2058 2772 2129 quinta
2828 2057 2962 2112 feria
3020 2072 3116 2128 per
3167 2067 3336 2112 totam

1735 2151 1881 2208 diem
1930 2167 2103 2223 usque
2157 2152 2226 2206 ad
2276 2167 2578 2223 vesperam.
2637 2149 2695 2204 lu
2754 2158 2908 2206 sexta
2952 2143 3085 2205 feria
3140 2149 3336 2205 simili-

1739 2253 1820 2300 ter
1871 2244 2099 2315 prieliati
2162 2253 2290 2300 sunt
2350 2259 2448 2315 per
2516 2251 2692 2299 totum
2745 2243 2888 2298 diem
2917 2284 2933 2309 ,
2983 2244 3336 2299 occiderunt-

1736 2352 1844 2408 quc
1871 2353 1937 2392 ex
1961 2337 2166 2392 nostris
2194 2337 2418 2391 multos.
2448 2334 2505 2389 ln
2539 2335 2627 2390 illa
2657 2334 2743 2390 die
2771 2333 2872 2392 fuit
2903 2335 3184 2390 sauciatus
3211 2335 3304 2404 qui
3324 2363 3338 2375 -

1736 2430 1862 2485 dam
1893 2428 2312 2499 probatissimus
2343 2427 2518 2494 miles,
2552 2427 2806 2482 videlicet
2835 2429 3047 2482 Arveus
3077 2425 3338 2481 Tudebo-

1737 2521 1870 2590 dus,
1901 2537 2064 2592 quem
2103 2522 2417 2578 detulerunt
2453 2519 2586 2575 socii
2621 2519 2743 2590 ejus
2781 2533 2954 2589 usque
2989 2518 3248 2574 deorsum
3279 2518 3341 2572 in

1737 2618 2047 2684 civitatem;
2097 2616 2283 2687 ibique
2327 2614 2432 2670 fuit
2473 2614 2630 2670 vivus
2678 2628 2854 2684 usque
2889 2612 2942 2666 in
2991 2609 3250 2677 Sabbato,
3283 2619 3346 2666 et.

1742 2711 1887 2767 inter
1921 2713 2142 2765 nonam‘
2158 2717 2213 2764 et
2260 2716 2469 2764 sextam
2515 2707 2707 2761 horam
2744 2703 2996 2775 migravit
3037 2719 3068 2758 a
3111 2702 3344 2769 saeculo,

1736 2803 1926 2860 vivens
1981 2802 2037 2858 in
2083 2800 2324 2858 Christo.
2372 2799 2544 2872 Cujus
2598 2813 2801 2869 corpus
2857 2796 3103 2866 sepelivit
3140 2793 3344 2850 Petrus

1737 2897 1962 2969 quidam
1988 2895 2248 2953 sacerdos
2277 2893 2447 2950 frater
2470 2892 2592 2964 ejus
2629 2900 2754 2946 ante
2779 2898 2992 2961 portam
3023 2887 3337 2943 occident»

1739 2994 1844 3048 lem
1874 2991 2017 3048 beati
2043 2990 2192 3047 Petri
2227 2987 2480 3060 apostoli.
2511 2987 2720 3042 habens
2750 2983 3050 3038 maximum
3080 2981 3342 3036 timorem

1740 3085 1884 3142 sicut
1905 3093 2070 3155 caput
2101 3082 2418 3149 amittendi,
2445 3089 2500 3136 et
2537 3094 2732 3135 omnes
2765 3075 2855 3132 alii
2899 3076 2993 3146 qui
3035 3075 3088 3129 in
3116 3073 3336 3128 civitate

93 3178 222 3224 tatem
241 3171 292 3224 in
315 3185 371 3227 se
397 3171 606 3225 retinet
636 3170 953 3250 maximam,
983 3177 1039 3225 et
1063 3170 1211 3241 quod
1237 3169 1314 3224 illi
1335 3168 1638 3226 Christiani

1745 3185 1921 3238 erant;
1954 3176 2159 3234 Omnes
2190 3178 2430 3248 legentes
2455 3182 2510 3228 et
2543 3171 2828 3226 audientes
2861 3169 3248 3239 deprecamur,
3277 3173 3347 3220 ut

91 3263 262 3319 vincent
280 3280 377 3320 nos
404 3265 461 3318 in
484 3263 836 3319 Antiocheno
865 3263 1082 3333 praelio,
1104 3271 1160 3319 et
1181 3264 1330 3334 quod
1351 3263 1454 3334 ipsi
1476 3271 1640 3320 erunt

92 3365 238 3409 nostra
266 3357 474 3426 capturi
517 3356 578 3410 in
615 3355 802 3425 prmlio
848 3355 955 3410 isto
984 3355 1268 3425 spolia,et
1306 3369 1408 3411 nos
1453 3368 1639 3425 perse-

90 3458 280 3517 quentur
299 3449 574 3504 immensa
607 3447 856 3516 victoria,
885 3457 940 3505 et
976 3449 1122 3519 quod
1160 3448 1216 3503 in
1239 3449 1345 3505 hoc
1373 3463 1518 3504 anno
1541 3463 1640 3504 ero

90 3542 342 3598 moriturus
385 3551 570 3598 morte
625 3542 942 3598 subitanea?
992 3562 1013 3595 ι
1066 3541 1223 3598 Tunc
1265 3542 1546 3614 respondit
1585 3544 1639 3602 ei

90 3642 243 3701 mater,
267 3633 452 3691 dicens
489 3642 549 3689 et
585 3633 777 3690 dolens
807 3651 820 3688 :
851 3652 870 3685 ι
905 3632 1036 3700 Fili,
1069 3633 1192 3703 plus
1225 3649 1388 3705 quam
1415 3642 1637 3690 centum

91 3740 312 3781 annorum
339 3735 596 3798 tempora
620 3734 772 3793 sunt,
795 3727 942 3798 quod
966 3726 1249 3783 inventum
1273 3736 1357 3783 est
1383 3727 1439 3783 in
1458 3735 1640 3784 vestra

87 3821 268 3890 pagina,
295 3821 428 3878 etin
461 3821 716 3878 omnium
747 3821 1026 3894 gentilium
1053 3822 1464 3891 voluminibus,
1494 3837 1636 3895 quo-

89 3909 202 3965 niam
235 3928 356 3982 gens
384 3912 705 3971 Christiana
743 3913 884 3970 foret
927 3929 1095 3985 super
1128 3929 1232 3970 nos
1257 3913 1556 3981 venienda,
1584 3921 1640 3972 et

89 4013 166 4056 nos
185 4002 369 4074 ubique
405 4004 712 4071 vincenda,
743 4012 798 4061 et
835 4019 1004 4076 super
1037 4019 1279 4076 paganos
1320 4013 1637 4076 regnatura,

88 4102 127 4147 et
149 4108 310 4152 nostra
345 4115 480 4170 gens
518 4099 630 4154 illis
657 4099 859 4170 ubique
891 4099 999 4155 erit
1037 4099 1276 4154 subdita.
1303 4097 1409 4155 Sed
1447 4099 1640 4170 ignoro

88 4189 329 4245 amodoan
356 4201 508 4247 retro
541 4192 649 4247 erit
679 4191 968 4247 venienda.
1011 4189 1079 4248 Et
1105 4206 1208 4263 ego
1233 4191 1424 4247 dolens
1454 4192 1640 4262 itaque

89 4300 170 4339 non
194 4287 348 4344 desivi
390 4291 554 4360 sequi
595 4296 647 4344 te
685 4288 740 4343 in
777 4288 948 4360 Aleph
993 4289 1216 4345 civitate
1245 4288 1636 4359 pulcherrima,

88 4373 128 4429 in
146 4392 237 4446 qua
259 4379 599 4449 speculando
625 4388 790 4450 atque
817 4379 1099 4450 ingeniose
1126 4379 1396 4446 rimando,
1425 4377 1639 4448 respexi

87 4469 304 4525 culorum
326 4483 500 4538 astra,
519 4480 687 4543 atque
711 4471 1041 4545 ingeniando
1064 4471 1353 4544 sagaciter,
1371 4485 1435 4528 ac
1456 4479 1638 4528 mente

1737 3277 1868 3335 dent
1891 3277 2267 3345 eleemosynas
2301 3276 2356 3325 et
2376 3266 2684 3331 orationes,
2714 3273 2767 3319 et
2802 3261 2987 3317 dicant
3017 3274 3116 3330 pro
3151 3256 3341 3312 anima

1736 3369 1856 3440 ejus
1875 3394 1899 3434 ,-
1921 3374 1976 3422 et
2003 3377 2103 3436 pro
2125 3360 2377 3418 omnium
2411 3355 2798 3413 defunctorum
2822 3393 2840 3420 ,
2871 3351 2964 3423 qui
2999 3351 3052 3404 in
3080 3346 3343 3404 Hieroso—

1736 3461 1999 3536 lymitana
2027 3457 2115 3515 via
2145 3455 2346 3513 mortui
2374 3451 2617 3508 fuerunt.
2659 3449 2778 3504 Alia
2804 3448 2893 3535 die
2917 3445 3241 3502 Guillelmus
3269 3442 3344 3498 de

1737 3535 2178 3619 Crentamasnil,
2211 3559 2268 3606 et
2306 3547 2596 3602 Albericus
2640 3543 2808 3598 frater
2843 3541 2993 3612 ejus,
3035 3537 3234 3608 lvoquc
3267 3535 3346 3591 de

1737 3641 2172 3708 Grentamasnil,
2199 3647 2254 3695 et
2291 3636 2614 3693 Guillelmus
2644 3633 2711 3688 de
2752 3628 3129 3694 Bernonvilla,
3158 3625 3347 3681 Gnido-

1739 3736 2046 3802 Trosselus,
2062 3743 2116 3790 et
2131 3731 2458 3789 Guillelmus
2480 3727 2624 3782 filius
2641 3722 2925 3790 Richardi,
2942 3730 2997 3777 et
3012 3719 3346 3776 Lambertus

1737 3831 1952 3902 Pauper
1971 3847 1984 3884 :
1998 3827 2088 3884 isti
2105 3840 2298 3882 omnes
2311 3823 2511 3878 timore
2527 3817 2800 3892 perterriti
2819 3816 2885 3871 de
2901 3815 3157 3870 hesterno
3170 3812 3340 3878 bello,

1736 3922 1886 3996 quod
1908 3920 2296 3992 perduraverat
2323 3929 2499 3985 usque
2521 3911 2588 3968 ad
2606 3923 2908 3980 vesperam,
2925 3915 3084 3962 nocte
3106 3906 3348 3961 latenter-

1736 4016 2066 4074 dimiserunt
2093 4026 2152 4067 se
2181 4025 2279 4080 per
2309 4021 2561 4072 murum,
2584 4011 2640 4060 et
2673 4001 2946 4073 fugientes
2981 3998 3116 4069 pede
3146 4006 3341 4053 contra

1738 4123 1911 4175 mare,
1947 4105 2022 4161 ita
2056 4103 2205 4175 quod
2234 4114 2412 4172 neque
2447 4097 2504 4153 in
2537 4095 2791 4152 manibus
2818 4107 2995 4164 neque
3023 4090 3077 4145 in
3105 4089 3346 4162 pedibus

1737 4199 1943 4271 aliquid
1967 4195 2232 4254 remansit
2279 4193 2384 4250 nisi
2413 4188 2760 4248 solummodo
2784 4203 2908 4242 ossa
2932 4200 3051 4242 sua.
3073 4182 3348 4253 Multique

1737 4295 1829 4353 alii
1845 4293 2102 4365 fugerunt
2112 4305 2237 4347 cum
2251 4288 2522 4358 illis,quos
2535 4283 2818 4341 nominare
2829 4276 3350 4336 nescio.Venientes

1738 4387 1906 4459 igitur
1927 4385 1994 4442 ad
2009 4399 2199 4449 naves,
2213 4397 2336 4453 qum
2347 4387 2504 4435 erant
2517 4377 2583 4434 ad
2602 4384 2820 4447 portum
2839 4371 3025 4428 Sancti
3038 4368 3364 4436 Simeonng

1737 4479 1996 4536 dixerunt
2016 4476 2228 4532 nautis:
2251 4494 2269 4526 ι
2288 4472 2431 4541 Quid
2447 4471 2536 4526 hic
2552 4469 2738 4525 miseri
2757 4464 3165 4523 statis?0mucs
3187 4463 3345 4518 enim

88 4561 232 4617 sedula
259 4566 559 4622 scrutando
593 4566 857 4621 caelorum
887 4564 1156 4636 planetas,
1177 4579 1243 4620 ac
1274 4563 1328 4618 in
1354 4563 1638 4620 duodecim

1746 4571 1949 4628 mortui
1995 4577 2148 4634 sunt,
2193 4575 2251 4622 et
2295 4582 2398 4622 nos
2426 4573 2660 4620 mortem
2692 4576 2830 4634 pene
2875 4558 3173 4623 evasimus,
3205 4556 3342 4626 quia

86 4652 292 4719 polorum
346 4657 540 4728 signa,
594 4657 708 4712 sive
744 4657 800 4712 in
837 4666 1013 4712 sortes
1050 4657 1406 4723 innumeras,
1454 4655 1511 4712 in
1560 4655 1643 4712 eis

87 4747 224 4815 reperi
258 4750 522 4820 quoniam
556 4766 689 4822 gens
728 4749 1060 4806 Christiania
1106 4767 1210 4807 nos
1254 4752 1457 4822 ubique
1499 4749 1643 4804 foret

85 4839 324 4898 vincenda.
358 4843 488 4900 ideo
516 4845 684 4900 timeo
708 4845 864 4900 valde
889 4844 1100 4912 dolens,
1130 4853 1187 4901 et
1211 4845 1376 4901 nimis
1401 4845 1643 4900 maestis-

86 4935 211 5004 siina,
234 4956 297 4997 ne
317 4957 385 4998 ex
409 4951 463 4998 te
491 4942 680 4999 infelix
703 4958 806 5015 ego
829 4957 1144 4998 remaneam
1169 4941 1381 4998 orbata.
1409 4961 1429 4994 ι
1465 4940 1641 4995 Dixit-

84 5041 168 5096 que
211 5032 282 5086 illi
326 5033 609 5090 Cnrbalan
642 5052 657 5089 :
698 5054 717 5086 ι
756 5035 927 5090 Mater
974 5033 1330 5101 dulcissima,
1363 5032 1453 5089 dic
1505 5030 1641 5087 mihi

91 5122 260 5188 omnia,
285 5141 406 5196 quae
429 5125 489 5180 in
517 5126 682 5182 corde
705 5141 828 5180 meo
853 5133 988 5181 sunt
1008 5124 1309 5180 incredula.
1344 5143 1367 5177 ι
1396 5123 1529 5190 Qum
1551 5138 1640 5179 re-

87 5215 341 5285 spondens,
382 5219 501 5273 ait:
542 5233 562 5270 α
597 5217 716 5274 Hoc
751 5219 1002 5284 libenter,
1042 5218 1388 5283 charissime,
1421 5216 1641 5284 faciam,

85 5299 120 5353 si
135 5307 502 5366 veroscieroea
517 5324 642 5380 qua:
658 5309 757 5365 tibi
773 5309 1209 5381 suntincognita.
1225 5329 1242 5360 ι
1261 5308 1364 5365 Cui
1376 5308 1466 5363 ille
1475 5308 1641 5363 dixit:

89 5409 104 5440 ε
133 5390 233 5450 Non
265 5409 393 5455 sunt
430 5401 604 5472 igitur
639 5399 992 5458 Boamundus
1025 5411 1081 5457 et
1116 5399 1435 5457 Taneredus
1466 5399 1644 5456 Fran-

85 5495 241 5542 corum
262 5489 365 5557 dii,
395 5501 454 5547 et
482 5507 592 5548 non
623 5507 721 5549 eos
751 5493 1052 5550 liberabant
1087 5492 1156 5549 de
1182 5492 1428 5549 omnium
1455 5491 1642 5547 inimi-

85 5586 242 5634 corum
281 5584 702 5652 persecutione?
744 5599 764 5638 ι
807 5584 1218 5658 Responditque
1243 5586 1366 5657 ejus
1410 5592 1586 5640 mater
1609 5597 1636 5638 τ

90 5680 106 5714 ι
134 5665 221 5724 Fili
244 5673 603 5744 charissime,
629 5675 980 5736 Boamundus
1007 5687 1065 5734 et
1088 5677 1407 5734 Tancredus
1428 5684 1639 5733 morta-

167 5771 300 5830 sunt,
326 5765 474 5821 sicut
497 5767 589 5822 alii
623 5767 895 5836 homines,
922 5770 1018 5826 sed
1043 5770 1191 5826 Deus
1217 5769 1437 5827 illorum
1464 5768 1642 5842 diligit

87 5844 186 5905 in“
213 5869 320 5924 Ρπε
346 5858 790 5928 omnibusaliis,
824 5870 876 5918 et
914 5863 1170 5922 virtutem
1203 5863 1489 5936 prmliandi
1514 5863 1640 5935 plus

1743 4663 2016 4718 exercitus
2061 4659 2371 4715 Turcorum
2427 4656 2670 4725 undique
2724 4650 2936 4708 obsedit
2965 4665 3066 4706 nos
3117 4649 3172 4702 in
3199 4645 3340 4702 civi—

1743 4763 1873 4811 tate.
1907 4773 1925 4808 ι
1958 4753 2024 4808 At
2051 4753 2126 4807 illi
2159 4749 2445 4807 audientes
2493 4748 2642 4814 talia,
2678 4745 2898 4802 stabant
2937 4739 3228 4812 stupefacti
3281 4746 3338 4794 et

1735 4846 1943 4908 timore
1967 4841 2262 4914 perterriti,
2290 4849 2347 4896 et
2364 4843 2766 4894 concurrerunt
2789 4834 2843 4888 in
2880 4848 3068 4896 naves,
3093 4838 3147 4884 et
3169 4829 3342 4884 misc-

1736 4947 1876 4995 runt
1905 4953 1964 4994 se
2009 4937 2066 4991 in
2117 4948 2288 4992 mare.
2342 4931 2549 4988 Deinde
2581 4925 3095 4999 supervenientibus
3117 4922 3338 4990 Turcis,

1743 5047 1882 5103 quos
1912 5032 2238 5086 invenerunt
2271 5025 2610 5088 occiderunt,
2646 5029 2701 5076 et
2728 5036 2894 5075 naves
2944 5033 3068 5089 qua:
3103 5016 3156 5071 in
3182 5016 3342 5072 alveo

1743 5121 1986 5178 fluminis
2007 5127 2168 5176 erant
2187 5131 2475 5182 remansze,
2511 5109 2936 5169 eombusserunt
2966 5110 3111 5180 igne,
3161 5115 3215 5162 et
3241 5122 3351 5176 ap‘

1734 5215 2159 5287 prehenderunt
2185 5208 2360 5280 spolia
2387 5221 2598 5262 eorum.
2622 5201 2734 5257 Nos
2753 5200 2989 5272 denique
3005 5200 3098 5271 qui
3118 5215 3338 5254 reman-

1743 5306 1941 5371 simus,
1972 5300 2322 5373 nequivimus
2352 5297 2498 5352 ferre
2543 5294 2782 5366 pondus,
2823 5309 3001 5364 neque
3030 5309 3185 5349 arma
3213 5292 3337 5347 illo-

1744 5414 1869 5454 rum
1898 5396 2176 5467 quierant
2205 5392 2261 5446 in
2285 5398 2552 5455 castrum,
2577 5387 2924 5458 fecimusquc
2955 5402 3173 5442 murum
3197 5385 3343 5442 inter

1745 5504 1849 5545 nos
1889 5496 1946 5543 et
1986 5486 2114 5542 illos
2141 5483 2237 5555 qui
2259 5481 2558 5553 vigilabant
2599 5480 2686 5536 die
2727 5487 2784 5534 et
2833 5488 3013 5535 nocte.
3059 5475 3342 5534 Interdum

1744 5587 1897 5636 tanta
1923 5575 2282 5649 oppressione
2322 5572 2532 5628 fuimus
2559 5569 2830 5644 oppressi,
2864 5578 3138 5642 quatenus
3162 5582 3354 5640 equos

1743 5681 1801 5730 et
1845 5671 2032 5728 asinos
2083 5667 2565 5724 manducaremus.
2624 5665 2744 5719 Alia
2807 5672 2962 5735 parte
3015 5659 3224 5717 fuimus
3278 5672 3348 5715 nt

1746 5764 1987 5822 maximo
2006 5772 2216 5818 terrore
2241 5757 2573 5826 Turcorum,
2603 5756 2678 5814 ita
2709 5755 2856 5828 quod
2881 5752 3037 5809 multi
3062 5751 3338 5822 majorum

1747 5868 2064 5916 nostrorum
2082 5855 2338 5912 volebant
2365 5851 2550 5923 fugere
2577 5860 2755 5919 nocte,
2777 5849 2915 5906 sicut
2947 5845 3037 5902 alii
3067 5845 3346 5901 fecerunt.
