3846 6306
502 337 609 396 795
1071 329 1165 385 AD
1204 329 1652 388 GODEFIUDUM
1690 326 1980 382 APPEND.
2025 325 2090 382 ll.

508 449 760 521 Quadam
815 463 946 506 vero
972 445 1060 504 die
1107 447 1383 502 stantibus
1434 445 1639 501 nostris
1689 442 1994 514 majoribus
2040 442 2095 496 in

501 552 798 602 moutanea
821 555 1045 599 sursum
1069 548 1198 595 ante
1226 538 1531 604 castellum,
1549 537 1798 592 tristibus
1823 551 1887 592 ac
1909 537 2099 592 dolen-
2128 573 2130 575 ›

501 637 673 704 tibus,
723 633 1096 691 nescientibus
1143 633 1277 702 quid
1333 631 1654 686 debuissent
1704 629 1904 697 facere,
1948 631 2100 686 venit

501 727 730 800 quidam
753 725 1032 789 sacerdos,
1060 723 1148 778 cui
1173 737 1374 778 nomen
1423 721 1758 792 Stephanus,
1791 723 1859 778 ad
1901 738 2019 789 eos,
2044 731 2100 778 et

500 821 640 878 dixit
665 820 747 876 eis
782 836 798 876 :
829 838 850 872 ι
887 817 1162 884 Seniores,
1219 817 1263 872 si
1318 816 1474 873 vobis
1519 817 1715 886 placet,
1761 819 1947 873 audite
1979 833 2096 873 rem

502 911 745 989 aliquam
802 925 967 981 quam
992 923 1093 980 ego
1118 907 1246 963 vidi.
1278 906 1417 962 Dum
1445 909 1500 962 in
1529 909 1632 963 hac
1665 917 1826 965 nocte
1853 909 2097 979 jacet-em

502 1005 562 1062 in
588 1004 821 1061 ecclesia
849 1001 1063 1058 Sancta:
1085 1001 1269 1058 Maria:
1295 1001 1491 1058 matris
1519 1001 1738 1058 Domini
1763 1003 1940 1058 nostri
1965 1001 2096 1062 Jesu

501 1095 727 1164 Christi,
760 1094 1038 1165 apparuit
1095 1093 1232 1148 mihi
1279 1091 1530 1149 Salvator
1576 1093 1767 1148 mundi
1811 1109 1936 1149 cum
1994 1109 2097 1150 sua

501 1186 762 1258 genitrice
803 1185 974 1241 Maria
1023 1195 1078 1241 et
1119 1185 1282 1240 beato
1327 1184 1492 1241 Petro
1529 1185 1906 1256 apostolorum
1938 1186 2095 1255 prin-

505 1277 646 1348 cipe,
663 1277 924 1348 stetitque
954 1289 1082 1333 ante
1110 1293 1197 1332 me
1219 1277 1510 1345 Dominus,
1544 1287 1600 1334 et
1625 1278 1762 1334 dixit
1785 1277 1918 1333 mihi
1949 1277 2099 1334 :Ste-

496 1368 697 1440 plrane,
719 1369 974 1440 agnoscis
1002 1369 1129 1424 me?
1165 1389 1184 1421 ι
1230 1369 1331 1423 Cui
1363 1383 1467 1442 ego
1500 1369 1759 1440 respondi
1791 1388 1802 1423 :
1843 1389 1862 1421 ι
1897 1368 1972 1425 Te
1994 1386 2095 1440 ego

496 1461 606 1516 alio
637 1462 802 1518 modo
828 1479 935 1517 non
961 1477 1224 1534 agnoseo,
1276 1461 1384 1517 nisi
1413 1463 1540 1532 quia
1587 1477 1808 1518 crucenr
1838 1462 1894 1516 in
1919 1463 2096 1532 capite

497 1561 594 1608 tuo
641 1570 830 1622 cerno,
872 1555 1018 1612 sicut
1067 1555 1339 1611 Salvatori
1389 1564 1601 1611 nostro.
1647 1575 1665 1608 ι
1717 1555 2094 1626 Dominusque

496 1647 637 1704 dixit
666 1649 799 1703 mihi
835 1669 847 1705 :
883 1669 902 1700 ι
946 1649 1060 1719 Ego
1119 1665 1263 1705 sum.
1306 1669 1325 1701 ι
1363 1649 1519 1705 Tunc
1570 1650 1754 1705 statim
1797 1649 1968 1705 cecidi
2025 1649 2093 1705 ad

497 1742 664 1812 pedes
687 1743 806 1812 r-jr-s
831 1743 1204 1815 laerymando,
1231 1759 1431 1816 r0gans
1455 1744 1732 1798 humiliter
1753 1753 1812 1799 ut
1833 1743 2094 1800 subveni-

497 1840 579 1887 ret
604 1833 762 1888 uobrs
791 1833 844 1887 in
873 1834 1231 1903 oppressione
1262 1834 1409 1890 illius
1425 1843 1722 1890 exsecratae
1747 1836 1924 1905 gentis
1968 1850 2093 1906 qua:

497 1925 720 1980 tenebat
751 1942 851 1981 nos
882 1926 1124 1982 inclusos
1155 1926 1208 1981 in
1235 1927 1472 1983 civitate.
1515 1926 1928 1998 Responditque
1955 1928 2091 1982 mihi

496 2019 764 2078 Dominus
790 2040 804 2077 :
839 2041 858 2075 ς
881 2020 1026 2077 Bene
1055 2022 1238 2092 adjuvi
1263 2037 1382 2088 vos,
1411 2030 1466 2076 et
1495 2022 1634 2078 bene
1663 2023 1958 2093 adjuvabo.
1977 2022 2092 2095 Ego

495 2127 627 2166 vero
650 2112 873 2183 permisi
903 2129 1001 2169 vos
1031 2113 1233 2168 habere
1261 2110 1503 2167 Nic-mam
1521 2114 1889 2181 civitatem,et
1907 2117 2091 2172 omnia

495 2202 790 2260 devincens
841 2203 1013 2270 bella,
1064 2219 1165 2275 ego
1193 2205 1430 2260 conduxi
1456 2221 1554 2262 vos
1581 2221 1758 2276 usque
1795 2206 1926 2274 huc,
1959 2223 2094 2262 con-

492 2292 644 2348 dolui
673 2301 866 2348 vestrae
912 2294 1170 2351 miseriae"
1198 2312 1363 2366 quam
1391 2296 1538 2368 passi
1569 2295 1752 2353 fuistis
1793 2298 1850 2352 in
1898 2297 2093 2352 Antio-

492 2384 631 2440 chiae
674 2385 980 2441 obsidione.
1013 2385 1081 2442 Et
1129 2387 1297 2444 modo
1341 2388 1396 2444 in
1445 2397 1758 2460 opportuno
1787 2389 1994 2446 auxilio
2021 2390 2091 2445 ad

494 2476 797 2532 maximum
855 2494 1178 2535 succursura
1225 2479 1353 2538 misi
1379 2497 1479 2539 vos
1510 2497 1675 2538 sanos
1703 2492 1756 2538 et
1787 2482 2091 2540 incolumes

490 2569 635 2625 intra
668 2570 962 2626 civitatem.
1001 2570 1108 2627 Sed
1134 2573 1367 2628 multum
1423 2589 1648 2644 pravam
1678 2590 1794 2630 rem
1827 2574 2092 2632 facientes

491 2663 652 2720 multi
675 2663 998 2733 Christiani,
1025 2681 1092 2722 eo
1108 2666 1256 2738 quod
1275 2667 1460 2738 jaceut
1485 2684 1610 2724 curn
1639 2669 1870 2741 paganis
1894 2670 2093 2726 mulie-

493 2754 672 2825 ribus,
723 2758 869 2814 unde
895 2759 1201 2816 immensus
1237 2759 1380 2817 fetor
1410 2761 1658 2818 ascendit
1696 2762 1751 2818 in
1806 2763 2027 2824 ccelum.
2064 2782 2084 2817 ι

499 2847 658 2904 Tunc
685 2849 828 2904 alma
865 2849 1018 2923 virgo
1045 2850 1217 2907 Maria
1244 2862 1297 2908 et
1348 2852 1544 2909 beatus
1569 2852 1766 2910 Petrus
1805 2856 2090 2926 apostolus

491 2943 809 2999 ceciderunt
828 2953 954 2999 ante
985 2945 1148 3016 pedes
1174 2946 1315 3018 ejus,
1347 2955 1605 3018 rogantes
1628 2956 1682 3003 et
1711 2947 2086 3019 deprecantes,

493 3046 554 3091 ut
579 3053 741 3092 suum
771 3038 826 3092 in
855 3037 972 3106 ,hac
1004 3040 1260 3110 angustia
1299 3049 1612 3097 manentem
1653 3041 1874 3112 adjuvet
1913 3058 2090 3114 popu-

493 3128 631 3197 lum,
663 3129 906 3184 dicentes
941 3147 954 3184 :
993 3149 1012 3183 ς
1048 3129 1293 3196 Domine,
1321 3146 1416 3202 per
1442 3132 1612 3187 multa
1634 3141 1882 3203 tempora
1913 3135 2089 3190 tenuit

494 3238 832 3294 paganorum
862 3238 995 3295 gens
1021 3221 1300 3279 Ecclesias
1323 3234 1566 3292 nostras,
1603 3223 1657 3278 in
1683 3225 1887 3296 quibus
1915 3227 2088 3284 multa

492 3324 546 3371 et
569 3314 864 3372 ineffabilia
898 3317 1041 3392 mala
1070 3314 1364 3373 faciebant.
1395 3315 1557 3372 Modo
1613 3333 1745 3374 vero
1785 3317 2089 3376 Christiani

488 3408 732 3479 expulsis
758 3408 1018 3478 inimicis,
1052 3409 1128 3466 tui
1162 3411 1340 3481 angeli
1388 3411 1645 3466 lzetantur
1667 3411 1723 3466 in
1754 3411 1928 3469 cmlis.
1966 3431 1985 3465 ι
2023 3411 2090 3468 Et

490 3502 689 3558 iterum
725 3503 863 3559 dixit
913 3503 1051 3559 mihi
1108 3505 1375 3561 Dominus
1411 3523 1423 3561 :
1460 3524 1478 3558 r
1517 3502 1813 3576 Stephano,
1843 3505 2003 3575 vade,
2033 3513 2090 3563 et

490 3597 578 3652 die
609 3596 810 3668 populo
839 3612 959 3654 meo
984 3605 1040 3652 ut
1067 3605 1370 3654 revertatur
1391 3599 1460 3655 ad
1488 3615 1597 3667 me,
1639 3609 1691 3655 et
1713 3614 1816 3671 ego
1840 3607 2089 3654 revertar

489 3689 561 3746 ad
591 3690 742 3746 illum
777 3709 790 3745 ε
818 3701 872 3747 et
909 3690 1051 3747 infra
1073 3692 1319 3764 quinque
1353 3693 1470 3749 dies
1500 3693 1715 3748 mittam
1743 3693 1795 3749 ei
1819 3707 2085 3765 magnum

488 3783 824 3853 adiutorium
835 3828 849 3852 ,
863 3793 916 3840 et
931 3785 1176 3857 quotidie
1187 3785 1459 3854 decantet,
1475 3785 2084 3859 Congregatizsunt,etc.,

488 3890 616 3932 eum
642 3893 821 3933 versu.
847 3877 917 3933 Et
945 3879 1220 3951 accipiant
1261 3881 1638 3953 poenitentias,
1665 3890 1719 3938 et
1743 3881 1906 3938 nudis
1928 3880 2086 3952 pedi-

487 3971 594 4026 bus
617 3969 823 4027 faciaut
851 3973 1231 4043 processiones
1261 3989 1356 4045 per
1374 3974 1656 4042 ecclesias,
1676 3984 1731 4032 et
1749 3975 2086 4046 pauperibus

487 4062 619 4118 dent
642 4064 1041 4136 eleemosynas.
1059 4074 1114 4122 et
1131 4065 1335 4123 faciant
1366 4067 1566 4124 missas
1590 4067 1926 4140 presbyteris
1944 4067 2087 4124 cclc-

488 4153 672 4222 brare,
727 4165 798 4228 et,
831 4156 941 4213 sint
997 4159 1390 4214 communicati
1439 4175 1668 4230 corpore
1713 4168 1768 4215 et
1817 4159 2086 4230 sanguine

487 4245 716 4304 Christi.
746 4247 813 4306 Et
855 4249 935 4305 sic
967 4250 1231 4322 incipiant
1273 4252 1500 4319 bellum,
1531 4265 1585 4308 et
1613 4267 1716 4324 ego
1768 4251 1982 4307 mittam
2004 4250 2085 4308 eis

488 4338 821 4410 adjutorium
870 4341 1090 4397 beatum
1139 4342 1457 4414 Georgium,
1513 4353 1570 4398 et
1621 4342 1995 4410 Theodorum,
2030 4349 2086 4398 et

490 4427 848 4498 Demetrium,
881 4439 936 4486 et
980 4432 1299 4504 peregrinos
1347 4432 1441 4503 qui
1471 4432 1574 4487 ista
1599 4431 1689 4486 via
1725 4431 1928 4487 mortui
1961 4430 2083 4488 fue-

2131 356 2198 368 ———
2239 325 2510 383 NONUM.
2553 323 2642 380 DE
2675 323 2902 381 BELLO
2939 324 3183 384 SACBO.
3643 337 3716 396 796

2125 446 2176 506 Α
2203 441 2375 510 misit,
2399 441 2648 513 quandiu
2699 456 2887 497 secum
2911 441 3274 512 quadraginta
3314 441 3504 500 milites
3528 444 3717 521 haberet,

2199 534 2346 606 quod
2388 550 2499 589 non
2543 533 2722 590 solum
2751 547 2820 594 ex
2849 533 2942 588 illa
2968 533 3200 588 civitate.
3241 535 3336 589 sed
3365 535 3520 590 etiam
3547 538 3607 592 ab
3626 538 3748 598 ῐιω-.

2199 625 2598 697 rosolymitauo
2649 624 2843 681 itinere
2896 641 3007 681 non
3061 633 3209 680 esset
3254 642 3579 685 reversurus.
3608 609 3750 690 Unde:

2200 718 2368 774 nimis
2393 717 2687 773 exsultavit
2723 717 2908 773 omnis
2939 717 3294 776 Christianus
3324 721 3604 778 exercitus.
3629 724 3727 782 Erat

2199 821 2381 867 autem
2430 812 2504 867 ibi
2551 813 2776 883 quidam
2814 815 3139 884 peregrinus
3178 815 3248 870 de
3298 816 3532 871 exercitu
3562 828 3724 885 nostro,

2199 903 2393 960 Petrus
2423 904 2860 961 Bartholomreus
2888 906 3133 972 nomine,
3163 907 3253 962 cui
3283 910 3532 978 apparuit
3556 921 3728 968 sanctus

2198 995 2449 1051 Andreas
2480 996 2791 1066 apostolus,
2822 1005 3118 1068 antequam
3138 996 3414 1054 civitatem
3432 999 3728 1069 intraremus,

2197 1088 2388 1144 dicens
2414 1106 2426 1142 :
2465 1107 2482 1140 ι
2517 1087 2659 1155 Quid
2693 1089 2833 1159 agis,
2859 1089 3000 1145 bone
3023 1090 3141 1145 vir?
3169 1111 3187 1142 ι
3219 1089 3322 1146 Cur
3354 1091 3442 1148 iile
3463 1096 3728 1163 respondit:

2204 1199 2224 1233 ι
2258 1179 2340 1234 Tu
2371 1181 2496 1252 quis
2519 1181 2618 1236 es?
2649 1201 2672 1233 ιι
2702 1181 2848 1236 Dixit
2870 1182 2920 1238 ei
2943 1183 3232 1253 apostolus
3270 1226 3284 1239 .
3315 1204 3334 1236 α
3370 1183 3484 1256 Ego
3515 1203 3625 1241 sum
3646 1188 3731 1244 An-

2195 1272 2358 1329 dreas
2386 1273 2687 1344 apostolus.
2719 1271 2951 1341 Noscas,
3003 1275 3104 1342 fili,
3139 1275 3270 1345 quia
3323 1275 3457 1331 dum
3483 1277 3648 1333 villam
3668 1281 3725 1335 in-

2196 1367 2452 1434 traveris,
2506 1367 2643 1423 vade
2696 1369 2765 1422 ad
2796 1367 3088 1424 ecclesiam
3132 1368 3277 1424 beati
3333 1367 3482 1424 Petri
3531 1375 3731 1441 apostoli,

2197 1458 2382 1529 ibique
2438 1459 2686 1514 invenies
2746 1459 2995 1515 lanceam
3055 1458 3363 1518 Salvatoris
3425 1465 3590 1518 nostri
3637 1464 3734 1523 Jesu

2195 1550 2422 1619 Christi,
2449 1568 2512 1608 ex
2539 1568 2647 1624 qua
2671 1553 2803 1608 dum
2831 1553 2887 1608 in
2907 1553 3092 1610 crucis
3114 1556 3380 1625 penderet
3400 1557 3628 1627 patibulo
3647 1561 3733 1615 vul-

2193 1655 2424 1701 neratus
2455 1644 2578 1701 fuit.
2611 1666 2628 1698 ›
2666 1645 2792 1702 Hec
2820 1647 3006 1703 omnia
3065 1648 3284 1704 dicente
3329 1651 3590 1719 apostolo,
3637 1669 3735 1708 eon-

2195 1737 2352 1794 tinuo
2375 1739 2624 1795 recessit.
2650 1738 2771 1810 ipse
2793 1747 2976 1795 autem
3003 1739 3201 1798 timens
3229 1743 3476 1798 revelare
3493 1744 3734 1800 consilium

2197 1831 2454 1902 apostoli,
2485 1832 2664 1887 noluit
2695 1831 2942 1889 indicare
2972 1835 3182 1892 nostris
3209 1835 3546 1904 hominibus,
3571 1839 3738 1894 scilicet

2192 1925 2515 1996 peregrinis.
2556 1924 2901 1982 Estimabant
2925 1935 3107 1982 autem
3143 1943 3202 1984 se
3234 1928 3416 1983 visum
3439 1929 3626 1986 videre.
3646 1931 3736 1985 Alia

2191 2032 2413 2088 quoque
2440 2019 2557 2074 vice
2582 2019 2838 2090 apparuit
2887 2028 3116 2077 sanctus
3149 2021 3421 2090 Andreas,
3463 2021 3635 2078 dicens
3665 2023 3736 2080 ei:

2199 2128 2218 2161 ι
2259 2108 2442 2176 Quare
2468 2125 2581 2166 non
2609 2110 2800 2166 dixisti
2829 2111 3132 2183 peregrinis
3165 2113 3316 2184 quod
3350 2108 3448 2169 tibi
3469 2115 3732 2185 praecepiir

2192 2198 2260 2256 Et
2284 2201 2423 2257 dixit
2447 2202 2517 2258 ad
2545 2217 2673 2258 eum
2709 2221 2723 2258 :
2754 2222 2772 2256 ι
2813 2201 3066 2270 Domine,
3094 2204 3221 2276 quis
3268 2206 3378 2260 hoc
3405 2206 3698 2262 crediderit?
3719 2229 3735 2261 ›

2192 2292 2251 2348 In
2282 2294 2373 2349 illa
2405 2310 2537 2350 vero
2561 2295 2697 2351 hora
2731 2295 2943 2366 accepit
2991 2311 3121 2352 eum
3177 2309 3408 2354 sanctus
3435 2299 3676 2368 Andreas,
3700 2311 3740 2356 et

2191 2387 2430 2459 portavit
2451 2404 2579 2444 eum
2607 2392 2665 2444 in
2690 2388 2911 2444 civitate
2934 2405 3110 2460 usque
3143 2391 3212 2446 ad
3241 2391 3450 2458 locum,
3479 2393 3566 2448 ubi
3587 2394 3740 2450 lancea

2189 2490 2310 2538 erat
2341 2482 2626 2538 recondita
2682 2482 2739 2537 in
2794 2492 2962 2539 terra.
2995 2481 3076 2539 Eo
3102 2484 3344 2553 vidente,
3372 2485 3742 2543 abstraxitsan-

2189 2582 2313 2630 ctus
2344 2575 2592 2631 Andreas
2634 2576 2919 2646 apostolus
2945 2575 3196 2632 lanceam
3224 2577 3294 2633 de
3322 2587 3492 2646 terra,
3539 2589 3589 2635 et
3622 2580 3743 2635 misit

2187 2666 2245 2722 in
2275 2667 2553 2734 manibus,
2575 2666 2767 2723 dicens
2794 2686 2808 2722 :
2839 2686 2860 2720 ι
2891 2665 3018 2723 Haec
3037 2675 3122 2723 est
3147 2667 3339 2724 lancea
3370 2667 3580 2724 Domini
3600 2671 3742 2727 nostri

2187 2754 2320 2813 Jesu
2348 2757 2576 2826 Christi,
2597 2773 2766 2828 quam
2791 2757 2918 2814 misi
2943 2757 3054 2825 hic,
3079 2767 3133 2814 et
3165 2756 3339 2815 frater
3383 2775 3537 2815 meus
3559 2769 3742 2830 apostoe

2188 2850 2276 2906 lus
2305 2849 2518 2907 Petrus.
2565 2870 2584 2903 ι
2614 2849 2694 2906 Eo
2718 2850 2957 2919 vidente,
2985 2849 3140 2906 misit
3173 2866 3297 2908 eam
3324 2851 3547 2920 ibidem,
3565 2862 3613 2907 et
3629 2853 3744 2908 dixit

2189 2943 2352 3000 Petro
2372 2951 2564 3014 postea
2596 2961 2610 2999 :
2653 2962 2671 2996 ι
2704 2941 3002 3000 Revertere
3045 2944 3114 3000 ad
3143 2945 3474 3001 exercitum.
3512 2965 3529 2998 ι
3559 2944 3650 3001 Cui
3677 2946 3743 2999 ille

2188 3036 2512 3108 respondit:
2552 3055 2572 3089 r
2629 3034 2882 3105 Domine,
2927 3037 3210 3108 quomodo
3245 3052 3476 3109 possum
3515 3037 3617 3092 ire?
3645 3035 3746 3092 iam

2123 1798 2169 1858 B

2117 3170 2160 3229 ρ
2192 3129 2356 3187 Turci
2387 3139 2518 3187 sunt
2555 3145 2722 3202 super
2783 3145 2976 3187 muros
3027 3130 3290 3198 civitatis,
3335 3130 3433 3202 qui
3488 3139 3745 3202 postquam

2190 3224 2467 3282 audierint
2522 3239 2632 3293 me,
2683 3223 2832 3280 illico
2881 3224 3135 3282 occident
3174 3241 3282 3282 me.
3323 3243 3344 3279 ι
3372 3224 3474 3282 Cui
3501 3225 3745 3297 respondit

2191 3318 2472 3390 apostolus
2508 3337 2522 3373 :
2559 3337 2579 3372 ι
2615 3316 2784 3384 Vade,
2807 3322 2877 3374 ne
2909 3317 3126 3374 timeas.
3166 3336 3186 3370 ›
3225 3317 3383 3376 Tunc
3409 3319 3598 3376 Petrus
3619 3318 3745 3374 exire

2190 3412 2358 3482 erepit
2377 3411 2444 3467 de
2473 3410 2694 3467 civitate
2719 3410 3030 3467 videntibus
3057 3411 3274 3467 cunctis
3294 3410 3512 3481 Turcis,
3537 3411 3746 3482 nihilque

2187 3505 2239 3559 ei
2264 3504 2541 3559 dixerunt.
2568 3502 2734 3560 Turci
2776 3519 3035 3574 namque,
3082 3503 3176 3574 qui
3236 3513 3397 3560 erant
3445 3504 3499 3559 in
3550 3502 3745 3561 castello

2189 3611 2463 3664 seorsum,
2519 3605 2633 3652 tam
2683 3596 3011 3652 mirabiliter
3068 3597 3509 3668 coangustabant
3557 3606 3746 3652 nostros

2187 3691 2334 3760 quod
2363 3689 2600 3761 quadam
2624 3689 2714 3744 die
2746 3689 3092 3745 incluserunt
3118 3697 3230 3744 tres
3246 3690 3452 3746 milites
3483 3705 3548 3744 ex
3576 3687 3748 3745 nostris

2189 3777 2245 3837 in
2289 3783 2527 3854 quadam
2558 3791 2711 3839 turre
2746 3797 2872 3853 quae
2924 3789 3046 3839 erat
3095 3791 3222 3838 ante
3271 3797 3469 3839 eorum
3512 3790 3744 3840 castrum.

2187 3873 2455 3930 Exierunt
2476 3889 2716 3945 namque
2745 3874 3001 3946 gentiles,
3032 3883 3089 3930 et
3120 3875 3407 3931 irruerunt
3444 3891 3604 3946 super
3649 3875 3749 3930 illos

2186 3976 2300 4024 tam
2329 3967 2529 4024 acriter
2577 3967 2727 4038 quod
2761 3967 2840 4022 illi
2889 3968 3193 4038 nequibant
3235 3968 3470 4024 sufferre
3520 3970 3747 4025 virtutem

2185 4076 2400 4118 eorum.
2425 4059 2547 4116 Duo
2571 4075 2703 4118 vero
2729 4075 2797 4116 ex
2818 4060 2900 4117 eis
2921 4060 3178 4115 exierunt
3203 4059 3272 4116 de
3303 4061 3446 4116 turri
3489 4059 3748 4124 vulnerati,

2187 4163 2244 4211 et
2265 4155 2462 4212 tertius
2485 4155 2718 4210 viriliter
2741 4169 2840 4226 per
2866 4162 3037 4209 totam
3069 4154 3218 4210 diem
3261 4154 3590 4210 defendebat
3620 4155 3751 4209 sede

2187 4248 2497 4305 Turcorum
2529 4247 2817 4304 invasione
2842 4245 2917 4301 ita
2947 4244 3403 4316 prudentissime,
3440 4245 3655 4316 quodin
3679 4243 3752 4298 illa

2185 4342 2274 4399 die
2315 4341 2527 4398 Turcos
2573 4339 2834 4397 straverit
2857 4354 3024 4410 super
3051 4339 3262 4395 aditum
3305 4339 3456 4394 muri
3489 4355 3612 4396 cum
3633 4352 3751 4394 casa

2187 4435 2368 4491 basta.
2401 4433 2538 4490 Tres
2567 4435 2756 4490 hastas
2795 4432 3262 4488 detruncaverunt
3311 4432 3392 4488 illi
3446 4433 3537 4489 die
3587 4431 3672 4486 illa
3711 4429 3753 4484 in

485 4529 616 4578 runt
665 4521 1176 4597 ilierosolymitaua.
1217 4543 1237 4577 ι
1272 4524 1380 4581 Ista
1413 4524 1546 4580 mihi
1598 4525 1736 4581 dixit
1784 4523 2072 4583 Dominus.
2113 4527 2440 4584 Dmanibus
2487 4528 2625 4584 suis.
2673 4527 2807 4584 Erat
2853 4536 3038 4584 autem
3095 4542 3298 4582 nomen
3351 4527 3477 4598 ejus
3529 4526 3678 4598 [Iugo
3709 4524 3752 4578 lo

489 4612 558 4670 Et
591 4631 783 4673 omnes
811 4617 1076 4684 seniores,
1111 4617 1159 4672 si
1192 4617 1297 4672 hoc
1329 4634 1439 4673 non
1457 4616 1683 4674 creditis
1716 4635 1907 4674 verum
1938 4634 2081 4688 esse,

489 4707 654 4765 sinite
679 4727 767 4766 me
810 4711 972 4767 modo
1015 4711 1071 4766 in
1112 4711 1378 4780 majorem
1409 4710 1606 4765 turrim
1637 4711 1922 4778 scandere,
1958 4710 2087 4765 mit-

488 4807 710 4872 tamque
737 4817 824 4856 rne
843 4802 1138 4867 deorsum;
1192 4801 1238 4857 si
1273 4800 1429 4856 fuero
1457 4801 1644 4857 salvus
1675 4810 1729 4857 et
1767 4801 2082 4871 incolumis,

487 4895 726 4950 credatis
759 4895 866 4950 hoc
897 4909 1021 4949 esse
1056 4909 1268 4948 verum.
1301 4892 1360 4948 Si
1391 4902 1574 4949 autem
1602 4894 1772 4950 ullam
1803 4895 2084 4951 lzesionem

485 4985 643 5043 fuero
665 5003 885 5059 passus,
925 4987 1191 5043 decollate
1238 5003 1346 5055 me,
1396 4996 1452 5044 et
1499 4989 1553 5042 in
1582 4987 1764 5060 ignem
1808 4989 2078 5059 projicite.

485 5077 643 5136 Tunc
669 5080 957 5136 Podiensis
979 5080 1268 5152 episcopus
1294 5081 1463 5152 jussit
1491 5082 1673 5138 all'erri
1705 5082 2000 5155 Evangelia
2021 5093 2078 5140 et

486 5189 731 5239 crucem,
759 5183 811 5228 et
840 5172 968 5228 fecit
985 5174 1174 5245 jurare
1197 5174 1330 5231 illud
1349 5191 1474 5232 esse
1498 5192 1706 5232 verum.
1724 5175 1922 5233 Postea
1947 5193 2080 5234 con—

487 5262 652 5319 siliati
684 5271 814 5319 sunt
847 5276 1040 5320 omnes
1079 5267 1252 5322 nostri
1286 5267 1526 5338 majores
1578 5268 1633 5323 in
1685 5268 1778 5324 illa
1824 5269 1982 5337 hora,
2021 5277 2081 5326 ut

482 5351 766 5423 jurassent
796 5354 945 5424 quod
999 5357 1186 5414 nullus
1233 5358 1453 5414 illorum
1502 5359 1717 5430 fugeret
1740 5359 1808 5416 de
1837 5359 2076 5428 civitate,

488 5446 734 5515 quandiu
749 5446 858 5501 vivi
886 5446 1140 5519 fuissent,
1173 5468 1351 5523 neque
1381 5469 1479 5524 per
1504 5462 1761 5520 mortem,
1779 5470 1958 5525 neque
1980 5470 2078 5525 per

487 5537 678 5594 vitam.
705 5535 925 5599 Primus
967 5544 1166 5600 dicitur
1203 5544 1421 5616 jurasse
1464 5545 1839 5614 Boamundus,
1881 5547 2078 5604 deinde

486 5640 675 5685 comes
702 5628 890 5688 Sancti
921 5632 1148 5710 Egidii,
1168 5647 1223 5692 et
1249 5635 1523 5692 Robertus
1554 5635 1994 5706 Nortbmannus,
2025 5649 2081 5695 et

489 5712 603 5775 dux
636 5717 989 5793 Codefridus,
1039 5736 1096 5783 et
1138 5727 1413 5784 Robertus
1459 5744 1646 5785 cernes
1697 5728 1989 5798 Flandrite,
2025 5739 2082 5787 et

486 5811 581 5875 alii
609 5813 880 5876 seniores.
914 5818 1232 5878 Tancredus
1269 5821 1474 5894 iuravit
1505 5823 1599 5878 tali
1634 5821 1816 5892 modo,
1860 5838 1922 5879 ac
1947 5839 2076 5896 pro-

2183 4621 2519 4688 Forsennet,
2579 4621 2649 4678 de
2711 4621 2956 4678 exercitu
3019 4620 3255 4677 Goll‘redi
3316 4621 3387 4676 de
3441 4620 3754 4678 Monte-sca-

2180 4713 2356 4770 bioso.

2257 4805 2362 4861 Hic
2388 4806 2556 4877 jussit
2578 4805 2926 4861 Boamundus
2956 4805 3080 4877 igne
3107 4805 3381 4860 civitatem
3405 4803 3696 4860 accendere.

2257 4899 2516 4956 Videntes
2545 4909 2731 4955 autem
2766 4899 3126 4957 Boamundus
3165 4907 3222 4955 et
3260 4895 3755 4968 Tancredusﬂquod

2185 4993 2503 5049 nullatenus
2531 4993 2842 5064 potuissent
2863 4992 3175 5049 conducere
3223 5002 3447 5064 gentem
3475 5007 3687 5048 sursum
3711 4989 3756 5044 in

2185 5095 2483 5140 moutanea
2505 5093 2632 5140 ante
2663 5094 2910 5141 castrum
2933 5086 3002 5141 ad
3026 5085 3252 5152 bellum,
3279 5085 3374 5142 sed
3403 5093 3564 5140 erant
3584 5080 3756 5140 inclusi

2182 5176 2239 5232 in
2262 5178 2538 5245 domibus,
2566 5179 2824 5235 timentes
2877 5179 2972 5234 alii
3008 5177 3175 5246 fame,
3199 5178 3294 5234 alii
3328 5179 3529 5234 timore
3569 5177 3756 5234 Terea

2181 5285 2327 5336 rum,
2361 5271 2527 5327 nimis
2560 5272 2684 5327 irati
2714 5271 2956 5328 fuerunt.
2988 5270 3161 5328 Jussit
3208 5271 3399 5342 itaque
3426 5271 3756 5328 Boamundus

2181 5361 2474 5418 confestim
2507 5365 2726 5420 mittere
2756 5365 2939 5436 ignem
2987 5365 3044 5420 in
3083 5363 3384 5430 civitatem,
3413 5364 3469 5418 in
3500 5364 3593 5419 illa
3629 5371 3756 5434 parte

2181 5454 2238 5509 in
2263 5470 2370 5525 qua
2401 5463 2524 5511 erat
2565 5456 2818 5512 Cassiani
2847 5456 3158 5512 Ammiralii
3199 5455 3492 5527 palatium.
3526 5456 3758 5513 Videntes

2179 5562 2311 5602 vero
2351 5547 2428 5602 illi
2460 5548 2556 5619 qui
2587 5559 2747 5604 erant
2778 5549 2833 5604 in
2879 5549 3102 5605 civitate
3142 5549 3326 5620 ignem
3348 5549 3573 5618 ardere,
3610 5559 3662 5606 et
3690 5548 3760 5602 in-

2181 5648 2394 5694 tantum
2443 5656 2694 5713 surgere,
2744 5641 3082 5699 dimiserunt
3113 5643 3332 5710 domos,
3361 5653 3421 5700 et
3453 5643 3623 5700 simul
3652 5655 3757 5698 cum

2181 5731 2374 5802 spoliis
2401 5731 2685 5804 fugiebant
2711 5734 2767 5789 in
2796 5742 3174 5803 moutaneam,
3204 5735 3300 5791 alii
3341 5746 3476 5792 ante
3517 5744 3757 5799 castrum,

2182 5824 2275 5881 alii
2323 5835 2447 5882 ante
2497 5835 2709 5898 portam
2761 5827 2982 5887 comitis
3028 5826 3214 5887 Sancti
3265 5827 3503 5903 zEgidii,
3540 5828 3629 5906 alii
3653 5841 3757 5884 ante
