3804 6312
57 373 107 432 Π
746 365 808 422 Ρ.
853 364 1202 423 TUDEBODI
1241 361 1420 419 HIST.
1461 359 1548 416 DE
1584 355 1949 414 HlEllOSOL.
1988 352 2148 409 lTlN.
2187 381 2254 394 -η
2286 352 2413 406 ωδ.
2450 349 2516 404 iV
2723 392 2728 406 .
3181 354 3316 412 798.

55 500 211 544 ortam
236 483 398 540 ducis
420 481 725 551 Godefridi,
748 491 802 538 et
830 482 910 539 sic
935 479 1320 551 unusquisque
1345 476 1414 532 ad
1434 489 1595 531 suam
1621 477 1672 537 Α
1698 471 1896 527 bamur
1923 469 2216 526 adventum
2255 466 2397 537 ejus,
2437 473 2710 537 quatenus
2762 465 3075 523 subveniret
3127 469 3286 526 nobis

54 591 232 638 autem.
287 576 452 631 Tunc
505 574 856 631 Boamundus
900 574 1258 629 eontristatus
1301 577 1386 625 est
1407 567 1587 634 valde,
1641 595 1646 602 -
1691 564 1750 618 in
1775 562 2072 633 adjutorio,
2098 561 2193 632 qui
2220 575 2444 615 eramus
2469 557 2666 614 inclusi
2697 558 2752 613 in
2783 559 3057 616 civitatem
3094 561 3287 616 saluti-

57 686 199 726 tueus
227 667 378 739 quod
408 665 646 721 ecclesia
678 662 866 720 Sancti
881 661 1368 730 Petri,eteeclesia
1385 666 1592 716 sanctae
1630 642 1643 658 χ
1690 653 1808 710 fero
1833 661 2082 709 carentes
2110 651 2336 706 auxilio.
2360 651 2431 704 At
2463 649 2552 704 ille
2579 658 2870 720 postquam
2901 650 3108 706 audivit
3148 668 3285 722 gen-

51 761 180 817 iarize
205 758 493 824 arderent,
514 756 641 827 quia
670 756 812 826 ignis
841 753 1156 826 perduravit
1181 769 1213 808 a
1236 752 1396 808 tertia
1417 763 1592 820 usque
1692 755 1800 802 tem
1848 745 2153 800 Turcorum
2218 742 2739 814 circumeingentem
2795 751 2960 813 atque
3019 743 3283 798 obsiden-

52 855 76 908 tl
117 851 344 906 mediam
385 858 634 904 noctem.
677 847 885 902 Tamen
927 846 1151 901 fuerunt
1195 851 1452 900 cremata:
1479 851 1592 896 tam
1691 847 1802 894 tem
1823 853 1926 894 nos
1949 837 2007 892 in
2033 836 2330 902 civitatem,
2353 833 2598 890 ascendit
2620 849 2784 906 super
2805 834 3110 905 proximam
3127 850 3288 890 mon-

49 945 239 1002 cclesite
281 957 458 1013 quam
493 943 712 1009 domus,
741 941 851 996 duo
879 939 1070 994 millia.
1108 937 1373 992 Veniente
1407 943 1592 1008 autem
1692 936 1910 990 laneam
1935 943 2060 998 qua:
2087 927 2405 982 imminebat
2448 941 2642 981 omnes
2665 937 2882 982 montes
2913 927 3187 998 quierant
3221 928 3278 982 in

48 1040 175 1093 media
193 1046 374 1103 nocte,
400 1036 645 1091 cessavit
670 1043 869 1090 ventus
922 1042 977 1089 et
997 1030 1196 1089 cecidit
1224 1030 1385 1101 ignis.
1404 1028 1594 1100 Itaque
1693 1019 1928 1078 όέΐουὶιιι
1957 1020 2098 1090 eius.
2125 1035 2248 1090 (ιυω
2272 1019 2452 1074 Stabat
2473 1034 2640 1090 ριόρο
2655 1016 3026 1074 Αηῑίοοὶιὶἕιῐηο
3058 1018 3286 1077 νὶάεηεσ

47 1129 163 1183 fumi
187 1127 514 1182 habitantes
560 1127 617 1180 in
651 1126 898 1192 castello,
945 1125 1091 1180 intra
1119 1123 1397 1179 civitatem
1424 1121 1594 1177 bella.
1693 1129 1800 1186 que
1833 1111 2254 1168 innumerabilia
2283 1111 2539 1178 tentoria,
2567 1111 2919 1166 vehementer
2962 1111 3284 1182 perterritus

46 1233 136 1277 tant
164 1221 453 1276 nobiseum
481 1219 572 1275 die
603 1234 669 1274 ac
692 1228 873 1285 nocte,
903 1217 1052 1288 quod
1081 1217 1218 1272 nihil
1242 1215 1391 1272 aliud
1413 1215 1593 1270 disse-
1694 1206 1942 1263 recessit.
1982 1202 2098 1258 Hoc
2132 1203 2314 1273 itaque
2337 1203 2508 1258 nimio
2535 1211 2820 1274 correptus
2848 1204 3064 1272 timore,
3091 1219 3287 1274 repen-

46 1316 220 1369 ω-ουειι
272 1329 378 1367 nos
429 1310 545 1366 nisi
590 1326 765 1366 arma,
821 1309 1130 1381 Aliquando
1181 1308 1437 1364 aiebam
1466 1321 1594 1364 cum
1694 1306 1748 1352 te
1773 1311 1899 1352 eum
1931 1309 2034 1350 suo
2065 1293 2308 1348 exercitu
2339 1293 2572 1364 turpiter
2609 1291 2803 1364 fugivit
2824 1308 2948 1348 cum
2979 1308 3174 1365 magna
3207 1291 3287 1346 fe-

43 1407 128 1461 illis
164 1413 398 1475 quatuor
421 1401 737 1456 Ammiralii
771 1401 865 1470 qui
898 1407 1054 1456 erant
1099 1415 1294 1455 omnes
1348 1395 1595 1468 cnoperti
1695 1387 2014 1444 stinatione.
2062 1385 2410 1454 Veniensque
2467 1383 2534 1440 ad
2585 1400 2745 1440 suum
2782 1393 3049 1454 castrum,
3087 1399 3286 1455 διερο-

41 1514 160 1563 ωτο²
188 1495 390 1566 aequi
423 1509 624 1550 eorum
661 1493 912 1549 similiter
945 1508 1119 1563 usque
1169 1491 1238 1546 ad
1277 1491 1594 1561 juncturam
1695 1481 2017 1546 liaviteum,
2047 1485 2102 1533 et
2133 1476 2299 1533 celeri
2341 1492 2509 1531 cursu
2555 1484 2701 1531 retro
2751 1475 3126 1548 imprudenter
3174 1477 3279 1532 iter

41 1605 255 1661 genuum.
287 1586 394 1654 Qui
427 1586 744 1641 Ammiralii
773 1584 1152 1641 conducebant
1179 1597 1297 1639 eos.
1337 1579 1596 1636 Videntes
1696 1573 2008 1630 revertitur.

40 1697 113 1734 ioc
143 1679 330 1745 nostri,
379 1677 532 1747 quod
567 1693 677 1732 non
709 1675 1020 1746 potuissent
1049 1674 1142 1728 diu
1177 1673 1310 1743 pati,
1333 1671 1538 1742 quonia

1784 1685 2039 1740 processit
2065 1681 2286 1738 Alexim
2329 1683 2618 1753 imperator
2647 1681 2835 1753 timore
2879 1679 3190 1753 Turcorum,
3234 1691 3286 1736 et

40 1771 106 1842 qui
127 1769 354 1824 habebat
375 1783 585 1838 panem
615 1782 724 1822 non
773 1767 970 1822 licebat
1013 1766 1368 1832 manducare,
1411 1773 1466 1820 et
1497 1763 1593 1835 qui
1630 1818 1668 1842 η
1769 1755 1943 1838 (ξιιὶάο
1969 1755 2180 1826 planxit
2207 1750 2414 1826 plango
2429 1768 2618 1824 magno
2655 1750 3028 1806 Boamundum
3061 1753 3284 1822 fratrem

37 1818 230 1918 liabebat
255 1818 459 1932 aquam
486 1877 601 1916 non
631 1860 826 1916 licebat
857 1859 1231 1921 bibcrc.Tunc
1259 1859 1430 1915 nostri
1452 1818 1595 1913 feee-
1628 1818 1672 1876 Β
1765 1827 1900 1898 eiu"

37 1963 139 2008 runt
167 1931 382 2008 murum
413 1952 567 2006 inter
602 1968 702 2007 nos
730 1961 783 2006 et
813 1961 1189 2016 montaneam,
1219 1959 1274 2006 et
1295 1949 1598 2005 aiditicave-
1767 1939 2067 2011 Postquam
2124 1936 2274 1992 νοηὶῑ
2324 1935 2542 1992 οὒνίδηι
2609 1933 2926 2006 imperatori
2983 1933 3052 1988 ad
3099 1931 3284 2016 ΡῘιίῙβ-

36 2053 138 2096 runt
159 2041 309 2112 quasi
327 2041 624 2097 castellum
652 2051 706 2096 et
727 2042 1107 2107 machinas,ut
1129 2041 1307 2096 securi
1339 2039 1594 2096 fuissent.
1697 2033 1886 2100 mium,
1915 2030 2149 2087 accessit
2181 2029 2246 2084 ad
2283 2045 2408 2083 eum
2439 2036 2668 2095 secrete,
2698 2034 2751 2082 et
2784 2041 3033 2082 seorsum
3073 2011 3288 2081 vocavit

36 2133 130 2186 Alia
151 2147 272 2187 vero
316 2147 450 2202 pars
489 2129 800 2187 Turcorum
831 2133 1106 2202 hospitata
1147 2131 1249 2187 fuit
1289 2131 1436 2187 circa
1464 2130 1598 2186 civi-
1697 2139 1845 2190 eum,
1887 2122 2118 2178 dicens:
2180 2139 2198 2172 ί
2231 2118 2386 2175 δεῖ³³
2437 2135 2627 2174 me”
2678 2118 2940 2189 (ἰυοηίθῐη
2996 2117 3288 2173 Anthemii

39 2237 174 2281 talem
203 2233 254 2280 in
281 2243 388 2281 una
419 2207 573 2282 valle
596 2242 664 2280 ex
695 2225 800 2280 alia
844 2235 1016 2296 parte.
1068 2223 1238 2280 Nocte
1259 2240 1477 2296 quoque
1507 2240 1604 2280 ve...
1698 2223 1856 2285 capta
1899 2223 2004 2282 est,
2034 2222 2089 2268 et
2132 2221 2372 2268 castrum
2408 2210 2632 2265 minime
2682 2209 2862 2265 adhuc
2909 2220 3128 2279 captum
3179 2217 3286 2276 est,

39 2320 189 2374 niente
205 2320 352 2373 venit
375 2319 527 2391 ignis
551 2319 618 2373 dc
642 2318 804 2384 coelo,
829 2319 922 2389 qui
946 2318 1278 2389 apparuitab
1292 2317 1596 2384 occidente,
1699 2307 1986 2378 nostrique
2012 2306 2068 2361 in
2102 2304 2255 2376 gravi
2305 2302 2660 2374 oppressione
2691 2301 2902 2356 obsessi
2948 2309 3097 2368 sunt,
3143 2310 3198 2356 et
3226 2309 3287 2357 ut

38 2421 80 2466 ct
105 2413 282 2467 cecidit
328 2412 475 2467 intra
503 2411 813 2467 Turcorum
839 2412 1132 2467 exercitus.
1181 2408 1336 2466 Unde
1361 2411 1536 2466 multu

1789 2410 1834 2456 to
1871 2417 1904 2456 a
1931 2398 2189 2455 manibus
2221 2396 2527 2453 Turcorum
2549 2394 2665 2466 jam
2699 2393 2967 2450 interfecti
2999 2401 3146 2449 sunt.
3184 2393 3291 2448 Re-

39 2506 188 2560 mirati
221 2516 346 2562 sunt
378 2505 556 2562 Turci
588 2515 640 2563 et
669 2507 864 2564 nostri.
897 2505 1055 2562 Mane
1079 2515 1263 2562 autem
1309 2505 1456 2563 facto
1484 2514 1541 2560 ιΓι

1786 2500 1912 2547 tere
1933 2506 2064 2562 ergo
2091 2500 2239 2546 retro
2281 2505 2447 2561 quam
2483 2489 2646 2544 citius
2677 2497 2853 2560 potes,
2883 2497 2942 2542 ut
2967 2495 3021 2543 et
3044 2487 3144 2558 ipsi
3178 2502 3288 2542 non

42 2597 221 2652 ntefacti
255 2597 420 2654 Turci
480 2598 732 2666 fuerunt,
785 2608 839 2654 et
887 2598 1168 2671 fugiebant
1209 2599 1319 2654 huc
1363 2607 1420 2653 et
1471 2598 1601 2654 illuc
1701 2586 1981 2641 inveniam
2011 2595 2082 2654 ιθ,
2115 2593 2168 2641 ει
2203 2593 2418 2658 gentem
2463 2600 2628 2655 quam
2656 2583 2833 2639 ἀυοίε·
2865 2603 2882 2635 ³
2927 2582 3083 2638 Τυηο
3117 2583 3292 2653 impc-

41 2699 224 2758 μορίοι-
265 2691 407 2761 ignis
459 2691 740 2747 timorem,
787 2690 995 2747 Tamen
1025 2691 1362 2747 obsederunt
1389 2707 1490 2747 nos
1519 2692 1600 2747 ita
1701 2687 1856 2734 rator
1879 2679 2076 2734 timore
2096 2678 2420 2748 perterritus
2444 2677 2585 2732 clam
2617 2676 2830 2732 vocavit
2859 2676 3162 2731 Guidonem
3188 2674 3292 2728 fra-

43 2781 157 2835 circa
182 2781 452 2839 civitatem
479 2784 634 2855 quod
655 2785 839 2840 nullus
857 2793 1178 2840 nostrorum
1204 2784 1439 2842 audebat
1451 2785 1600 2841 exire
1699 2781 1840 2828 trem
1867 2771 2193 2839 Boamundi:
2219 2786 2522 2842 omnesque
2545 2769 2704 2837 θυοδ,
2731 2779 2786 2825 εἰ
2807 2769 2944 2830 dim
2973 2768 3054 2824 eis
3087 2785 3100 2824 τ
3140 2787 3159 2820 ί
3196 2766 3292 2823 δε·

43 2873 278 2928 civitatein
308 2885 404 2930 aut
463 2876 695 2940 intrare,
741 2876 848 2932 nisi
885 2884 1046 2932 nocte
1090 2875 1304 2932 furtim.
1335 2876 1438 2932 'lta
1470 2893 1545 2932 vei

1790 2881 1906 2934 .res,
1929 2865 2062 2936 quid
2089 2863 2289 2919 facturi
2319 2864 2568 2921 erimus?
2602 2863 2742 2919 Ecce
2783 2879 2975 2919 omnes
2998 2861 3172 2918 nostri
3207 2862 3292 2918 di-

46 2981 229 3021 eramus
275 2968 552 3037 oppressi,
585 2978 636 3023 et
661 2969 730 3022 ab
761 2968 871 3024 illis
906 2967 1136 3041 paganis
1167 2968 1242 3024 ita
1271 2969 1507 3036 obsessi,
1547 2977 1602 3024 ει
1702 2959 1892 3015 stricta
1927 2956 2252 3014 obsessione
2287 2957 2532 3027 impediti
2565 2965 2712 3024 sunt,
2751 2965 2806 3011 et
2835 2955 3063 3010 forsitan
3094 2955 3149 3009 in
3187 2955 3292 3009 hac

46 3066 212 3112 sancta:
238 3057 678 3116 Christianitatis
707 3060 969 3127 inimicis,
995 3061 1090 3131 qui
1115 3060 1339 3118 fuerunt
1365 3078 1599 3119 numero
1703 3053 1839 3108 hom
1868 3067 2063 3108 omnes
2092 3067 2124 3106 a
2157 3049 2465 3105 Turcorum
2507 3049 2762 3104 manibus
2797 3047 2965 3104 occisi
3013 3056 3144 3104 sunt
3196 3055 3294 3102 aut

51 3151 235 3205 trecenti
266 3154 553 3224 sexaginta
592 3153 835 3224 quinque
881 3154 1076 3222 millia,
1108 3164 1338 3227 excepto
1382 3156 1597 3212 Ammi-
1626 3169 1668 3226 α
1701 3144 1756 3199 in
1787 3143 2100 3214 captivitate
2119 3141 2289 3209 ducti,
2321 3141 2464 3197 sicut
2497 3141 2600 3196 iste
2623 3139 2812 3195 infelix
2853 3155 3041 3194 comes
3085 3138 3292 3208 impru-

49 3241 698 3317 raliallierosolymitano,
745 3247 840 3318 qui
896 3246 998 3302 fuit
1046 3264 1170 3303 cum
1216 3249 1297 3305 eis
1326 3265 1452 3305 eum
1501 3268 1551 3307 St

1794 3246 1891 3296 iter
1937 3235 2157 3309 fugiens
2185 3245 2392 3292 narrat.
2433 3233 2491 3290 Si
2537 3250 2671 3290 vero
2723 3233 2908 3301 vultis,
2955 3242 3296 3289 revertamur

54 3345 195 3398 gente.
218 3335 326 3391 Rex
349 3333 578 3408 quoque
601 3339 749 3393 venit
781 3339 1035 3395 similiter
1061 3341 1128 3396 de
1148 3340 1317 3412 Aleph
1360 3342 1556 3398 civitati

1789 3346 1850 3385 ro
1877 3330 2041 3386 celeri
2075 3345 2266 3396 cursu,
2296 3337 2436 3384 utet
2470 3343 2570 3383 nos
2598 3342 2708 3381 non
2746 3326 3050 3380 moriamur
3098 3340 3291 3395 repen-

55 3424 126 3480 Isti
148 3445 261 3484 vero
289 3431 508 3501 profani
535 3433 742 3488 inimici
773 3432 870 3489 Dei
900 3434 976 3489 ita
1004 3435 1265 3490 tenebant
1295 3453 1395 3492 nos
1419 3437 1557 3494 inelu

1785 3439 1818 3478 a
1867 3431 2067 3490 morte,
2121 3420 2587 3493 quemadmodum
2636 3427 2690 3474 et
2747 3418 2822 3473 illi
2853 3417 3055 3472 mortui
3091 3425 3238 3472 sunt.
3267 3434 3285 3469 ι

56 3532 124 3570 sos
149 3517 196 3573 in
221 3521 493 3579 civitatem
533 3523 856 3592 Antiochiae,
880 3525 1028 3596 quod
1055 3526 1211 3580 multi
1256 3527 1457 3581 mortui
1483 3527 1558 3584 fut

1794 3529 1954 3586 mque
2001 3514 2180 3570 Guido
2226 3512 2652 3571 honestissimus
2683 3511 2842 3566 miles
2872 3511 2990 3566 haec
3036 3509 3162 3564 talia
3201 3525 3296 3562 au-

55 3618 155 3663 rztltl
180 3610 327 3682 fame,
358 3616 628 3688 quoniam
659 3633 864 3688 parvus
889 3618 1048 3688 panis
1097 3619 1433 3675 vendebatur
1490 3638 1557 3676 un

1793 3615 1878 3663 set
1899 3605 2140 3673 fallacia,
2167 3605 2351 3661 statim
2381 3620 2506 3659 cum
2539 3602 2661 3658 aliis
2687 3601 2945 3658 omnibus
2987 3601 3150 3671 erepit
3177 3601 3295 3670 plo-

54 3698 262 3769 bysantio
283 3721 469 3764 aureo.
526 3708 604 3764 De
629 3709 756 3765 νίηο
785 3726 894 3766 non
923 3711 1142 3782 loquar,
1175 3720 1234 3766 ιιι
1256 3727 1421 3782 quem
1448 3729 1602 3783 gms.
1701 3713 1848 3765 rare,
1875 3705 1929 3753 et
1949 3697 2161 3752 ululare
2188 3694 2670 3751 vehementissimo
2697 3693 2940 3765 planctu,
2957 3702 3010 3748 et
3031 3709 3138 3747 una
3161 3707 3296 3747 voce

55 3807 164 3861 scin,
192 3797 238 3852 id
259 3809 338 3854 est
371 3817 483 3856 non
511 3801 723 3856 vinum.
752 3800 931 3858 Unam
963 3804 1224 3875 gallinam
1259 3820 1328 3858 xv
1371 3805 1598 3873 solidus,
1701 3791 1956 3846 dicebam
1997 3808 2010 3843 ε
2066 3808 2084 3841 ί
2112 3786 2156 3844 Ο
2187 3787 2331 3844 Deus
2357 3803 2543 3854 "eius.
2583 3787 2780 3854 "inus,
2813 3795 2867 3841 οἱ
2899 3802 3064 3854 unus:
3105 3801 3295 3856 (ιυιιηι-

56 3899 193 3940 unum
217 3889 371 3946 ovum
391 3892 615 3949 duobus
636 3893 853 3961 solidis,
881 3911 1047 3950 unam
1079 3912 1274 3952 nucem
1302 3901 1412 3953 υηό
1433 3895 1601 3952 dena-
1703 3884 1888 3940 obrem
1918 3883 2034 3939 hate
2060 3880 2180 3938 ﬁeri
2227 3880 2559 3952 permisisti?
2594 3879 2706 3934 Cur
2753 3880 3016 3950 populum
3053 3895 3293 3949 sequen-

57 3977 136 4042 rio,
164 3988 262 4038 tres
284 3982 432 4041 lavas
461 3986 552 4041 vel
585 3995 824 4057 quatuor
845 4003 1014 4042 unum
1041 3989 1350 4055 denarium,
1376 4005 1600 4060 parvam
1701 3985 1810 4032 tem
1839 3985 1894 4031 te
1919 3976 1973 4030 in
2009 3974 2264 4031 manibus
2292 3972 2641 4027 inimicorum
2675 3971 2915 4028 incidere
2955 3969 3296 4042 permisisti?

59 4081 266 4137 capream
293 4089 357 4129 ιι
384 4077 596 4132 solidos
625 4084 679 4132 et
701 4093 756 4132 ix
778 4077 1136 4145 denarios,et
1155 4079 1399 4151 linguam
1435 4081 1601 4136 unius
1701 4078 1755 4125 et
1788 4070 1931 4124 viam
1961 4069 2042 4124 tui
2087 4066 2324 4133 itineris,
2353 4067 2542 4138 tuique
2577 4066 2753 4142 sancti
2780 4065 3016 4139 sepulcri
3047 4067 3292 4124 liberan-

59 4163 234 4230 cameli,
260 4183 376 4237 qua}
397 4178 485 4225 est
509 4185 698 4240 parva,
742 4187 794 4225 ιν
837 4169 997 4226 solid.
1042 4169 1280 4228 Carnem
1329 4188 1600 4242 equm-um
1701 4169 1809 4218 tem
1842 4171 1953 4217 tam
1977 4161 2086 4218 cito
2109 4160 2248 4215 mori
2283 4159 2644 4216 concessisti?
2667 4159 2939 4229 Profecto,
2965 4161 3012 4216 si
3051 4161 3154 4217 hoc
3200 4178 3310 4218 ve-~

59 4261 100 4304 et
133 4256 386 4315 asinorum
412 4261 826 4317 manducabant
854 4271 911 4318 et
939 4263 1270 4319 vendebant.
1311 4263 1464 4320 Folia
1489 4265 1561 4322 tici

1789 4271 1826 4310 n
1851 4262 1954 4322 est,
1993 4253 2139 4325 quod
2172 4268 2274 4308 nos
2315 4254 2386 4308 ab
2408 4253 2530 4310 istis
2575 4253 2930 4326 aequissimis
2959 4255 3291 4324 audivimus,

62 4342 182 4413 vitis,
205 4356 254 4402 et
280 4349 896 4425 arborum,'coquebant
939 4355 994 4409 in
1026 4371 1190 4427 aqua,
1217 4364 1272 4412 et
1298 4358 1603 4413 mammca.‘
1701 4347 1862 4402 nobis
1887 4345 2270 4412 referentibus,
2298 4361 2400 4401 nos
2429 4354 2483 4402 et
2504 4346 2595 4400 alii
2621 4343 2920 4410 Christiani
2949 4349 3294 4420 derelinque—

61 4430 182 4490 bant.
209 4438 304 4495 Alii
340 4445 490 4500 coria
511 4461 781 4517 equorum
816 4455 872 4503 et
921 4449 1228 4516 asinorum,
1263 4457 1318 4504 et
1361 4449 1601 4504 camelo-
1701 4459 1826 4500 mus
1855 4453 1930 4512 te,
1965 4459 2066 4499 nec
2091 4452 2144 4499 te
2171 4443 2409 4514 amplius
2437 4445 2948 4515 rememorabimur,
2973 4455 3028 4503 et
3061 4464 3202 4504 unus
3224 4464 3291 4504 ex

66 4538 162 4581 rum
186 4541 233 4586 et
253 4533 430 4605 boum,
463 4538 578 4594 sive
615 4539 950 4607 hufalorum,
1001 4541 1148 4596 sicca
1171 4556 1268 4597 sex
1309 4557 1484 4597 annos
1507 4541 1594 4598 vel
1625 4524 1674 4585 ί)
1700 4537 1860 4593 nobis
1879 4553 1991 4592 non
2023 4537 2247 4594 audebit
2287 4537 2516 4593 ulterius
2547 4554 2744 4594 nomen
2779 4548 2930 4595 tuum
2955 4541 3231 4596 invocare.
3265 4562 3286 4595 ι

65 4618 266 4716 (liliaque
292 4629 577 4685 mittebant
605 4631 660 4686 in
689 4649 830 4703 aqua
876 4634 1089 4689 duabus
1119 4630 1376 4690 noctibus
1404 4642 1460 4690 et
1485 4636 1598 4691 uno
1702 4631 1770 4688 Et
1797 4631 1900 4687 fuit
1929 4632 2020 4688 hic
2047 4647 2231 4688 sermo
2257 4632 2650 4689 mmstissimus
2671 4635 2826 4690 valde
2847 4635 2901 4691 in
2933 4644 3044 4691 tota
3075 4636 3289 4704 militia,

66 4703 134 4760 die
170 4712 544 4787 obtemperare,
594 4728 784 4790 postea
828 4721 1208 4792 decoquebant
1255 4731 1311 4778 et
1359 4724 1597 4780 mandu-
1701 4725 1775 4781 ita
1821 4725 1968 4795 quod
2017 4725 2202 4780 nullus
2237 4736 2553 4781 nostrorum
2590 4727 2844 4794 audebat,
2897 4744 3074 4798 neque
3106 4703 3290 4784 archié

67 4800 242 4860 cabant.
271 4807 402 4866 istas
437 4814 743 4870 anxietates
772 4823 827 4868 et
875 4816 1077 4872 multas
1115 4817 1421 4888 angustias,
1457 4832 1600 4888 quas
1700 4818 2010 4889 episcopus,
2064 4832 2244 4887 neque
2285 4817 2598 4888 episcopus,
2633 4833 2810 4887 neque
2861 4817 3051 4885 abbas,
3106 4833 3289 4889 neque

71 4895 309 4956 nominare
333 4920 560 4976 nequeo,
594 4908 742 4978 passi
765 4906 973 4964 fuimus
998 4924 1097 4979 pro
1121 4908 1326 4966 Christi
1352 4910 1596 4978 nomine,
1639 4955 1645 4960 .
1703 4909 2006 4980 presbyter,
2061 4921 2240 4976 neque
2294 4907 2548 4974 clericus,
2601 4922 2778 4977 neque
2841 4907 3074 4976 quisque
3119 4907 3293 4965 laicus

71 4990 210 5074 είιπο
235 4997 396 5051 sancti
429 4999 669 5069 sepulcri
697 5000 786 5055 via
811 5000 1111 5056 liberanda.
1141 5000 1302 5057 Tales
1345 5016 1478 5074 ergo
1501 5001 1601 5056 tri—
1702 4999 1906 5055 Christi
1937 4999 2191 5052 invocare
2217 5014 2415 5053 nomen
2449 5013 2546 5069 per
2567 4999 2752 5068 plures
2786 4999 2922 5054 dies.
2976 4997 3149 5054 Nemo
3195 5017 3292 5071 po.-

73 5072 351 5178 Eulanoncs,
379 5099 433 5146 et
454 5091 628 5149 fames
653 5101 820 5163 atque
845 5093 1093 5162 timores,
1123 5095 1274 5165 passi
1301 5072 1433 5152 sunt
1453 5097 1600 5152 servi
1704 5101 1844 5150 terat
1868 5092 2144 5148 consolari
2175 5091 2478 5146 Guidonem
2509 5091 2838 5161 plorantem,
2869 5100 2922 5147 et
2943 5093 3291 5163 plaudentem

75 5160 148 5220 Dei
167 5186 249 5239 Per
269 5177 450 5250 viginti
473 5199 565 5238 sex
589 5184 728 5240 dies.
1703 5185 1978 5252 manibus,
2010 5199 2251 5253 suosque
2287 5182 2626 5256 frangentem
2653 5184 2876 5255 digitos,
2899 5193 2954 5241 et
2975 5185 3246 5242 dicentem
3272 5206 3287 5239 -.

132 5257 218 5318 Hic
242 5274 431 5328 recessit
457 5292 626 5331 comes
650 5273 951 5346 Stephanus
981 5293 1102 5331 cum
1141 5294 1238 5333 suo
1267 5279 1526 5335 exercitu.
1709 5299 1729 5332 ο
1765 5277 1882 5334 Heu
1912 5278 2029 5334 me!
2059 5275 2396 5343 Boamunde,
2426 5276 2602 5332 honor
2629 5286 2683 5334 et
2716 5277 2886 5334 decus
2925 5279 3094 5335 totius
3137 5297 3293 5336 mun-

131 5349 409 5453 lomPfUdens
434 5367 614 5439 itaque
639 5367 951 5440 Stephanus
995 5369 1354 5428 Carnotensis
1393 5387 1601 5441 comes,
1702 5371 1778 5437 di,
1809 5385 1972 5441 quem
2021 5368 2315 5424 universus
2358 5369 2507 5425 orbis
2553 5369 2797 5438 timebat,
2848 5380 3011 5444 atque
3048 5373 3287 5428 amabat.

81 5452 153 5534 Ψ
174 5459 440 5526 eratcaput
465 5471 737 5528 nostrum,
762 5477 926 5532 quem
949 5478 1140 5520 omnes
1165 5464 1403 5534 majores
1424 5464 1601 5520 nostri
1702 5463 1819 5518 Heu
1851 5479 1940 5518 me
1979 5461 2235 5516 tristem!
2289 5476 2400 5515 non
2444 5463 2620 5518 merui
2668 5462 2861 5520 dolens
2913 5473 3062 5520 tuam
3106 5466 3292 5522 videre

81 5531 324 5627 (ξιθςεηηι,
368 5560 426 5606 ut
467 5563 612 5610 esset
652 5563 968 5611 nostrorum
994 5557 1207 5625 ductor,
1252 5557 1494 5612 maxima
1543 5572 1604 5613 se
1701 5552 2130 5610 honestissiman
2178 5551 2438 5622 speciem,
2467 5553 2562 5622 qui
2608 5554 2815 5610 nullam
2839 5547 3028 5627 'magis
3064 5572 3178 5610 rem
3207 5555 3292 5610 vi-

86 5621 254 5720 ξηεειιε
291 5637 505 5712 deprimi
555 5647 890 5715 inﬁrmitate,
929 5621 1252 5720 priusquam
1307 5649 1602 5706 Antiochia
1699 5648 1830 5704 dere
1857 5621 2262 5702 desiderabam.
2294 5643 2431 5712 Quis
2455 5621 2591 5702 mihi
2624 5647 2715 5703 det
2742 5656 2802 5703 ut
2835 5621 3169 5720 ego'moriar
3188 5661 3293 5718 pro

89 5712 198 5775 Ῑοτθῑ
219 5741 377 5801 capta,
402 5740 624 5810 turpiter
653 5740 882 5795 recessit
906 5741 958 5795 in
984 5712 1130 5796 aliud
1157 5751 1422 5809 castrum,
1453 5741 1602 5813 quod
1699 5747 1774 5804 te,
1804 5734 2119 5792 dulcissime
2139 5735 2316 5790 amice
2339 5744 2394 5790 et
2421 5736 2673 5792 domine?
2694 5736 2805 5793 Cur
2825 5712 2897 5792 εξ
2915 5747 3069 5793 utero
3098 5753 3148 5790 nt
3165 5712 3291 5792 tiris

92 5819 272 5874 “tam
289 5823 646 5890 Alexandrina.
683 5830 798 5890 Nos
825 5832 1010 5906 itaque
1041 5833 1285 5907 quotidie
1315 5833 1600 5906 ptmstola-
1699 5828 1890 5888 exiens
1927 5840 2081 5893 meae,
2108 5841 2216 5882 non
2246 5827 2431 5884 statim
2468 5838 2720 5886 mortuus
2754 5826 2867 5883 fui?
2896 5828 3008 5885 Cur
3047 5827 3113 5884 ad
3144 5827 3288 5884 hanc
