3846 6306
542 304 650 368 799

1115 311 1211 367 AD
1251 311 1702 370 GODEFRIDUM
1740 310 2015 368 APPEND.
2072 309 2142 370 ll.
2177 337 2248 351 --
2287 310 2565 369 MONUM.
2605 309 2696 366 DE
2731 308 2957 368 BELLO
2992 309 3237 368 SACBO.

3675 316 3745 379 δυο

530 410 821 505 lugubrem
851 428 995 485 diem
1041 429 1314 499 perveni?
1358 427 1472 485 Cur
1514 445 1624 484 non
1667 437 1895 484 necatus
1943 426 2022 482 liii
2070 422 2127 482 in
2158 430 2205 496 Α
2231 435 2382 484 terra
2428 426 2522 483 Dei
2572 437 2627 483 et
2669 424 3138 494 Christianorum,
3170 441 3339 498 quam
3390 425 3571 482 beatus
3608 426 3744 489 Petrus

528 520 728 576 mare?
755 520 869 576 Cur
894 537 961 576 ex
1010 536 1153 593 equo
1196 534 1307 575 non
1355 520 1528 576 cecidi
1572 517 1749 576 fracto
1776 520 1939 588 collo,
1981 520 2128 576 reei-
2230 519 2516 590 apostolus
2534 517 2868 590 jamdudum
2900 518 3237 590 praedicavit,
3279 525 3335 573 et
3360 517 3426 573 ad
3466 516 3745 580 Christicol-

528 615 688 687 piens
731 616 1077 686 repentinum
1125 616 1450 671 interitum?
1488 613 1711 671 Utinam
1748 624 1929 672 tecum
1975 630 2127 672 rece-
2226 614 2736 681 turam'rev‘ocavit,
2778 622 2837 670 et
2878 614 3009 669 inde
3047 613 3262 685 primus
3283 612 3568 684 episcopus
3603 615 3747 676 electus

526 708 734 780 pissem
787 709 917 765 felix
969 709 1313 780 martyrium,
1356 715 1411 763 et
1438 721 1717 763 cernerem
1763 717 1818 764 te
1853 709 2125 779 recepisse
2222 706 2348 763 fuit.
2388 706 2550 774 Quod
2576 704 2624 762 si
2663 705 2934 773 feceritis,
2965 706 3289 776 permittunt
3327 704 3603 761 vobiscum
3631 707 3747 763 dedu-

526 801 989 871 gloriosissimum
1016 800 1208 855 linem!
1245 818 1265 852 ι
1312 798 1563 870 Cumque
1603 814 1796 856 omnes
1842 802 2120 858 occurris-

524 901 652 950 sent
692 893 783 949 ad.
805 908 954 960 eum,
980 901 1051 949 vet
1098 892 1517 948 consolarentur
1543 908 1693 960 eum,
1722 902 1782 948 ut
1807 892 1921 964 jam
1953 895 2115 949 tinem

522 983 679 1039 daret
705 983 945 1055 planetui
964 1026 978 1050 ,
1013 998 1269 1039 reversus
1296 990 1382 1038 est
1408 982 1464 1037 in
1488 998 1569 1050 se,
1593 992 1648 1040 et
1672 983 1811 1039 dixit
1836 1002 1850 1038 :
1885 1004 1905 1036 ι
1940 983 2121 1042 Forsi-

520 1084 615 1131 tan
646 1076 869 1133 creditis
890 1076 1018 1132 huic
1045 1076 1326 1132 semieano
1350 1076 1684 1148 imprudenti
1727 1077 1931 1134 militi?
1960 1077 2116 1135 Nun-

518 1184 686 1238 quam
712 1184 839 1224 vere
866 1170 1051 1226 audivi
1075 1170 1142 1226 de
1164 1171 1361 1227 militia
1399 1170 1580 1242 aliqua
1607 1171 1779 1242 loqui,
1828 1187 1993 1244 quam
2035 1172 2116 1230 is-

515 1258 640 1327 dem
676 1258 915 1317 fecisset.
965 1260 1074 1317 Sed
1100 1263 1335 1334 turpiter
1362 1272 1417 1318 et
1442 1261 1732 1319 inhoneste
1758 1264 1987 1332 recedit,
2012 1263 2116 1321 sic-

515 1359 578 1406 ut
604 1352 980 1421 nequissimus
999 1364 1053 1411 et
1077 1352 1290 1422 infelix,
1311 1363 1364 1410 et
1393 1355 1659 1425 quidquid
1682 1355 1852 1412 miser
1874 1356 2110 1422 nuntiat,

515 1443 705 1500 scfatis
744 1456 842 1515 per
868 1447 1055 1501 omnia
1091 1444 1289 1502 falsum
1330 1463 1472 1503 esse.
1506 1467 1525 1500 ι
1566 1446 1775 1504 Interea
1812 1449 1981 1520 jussit
2015 1450 2113 1505 im-

513 1550 583 1606 po
613 1547 736 1592 ator
763 1538 882 1593 suis
908 1538 1245 1606 hominibus,
1284 1538 1512 1595 dicens:
1548 1559 1566 1591 ι
1601 1538 1695 1605 ite,
1726 1547 1781 1595 et
1822 1539 2112 1597 conducite

514 1640 710 1684 omnes
741 1618 995 1686 homines
1016 1630 1177 1687 istius
1206 1640 1365 1687 terrae
1387 1631 1442 1686 in
1471 1630 1814 1703 Burgariam,
1841 1641 1898 1689 et
1921 1634 2111 1705 explo-

512 1728 652 1787 rate,
679 1731 734 1777 et
772 1722 1053 1779 devastate
1096 1724 1352 1779 universa
1399 1724 1540 1791 loca,
1593 1739 1662 1780 ne
1702 1739 1831 1780 cum
1861 1726 2110 1781 venerint

514 1807 683 1866 Turci
706 1812 910 1883 aliquid
930 1814 1142 1884 possint
1167 1816 1254 1871 hic
1282 1814 1541 1888 reperire.
1576 1834 1595 1868 ι
1626 1814 1886 1872 Veientes
1915 1818 2107 1874 nolen-

513 1911 707 1975 tesque
755 1906 929 1961 nostri
981 1908 1186 1964 reversi
1228 1918 1358 1964 sunt
1410 1916 1738 1976 retrorsum,
1769 1909 2017 1967 dolentes
2050 1919 2107 1967 et

513 2006 810 2055 maerentes
835 2000 1183 2057 amarissime
1212 2016 1389 2072 usque
1433 2000 1503 2057 ad
1536 2009 1791 2057 mortem.
1827 2000 2103 2060 Fuerunt-

510 2105 619 2162 que
648 2093 850 2149 mortui
879 2094 1037 2149 multi
1068 2109 1132 2149 ex
1162 2093 1488 2165 peregrinis,
1516 2095 1611 2167 qui
1638 2104 1796 2152 erant
1832 2095 2102 2168 languen-

508 2188 595 2236 tes
622 2180 678 2236 in
713 2183 882 2239 nimia
918 2185 1263 2258 aegritudine.
1294 2184 1512 2257 Quique
1555 2184 1769 2243 fortiter
1811 2202 1925 2243 non
1961 2203 2103 2260 prte-

508 2272 767 2331 valebant
793 2276 1048 2333 militiam
1096 2279 1275 2349 sequi,
1316 2279 1673 2337 remanebant
1711 2281 2009 2338 morientes
2043 2280 2101 2337 in

507 2365 622 2434 via,
652 2375 707 2423 et
729 2383 925 2427 omnes
950 2371 1047 2427 alii
1078 2372 1285 2429 reversi
1327 2381 1458 2428 sunt
1485 2372 2043 2447 Constantinopolim.

506 2476 782 2545 Quomodo
832 2483 937 2554 fuit
983 2485 1168 2541 lancea
1214 2484 1435 2569 llomini
1478 2486 1607 2543 Iesu
1643 2487 1848 2545 Christi
1886 2491 2099 2548 inventa

1170 2573 1422 2628 primum.

574 2642 745 2715 Igitur
780 2661 884 2702 nos
933 2646 1076 2703 infra
1120 2649 1395 2704 civitatem
1441 2650 1670 2717 detenti,
1712 2650 1860 2708 venit
1895 2652 2093 2711 Petrus

500 2734 937 2796 Bartholomaaus
962 2739 1029 2795 ad
1077 2741 1330 2798 comitem
1365 2742 1553 2799 Sancti
1593 2742 1819 2815 Aigidii,
1851 2755 1905 2802 et
1951 2747 2092 2803 dixit

500 2825 552 2881 ei
582 2836 642 2882 ut
680 2840 931 2901 pergeret
972 2832 1040 2887 ad
1071 2832 1358 2889 ecclesiam
1409 2833 1595 2891 Sancti
1641 2834 1807 2904 Petri,
1836 2839 1927 2894 ubi
1971 2848 2091 2897 erat

499 2916 691 2973 lancea
718 2922 1020 2978 recondita.
1052 2922 1145 2979 Ille
1185 2925 1416 2981 audiens
1448 2926 1586 2993 haec,
1612 2942 1739 2983 cum
1768 2943 1967 3000 magna
1994 2930 2089 2986 lae-

498 3008 621 3065 titia
662 3012 811 3069 venit
850 3014 917 3069 ad
968 3016 1277 3073 ecclesiam.
1311 3016 1376 3072 Et
1401 3018 1489 3074 ille
1522 3017 1719 3076 Petrus
1762 3022 2002 3078 ostendit
2033 3022 2085 3079 ei

428 3174 447 3189 υ
499 3099 682 3157 locum
711 3113 839 3160 ante
856 3106 1056 3175 januas
1078 3108 1231 3163 chori
1277 3108 1333 3169 in
1376 3109 1598 3165 dextera
1630 3119 1803 3182 parte.
1834 3110 1903 3167 Et
1942 3111 2089 3182 fpde-
2113 3145 2159 3208 ο

499 3202 632 3248 runt
660 3194 731 3250 ibi
765 3198 1022 3253 tredecim
1045 3198 1299 3257 homines
1325 3201 1392 3256 de
1414 3217 1575 3258 mane
1600 3218 1778 3274 usque
1797 3204 1865 3259 ad
1893 3221 2087 3278 vespe-

496 3301 637 3343 ram.
663 3278 829 3346 Facta
858 3301 1039 3348 autem
1062 3294 1229 3350 nimis
1250 3293 1521 3366 profunda
1553 3294 1731 3363 fovea,
1755 3297 1872 3368 ipse
1893 3296 2089 3360 Petrus

452 3438 455 3441 .
498 3379 709 3438 invenit
759 3383 1011 3441 lanceam
1034 3385 1167 3443 Jesu
1204 3387 1432 3456 Christi,
1466 3389 1612 3446 sicut
1652 3389 1847 3447 beatus
1886 3392 1935 3447 ei
1974 3391 2089 3448 An-

496 3470 660 3528 dreas
682 3473 1037 3543 indicaverat,
1062 3486 1260 3548 quarto
1285 3478 1499 3535 decimo
1519 3478 1607 3536 die
1634 3479 1871 3537 intrante
1898 3479 2083 3539 Iunio.

495 3560 563 3617 Et
588 3575 921 3636 acceperunt
959 3567 1106 3623 illam
1140 3585 1265 3624 cum
1303 3585 1503 3642 magno
1550 3571 1771 3642 gaudio,
1810 3568 1881 3627 Te
1917 3570 2087 3629 Deum

491 3654 776 3713 laudamus
807 3659 1121 3729 psallentes,
1150 3660 1461 3718 detulerunt
1478 3662 1763 3720 laudantes
1787 3664 1859 3720 ad
1876 3665 2082 3735 altare;

493 3748 637 3805 unde
670 3750 912 3808 maxima
939 3752 1124 3809 laetitia
1147 3754 1202 3808 in
1230 3762 1346 3809 tota
1384 3755 1519 3810 urbe
1545 3755 1666 3812 fuit.
1700 3752 1828 3813 Haec
1855 3756 2086 3819 audiens

490 3846 768 3903 exercitus
795 3845 1159 3917 Francorum,
1196 3865 1321 3904 cum
1346 3865 1548 3921 magno
1571 3851 1773 3922 gaudio
1810 3851 1880 3908 ad
1908 3852 2086 3908 eccle-

492 3935 632 3990 siam
658 3935 842 3994 Sancti
858 3936 1004 3997 Petri
1024 3947 1308 4007 venerunt,
1335 3940 1517 3997 videre
1539 3941 1786 3999 lanceam
1812 3960 1825 3999 :
1849 3951 1904 3998 et
1923 3940 2085 3998 simi-

493 4024 619 4081 liter
655 4026 851 4093 Graaci,
873 4038 929 4085 et
952 4028 1587 4101 Hermenii,‘etSuriani,
1617 4041 1902 4090 cantantes
1915 4032 1968 4087 K
1970 4034 2084 4105 gris

487 4118 709 4188 cleison,
738 4122 1059 4192 et.dieentes
1093 4144 1106 4180 :
1148 4123 1290 4179 Κᾶιο
1320 4123 1881 4182 Franci...............
1918 4125 2080 4183 Chri-

487 4221 570 4266 sto
597 4228 616 4267 :
654 4217 758 4272 hoc
791 4225 896 4285 est,
928 4217 1056 4273 boni
1080 4227 1211 4274 sunt
1229 4216 1451 4287 Franci,
1478 4218 1574 4291 qui
1608 4218 1812 4275 habent
1830 4218 2078 4275 lanceam

432 4367 443 4376 ,
487 4302 714 4362 Christi.

597 4392 703 4451 Hic
735 4400 991 4454 miserunt
1018 4398 1317 4455 Christiani
1347 4400 1562 4455 nuntios
1583 4398 1656 4453 ad
1682 4399 1971 4457 Corbalan.

2221 813 2346 856 cere
2376 799 2563 855 omnia
2592 806 2803 866 vestra,
2841 798 3051 855 scilicet
3072 813 3267 868 equos,
3301 804 3358 852 et
3388 796 3584 865 mulos,
3611 808 3653 853 et
3672 804 3746 856 asi-

2219 907 2346 960 nos,
2371 901 2428 949 et
2446 892 2708 960 camelos,
2733 906 2868 947 oves
2888 906 3110 962 quoque
3132 900 3189 946 et
3212 890 3401 957 boves,
3426 898 3481 945 et
3501 891 3658 946 omnia
3678 894 3746 949 alia

2218 990 2563 1040 ornamenta.
2594 1001 2614 1036 ο
2646 980 2806 1038 Tunc
2850 980 3135 1038 Curbalan
3162 981 3421 1052 princeps
3461 980 3647 1037 militiae
3667 983 3747 1040 Sol-

2217 1070 2348 1127 dani
2370 1070 2593 1140 Persian,
2624 1087 2751 1128 cum
2798 1071 3063 1128 omnibus
3096 1070 3401 1139 Amiraliis,
3424 1070 3567 1143 pleni
3600 1075 3746 1132 tumida

2214 1163 2497 1234 superbia,
2530 1163 2701 1220 feroci
2730 1163 3142 1235 responderunt
3175 1178 3433 1221 sermone
3457 1182 3471 1218 :
3495 1182 3516 1216 ι
3540 1162 3746 1231 Quoniam

2215 1255 2419 1326 quippe
2464 1255 2637 1312 Deum
2672 1265 2916 1313 vestrum
2964 1265 3022 1312 et
3061 1265 3303 1312 vestram
3349 1254 3745 1315 Christianitatem

2215 1360 2317 1403 nec
2338 1354 2617 1417 optamus,
2640 1363 2742 1405 nec
2768 1348 3049 1415 volumus,
3071 1362 3281 1423 vosque
3306 1361 3435 1407 cum
3457 1346 3562 1402 illis
3581 1351 3747 1406 omnino

2212 1448 2557 1509 respnentes,
2587 1438 2695 1494 huc
2724 1455 2900 1510 usque
2925 1439 3043 1511 jam
3066 1440 3343 1507 venimus,
3376 1453 3445 1494 eo
3481 1439 3613 1510 quod
3634 1443 3745 1497 valde

2212 1528 2482 1586 miramur
2513 1531 2871 1602 quamobrem
2924 1531 3165 1603 majores
3189 1539 3248 1589 et
3273 1529 3542 1598 seniores,
3563 1532 3659 1588 sive
3675 1538 3747 1589 mi-

2212 1634 2378 1678 nores
2423 1622 2612 1691 vestri,
2657 1638 2825 1693 quam
2872 1637 2967 1681 vos
3012 1623 3333 1680 memoratis
3364 1631 3590 1693 terram,
3623 1641 3745 1696 quam

2213 1712 2544 1771 abstulimus
2569 1730 2742 1787 prepe
2776 1715 3016 1771 maxima
3048 1716 3248 1773 virtute
3273 1716 3593 1774 eﬂ‘eminatis
3618 1721 3747 1789 genti-

2140 1782 2185 1845 Β
2212 1807 2337 1875 bus,
2384 1816 2440 1864 et
2474 1808 2550 1865 illi
2570 1782 2778 1866 dicant
2815 1825 2939 1867 esse
2994 1826 3174 1867 suam.
3235 1809 3415 1866 Vultis
3469 1825 3589 1882 ergo
3619 1782 3745 1879 scire,

2207 1898 2340 1970 quid
2362 1900 2520 1956 vobis
2533 1901 2815 1959 dicemus?
2836 1900 3190 1959 Revertimini
3210 1903 3750 1974 quantocius,etdicitc

2206 1988 2406 2045 vestris
2458 1989 2791 2058 senioribus,
2840 1989 2973 2062 quia
3021 1992 3069 2047 si
3126 2007 3225 2063 per
3259 1993 3446 2048 omnia
3493 1992 3749 2050 (adiciuntur

2206 2078 2393 2148 Turci,
2427 2090 2483 2137 et
2510 2081 2682 2139 Deum
2714 2093 2980 2153 vestrum,
3016 2100 3182 2155 quem
3226 2102 3323 2143 vos
3363 2087 3550 2142 inclini
3585 2089 3747 2158 colitis,

2204 2172 2478 2246 abnegare
2507 2175 2804 2245 voluerint,
2837 2192 2942 2234 nos
2972 2178 3082 2234 illis
3111 2178 3256 2236 hanc
3282 2189 3339 2235 et
3368 2180 3503 2237 satis
3538 2181 3647 2252 plus
3678 2182 3749 2237 da-

2202 2265 2386 2323 bimus
2416 2276 2644 2337 terram,
2674 2279 2729 2327 et
2758 2270 3031 2340 civitates,
3057 2280 3114 2328 et
3141 2271 3392 2340 castella,
3416 2282 3471 2329 et
3501 2290 3696 2342 uxores,
3712 2286 3753 2330 et

2202 2358 2472 2417 maximas
2499 2360 2876 2429 hereditates;
2900 2362 3082 2419 adhuc
3104 2371 3288 2418 autem
3319 2363 3465 2434 quod
3496 2379 3644 2419 nemo
3680 2381 3751 2420 ve-

2201 2460 2443 2510 strorum
2478 2455 2789 2511 remanebit
2813 2456 3000 2525 pedes,
3033 2456 3128 2512 sed
3153 2466 3319 2513 erunt
3348 2472 3538 2513 omnes
3563 2457 3751 2523 milites,

2199 2545 2345 2604 sicut
2369 2554 2426 2605 et
2459 2562 2562 2604 nos
2596 2563 2811 2617 sumus,
2843 2557 2898 2604 et
2946 2548 3276 2606 habebimus
3330 2564 3429 2606 eos
3468 2564 3667 2621 semper
3703 2550 3745 2602 in

2200 2654 2400 2712 magna
2443 2639 2706 2697 amicitia.
2745 2638 2844 2697 Sin
2890 2650 3100 2709 autem,
3154 2641 3339 2698 sciant
3374 2629 3434 2698 se
3467 2656 3562 2712 per
3600 2640 3752 2697 omnia

2199 2732 2488 2803 capitalem
2518 2733 2706 2789 subire
2731 2733 3084 2802 sententiam,
3114 2742 3212 2789 aut
3236 2733 3433 2788 deduci
3469 2733 3522 2789 in
3556 2733 3753 2788 vinculis

2195 2823 2540 2887 Corosanum
2573 2826 2633 2882 in
2662 2825 2980 2897 captivitate
3002 2832 3290 2898 perpetua,
3328 2834 3387 2883 et
3424 2826 3649 2882 servient
3677 2841 3753 2880 no-

2192 2916 2280 2974 bis
2316 2917 2664 2989 ‘nostrisque
2732 2917 3035 2975 infantibus
3089 2935 3190 2991 per
3259 2919 3589 2991 sempiterna
3641 2928 3757 2974 tem-

2191 3024 2347 3080 pora.
2374 3029 2395 3062 ι

2759 3100 2959 3175 Incipit
2989 3103 3205 3161 bellum.

2261 3194 2450 3255 Nuntii
2467 3196 2653 3267 itaque
2670 3197 2846 3253 nostri
2856 3194 3173 3269 frequenter
3181 3196 3392 3254 reversi
3408 3196 3760 3254 suntadFran‘

2192 3301 2291 3346 eos
2300 3286 2666 3355 Christianos,
2687 3286 2989 3346 referentes
3005 3289 3122 3346 haec
3141 3289 3421 3356 omnia,et
3441 3290 3762 3361 quemadmo-

2186 3380 2322 3439 dum
2365 3382 2647 3453 respondit
2699 3381 2782 3438 eis
2812 3397 2950 3454 gens
2979 3381 3098 3438 haec
3141 3382 3542 3439 crudelissima.
3579 3381 3759 3436 intem

2184 3473 2463 3530 exercitus
2495 3483 2682 3530 noster
2721 3474 2778 3529 in
2824 3482 3059 3545 utraque
3080 3472 3434 3530 tremefactus
3454 3483 3606 3545 parte
3631 3475 3765 3545 igne-

2187 3566 2346 3623 rabat
2372 3566 2505 3637 quid
2540 3565 2722 3624 facere
2740 3566 3042 3624 debuisset.
3078 3565 3139 3622 in
3161 3582 3273 3622 una
3294 3568 3444 3625 enim
3463 3574 3763 3638 coangusta-

2186 3659 2282 3717 bat
2300 3676 2396 3716 eos
2415 3659 2733 3716 cruciabilis
2746 3658 2942 3729 fames,
2962 3660 3019 3715 in
3042 3659 3216 3719 altera
3244 3658 3659 3732 eonstringebat
3686 3672 3767 3713 ets

2187 3751 2493 3811 Turcorum
2530 3754 2712 3810 timor.
2762 3752 2972 3810 Tamen
3010 3753 3282 3822 fecerunt,
3311 3755 3458 3811 sicut
3497 3751 3762 3810 mandavit

2182 3844 2267 3901 eis
2292 3844 2562 3903 Dominus
2585 3843 2749 3902 Jesus
2768 3844 3023 3902 Christus
3050 3861 3148 3917 per
3177 3846 3526 3904 sacerdotem
3561 3843 3767 3915 Stepha-

2170 3953 2339 4004 num,
2366 3938 2620 3995 triduana
2655 3936 2888 4011 jejunia,
2916 3948 2974 4010 et
2994 3938 3063 3995 de
3087 3939 3331 4012 peccatis
3361 3949 3494 3996 sunt
3522 3934 3765 3999 confessi.

2181 4039 2238 4088 et
2280 4032 2670 4102 processiones
2714 4030 2969 4091 fecerunt
2992 4031 3062 4089 de
3090 4048 3198 4090 una
3245 4033 3482 4091 ecclesia
3513 4033 3573 4088 in
3601 4031 3769 4091 aliam.

2181 4133 2349 4195 atque
2376 4124 2636 4192 absoluti,
2658 4133 2713 4181 et
2735 4123 2967 4181 ﬁdeliter
2985 4139 3217 4197 corpore
3244 4134 3302 4182 et
3329 4127 3605 4199 sanguine
3627 4122 3769 4179 Chri-

2181 4217 2251 4273 sti
2310 4216 2703 4275 communicati
2754 4227 2908 4287 sunt,
2955 4228 3011 4275 et
3060 4218 3333 4276 dederunt
3378 4219 3770 4291 elsemosynam

2179 4308 2534 4379 pauperibus,
2557 4316 2613 4364 et
2636 4306 2887 4366 fecerunt
2907 4318 3132 4366 cantare
3158 4308 3381 4367 missas.
3411 4308 3624 4367 Deinde
3646 4309 3772 4365 fece-

2156 4408 2308 4457 ~runt
2333 4415 2428 4457 sex
2455 4400 2603 4459 acies
2646 4400 2789 4456 intra
2829 4400 3128 4457 civitatem.
3174 4399 3235 4457 ιιι
3278 4402 3457 4473 prima
3495 4400 3606 4458 fuit
3635 4397 3773 4470 [iugo

558 4485 752 4544 Postea
787 4489 1035 4547 fecerunt
1064 4507 1258 4547 omnes
1294 4491 1607 4559 consilium,
1637 4492 1917 4562 quomodo
1959 4493 2073 4549 bel-
2101 4501 2152 4564 υ
2176 4488 2407 4563 Magnus
2432 4507 2561 4547 cum
2588 4490 2966 4564 Francigenis,
2988 4500 3045 4547 et
3058 4490 3384 4550 Flandrensi
3412 4494 3627 4551 comite
3663 4492 3775 4546 Rot-

482 4580 597 4636 lum
652 4581 954 4653 inciperent
984 4599 1110 4640 cum
1159 4582 1374 4639 Turcis.
1423 4581 1528 4638 Sed
1573 4582 1831 4653 primitus
1885 4584 2074 4640 lauda-
2177 4584 2361 4652 berto;
2398 4584 2457 4640 in
2481 4585 2722 4642 secunda
2748 4584 2974 4656 quippe,
3016 4584 3130 4641 dux
3164 4584 3504 4643 Godefridus
3529 4602 3662 4643 cum
3688 4600 3776 4641 suo

482 4683 681 4730 verunt
701 4691 914 4742 omnes,
937 4663 1083 4747 quod
1106 4676 1389 4732 misissent
1408 4674 1707 4743 Curbalan,
1733 4684 1787 4732 et
1807 4677 1932 4733 aliis
1968 4676 2075 4732 ini—
2174 4679 2451 4745 exercitu;
2479 4679 2536 4733 in
2562 4678 2745 4743 tertia,
2766 4678 2872 4735 fuit
2894 4678 3189 4739 Rotbertus
3210 4677 3641 4736 Northmannus
3663 4695 3773 4735 cum

482 4766 640 4822 micis
664 4765 760 4823 Dei
787 4767 1004 4835 Turcis,
1028 4770 1121 4838 qui
1144 4768 1351 4823 diceret
1384 4768 1467 4824 eis
1494 4787 1508 4822 :
1547 4787 1566 4819 ι
1601 4767 1784 4836 Quare
1803 4770 2071 4828 introistis
2150 4769 2294 4826 suis
2327 4770 2678 4837 hominibus;
2716 4771 2772 4826 in
2807 4779 3027 4841 quarta,
3056 4770 3161 4828 fuit
3191 4769 3511 4828 Ademarus
3556 4771 3777 4828 Fodien-

480 4856 535 4911 in
580 4866 782 4913 terram
825 4858 1309 4914 Christianorum?
1336 4878 1355 4911 ι
1422 4857 1490 4913 Ει
1534 4859 1804 4915 miserunt
1844 4859 2067 4917 Petrum
2175 4862 2253 4919 sis
2275 4862 2593 4934 episcopus,
2614 4872 2843 4934 portans
2856 4879 3043 4921 secum
3066 4865 3315 4921 lanceam
3344 4863 3662 4922 Salvatoris
3685 4881 3775 4920 no-

479 4946 798 5015 Eremitam,
821 4959 872 5005 et
899 4950 1185 5004 Arluinum
1218 4948 1940 5021 drogamundum,dicentes
1962 4952 2064 5022 eis,
2170 4959 2272 5016 stri
2305 4957 2435 5015 Jcsu
2460 4958 2667 5015 Christi
2719 4975 2846 5015 cum
2895 4975 2997 5017 sua
3042 4967 3222 5031 gente,
3270 4968 3327 5016 et
3365 4976 3500 5017 cum
3541 4959 3777 5016 exercitu

476 5046 532 5093 et
576 5039 976 5111 interrogantes
1006 5056 1104 5097 eos
1131 5059 1145 5095 :
1190 5058 1208 5092 ‹
1237 5040 1351 5096 Cur
1377 5042 1637 5098 audacter
1682 5052 1739 5099 et
1785 5045 2067 5115 superbis-
2175 5051 2469 5108 itaimnndi
2497 5050 2720 5108 comitis
2742 5051 2933 5111 Sancti
2959 5051 3188 5124 Egidii,
3227 5052 3327 5125 qui
3356 5053 3641 5110 remansit
3662 5067 3777 5107 sur-

475 5151 614 5191 sime
656 5135 929 5191 intravere
957 5136 1012 5190 in
1055 5135 1492 5193 Christianorum
1522 5145 1745 5193 terram.
1778 5157 1798 5190 ι
1834 5137 1939 5205 Qui
1968 5154 2064 5195 ve-
2173 5159 2294 5201 sum
2320 5143 2390 5200 ad
2419 5144 2703 5200 castellum
2730 5144 3149 5202 custodiendum
3176 5144 3233 5200 in
3264 5153 3663 5214 montaneam,
3688 5156 3778 5215 pro

476 5228 690 5284 nientes
718 5227 975 5283 dixerunt
999 5228 1068 5283 ad
1086 5244 1183 5286 eos
1205 5248 1220 5284 :
1256 5229 1497 5287 «Sciatis
1527 5231 1674 5302 quod
1700 5231 1934 5288 multum
1958 5233 2063 5288 mi-
2170 5236 2371 5292 timore
2392 5235 2723 5304 Turcorum,
2765 5252 2836 5293 ne
2862 5236 3260 5297 descenderent
3283 5237 3342 5292 in
3371 5237 3698 5305 civitatem;
3726 5237 3776 5290 in

446 5322 449 5327 ’
475 5331 670 5377 runtur
699 5320 896 5390 nostri,
922 5336 1093 5395 quare
1119 5324 1229 5380 huc
1252 5324 1503 5381 venistis.
1547 5325 1656 5382 Sed
1686 5325 1918 5382 forsitan
1956 5327 2064 5383 huc
2171 5329 2390 5400 quinta,
2423 5330 2535 5386 fuit
2570 5328 2890 5388 Tancredus
2918 5330 3182 5388 marchisi
3203 5329 3376 5399 titius,
3400 5339 3463 5387 et
3487 5330 3696 5389 Gastos
3717 5328 3777 5386 de

472 5411 725 5479 venistis,
748 5413 879 5483 quia
920 5412 1091 5470 vultis
1117 5413 1256 5471 efﬁci
1294 5414 1617 5485 Christiani,
1647 5425 1706 5473 et
1745 5425 1804 5473 ut
1829 5418 2068 5474 credatis
2166 5418 2345 5476 Bearn
2373 5437 2499 5477 cum
2526 5438 2627 5479 sua
2652 5434 2835 5495 gente,
2862 5432 2920 5480 et
2944 5438 3071 5483 cum
3094 5432 3259 5495 gente
3278 5422 3667 5493 Pictaviensis
3693 5438 3777 5479 co—

472 5502 527 5557 in
585 5520 757 5559 unum
805 5518 996 5560 verum
1046 5504 1216 5563 Deum
1267 5517 1456 5564 natum
1501 5524 1570 5564 ex
1615 5509 1826 5580 virgine
1870 5508 2063 5577 Maria,
2167 5512 2346 5581 mitis;
2382 5513 2445 5569 in
2467 5523 2645 5582 sexta,
2675 5515 2780 5572 fuit
2805 5514 3163 5571 Boamundus
3191 5532 3322 5573 cum
3365 5532 3481 5575 suo
3510 5516 3774 5575 exercitu.

470 5610 637 5666 quem
689 5611 793 5652 nos
838 5598 1137 5657 credimus.
1185 5599 1244 5656 Si
1278 5613 1413 5657 vero
1441 5610 1663 5672 propter
1692 5602 1798 5657 hoc
1836 5602 2063 5659 minime
2163 5602 2419 5675 Episcopi
2462 5622 2684 5679 quoque
2706 5606 2906 5674 nostri,
2941 5617 2998 5665 et
3036 5608 3368 5680 presbyteri,
3392 5618 3457 5666 et
3486 5610 3702 5679 clerici,
3728 5618 3778 5664 et

469 5689 579 5746 huc
618 5690 867 5760 venistis,
898 5700 1093 5763 rogant
1137 5709 1236 5751 vos
1266 5693 1548 5750 hnmilite:
1589 5708 1782 5751 omnes
1823 5694 2061 5766 majores
2160 5699 2420 5756 monachi
2443 5700 2616 5758 sacris
2639 5702 2884 5760 vestibus
2910 5701 3119 5774 induti,
3151 5717 3281 5759 cum
3308 5703 3422 5779 illis
3457 5704 3539 5761 de
3565 5703 3777 5761 civitate

463 5782 641 5840 nostri
691 5783 809 5840 sive
852 5785 1122 5857 juniores,
1181 5786 1328 5858 quod
1380 5787 1641 5844 velociter
1683 5788 1951 5845 recedatis
1992 5790 2057 5846 dc
2150 5790 2434 5859 exierunt,
2463 5793 2517 5849 in
2541 5794 2797 5866 manibus
2816 5796 2933 5854 suis
2953 5810 3149 5854 cruces
3182 5794 3537 5871 deterentes,
3564 5802 3775 5854 orantes
