3846 6306
121 413 191 472 θοι
770 394 826 448 ι».
869 391 1217 448 ruuenom
1253 389 1437 448 msr.
1479 390 1567 446 us
1608 388 1674 445 ιιι

1781 385 1972 444 0301..
2013 383 2173 442 mu.
2212 416 2277 425 --
2307 383 2434 440 LlB.
2478 380 2569 438 tv.
2628 341 2632 346 ’
2683 340 2689 346 ’
3197 351 3304 433 sua

120 537 160 580 et
182 523 474 592 deprecantes
505 509 812 576 Dominum,
843 517 904 562 ut
941 507 1066 564 illos
1100 508 1280 564 salvos
1310 505 1530 575 faceret,
1561 514 1617 561 et
1646 510 1690 568 Α
1719 512 1776 561 et
1816 503 1992 560 sancti
2033 501 2268 573 sepulcri
2299 502 2644 571 incmperunt
2681 497 2902 563 bellum,
2934 504 2988 551 et
3013 493 3126 550 Deo
3148 495 3307 566 adju-

119 617 210 671 illos
233 585 507 671 custodiret,
541 609 596 657 et
629 600 857 670 eriperet
886 598 955 653 ab
985 599 1135 653 omni
1171 599 1434 669 periculo,
1467 606 1522 653 ct
1546 597 1616 653 ab
1716 603 1879 651 vante
1907 595 2226 650 devicerunt
2252 592 2398 648 illos.
2430 591 2596 646 Turci
2626 603 2862 659 namque
2886 585 3190 642 tremefacti
3217 602 3308 642 ar-

121 702 231 760 omni
246 697 381 752 malo.
403 693 496 748 Alii
517 691 731 746 stabant
751 705 912 760 super
934 705 1152 744 murum
1171 689 1406 744 civitatis
1427 697 1616 759 portae,
1717 689 2003 760 ripuerunt
2029 686 2237 759 fugam,
2255 685 2540 757 nostrique
2564 684 2688 760 illos
2709 681 2982 754 persecuti
3005 689 3132 735 sunt
3151 679 3306 750 juxta

119 800 309 859 tenentes
329 801 494 842 sacras
525 797 714 838 cruces
743 782 796 835 in
819 781 1074 836 manibus
1100 782 1236 848 suis,
1267 780 1535 851 signando
1565 788 1622 835 et
1718 797 1911 838 eorum
1945 780 2196 835 tentoria.
2221 779 2394 851 Magis
2434 778 2633 832 milites
2657 759 2864 830 Christi
2891 781 3215 828 amaverunt
3247 772 3310 825 il-

121 877 417 940 bencdicendo
455 876 586 929 i‘llos.
630 873 708 927 llli
741 873 923 943 itaque
957 872 1222 939 ordinati,
1268 883 1432 942 atque
1465 873 1623 944 signo
1723 875 1807 930 los
1833 874 2088 944 persequi
2109 889 2275 944 quam
2307 873 2414 927 ulla
2461 871 2636 941 spolia
2675 869 2984 939 acquirere.
3019 866 3083 921 Et
3122 880 3309 935 perse—

120 974 255 1031 crutis
281 969 498 1042 protecti,
539 967 616 1022 sic
641 975 923 1036 coeperunt
946 966 1097 1032 exire
1127 973 1279 1020 extra
1322 965 1622 1031 civitatem,
1725 966 1839 1022 cuti
1871 974 2000 1021 sunt
2025 981 2123 1019 eos
2150 981 2324 1036 usque
2347 964 2416 1019 ad
2442 961 2986 1026 Pontem-Ferreum,
3023 975 3089 1014 ac
3119 957 3314 1013 deinde

122 1085 190 1137 per
208 1073 383 1134 portam
412 1075 526 1130 quze
557 1067 642 1113 est
680 1068 805 1113 ante
832 1057 1280 1113 Maehomariam.
1318 1056 1619 1128 Postquam
1727 1073 1906 1128 usque
1941 1057 2009 1112 ad
2053 1056 2319 1112 Tancredi
2361 1057 2666 1112 castellum.
2701 1052 2781 1108 llli
2833 1068 2964 1108 vero
2990 1051 3319 1137 dimiserunt

119 1135 332 1213 Curbalan
359 1153 479 1207 vidit
495 1150 826 1205 Francorum
853 1151 999 1206 acies
1022 1159 1131 1204 tam
1155 1150 1382 1220 pulchre
1408 1151 1631 1205 ordina-
1730 1150 1804 1206 ibi
1825 1149 2125 1220 papiliones
2147 1163 2301 1215 suos,
2317 1165 2511 1204 aurum
2533 1156 2587 1202 et
2606 1156 2911 1218 argentum,
2926 1152 2982 1199 et
2997 1135 3320 1199 ornamenta

121 1260 182 1303 tas
202 1247 350 1302 exisse
377 1259 529 1299 unam
574 1251 698 1314 post
739 1243 924 1308 aliam,
970 1242 1109 1297 dixit
1139 1261 1152 1297 :
1192 1262 1210 1294 α
1243 1242 1419 1298 Sinite
1466 1241 1632 1298 modo
1733 1243 1926 1308 multa,
1958 1257 2090 1298 oves
2135 1250 2191 1296 et
2235 1242 2423 1308 boves,
2450 1255 2623 1310 equos
2643 1249 2697 1295 et
2724 1239 2922 1304 mulos,
2952 1245 3007 1292 et
3029 1235 3237 1300 asinos,
3265 1239 3322 1288 et

120 1354 265 1394 omnes
296 1337 448 1402 exire,
495 1343 553 1390 ut
583 1335 778 1390 melius
818 1333 1100 1405 capiamus
1141 1335 1318 1405 capita
1355 1351 1567 1390 eorum.
1608 1354 1627 1387 ι
1735 1335 1998 1399 camelos,
2041 1332 2400 1398 frumentum,
2451 1333 2660 1398 vinum,
2707 1340 2761 1386 et
2803 1329 3070 1394 farinam,
3118 1336 3174 1383 et
3213 1325 3319 1380 alia

119 1428 334 1499 Imprimis
360 1427 600 1482 exierunt
636 1427 874 1496 pedones
924 1425 1167 1498 llugonis
1206 1425 1407 1498 Magni,
1455 1437 1508 1482 et
1543 1442 1636 1482 co-
1737 1425 1910 1500 multa
1935 1440 2058 1495 qua:
2086 1424 2247 1478 nobis
2273 1423 2583 1479 necessaria
2611 1432 2788 1477 erant.
2821 1419 3098 1475 Hermenii
3132 1426 3187 1472 et
3224 1416 3326 1471 Su-

118 1521 230 1574 mitis
251 1518 568 1574 Flandrensis
607 1517 872 1583 Rotherti,
914 1534 978 1574 ac
1016 1518 1212 1573 deinde
1255 1535 1362 1574 una
1407 1535 1639 1591 quaeque
1738 1518 1899 1583 riani,
1923 1517 2018 1588 qui
2041 1517 2361 1573 habitabant
2385 1515 2439 1569 in
2467 1514 2861 1586 illis'partibus,
2884 1513 3168 1567 audientes
3187 1508 3327 1564 Tur-

119 1629 214 1683 pars
231 1627 312 1682 per
331 1627 479 1666 suum
508 1610 777 1666 ordinem.
808 1609 1107 1681 Postquam
1143 1609 1368 1666 fuerunt
1399 1609 1551 1667 foras
1572 1611 1641 1667 de
1740 1626 1836 1667 cos
1858 1620 2144 1681 superatos
2171 1625 2316 1674 esse,
2345 1615 2709 1663 cucurrerunt
2742 1605 2812 1661 ad
2846 1612 3194 1660 montancam
3225 1602 3326 1656 ob-

117 1706 306 1771 civitate,
349 1703 477 1758 vidit
518 1702 792 1758 Curbalan
823 1703 1094 1774 insignem
1125 1701 1466 1758 Francorum
1511 1719 1642 1775 gen-
1742 1705 1888 1759 viam
1926 1703 2054 1769 illis,
2082 1713 2136 1758 et
2163 1701 2742 1772 quantosinvenerunt
2761 1714 2827 1753 ex
2852 1697 2958 1753 illis
2985 1695 3327 1752 occiderunt.

119 1809 218 1864 tem,
239 1812 293 1852 ac
317 1794 460 1850 valde
492 1795 696 1849 timuit.
743 1793 867 1848 Mox
903 1793 1182 1848 mandavit
1222 1807 1325 1849 suo
1354 1793 1638 1861 Amiralio,
1744 1795 2122 1852 Nostriantem
2142 1794 2345 1850 reversi
2357 1801 2487 1849 sunt
2506 1808 2631 1848 cum
2649 1805 2850 1862 magno
2868 1787 3332 1859 gaudio,laudan-

118 1890 186 1960 qui
216 1888 375 1943 omnia
403 1887 633 1942 habebat
667 1887 722 1941 in
749 1902 848 1942 sua
874 1887 1118 1943 custodia
1139 1887 1208 1942 ad
1238 1886 1490 1952 tentoria,
1516 1897 1576 1941 ut
1598 1885 1645 1942 si
1682 1869 1720 1924 Β
1749 1897 1830 1943 tes
1851 1896 1906 1942 et
1925 1886 2305 1941 benedicentes
2317 1883 2508 1950 Deum,
2537 1884 2632 1954 qui
2665 1882 2814 1938 dedit
2834 1881 3118 1936 victoriam
3134 1878 3336 1949 populo

119 1983 184 2036 ille
204 1981 382 2036 videret
411 1979 589 2051 ignem
626 1993 919 2035 accensum
955 1978 1010 2033 in
1051 1979 1227 2051 capite
1252 1979 1449 2043 hostis,
1474 1979 1647 2049 proti-
1750 1996 1870 2037 suo.
1896 1979 2250 2035 Ammiralius
2285 1979 2489 2049 itaque,
2535 1977 2630 2048 qui
2653 1976 2936 2032 castellum
2973 1971 3335 2034 custodiebat,

117 2071 512 2142 nusprwcouiarc
543 2070 768 2127 fecisset
793 2086 956 2126 suum
989 2071 1312 2137 exercitum,
1335 2079 1389 2125 et
1417 2069 1650 2127 redisset
1748 2073 1942 2128 videns
1985 2071 2260 2127 Curbalan
2286 2079 2342 2126 et
2391 2084 2586 2124 omnes
2628 2067 2769 2124 alios
2805 2081 3049 2139 paganos
3068 2064 3340 2135 fugientes

118 2175 244 2230 retro,
291 2163 458 2219 sciens
495 2162 708 2218 Turcos
755 2162 1006 2218 amisisse
1054 2177 1329 2234 campum.
1371 2161 1651 2218 Continuo

118 2255 338 2310 Curbalan
359 2255 518 2324 cmpit
544 2254 811 2325 paulatim
847 2255 1024 2310 redire
1045 2265 1191 2310 retro
1217 2264 1406 2310 contra
1431 2263 1651 2309 monta-

117 2363 256 2413 ncam,
289 2347 566 2417 nostrique
610 2346 874 2416 paulatim
911 2346 1380 2418 persequebantur
1407 2363 1522 2402 eos.
1549 2345 1652 2402 De-

117 2440 243 2510 nique
264 2439 405 2494 divisi
434 2447 565 2493 sunt
597 2437 794 2504 Turci;
847 2454 953 2493 una
984 2454 1112 2510 pars
1139 2438 1235 2494 ivit
1261 2449 1451 2495 contra
1481 2453 1651 2505 mare,

115 2541 152 2584 et
170 2530 241 2584 alii
268 2538 519 2584 steterunt
551 2529 686 2595 illic,
723 2538 977 2599 putantes
1008 2538 1226 2584 nostros
1267 2529 1542 2585 includere
1566 2529 1654 2584 in-

115 2629 177 2673 ter
210 2619 332 2673 illos.
359 2616 619 2674 Videntcs
669 2619 774 2673 hoc
818 2618 1012 2686 nostri,
1078 2617 1324 2676 fecerunt
1367 2619 1653 2690 septimam

116 2713 251 2766 aciem
288 2728 348 2767 ex
375 2713 490 2766 acie
527 2711 693 2766 ducis
735 2709 1036 2778 Godefridi,
1075 2719 1130 2766 et
1170 2710 1389 2766 comitis
1427 2710 1494 2766 de
1519 2708 1659 2764 Nor-

117 2803 368 2869 thmannia,
388 2811 441 2858 et
459 2812 631 2873 caput
652 2803 797 2858 illius
820 2800 922 2857 fuit
949 2818 1134 2857 comes
1156 2800 1473 2856 Rainaldus.
1508 2798 1660 2855 ilanc

115 2901 337 2955 miserunt
379 2900 603 2954 obviam
662 2896 878 2964 Turcis,
940 2898 1034 2968 qui
1085 2897 1377 2951 veniebant
1413 2911 1444 2950 e
1487 2911 1648 2951 mare.

116 2991 244 3048 Turci
269 3002 440 3047 autem
472 2991 708 3062 praeliati
754 2999 882 3045 sunt
921 3006 1044 3044 cum
1094 2989 1221 3055 illis,
1265 2997 1320 3043 et
1355 2988 1663 3060 sagittando

113 3087 274 3140 multos
300 3086 624 3141 occiderunt
648 3099 713 3138 ex
736 3082 957 3137 nostris.
986 3081 1118 3135 Alia:
1142 3088 1323 3135 autem
1352 3088 1544 3134 turmae
1567 3095 1665 3132 no-

1751 2180 1783 2221 e
1809 2179 2026 2235 campo,
2054 2164 2219 2219 nimis
2239 2159 2563 2227 iratus'fuit,
2591 2170 2647 2218 et
2673 2162 2974 2216 maximum
3008 2160 3260 2214 timorem
3283 2156 3340 2212 in

1753 2258 1916 2314 corde
1956 2273 2059 2312 suo
2096 2257 2305 2312 habuit.
2349 2255 2544 2312 Statim
2579 2271 2707 2311 cum
2748 2270 2944 2326 magna
2992 2253 3344 2309 festinatione

1755 2351 1922 2421 cmpit
1946 2359 2129 2422 petere
2152 2350 2489 2405 Francorum
2511 2349 2730 2404 vexilla.
2749 2345 2946 2402 Contrs
2979 2345 3164 2401 Sancti
3185 2343 3341 2414 [Egi-

1756 2443 1851 2509 dii,
1883 2443 1978 2513 qui
2004 2443 2061 2496 in
2089 2450 2381 2497 montanca
2427 2449 2554 2496 ante
2597 2440 2881 2496 castellum
2910 2439 3142 2503 astabat,
3177 2435 3347 2507 jussit

1756 2534 1806 2590 ei
1838 2542 2056 2604 portare
2099 2531 2522 2588 vexillum.~llle
2563 2539 2742 2586 autem
2782 2530 2992 2600 accepit
3033 2529 3164 2583 illud
3218 2543 3345 2583 cum

1760 2625 1983 2697 gaudio,
2021 2633 2078 2681 et
2101 2624 2390 2696 diligenter
2433 2623 2583 2680 misit
2629 2623 2762 2679 illud
2807 2623 2866 2680 in
2920 2622 3184 2694 majorem
3233 2631 3348 2675 tur-

1761 2720 1888 2774 rim.

1765 2828 1868 2884 Hic
1895 2827 2128 2883 reddidit
2175 2843 2230 2881 se
2282 2825 2634 2881 Ammiralius
2674 2824 3010 2891 Boamundo,
3046 2825 3135 2896 qui
3170 2833 3350 2878 custo-

1953 2899 2131 2953 diebat
2166 2896 2468 2963 castellum,
2504 2907 2554 2951 et
2588 2897 2789 2967 accepit
2819 2896 3160 2966 baptismum.

1835 2992 2034 3048 Postea
2063 2990 2217 3062 petiit
2242 2991 2499 3046 vexillum
2531 2988 2856 3056 Bo'arnundi,
2889 2988 3122 3060 quipost
3151 2987 3352 3042 factum

1766 3091 1969 3147 bellum
2001 3089 2148 3144 dedit
2184 3088 2233 3143 ei
2277 3087 2554 3142 vexillum.
2596 3085 2820 3156 Accepit
2880 3098 3100 3155 quoque
3147 3083 3358 3138 Ammi-

116 3186 212 3231 stm:
228 3177 612 3232 ordinaverunt
631 3191 690 3231 se
715 3191 746 3230 a
773 3174 994 3228 ﬂumine
1017 3189 1189 3244 usque
1210 3173 1277 3228 ad
1292 3180 1663 3239 montancam,

1781 3183 1941 3239 ralius
1981 3182 2111 3237 illud
2158 3197 2283 3236 cum
2328 3180 2571 3235 maximo
2601 3179 2800 3250 gaudio
2823 3185 2878 3233 et
2905 3178 3113 3244 laetitia,
3145 3187 3196 3232 et
3219 3192 3357 3231 con-

113 3271 225 3340 quod
243 3271 395 3326 distat
416 3286 514 3340 per
544 3269 662 3325 duo
689 3268 959 3323 milliaria.

116 3383 195 3438 Hic
217 3394 463 3463 venerunt
494 3381 559 3440 S.
590 3380 896 3463 .Georgius,
918 3379 976 3436 S.
1024 3379 1346 3463 ζ’ζιεοᾴρηιρ,
1384 3378 1443 3434 S.
1483 3377 1672 3433 Deme-

391 3457 555 3523 trius,
583 3455 641 3508 in
661 3451 990 3523 adjutorium
1019 3451 1360 3506 Christianis.

165 3545 432 3616 Coeperunt
477 3561 728 3616 namque
758 3554 953 3599 turma:
989 3543 1292 3599 Tureorum
1334 3559 1401 3598 ex
1443 3550 1675 3613 utraque

111 3649 235 3706 parte
276 3641 442 3706 exire,
479 3649 823 3708 nostrosque
869 3637 1110 3708 undique
1147 3634 1672 3706 circumcingebant,

110 3729 361 3796 jaculando
389 3772 405 3796 ,
449 3741 506 3786 et
543 3729 878 3802 sagittando,
920 3737 974 3784 et
1010 3729 1368 3784 vulnerando.
1411 3726 1677 3783 Exierunt

111 3836 294 3890 quoque
321 3822 386 3877 de
415 3820 739 3876 montaneis
777 3819 1204 3874 innumerabiles
1247 3819 1543 3886 exercitus,
1579 3818 1674 3889 qui

112 3912 342 3968 ducebant
388 3929 572 3986 equos
615 3914 790 3980 albos,
823 3929 1059 3984 quorum
1095 3913 1291 3968 vexilla
1320 3914 1506 3969 omnia
1550 3914 1673 3972 alba

109 4016 252 4061 erant.
279 4005 537 4063 Videntes
579 4006 764 4076 itaque
800 4005 968 4061 nostri
999 4005 1148 4061 hunc
1175 4006 1498 4074 exercitum,
1523 4007 1680 4079 igno-

111 4099 270 4154 rabant
294 4101 387 4170 qui
417 4107 636 4166 essent,
681 4099 855 4154 donec
898 4108 1276 4169 c0gnoverunt
1307 4114 1429 4155 esse
1461 4100 1679 4170 adjuto-

110 4192 225 4247 rium
273 4191 501 4260 Christi,
549 4191 696 4248 sicut
735 4191 1012 4247 mandavit
1057 4192 1166 4248 illis
1200 4207 1297 4263 per
1340 4192 1676 4264 Stephanum

111 4284 434 4338 sacerdotem.
457 4283 715 4350 Quorum
741 4282 999 4336 ductores
1022 4280 1246 4337 fuerunt
1266 4291 1490 4338 sanctus
1508 4282 1680 4339 Geor-

110 4371 300 4439 gius,et
334 4374 536 4429 beatus
581 4371 924 4438 Theodorus,
972 4380 1028 4427 et
1071 4381 1296 4428 sanctus
1346 4371 1675 4430 Demetrius.

111 4461 213 4518 H236
234 4467 392 4520 verba
414 4465 696 4522 credenda
725 4474 872 4529 sunt,
905 4466 1034 4534 quia
1062 4465 1249 4535 plures
1276 4481 1343 4521 ex
1369 4467 1573 4522 nostris
1596 4468 1680 4522 vi-

1772 3276 2030 3331 cordatus
2057 3273 2159 3328 fuit
2187 3289 2312 3330 cum
2361 3273 2700 3337 Boamundo,
2732 3272 2877 3342 quod
2910 3271 2988 3325 illi
3023 3271 3238 3342 pagani,
3264 3268 3358 3339 qui

1771 3363 2068 3421 Christiani
2098 3364 2403 3419 voluissent
2449 3363 2584 3427 fieri,
2615 3362 2848 3418 fuissent
2869 3377 2992 3416 cum
3020 3377 3108 3427 eo,
3141 3361 3233 3430 qui
3263 3376 3361 3412 vo-

1774 3457 2003 3513 luissent
2026 3457 2105 3511 ire
2127 3455 2492 3520 Corosanum,
2522 3455 2670 3525 quod
2711 3454 2802 3509 ille
2825 3468 2992 3509 sanos
3021 3453 3228 3523 absque
3251 3452 3359 3505 ulla

1774 3550 1994 3606 laesione
2017 3549 2169 3604 abire
2195 3548 2556 3620 permisisset.
2591 3538 2798 3601 Annuit
2829 3527 3363 3615 Doamundus‘quid-

1773 3643 1906 3715 quid
1943 3641 2301 3697 Ammiralius
2330 3639 2646 3711 postulavit,
2673 3648 2728 3694 et
2756 3639 2909 3693 misit
2940 3653 3072 3692 suos
3109 3637 3362 3692 homines

1775 3735 2038 3791 continuo
2064 3735 2119 3790 in
2152 3733 2456 3789 castellum.
2485 3730 2604 3786 Non
2633 3739 2758 3802 post
2801 3731 3006 3786 multos
3038 3729 3156 3785 dies
3181 3729 3363 3798 bapti-

1777 3836 1930 3885 zatus
1966 3827 2068 3883 fuit
2093 3826 2447 3882 Ammiralius
2472 3841 2596 3880 cum
2629 3824 2734 3879 illis
2774 3822 2870 3895 qui
2899 3822 3178 3878 Christum
3210 3836 3366 3876 reco-

1777 3937 2039 3994 gnoscere
2068 3920 2376 3975 voluerunt.
2401 3917 2551 3984 lllos,
2585 3917 2678 3989 qui
2699 3924 2838 3972 Suas
2865 3916 3159 3971 noluerunt
3179 3912 3366 3968 dimit-

1778 4015 1892 4070 tere
1916 4013 2081 4086 leges,
2101 4011 2229 4067 fecit
2251 4009 2557 4066 conducere
2581 4007 2934 4064 Boamundus
2955 4021 3131 4076 usque
3151 4005 3205 4058 in
3237 4003 3369 4058 Sar-

1778 4120 2104 4162 racenorum
2131 4112 2355 4158 terram.
2391 4101 2506 4156 lloc
2550 4100 2655 4155 fuit
2699 4101 2901 4156 bellum
2937 4096 3141 4154 factum
3170 4107 3369 4168 quarto

1779 4196 1901 4252 Kal.
1949 4195 2058 4250 Jul.
2105 4195 2158 4250 in
2195 4193 2378 4265 vigilia
2413 4192 2798 4263 Apostolorum
2827 4190 2970 4246 Petri
2995 4197 3050 4244 et
3070 4187 3246 4256 Pauli,
3276 4203 3369 4242 re-

1781 4295 1982 4358 gnante
2011 4285 2244 4340 Domino
2274 4292 2462 4339 nostro
2501 4281 2632 4338 Jesu
2670 4281 2914 4348 Christo,
2963 4280 3052 4335 cui
3079 4287 3165 4336 est
3192 4279 3371 4334 honor

1781 4387 1836 4433 et
1868 4377 2038 4449 gloria
2065 4377 2117 4430 in
2149 4376 2472 4432 saeculorum
2494 4373 2713 4440 sarcula,
2737 4389 2918 4428 amen.
2947 4371 3162 4427 Etcum
3188 4377 3374 4427 essent

1784 4483 1976 4524 omnes
2005 4467 2214 4522 inimici
2248 4466 2342 4522 Dei
2367 4466 2564 4521 devicti
2588 4465 2725 4535 (Deo
2747 4479 2878 4520 vero
2898 4473 2952 4518 et
2969 4479 3185 4519 summo
3210 4471 3374 4533 atque

110 4551 278 4610 derunt
308 4555 434 4612 hoc.
489 4554 578 4610 Illi
610 4563 788 4610 autem
827 4553 1014 4624 Turci,
1055 4555 1151 4627 qui
1187 4557 1405 4612 stabant
1436 4559 1488 4612 in
1528 4569 1681 4627 parte
1717 4575 1758 4630 ι)
1783 4569 1974 4616 sancto
2007 4560 2258 4630 sepulcro
2288 4560 2482 4631 dignas
2510 4557 2800 4614 referimus
2842 4556 3054 4625 laudes)
3079 4557 3186 4612 huc
3213 4564 3268 4611 et
3308 4555 3376 4610 il-

111 4646 276 4713 maris,
323 4648 586 4704 videntes
619 4648 767 4718 quod
808 4663 918 4702 non
957 4649 1269 4719 potuissent
1303 4650 1530 4708 sufferre
1567 4668 1687 4708 am-

109 4735 248 4806 plius,
286 4741 570 4796 miserunt
608 4739 786 4810 ignem
839 4740 894 4794 in
947 4741 1197 4808 herbam,
1230 4750 1291 4796 ut
1320 4744 1566 4800 videntes
1607 4745 1684 4800 illi

110 4836 358 4901 quierant
404 4837 476 4892 ad
526 4837 762 4891 tentoria
798 4836 1103 4907 inciperent
1146 4835 1349 4907 fugam.
1380 4837 1450 4891 At
1487 4837 1566 4892 illi
1588 4852 1682 4893 co-

109 4936 410 4994 gnoscentes
434 4928 576 4982 illud
607 4927 844 5000 signum,
895 4927 1250 4999 arripuerunt
1284 4929 1468 4983 omnia
1511 4929 1686 4984 hono-

111 5017 280 5073 rabilia
307 5029 666 5086 ornamenta,
695 5028 749 5074 et
776 5019 950 5091 spolia
975 5030 1028 5074 et
1053 5018 1323 5090 fugerunt.
1346 5019 1531 5075 Nostri
1559 5037 1688 5076 vero

110 5112 349 5178 paulatim
377 5114 720 5179 militabant,
746 5112 839 5168 ubi
862 5113 1100 5168 maxima
1133 5113 1306 5168 virtus
1329 5129 1520 5168 eorum
1549 5122 1689 5181 erat,

111 5206 298 5263 scilicet
316 5209 386 5263 ad
414 5223 616 5263 eorum
640 5208 892 5263 tentoria.
917 5207 1033 5262 Dux
1064 5207 1412 5274 Codefridus,
1443 5216 1497 5263 et
1523 5208 1690 5263 Flan-

112 5295 306 5354 drensis
335 5314 533 5354 comes
569 5297 886 5364 Rotbertus,
922 5308 976 5353 et
1005 5297 1160 5370 llugo
1187 5297 1438 5370 Magnus,
1475 5299 1692 5370 equita-

99 5390 404 5460 bantjuxta
436 5407 671 5462 aquam,
698 5391 791 5446 ubi
819 5392 1057 5446 maxima
1091 5391 1268 5448 virtus
1308 5392 1525 5446 illorum
1554 5401 1692 5447 erat.

113 5477 194 5534 Isti
219 5482 484 5552 primitus
512 5483 673 5554 signo
694 5482 874 5538 crucis
893 5484 1109 5546 muniti,
1133 5484 1466 5538 unanimiter
1484 5485 1697 5540 invase—

113 5583 228 5628 runt
243 5575 390 5630 illos.
420 5575 885 5630 Exclamaverunt
907 5574 1070 5631 Turci
1094 5585 1150 5631 et
1177 5576 1268 5630 alii
1290 5576 1485 5646 pagani
1507 5577 1698 5631 diabo-

115 5662 236 5722 lices
254 5682 428 5723 sonos
465 5670 525 5722 in
551 5677 810 5722 extranea
837 5667 1041 5739 lingua.
1092 5678 1147 5724 et
1189 5677 1452 5740 ceperunt
1491 5667 1694 5739 fugam.

114 5755 496 5831 Nostri‘itaque
513 5760 831 5814 invocantes
850 5776 1018 5816 unum
1036 5770 1091 5816 et
1115 5762 1294 5816 vivum
1326 5761 1521 5827 Deum,
1539 5761 1700 5830 equi-

115 5856 352 5908 taverunt
377 5862 584 5908 contra
603 5851 753 5918 illos,
788 5860 840 5907 et
868 5853 948 5908 sic
989 5853 1044 5908 in
1087 5854 1306 5910 nomine
1337 5852 1465 5913 Jesu
1492 5853 1696 5908 Christi

1789 4653 1878 4708 lue
1902 4651 2189 4723 fugientes,
2224 4651 2314 4705 alii
2357 4650 2624 4716 semivivi,
2656 4649 2747 4704 alii
2775 4649 3067 4715 vulnerati,
3118 4648 3172 4702 in
3214 4647 3374 4702 valli-

1789 4744 1893 4800 bus
1942 4752 1996 4799 et
2040 4743 2379 4809 nemoribus,
2425 4751 2479 4797 et
2517 4743 2573 4797 in
2621 4743 2769 4798 arvis
2803 4750 2858 4798 et
2884 4742 2938 4797 in
2976 4741 3079 4798 viis
3109 4741 3377 4797 cadebant

1789 4837 2014 4894 mortui.
2075 4836 2346 4905 Quoniam
2396 4835 2604 4902 Graeci,
2665 4835 2976 4902 Hermenii,
3026 4844 3079 4890 et
3131 4833 3374 4900 Suriani,

1791 4932 2027 4986 scientes
2057 4946 2153 4986 eos
2192 4930 2435 4985 devictos
2467 4927 2638 4983 fuisse
2678 4927 2731 4981 in
2775 4927 2936 4994 bello,
2979 4926 3378 4980 insidiabantur

1797 5043 1893 5082 eos
1916 5027 1969 5080 in
1993 5034 2142 5080 arcta
2187 5025 2328 5090 loca,
2371 5021 2711 5077 vulnerando
2752 5028 2808 5075 et
2852 5019 3168 5074 occidendo.
3195 5017 3378 5074 Nostri

1794 5129 1975 5175 autem
2003 5116 2274 5189 peregrini
2309 5114 2516 5170 reversi
2552 5120 2681 5168 sunt
2711 5112 2766 5166 in
2809 5110 3106 5176 civitatem,
3131 5093 3380 5181 gauden-

1794 5218 1878 5264 tes
1898 5219 1953 5264 et
1975 5208 2313 5264 exsultantes
2333 5221 2459 5261 cum
2485 5204 2724 5260 maximo
2753 5211 2915 5273 atque
2939 5201 3077 5256 felici
3101 5201 3380 5272 triumpho

1795 5301 1862 5355 dc
1918 5297 2153 5354 inimicis
2203 5296 2299 5352 Dei
2345 5303 2399 5351 et
2447 5303 2651 5349 sancta:
2698 5291 3146 5348 Christianitatis.
3177 5290 3382 5346 Deinde

1799 5391 2111 5464 congregati
2145 5404 2336 5445 omnes
2360 5387 2536 5444 nostri
2576 5387 2844 5451 seniores,
2878 5394 2933 5441 et
2972 5385 3026 5440 in
3055 5385 3288 5441 ecclesia
3318 5384 3378 5438 S.

1795 5485 1941 5540 Petri
1969 5483 2216 5539 fecerunt
2238 5481 2552 5547 consilium,
2576 5479 3036 5551 quemadmodum
3079 5478 3226 5532 hunc
3264 5474 3384 5529 feli-

1797 5579 1934 5635 citer
1955 5577 2173 5632 valeant
2197 5588 2386 5646 regere
2434 5585 2489 5629 et
2539 5573 2846 5629 conducere
2885 5571 3169 5641 populum,
3208 5580 3386 5636 usque

1797 5669 1928 5724 dum
1957 5666 2129 5722 sancti
2173 5667 2408 5736 sepulcri
2436 5665 2582 5720 viam
2635 5665 2871 5734 incipere
2914 5662 3238 5732 potuissent,
3283 5670 3388 5727 pro

1799 5776 1911 5832 quo
1937 5759 2166 5814 fideliter
2190 5759 2360 5815 multa
2386 5759 2534 5830 passi
2577 5757 2795 5812 fuerunt
2835 5753 3164 5810 necessaria.
3195 5749 3387 5805 Iuven-

1803 5853 1918 5904 tuin
1946 5848 2045 5904 fuit
2066 5848 2230 5919 igitur
2260 5849 2316 5904 in
2347 5848 2598 5914 consilio,
2630 5845 2890 5918 quoniam
2927 5843 2982 5898 in
3023 5843 3117 5898 illo
3145 5851 3388 5908 tempore
