3804 6312
517 327 630 395 m

1093 329 1187 389 AD
1225 327 1678 393 GODEFRIZUM
1714 328 2008 388 APPEND.
2045 328 2110 386 ll.
2157 361 2217 372 ~--
2251 325 2529 388 NONUM.
2572 329 2662 386 DE
2696 327 2921 388 BELLO
2960 325 3201 388 SKCRG

517 464 628 505 non
648 453 900 520 poterant
920 443 1148 502 introire
1172 454 1371 500 terram
1401 443 1854 520 Sarracenorum,
1881 457 1949 499 eo
1969 442 2114 509 quod
2145 448 2189 506 Α
2215 449 2480 498 castrum.
2515 440 2680 498 Turci
2703 450 2888 498 autem
2914 442 3162 498 videntes
3187 441 3316 496 illos
3357 441 3594 511 recedere,
3615 446 3712 503 illico

514 538 673 594 valde
696 537 751 593 in
791 537 979 592 :estivo
1014 543 1260 606 tempore
1298 535 1452 590 arida
1485 541 1538 589 et
1568 533 1836 604 inaquosa
1871 539 1974 588 est.
2012 531 2118 588 Per

517 631 663 688 hanc
686 646 815 686 vero
843 629 990 684 viam
1017 642 1127 683 non
1157 627 1430 682 audebant
1459 625 1715 692 transire,
1753 639 1931 696 neque
1951 624 2116 680 Chri-

520 712 591 767 sti
623 711 888 783 populum
919 710 1151 774 ducere,
1213 720 1399 776 regere
1445 715 1500 760 et
1539 705 1866 762 conducere.
1910 703 2117 761 Tamen

520 809 850 873 acceperunt
877 801 944 858 ad
975 799 1093 854 Kal.
1120 797 1382 854 Novemb.
1416 795 1734 864 terminum,
1772 795 2024 853 videlicet
2048 797 2118 852 ad

519 895 778 951 Omnium
817 894 1142 950 Sanctorum
1179 891 1603 953 solemnitatem,
1634 890 1783 961 quod
1811 890 1866 944 in
1906 890 1998 944 illo
2030 889 2119 945 die

522 997 708 1044 essent
732 1003 922 1042 omnes
951 985 1192 1054 undique
1206 983 1522 1054 congregati
1547 983 1602 1037 in
1621 982 1930 1050 Antiochia,
1963 991 2017 1038 et
2041 982 2123 1039 sic

523 1096 649 1135 eum
678 1080 918 1135 maximo
945 1076 1142 1147 gaudio
1163 1075 1468 1144 inciperent
1491 1074 1636 1129 viam
1661 1073 1836 1130 sancti
1859 1073 2117 1143 sepulcri.

523 1171 724 1227 Omnes
771 1185 1011 1240 namque
1041 1169 1247 1239 pariter
1276 1167 1636 1222 laudavcrunt
1664 1165 1954 1222 consilium
1992 1165 2117 1232 hoc,

521 1264 666 1336 quod
693 1272 747 1318 et
773 1263 1066 1316 honestum
1096 1268 1215 1316 erat
1238 1260 1304 1314 ad
1340 1259 1673 1313 faciendum.
1711 1255 1908 1313 Postea
1939 1256 2122 1313 senio-

519 1370 609 1409 res
631 1354 806 1409 nostri
829 1352 1209 1424 unusquisque
1233 1350 1513 1422 profectus
1535 1360 1618 1405 est
1633 1350 1687 1404 in
1714 1359 1912 1404 terram
1938 1364 2120 1415 suam,

489 1449 492 1452 ’
517 1445 771 1501 videlicet
793 1445 850 1498 in
867 1444 1115 1500 civitates
1145 1449 1200 1498 et
1223 1443 1277 1496 in
1307 1442 1549 1508 castella,
1573 1455 1748 1510 usque
1769 1441 1898 1495 dum
1921 1455 2122 1511 appro-

485 1543 490 1548 '
521 1538 844 1609 pinqnassct
877 1537 968 1592 ille
992 1535 1284 1592 terminus.
1311 1533 1688 1604 Feceruntque
1717 1547 1912 1588 omnes
1938 1531 2124 1588 senio-

522 1643 614 1684 res
630 1626 931 1698 przeconari
957 1641 1056 1697 per
1081 1626 1280 1680 urbem
1297 1625 1633 1689 universam,
1660 1631 1719 1678 ut
1747 1623 1794 1679 si
1815 1624 1942 1694 quis
1957 1639 2123 1695 egens

521 1730 669 1776 esset
701 1720 832 1786 illic,
867 1720 963 1791 qui
993 1734 1130 1774 auro
1162 1718 1249 1772 vel
1276 1727 1506 1790 argento
1536 1717 1934 1787 aliquantulum
1967 1730 2118 1772 care-

2220 543 2502 606 cmpcrunt
2523 535 2645 590 illos
2676 550 2802 591 cum
2845 534 3090 590 maximo
3131 533 3368 589 tumultu
3396 533 3715 596 invadereh‘a

2218 627 2441 682 mirum.
2467 625 2709 683 Victoria
2728 628 2876 683 enim
2909 628 3018 682 illis
3055 625 3400 683 ministrabat
3421 628 3567 684 vires.
3591 629 3715 701 ibique

2217 732 2343 774 cum
2377 719 2564 775 multis
2599 719 2745 785 aliis,
2768 719 2864 790 qui
2899 717 3012 772 Deo
3051 717 3283 773 feliciter
3310 715 3510 773 animas
3538 721 3716 776 reddide-

2218 821 2370 880 runt,
2404 827 2503 882 pro
2529 811 2690 881 cujus
2713 825 2904 866 amore
2933 810 3043 865 illic
3068 810 3384 882 congregati
3417 809 3620 874 fuerunt,
3637 815 3720 883 qui-

2219 902 2346 957 dam
2369 903 2614 974 optimus
2650 903 2812 958 miles
2847 903 3120 958 Arnaldus
3145 900 3472 957 Tudebodus
3492 902 3724 959 interfeci:

2219 991 2343 1048 fuit.
2374 993 2606 1049 Peracto
2654 995 2840 1065 itaque
2893 993 3057 1060 bello,
3088 993 3298 1049 r;versi
3350 1001 3470 1047 sunt
3489 995 3722 1064 nostri,qui

2220 1089 2330 1144 vivi
2359 1097 2764 1156 remanserunt,
2793 1088 2849 1143 in
2888 1103 3050 1144 suum
3081 1095 3326 1142 castrum
3356 1103 3371 1140 :
3399 1085 3563 1156 ibique
3592 1089 3722 1139 monti

2221 1190 2352 1239 sunt
2379 1197 2477 1252 per
2525 1182 2741 1253 aliquos
2781 1181 2920 1237 dies.
2973 1179 3082 1235 Alii
3114 1195 3272 1247 vero,
3320 1178 3416 1250 qui
3443 1179 3494 1233 in
3518 1179 3722 1232 Antiochi:

2221 1277 2441 1332 civitate
2489 1283 2894 1340 remanserant,
2947 1273 3255 1329 maximum
3304 1272 3543 1343 gaudium
3578 1271 3726 1324 etuti-

2223 1370 2355 1426 tiam
2404 1368 2701 1437 habebant,
2744 1367 2876 1437 quia
2928 1365 3035 1422 hoc
3086 1363 3392 1436 contigisse
3438 1363 3540 1418 suis
3578 1363 3724 1432 ignora—

2222 1461 2375 1517 bant.

2224 1614 2330 1671 Hic
2365 1615 2496 1670 obiit
2532 1613 2682 1670 bona:
2724 1611 2995 1668 memoria:
3021 1610 3327 1665 Ademarus
3371 1607 3623 1664 Podicnsis
3655 1609 3724 1676 qi-

2919 1699 3132 1753 scapus.

523 1819 629 1878 ret,
670 1819 725 1866 et
763 1810 1180 1865 conventionem
1221 1824 1347 1864 cum
1391 1809 1499 1864 illis
1543 1809 1788 1879 recipere
1829 1808 2115 1875 voluisset,
2151 1819 2196 1878 Β
2293 1818 2503 1876 [mel-ea
2535 1819 2841 1876 Ademarus
2878 1816 3168 1874 Podicnsis
3200 1817 3510 1887 episcopus,
3535 1813 3724 1883 Patcrpvr

524 1920 638 1959 non
693 1903 1000 1974 pigraretur
1045 1902 1276 1957 ﬁdeliter
1316 1917 1620 1970 remanere,
1665 1903 1793 1973 quia
1823 1901 1926 1972 ipsi
1974 1900 2120 1972 quod

523 2002 858 2051 conventum
898 2001 1043 2048 esset
1077 1993 1268 2047 libenti
1298 1993 1484 2047 animo
1514 1993 1727 2048 darent.
1769 1991 1901 2048 Erat
1939 2001 2121 2048 autem

525 2085 599 2142 ibi
625 2085 848 2156 quidam
875 2086 1032 2140 miles
1057 2085 1124 2139 de
1147 2084 1385 2140 exercitu
1415 2083 1706 2140 Raimundi
1743 2084 1961 2140 comitis
1981 2083 2111 2140 San-

523 2179 596 2235 cti
624 2177 852 2250 Egidii,
897 2177 985 2234 cui
1013 2192 1213 2233 nomen
1241 2176 1588 2232 Raimundus
1617 2175 1823 2232 Piletns
1855 2185 1991 2232 erat.
2025 2174 2126 2233 llic

523 2285 744 2341 quoque
779 2270 936 2325 miles
964 2270 1164 2325 multos
1191 2269 1418 2324 retinuit
1439 2285 1625 2325 secum
1658 2269 1859 2325 milites
1876 2278 1932 2325 et
1950 2269 2123 2324 clien-

523 2371 628 2417 tes.
668 2360 937 2432 Egressus
961 2373 1092 2432 ergo
1119 2369 1202 2416 est
1225 2375 1352 2416 cum
1381 2360 1461 2415 eis
1487 2361 1554 2416 de
1577 2361 1816 2428 civitate,
1838 2369 1893 2416 et
1913 2359 1970 2414 in
1995 2357 2125 2414 Sar-

523 2467 850 2508 racenorum
881 2460 1086 2506 terram
1110 2451 1378 2519 introivit,
1411 2451 1665 2506 videlicet
1703 2451 1849 2506 ultra
1877 2451 2018 2506 duas
2042 2449 2124 2506 ci-

521 2545 722 2600 vitates
765 2558 1106 2615 paganorum
1151 2561 1166 2598 :
1205 2551 1260 2600 et
1293 2543 1540 2614 pervenit
1593 2544 1662 2600 ad
1707 2543 1982 2614 quoddam
2032 2556 2127 2599 ca-

525 2660 728 2718 strum,
775 2647 862 2704 cui
901 2663 1100 2704 nomen
1135 2656 1254 2703 erat
1282 2646 1643 2703 Talemanite.
1678 2647 1839 2715 Quod
1879 2655 2124 2703 castrum

525 2740 673 2798 illius
703 2741 1062 2808 habitatores,
1091 2739 1300 2795 scilicet
1329 2738 1572 2806 Suriani,
1601 2739 1955 2794 reddiderunt
1979 2738 2050 2794 ei.

794 2854 900 2910 Hic
930 2863 1215 2926 superatur
1251 2854 1586 2908 Raimundus
1625 2853 1852 2910 Piletus.

601 2948 850 3020 Cumque
875 2949 1076 3004 morati
1106 2947 1342 3004 fuissent
1380 2948 1453 3003 ibi
1490 2964 1586 3018 per
1615 2957 1740 3004 octo
1773 2948 1914 3016 dies,
1945 2947 2124 3003 nuntii

527 3051 798 3098 venerunt
824 3042 892 3097 ad
921 3057 1070 3109 cum,
1101 3042 1346 3098 dicentes
1369 3041 1633 3113 quoniam
1677 3041 1790 3096 illic
1815 3056 1986 3112 prope
2007 3050 2126 3100 erat

527 3143 772 3191 castrum
802 3133 1232 3190 Sarracenorum
1283 3133 1503 3204 plenum
1556 3143 1712 3204 gente
1759 3148 2118 3210 paganorum.

2226 1914 2412 1968 omnia
2435 1913 2802 1979 venerandus,
2843 1927 2909 1967 ac
2952 1910 3066 1967 Deo
3115 1911 3343 1981 dignus,
3391 1908 3528 1980 gravi
3557 1908 3726 1961 inuide-

2225 2006 2351 2061 dine
2380 2014 2690 2077 praeventus
2723 2013 2827 2073 est,
2851 2012 2906 2060 et
2935 2020 3002 2059 ex
3034 2002 3132 2058 Dei
3159 2003 3446 2057 voluntate
3473 2001 3670 2072 migravit
3688 2001 3726 2051 ah

2227 2099 2332 2156 hoc
2357 2099 2578 2166 saeculo,
2623 2107 2677 2153 et
2725 2099 2780 2153 in
2823 2113 2958 2170 pace
3001 2098 3364 2168 requiescens
3399 2092 3668 2150 obdormivit
3697 2109 3725 2144 ιη

2227 2191 2462 2247 Domino
2496 2191 2551 2245 in
2598 2190 2833 2246 Abrahae
2880 2189 3134 2245 videlicet
3182 2189 3338 2255 sinu,
3374 2195 3427 2243 et
3461 2183 3728 2252 lsaac,eth-

2227 2285 2351 2351 cob,
2377 2294 2430 2340 et
2456 2285 2510 2339 in
2542 2284 2717 2340 sancti
2747 2283 2890 2338 Petri
2924 2298 2957 2338 a
2980 2281 3237 2338 Vinculis
3265 2281 3600 2338 solemnitate.
3619 2278 3727 2346 Cujus

2227 2379 2575 2435 sanctissima
2612 2379 2794 2433 anima
2827 2378 3069 2433 exsultat
3093 2393 3222 2433 cum
3265 2376 3489 2448 angelis.
3519 2373 3638 2430 Unde
3658 2388 3726 2424 ma-

2227 2472 2375 2528 xima
2407 2472 2659 2544 angustia
2683 2480 2738 2526 et
2766 2471 3068 2538 tribulatio,
3115 2479 3290 2541 atque
3337 2470 3605 2550 immensus
3633 2465 3728 2518 dole:

2226 2567 2332 2623 fuit
2359 2567 2413 2622 in
2437 2576 2550 2623 tota
2575 2566 2792 2633 militia,
2826 2566 2956 2636 quia
2985 2566 3075 2620 ille
3100 2575 3220 2620 erat
3268 2572 3581 2620 sustentator
3597 2573 3726 2631 paupe-

2165 2735 2168 2738 .
2226 2676 2373 2728 rum,
2413 2669 2469 2716 et
2497 2660 2787 2716 consilium
2829 2659 3086 2725 divitum,
3119 2657 3355 2728 ipseque
3395 2653 3638 2710 ordinabat
3665 2650 3728 2702 dc-

2225 2753 2394 2821 ricos,
2425 2761 2480 2808 et
2503 2751 2842 2823 praedicabat
2870 2760 2923 2806 et
2963 2749 3341 2806 submonebat
3363 2746 3562 2810 milites,
3586 2742 3726 2797 diam:

2233 2864 2252 2898 ι
2282 2844 2555 2914 Quoniam
2582 2861 2648 2901 ex
2676 2844 2834 2899 vobis
2882 2859 3046 2898 nemo
3078 2842 3270 2898 salvus
3317 2840 3434 2896 fieri
3477 2845 3636 2909 potest,
3665 2832 3727 2886 nisi

2227 2937 2552 2994 honorificet
2575 2953 2844 3008 pauperes
2875 2937 3146 2992 clericos:
3190 2949 3409 3006 vosque
3450 2947 3546 2988 non
3581 2926 3728 3001 potestis

2226 3031 2427 3088 salvari
2451 3031 2569 3088 sine
2592 3030 2722 3098 illis,
2761 3040 2815 3085 et
2845 3029 2920 3084 illi
2959 3030 3078 3085 sine
3107 3028 3273 3085 vobis
3311 3030 3488 3082 vivere
3524 3031 3726 3092 nequeunt

2226 3120 2452 3193 Oportet
2484 3135 2636 3193 ergo,
2664 3128 2723 3175 ut
2755 3119 2858 3191 ipsi
2895 3118 3215 3190 quotidiana
3262 3117 3507 3172 oratione
3529 3113 3655 3168 Deum
3671 3123 3729 3180 pro

528 3227 610 3282 Ad
634 3227 740 3282 hoc
791 3243 922 3284 vero
951 3235 1194 3282 castrum
1224 3187 1485 3281 colntinuo
1515 3187 1719 3281 milites
1751 3187 1953 3280 Christi
2000 3207 2124 3295 per—
2150 3187 2193 3246 Ο
2225 3212 2426 3270 vestris
2452 3213 2667 3269 ἀεὶίθιίε
2712 3211 3100 3283 deprecemur,
3138 3227 3312 3281 quem
3351 3226 3448 3264 V05
3477 3202 3728 3264 θίῖεηάίίίείθ

529 3328 812 3387 rexerunt,
843 3329 896 3375 et
923 3319 1166 3390 undique
1190 3319 1529 3373 invaserunt.
1573 3315 1729 3385 Quod
1759 3317 2022 3372 continuo
2055 3315 2126 3372 ab

530 3413 640 3468 illis
675 3421 894 3482 captum
945 3411 1069 3480 fuit,
1120 3410 1216 3467 Dei
1262 3410 1536 3481 adjutorio
1577 3422 1631 3466 et
1657 3411 1843 3466 sancti
1866 3409 2123 3482 sepulcri.

527 3505 1022 3576 Apprehenderunt
1067 3505 1236 3576 igitur
1299 3519 1492 3560 omnes
1539 3519 1782 3575 paganos
1821 3503 1964 3560 illos.
2021 3502 2128 3572 Qui

528 3595 1005 3652 Christianitatem
1035 3596 1278 3668 recipere
1305 3596 1564 3652 volebant
1588 3606 1644 3652 et
1664 3605 1919 3654 sanctum
1942 3597 2125 3669 bapti-

531 3704 711 3744 smum
751 3673 1160 3758 desiderabant,
1207 3690 1606 3746 conservabant
1637 3690 1825 3758 vivos;
1865 3691 1989 3746 illos
2030 3691 2125 3762 qui

529 3780 1000 3838 Christianitatem
1031 3797 1380 3864 nequaquam
1415 3783 1655 3854 recipere
1679 3783 1956 3851 volebant,
1988 3799 2122 3840 con-

532 3871 714 3928 festim
747 3874 1036 3944 capitalem
1077 3876 1160 3930 eis
1199 3875 1528 3932 sententiam
1572 3875 1972 3946 prmparabant.
2017 3873 2124 3932 Re‘
2163 3933 2166 3938 ,

532 3963 677 4017 versi
714 3973 843 4018 sunt
872 3965 1056 4036 itaque
1077 3967 1249 4021 nostri
1284 3981 1412 4021 cum
1442 3981 1641 4037 magno
1663 3966 1862 4037 gaudio
1880 3967 1948 4022 ad
1975 3967 2130 4037 prius

535 4061 800 4108 castrum.
840 4053 1024 4110 Tertia
1070 4071 1200 4112 vero
1228 4055 1317 4111 die
1358 4056 1630 4124 exierunt,
1674 4066 1727 4112 et
1755 4065 2026 4112 venerunt
2060 4055 2129 4111 ad

536 4144 830 4213 quamdam
882 4147 1180 4214 civitatem,
1237 4148 1326 4202 cui
1373 4162 1573 4203 nomen
1617 4145 1822 4214 Marra,
1864 4162 1988 4218 qua:
2019 4147 2131 4202 illic

535 4245 655 4290 erat
675 4252 844 4307 prope
873 4239 1016 4294 illos.
1049 4238 1107 4293 In
1137 4254 1246 4310 qua
1297 4249 1456 4295 erant
1503 4239 1661 4295 multi
1691 4237 1855 4294 Turci
1896 4254 2128 4310 congre-

537 4327 670 4398 gati,
699 4327 929 4398 Arabes,
957 4339 1012 4386 et
1049 4329 1357 4391 Sarraceni.
1400 4340 1456 4387 et
1497 4331 1588 4386 alii
1629 4330 1827 4403 pagani
1853 4332 1924 4387 ab
1960 4311 2160 4403 Alcph'

538 4420 778 4490 civitate,
815 4431 870 4478 et
893 4422 1182 4491 Damasco,
1211 4434 1266 4480 et
1312 4425 1384 4480 ab
1413 4424 1536 4480 aliis
1564 4425 1784 4492 castris,
1831 4441 1954 4496 quae
1983 4426 2128 4482 circa

2227 3305 2437 3372 multis,
2492 3305 2639 3375 quod
2701 3320 2987 3376 nunquam
3033 3303 3150 3359 ﬁeri
3219 3303 3501 3358 debuerat.
3545 3297 3730 3363 Vobiqu

2228 3406 2445 3469 oportet
2492 3397 2618 3452 illos
2648 3412 2839 3468 regere
2883 3405 2939 3450 et
2971 3396 3206 3463 nutrire,
3268 3397 3402 3467 quia
3449 3393 3518 3448 illi
3563 3388 3729 3445 nescium

2227 3491 2567 3563 perquirere,
2614 3504 2792 3560 neque
2842 3489 3110 3556 invenire,
3171 3489 3324 3544 sicut
3359 3503 3457 3543 vos
3497 3484 3634 3541 scitis.
3662 3477 3729 3547 Εεο

2228 3597 2364 3656 rogo
2386 3597 2505 3650 vos,
2534 3590 2592 3637 ut
2617 3597 2717 3653 pro
2741 3581 2838 3637 Dei
2867 3597 3056 3637 amore
3083 3596 3181 3637 eos
3207 3581 3474 3653 diligatis,
3498 3579 3602 3634 etin
3619 3588 3730 3645 qun-

2232 3684 2350 3732 tum
2375 3675 2608 3746 potestis
2637 3689 2734 3730 eos
2764 3673 3107 3730 sustineatis.
3149 3691 3170 3726 ι

2512 3830 2787 3899 Quomodo
2809 3840 2968 3902 capta
2997 3839 3075 3886 est
3107 3829 3318 3885 Albam
3347 3830 3541 3916 civitas.

2301 3960 2420 4018 Non
2446 3971 2573 4033 post
2619 3963 2854 4019 multum
2894 3978 3025 4019 vero
3060 3963 3334 4033 temporis
3363 3959 3653 4018 Raimundus
3672 3966 3728 4005 τεο

2231 4056 2492 4112 nerabilis
2516 4071 2703 4113 comes
2727 4055 2915 4112 Sancti
2950 4055 3160 4128 Egidii
3180 4057 3238 4111 in
3272 4055 3651 4112 Sarracenorum
3664 4057 3729 4099 ια·

2232 4165 2351 4204 ram
2380 4149 2644 4217 introivit,
2688 4157 2744 4205 et
2789 4150 3037 4220 pervenit
3075 4149 3144 4206 ad
3173 4149 3475 4221 quamdam
3520 4146 3728 4204 civitatem.

2233 4256 2357 4310 qua:
2381 4250 2608 4296 vocatur
2655 4241 2902 4309 Albara;
2945 4257 3113 4313 quam
3164 4241 3372 4300 invasit
3423 4257 3523 4296 una
3563 4245 3728 4293 ωιιιςιο

2233 4333 2498 4400 exercitu,
2521 4349 2754 4405 eamque
2778 4332 2873 4390 Dei
2909 4335 3190 4390 voluntate
3209 4334 3568 4407 apprehendit,
3601 4339 3640 4384 et
3669 4340 3726 4379 α’·

2234 4422 2369 4478 cidit
2396 4438 2589 4480 omnes
2629 4424 2985 4492 Sarracenos,
3027 4427 3239 4482 scilicet
3281 4417 3726 4484 masculosetiemi-

459 4589 464 4594 α
539 4511 688 4566 illam
725 4523 904 4570 erant.
961 4513 1226 4571 Exierunt
1259 4530 1392 4588 ergo
1429 4515 1648 4585 barbari
1677 4525 1868 4571 contra
1910 4517 2032 4572 illos
2058 4516 2126 4572 ad
2163 4547 2207 4603 ι)
2236 4530 2358 4582 nas,
2410 4515 2650 4585 majores
2673 4525 2729 4571 et
2774 4517 3034 4585 minores,
3066 4535 3207 4590 quos
3249 4520 3329 4575 ibi
3359 4518 3571 4590 reperire
3597 4511 3724 4584 potuit

537 4605 810 4676 praelium,
855 4607 1142 4678 nostrique
1194 4609 1531 4666 aestimantes
1572 4625 1699 4665 cum
1741 4609 1849 4664 illis
1871 4599 2194 4682 praeliari,g—
2233 4605 2411 4673 Quam
2437 4616 2728 4678 postquam
2759 4624 2860 4664 suo
2901 4611 3169 4667 continuo
3220 4611 3428 4682 recepit
3469 4605 3665 4678 imperio,
3685 4599 3725 4652 34

539 4697 726 4752 statim
755 4697 861 4768 ipsi
883 4697 1070 4770 fugere
1115 4709 1420 4770 coeperunt,
1448 4708 1503 4756 et
1544 4701 1742 4757 iterum
1774 4701 2001 4768 reversi,
2033 4717 2131 4772 per

539 4796 715 4844 totum
742 4788 885 4844 diem
915 4805 1041 4845 cum
1087 4791 1290 4847 nostris
1321 4791 1548 4862 praeliati
1578 4801 1709 4848 sunt
1731 4808 1904 4864 usque
1934 4793 2004 4849 ad
2032 4809 2128 4849 ve-

461 4891 464 4894 ’
539 4895 777 4951 speram.
815 4880 1066 4954 Cumque
1085 4883 1260 4939 nostri
1286 4883 1401 4955 jam
1433 4894 1652 4956 propter
1686 4885 1917 4941 nimium
1935 4896 2128 4942 aestum

539 4972 682 5030 ferre
710 4983 918 5032 tantam
953 4977 1100 5033 sitim
1130 4979 1525 5050 nequivissent,
1553 4980 1680 5051 quia
1704 4981 1887 5037 nullus
1910 4982 1984 5038 ibi
2007 4980 2132 5037 fons

538 5066 607 5122 ad
636 5065 759 5124 illos
804 5057 1128 5128 reficiendos
1174 5071 1405 5128 inveniri
1443 5081 1677 5144 poterat,
1723 5075 2019 5132 voluerunt
2058 5075 2128 5132 ad

540 5171 702 5213 suum
725 5168 968 5216 castrum
989 5163 1167 5220 redire
1196 5178 1408 5235 secure,
1432 5167 1527 5223 sed
1549 5183 1657 5223 non
1681 5177 1995 5239 potuerunt.
2021 5152 2157 5238 Pro:

540 5247 762 5304 illorum
788 5252 935 5307 enim
985 5256 1227 5325 peccatis
1277 5258 1390 5314 sive
1439 5258 1861 5328 offensionibus,
1906 5259 2150 5328 Suriani,

541 5348 596 5395 et
621 5356 756 5413 gens
783 5343 994 5400 minuta
1023 5348 1153 5404 hinc
1173 5350 1412 5407 maxima
1435 5351 1549 5420 siti,
1580 5351 1710 5408 hinc
1731 5353 1904 5408 nimio
1923 5369 2129 5424 pavore

455 5431 468 5516 γ’
542 5431 836 5503 perterriti,
865 5434 1048 5492 statim
1076 5449 1362 5510 cmpcrunt
1382 5439 1644 5514 fugiendo
1672 5440 1742 5499 ad
1765 5456 1930 5499 suum
1949 5444 2127 5501 redire

2232 4697 2439 4754 Christi
2463 4701 2742 4756 revocavit
2768 4700 2967 4770 iidem;
3007 4704 3285 4774 cmpitque
3329 4701 3580 4773 inquirere
3607 4689 3725 4750 consi-

2231 4791 2366 4846 lium
2389 4791 2506 4848 suis
2529 4793 2954 4863 sapientissimis
2979 4795 3136 4864 viris,
3189 4805 3250 4851 ut
3289 4797 3578 4867 episcopum
3605 4789 3644 4842 in
3662 4785 3724 4838 11³(

2234 4883 2453 4939 civitate
2482 4883 2840 4941 devotissime
2885 4885 3130 4959 eligeret,
3155 4890 3251 4959 qui
3296 4889 3444 4944 illam
3480 4886 3540 4940 ad
3565 4881 3632 4935 Dei
3651 4874 3724 4931 θυι·

2234 4985 2350 5032 tum
2373 4978 2606 5034 fideliter
2631 4989 2995 5048 converteret,
3028 4989 3082 5038 et
3109 4982 3178 5037 de
3204 4982 3371 5037 domo
3399 4978 3721 5035 diabolme

2231 5071 2383 5142 plum
2423 5070 2531 5127 Deo
2554 5073 2681 5128 vivo
2711 5081 2767 5129 et
2791 5089 2943 5141 vero,
2976 5083 3031 5131 et
3058 5075 3285 5132 oraculo
3316 5091 3452 5147 paro
3489 5069 3720 5128 corde“?

2231 5173 2444 5220 ctorum
2477 5176 2844 5222 consecraret.
2889 5166 3084 5224 Postea
3118 5168 3282 5240 elegit
3325 5166 3584 5239 quemdam
3617 5152 3718 5214 deli"

2230 5271 2380 5324 cum,
2417 5273 2580 5329 quem
2623 5260 2678 5314 in
2724 5259 3020 5318 Antiochia
3065 5261 3285 5319 civitate
3315 5262 3465 5318 duxit
3497 5256 3554 5313 ad
3595 5259 3717 5307 0ωὲ

2231 5352 2520 5418 crandum,
2550 5354 2645 5425 qni
2668 5362 2856 5425 postea
2896 5356 3117 5412 tenebat
3157 5357 3389 5414 consilia
3425 5354 3478 5412 in
3517 5340 3715 5407 loco“?

2231 5443 2374 5500 mari
2408 5443 2695 5505 Podicnsis
2722 5447 2985 5521 episcopi.

2007 5647 2328 5672 ——_—-
