  <div class='ocr_page' id='page_1' title='image "/cluster/home/n/w/nwhite01/storage/ocr_20150623/155/hvd.32044015473838/408.png"; bbox 0 0 3804 6312; ppageno 0'>
   <div class='ocr_carea' id='block_1_1' title="bbox 92 337 186 419">
    <p class='ocr_par' dir='ltr' id='par_1_1' title="bbox 92 337 186 419">
     <span class='ocr_line' id='line_1_1' title="bbox 92 337 186 419; baseline 0.011 -1"><span class='ocrx_word' id='word_1_1' title='bbox 92 337 186 419; x_wconf 63' lang='lat'><strong>5‘05</strong></span> 
     </span>
    </p>
   </div>
   <div class='ocr_carea' id='block_1_2' title="bbox 833 347 2624 415">
    <p class='ocr_par' dir='ltr' id='par_1_2' title="bbox 833 347 2624 415">
     <span class='ocr_line' id='line_1_2' title="bbox 833 347 2624 415; baseline -0.001 -1"><span class='ocrx_word' id='word_1_2' title='bbox 833 357 896 414; x_wconf 83' lang='lat' dir='ltr'><strong>P.</strong></span> <span class='ocrx_word' id='word_1_3' title='bbox 931 355 1277 415; x_wconf 81' lang='lat' dir='ltr'><strong>TUDEBODI</strong></span> <span class='ocrx_word' id='word_1_4' title='bbox 1316 347 1499 412; x_wconf 74' lang='lat' dir='ltr'><strong>HlST.</strong></span> <span class='ocrx_word' id='word_1_5' title='bbox 1539 353 1630 410; x_wconf 82' lang='lat' dir='ltr'><strong>DE</strong></span> <span class='ocrx_word' id='word_1_6' title='bbox 1669 351 2038 413; x_wconf 79' lang='lat' dir='ltr'><strong>HlEROSOL.</strong></span> <span class='ocrx_word' id='word_1_7' title='bbox 2079 355 2240 411; x_wconf 76' lang='lat' dir='ltr'><strong>lTlN.</strong></span> <span class='ocrx_word' id='word_1_8' title='bbox 2279 387 2348 396; x_wconf 85' lang='lat'><strong>-—</strong></span> <span class='ocrx_word' id='word_1_9' title='bbox 2389 356 2624 414; x_wconf 55' lang='grc' dir='ltr'><strong>ΜΒΝ.</strong></span> 
     </span>
    </p>
   </div>
   <div class='ocr_carea' id='block_1_3' title="bbox 101 496 3374 528">
    <p class='ocr_par' dir='ltr' id='par_1_3' title="bbox 101 496 3374 528">
     <span class='ocr_line' id='line_1_3' title="bbox 101 496 3374 528; baseline 0.003 -8"><span class='ocrx_word' id='word_1_10' title='bbox 101 496 3374 528; x_wconf 56' lang='lat' dir='ltr'><strong>WmW—w</strong></span> 
     </span>
    </p>
   </div>
   <div class='ocr_carea' id='block_1_4' title="bbox 971 657 2535 760">
    <p class='ocr_par' dir='ltr' id='par_1_4' title="bbox 971 657 2535 760">
     <span class='ocr_line' id='line_1_4' title="bbox 971 657 2535 760; baseline 0 -8"><span class='ocrx_word' id='word_1_11' title='bbox 971 661 1442 754; x_wconf 88' lang='lat' dir='ltr'><strong>INCIPIT</strong></span> <span class='ocrx_word' id='word_1_12' title='bbox 1513 657 1879 750; x_wconf 80' lang='lat' dir='ltr'><strong>LIBER</strong></span> <span class='ocrx_word' id='word_1_13' title='bbox 1949 659 2535 760; x_wconf 78' lang='lat' dir='ltr'><strong>QUINTUS.</strong></span> 
     </span>
    </p>
   </div>
   <div class='ocr_carea' id='block_1_5' title="bbox 549 847 1226 918">
    <p class='ocr_par' dir='ltr' id='par_1_5' title="bbox 549 847 1226 918">
     <span class='ocr_line' id='line_1_5' title="bbox 549 847 1226 918; baseline -0.006 0"><span class='ocrx_word' id='word_1_14' title='bbox 549 861 627 918; x_wconf 86' lang='lat' dir='ltr'><strong>De</strong></span> <span class='ocrx_word' id='word_1_15' title='bbox 654 864 839 918; x_wconf 79' lang='lat' dir='ltr'><strong>itinere</strong></span> <span class='ocrx_word' id='word_1_16' title='bbox 865 847 1226 916; x_wconf 69' lang='lat' dir='ltr'><strong>Hierusalem.</strong></span> 
     </span>
    </p>
   </div>
   <div class='ocr_carea' id='block_1_6' title="bbox 81 1039 1685 1123">
    <p class='ocr_par' dir='ltr' id='par_1_6' title="bbox 81 1039 1685 1123">
     <span class='ocr_line' id='line_1_6' title="bbox 81 1039 1685 1123; baseline -0.009 -16"><span class='ocrx_word' id='word_1_17' title='bbox 81 1059 273 1123; x_wconf 84' lang='lat' dir='ltr'><strong>quante</strong></span> <span class='ocrx_word' id='word_1_18' title='bbox 310 1048 589 1114; x_wconf 89' lang='lat' dir='ltr'><strong>termino,</strong></span> <span class='ocrx_word' id='word_1_19' title='bbox 632 1047 886 1103; x_wconf 76' lang='lat' dir='ltr'><strong>videlicet</strong></span> <span class='ocrx_word' id='word_1_20' title='bbox 927 1043 1187 1100; x_wconf 84' lang='lat' dir='ltr'><strong>Omnium</strong></span> <span class='ocrx_word' id='word_1_21' title='bbox 1235 1042 1568 1098; x_wconf 89' lang='lat' dir='ltr'><strong>Sanctorum</strong></span> <span class='ocrx_word' id='word_1_22' title='bbox 1609 1039 1685 1094; x_wconf 75' lang='lat' dir='ltr'><strong>fe-</strong></span> 
     </span>
    </p>
   </div>
   <div class='ocr_carea' id='block_1_7' title="bbox 82 1133 1682 1212">
    <p class='ocr_par' dir='ltr' id='par_1_7' title="bbox 82 1133 1682 1212">
     <span class='ocr_line' id='line_1_7' title="bbox 82 1133 1682 1212; baseline -0.009 -12"><span class='ocrx_word' id='word_1_23' title='bbox 82 1143 330 1209; x_wconf 76' lang='lat' dir='ltr'><strong>stivitate,</strong></span> <span class='ocrx_word' id='word_1_24' title='bbox 356 1140 610 1212; x_wconf 77' lang='lat' dir='ltr'><strong>regressi</strong></span> <span class='ocrx_word' id='word_1_25' title='bbox 639 1149 768 1196; x_wconf 90' lang='lat' dir='ltr'><strong>sunt</strong></span> <span class='ocrx_word' id='word_1_26' title='bbox 795 1139 972 1195; x_wconf 90' lang='lat' dir='ltr'><strong>nostri</strong></span> <span class='ocrx_word' id='word_1_27' title='bbox 1019 1137 1268 1193; x_wconf 81' lang='lat' dir='ltr'><strong>seniores</strong></span> <span class='ocrx_word' id='word_1_28' title='bbox 1304 1135 1359 1189; x_wconf 93' lang='lat' dir='ltr'><strong>in</strong></span> <span class='ocrx_word' id='word_1_29' title='bbox 1409 1133 1682 1189; x_wconf 88' lang='lat' dir='ltr'><strong>civitatem</strong></span> 
     </span>
    </p>
   </div>
   <div class='ocr_carea' id='block_1_8' title="bbox 83 1223 1682 1304">
    <p class='ocr_par' dir='ltr' id='par_1_8' title="bbox 83 1223 1682 1304">
     <span class='ocr_line' id='line_1_8' title="bbox 83 1223 1682 1304; baseline -0.008 -13"><span class='ocrx_word' id='word_1_30' title='bbox 83 1234 396 1301; x_wconf 61' lang='lat' dir='ltr'><strong>Antiochiae,</strong></span> <span class='ocrx_word' id='word_1_31' title='bbox 425 1241 668 1304; x_wconf 80' lang='lat' dir='ltr'><strong>excepto</strong></span> <span class='ocrx_word' id='word_1_32' title='bbox 711 1231 1057 1297; x_wconf 84' lang='lat' dir='ltr'><strong>Boamundo,</strong></span> <span class='ocrx_word' id='word_1_33' title='bbox 1090 1228 1186 1300; x_wconf 87' lang='lat' dir='ltr'><strong>qui</strong></span> <span class='ocrx_word' id='word_1_34' title='bbox 1214 1235 1332 1284; x_wconf 89' lang='lat' dir='ltr'><strong>crat</strong></span> <span class='ocrx_word' id='word_1_35' title='bbox 1367 1227 1424 1282; x_wconf 91' lang='lat' dir='ltr'><strong>in</strong></span> <span class='ocrx_word' id='word_1_36' title='bbox 1477 1223 1682 1279; x_wconf 85' lang='lat' dir='ltr'><strong>Roma-</strong></span> 
     </span>
    </p>
   </div>
   <div class='ocr_carea' id='block_1_9' title="bbox 83 1315 1685 1406">
    <p class='ocr_par' dir='ltr' id='par_1_9' title="bbox 83 1315 1685 1406">
     <span class='ocr_line' id='line_1_9' title="bbox 83 1315 1685 1406; baseline -0.007 -24"><span class='ocrx_word' id='word_1_37' title='bbox 83 1327 179 1382; x_wconf 66' lang='lat' dir='ltr'><strong>niae</strong></span> <span class='ocrx_word' id='word_1_38' title='bbox 215 1324 476 1397; x_wconf 86' lang='lat' dir='ltr'><strong>partibus</strong></span> <span class='ocrx_word' id='word_1_39' title='bbox 519 1324 677 1396; x_wconf 82' lang='lat' dir='ltr'><strong>gravi</strong></span> <span class='ocrx_word' id='word_1_40' title='bbox 708 1323 1046 1406; x_wconf 70' lang='lat' dir='ltr'><strong>infirmitate</strong></span> <span class='ocrx_word' id='word_1_41' title='bbox 1091 1329 1396 1391; x_wconf 90' lang='lat' dir='ltr'><strong>correptus.</strong></span> <span class='ocrx_word' id='word_1_42' title='bbox 1442 1315 1685 1406; x_wconf 20' lang='lat' dir='ltr'><strong>Ideo‘ad</strong></span> 
     </span>
    </p>
   </div>
   <div class='ocr_carea' id='block_1_10' title="bbox 84 1403 1684 1474">
    <p class='ocr_par' dir='ltr' id='par_1_10' title="bbox 84 1403 1684 1474">
     <span class='ocr_line' id='line_1_10' title="bbox 84 1403 1684 1474; baseline -0.006 -2"><span class='ocrx_word' id='word_1_43' title='bbox 84 1417 322 1472; x_wconf 91' lang='lat' dir='ltr'><strong>eumdem</strong></span> <span class='ocrx_word' id='word_1_44' title='bbox 347 1416 663 1474; x_wconf 81' lang='lat' dir='ltr'><strong>terminum</strong></span> <span class='ocrx_word' id='word_1_45' title='bbox 682 1403 870 1470; x_wconf 77' lang='lat' dir='ltr'><strong>venire</strong></span> <span class='ocrx_word' id='word_1_46' title='bbox 891 1429 1002 1469; x_wconf 92' lang='lat' dir='ltr'><strong>non</strong></span> <span class='ocrx_word' id='word_1_47' title='bbox 1029 1413 1202 1468; x_wconf 87' lang='lat' dir='ltr'><strong>licuit.</strong></span> <span class='ocrx_word' id='word_1_48' title='bbox 1228 1412 1366 1466; x_wconf 84' lang='lat' dir='ltr'><strong>Cum</strong></span> <span class='ocrx_word' id='word_1_49' title='bbox 1395 1423 1527 1464; x_wconf 89' lang='lat' dir='ltr'><strong>vero</strong></span> <span class='ocrx_word' id='word_1_50' title='bbox 1554 1403 1684 1462; x_wconf 89' lang='lat' dir='ltr'><strong>illud</strong></span> 
     </span>
    </p>
   </div>
   <div class='ocr_carea' id='block_1_11' title="bbox 83 1499 1686 1576">
    <p class='ocr_par' dir='ltr' id='par_1_11' title="bbox 83 1499 1686 1576">
     <span class='ocr_line' id='line_1_11' title="bbox 83 1499 1686 1576; baseline -0.004 -15"><span class='ocrx_word' id='word_1_51' title='bbox 83 1515 285 1576; x_wconf 86' lang='lat' dir='ltr'><strong>tempus</strong></span> <span class='ocrx_word' id='word_1_52' title='bbox 331 1505 572 1560; x_wconf 77' lang='lat' dir='ltr'><strong>advenit</strong></span> <span class='ocrx_word' id='word_1_53' title='bbox 618 1505 673 1559; x_wconf 89' lang='lat' dir='ltr'><strong>in</strong></span> <span class='ocrx_word' id='word_1_54' title='bbox 736 1519 848 1575; x_wconf 92' lang='lat' dir='ltr'><strong>quo</strong></span> <span class='ocrx_word' id='word_1_55' title='bbox 902 1502 1124 1559; x_wconf 81' lang='lat' dir='ltr'><strong>militari</strong></span> <span class='ocrx_word' id='word_1_56' title='bbox 1174 1501 1373 1572; x_wconf 87' lang='lat' dir='ltr'><strong>potuit,</strong></span> <span class='ocrx_word' id='word_1_57' title='bbox 1422 1499 1686 1556; x_wconf 89' lang='lat' dir='ltr'><strong>continuo</strong></span> 
     </span>
    </p>
   </div>
   <div class='ocr_carea' id='block_1_12' title="bbox 85 1592 1682 1676">
    <p class='ocr_par' dir='ltr' id='par_1_12' title="bbox 85 1592 1682 1676">
     <span class='ocr_line' id='line_1_12' title="bbox 85 1592 1682 1676; baseline -0.005 -22"><span class='ocrx_word' id='word_1_58' title='bbox 85 1597 274 1654; x_wconf 78' lang='lat' dir='ltr'><strong>civitati</strong></span> <span class='ocrx_word' id='word_1_59' title='bbox 329 1597 678 1664; x_wconf 71' lang='lat' dir='ltr'><strong>Antiochiae,</strong></span> <span class='ocrx_word' id='word_1_60' title='bbox 731 1597 789 1676; x_wconf 88' lang='lat' dir='ltr'><strong>in</strong></span> <span class='ocrx_word' id='word_1_61' title='bbox 845 1613 955 1668; x_wconf 89' lang='lat' dir='ltr'><strong>qua</strong></span> <span class='ocrx_word' id='word_1_62' title='bbox 1003 1603 1163 1652; x_wconf 89' lang='lat' dir='ltr'><strong>erant</strong></span> <span class='ocrx_word' id='word_1_63' title='bbox 1209 1594 1300 1648; x_wconf 88' lang='lat' dir='ltr'><strong>alii</strong></span> <span class='ocrx_word' id='word_1_64' title='bbox 1345 1592 1682 1665; x_wconf 84' lang='lat' dir='ltr'><strong>congregati,</strong></span> 
     </span>
    </p>
   </div>
   <div class='ocr_carea' id='block_1_13' title="bbox 85 1685 1684 1759">
    <p class='ocr_par' dir='ltr' id='par_1_13' title="bbox 85 1685 1684 1759">
     <span class='ocr_line' id='line_1_13' title="bbox 85 1685 1684 1759; baseline -0.004 -11"><span class='ocrx_word' id='word_1_65' title='bbox 85 1693 184 1748; x_wconf 86' lang='lat' dir='ltr'><strong>cito</strong></span> <span class='ocrx_word' id='word_1_66' title='bbox 210 1691 457 1747; x_wconf 80' lang='lat' dir='ltr'><strong>advenit.</strong></span> <span class='ocrx_word' id='word_1_67' title='bbox 487 1691 702 1747; x_wconf 87' lang='lat' dir='ltr'><strong>Deinde</strong></span> <span class='ocrx_word' id='word_1_68' title='bbox 728 1706 922 1747; x_wconf 91' lang='lat' dir='ltr'><strong>omnes</strong></span> <span class='ocrx_word' id='word_1_69' title='bbox 956 1690 1204 1746; x_wconf 91' lang='lat' dir='ltr'><strong>seniores</strong></span> <span class='ocrx_word' id='word_1_70' title='bbox 1252 1687 1565 1759; x_wconf 80' lang='lat' dir='ltr'><strong>congregati</strong></span> <span class='ocrx_word' id='word_1_71' title='bbox 1594 1685 1684 1742; x_wconf 89' lang='lat' dir='ltr'><strong>in-</strong></span> 
     </span>
    </p>
   </div>
   <div class='ocr_carea' id='block_1_14' title="bbox 86 1776 1686 1855">
    <p class='ocr_par' dir='ltr' id='par_1_14' title="bbox 86 1776 1686 1855">
     <span class='ocr_line' id='line_1_14' title="bbox 86 1776 1686 1855; baseline -0.006 -14"><span class='ocrx_word' id='word_1_72' title='bbox 86 1785 254 1853; x_wconf 85' lang='lat' dir='ltr'><strong>simul,</strong></span> <span class='ocrx_word' id='word_1_73' title='bbox 294 1793 601 1855; x_wconf 74' lang='lat' dir='ltr'><strong>cmperunt</strong></span> <span class='ocrx_word' id='word_1_74' title='bbox 641 1784 921 1854; x_wconf 90' lang='lat' dir='ltr'><strong>inquirere</strong></span> <span class='ocrx_word' id='word_1_75' title='bbox 961 1781 1197 1853; x_wconf 85' lang='lat' dir='ltr'><strong>qualiter</strong></span> <span class='ocrx_word' id='word_1_76' title='bbox 1242 1779 1418 1836; x_wconf 84' lang='lat' dir='ltr'><strong>sancti</strong></span> <span class='ocrx_word' id='word_1_77' title='bbox 1449 1776 1686 1848; x_wconf 88' lang='lat' dir='ltr'><strong>sepulcri</strong></span> 
     </span>
    </p>
   </div>
   <div class='ocr_carea' id='block_1_15' title="bbox 85 1869 1684 1948">
    <p class='ocr_par' dir='ltr' id='par_1_15' title="bbox 85 1869 1684 1948">
     <span class='ocr_line' id='line_1_15' title="bbox 85 1869 1684 1948; baseline -0.004 -17"><span class='ocrx_word' id='word_1_78' title='bbox 85 1879 178 1932; x_wconf 85' lang='lat' dir='ltr'><strong>iter</strong></span> <span class='ocrx_word' id='word_1_79' title='bbox 204 1877 426 1932; x_wconf 89' lang='lat' dir='ltr'><strong>valeant</strong></span> <span class='ocrx_word' id='word_1_80' title='bbox 477 1891 768 1948; x_wconf 84' lang='lat' dir='ltr'><strong>peragere,</strong></span> <span class='ocrx_word' id='word_1_81' title='bbox 804 1875 1088 1931; x_wconf 89' lang='lat' dir='ltr'><strong>dicentes:</strong></span> <span class='ocrx_word' id='word_1_82' title='bbox 1128 1891 1146 1924; x_wconf 75' lang='grc' dir='ltr'>ι</span> <span class='ocrx_word' id='word_1_83' title='bbox 1181 1871 1446 1943; x_wconf 89' lang='lat' dir='ltr'><strong>quoniam</strong></span> <span class='ocrx_word' id='word_1_84' title='bbox 1478 1869 1684 1924; x_wconf 88' lang='lat' dir='ltr'><strong>bonum</strong></span> 
     </span>
    </p>
   </div>
   <div class='ocr_carea' id='block_1_16' title="bbox 89 1962 1678 2042">
    <p class='ocr_par' dir='ltr' id='par_1_16' title="bbox 89 1962 1678 2042">
     <span class='ocr_line' id='line_1_16' title="bbox 89 1962 1678 2042; baseline -0.007 -16"><span class='ocrx_word' id='word_1_85' title='bbox 89 1982 136 2040; x_wconf 84' lang='lat' dir='ltr'><strong>ct</strong></span> <span class='ocrx_word' id='word_1_86' title='bbox 155 1972 420 2042; x_wconf 89' lang='lat' dir='ltr'><strong>optimum</strong></span> <span class='ocrx_word' id='word_1_87' title='bbox 448 1979 678 2041; x_wconf 84' lang='lat' dir='ltr'><strong>tempus</strong></span> <span class='ocrx_word' id='word_1_88' title='bbox 708 1978 810 2025; x_wconf 91' lang='lat' dir='ltr'><strong>est.</strong></span> <span class='ocrx_word' id='word_1_89' title='bbox 845 1967 988 2035; x_wconf 89' lang='lat' dir='ltr'><strong>Quid</strong></span> <span class='ocrx_word' id='word_1_90' title='bbox 1017 1964 1310 2022; x_wconf 87' lang='lat' dir='ltr'><strong>moramini</strong></span> <span class='ocrx_word' id='word_1_91' title='bbox 1338 1962 1622 2035; x_wconf 87' lang='lat' dir='ltr'><strong>amplius?</strong></span> <span class='ocrx_word' id='word_1_92' title='bbox 1659 1981 1678 2014; x_wconf 74' lang='grc' dir='ltr'><strong>ι</strong></span> 
     </span>
    </p>
   </div>
   <div class='ocr_carea' id='block_1_17' title="bbox 89 2053 1682 2133">
    <p class='ocr_par' dir='ltr' id='par_1_17' title="bbox 89 2053 1682 2133">
     <span class='ocr_line' id='line_1_17' title="bbox 89 2053 1682 2133; baseline -0.004 -15"><span class='ocrx_word' id='word_1_93' title='bbox 89 2061 184 2118; x_wconf 88' lang='lat' dir='ltr'><strong>Sed</strong></span> <span class='ocrx_word' id='word_1_94' title='bbox 214 2061 585 2119; x_wconf 88' lang='lat' dir='ltr'><strong>Boamundus</strong></span> <span class='ocrx_word' id='word_1_95' title='bbox 637 2061 884 2133; x_wconf 80' lang='lat' dir='ltr'><strong>quotidie</strong></span> <span class='ocrx_word' id='word_1_96' title='bbox 930 2053 1351 2116; x_wconf 87' lang='lat' dir='ltr'><strong>conventionem</strong></span> <span class='ocrx_word' id='word_1_97' title='bbox 1380 2056 1682 2129; x_wconf 81' lang='lat' dir='ltr'><strong>quaerebat,</strong></span> 
     </span>
    </p>
   </div>
   <div class='ocr_carea' id='block_1_18' title="bbox 89 2149 1682 2227">
    <p class='ocr_par' dir='ltr' id='par_1_18' title="bbox 89 2149 1682 2227">
     <span class='ocr_line' id='line_1_18' title="bbox 89 2149 1682 2227; baseline -0.004 -17"><span class='ocrx_word' id='word_1_98' title='bbox 89 2171 237 2227; x_wconf 86' lang='lat' dir='ltr'><strong>quam</strong></span> <span class='ocrx_word' id='word_1_99' title='bbox 269 2169 469 2211; x_wconf 90' lang='lat' dir='ltr'><strong>omnes</strong></span> <span class='ocrx_word' id='word_1_100' title='bbox 519 2155 622 2209; x_wconf 84' lang='lat' dir='ltr'><strong>alii</strong></span> <span class='ocrx_word' id='word_1_101' title='bbox 669 2154 918 2210; x_wconf 90' lang='lat' dir='ltr'><strong>seniores</strong></span> <span class='ocrx_word' id='word_1_102' title='bbox 964 2152 1297 2218; x_wconf 88' lang='lat' dir='ltr'><strong>habuerunt,</strong></span> <span class='ocrx_word' id='word_1_103' title='bbox 1345 2149 1600 2206; x_wconf 83' lang='lat' dir='ltr'><strong>videlicet</strong></span> <span class='ocrx_word' id='word_1_104' title='bbox 1627 2150 1682 2205; x_wconf 91' lang='lat' dir='ltr'><strong>in</strong></span> 
     </span>
    </p>
   </div>
   <div class='ocr_carea' id='block_1_19' title="bbox 1715 851 3384 924">
    <p class='ocr_par' dir='ltr' id='par_1_19' title="bbox 1715 851 3384 924">
     <span class='ocr_line' id='line_1_19' title="bbox 1715 851 3384 924; baseline 0.011 -18"><span class='ocrx_word' id='word_1_105' title='bbox 1715 855 1759 912; x_wconf 86' lang='lat' dir='ltr'><strong>A</strong></span> <span class='ocrx_word' id='word_1_106' title='bbox 1788 851 1902 907; x_wconf 91' lang='lat' dir='ltr'><strong>lum</strong></span> <span class='ocrx_word' id='word_1_107' title='bbox 1928 851 2276 920; x_wconf 74' lang='lat' dir='ltr'><strong>aedificatum,</strong></span> <span class='ocrx_word' id='word_1_108' title='bbox 2308 855 2474 912; x_wconf 90' lang='lat' dir='ltr'><strong>nimis</strong></span> <span class='ocrx_word' id='word_1_109' title='bbox 2502 855 2640 914; x_wconf 84' lang='lat' dir='ltr'><strong>forte</strong></span> <span class='ocrx_word' id='word_1_110' title='bbox 2680 868 2736 915; x_wconf 90' lang='lat' dir='ltr'><strong>ct</strong></span> <span class='ocrx_word' id='word_1_111' title='bbox 2777 862 2934 919; x_wconf 86' lang='lat' dir='ltr'><strong>valde</strong></span> <span class='ocrx_word' id='word_1_112' title='bbox 2967 864 3160 920; x_wconf 86' lang='lat' dir='ltr'><strong>altum.</strong></span> <span class='ocrx_word' id='word_1_113' title='bbox 3213 866 3384 924; x_wconf 90' lang='lat' dir='ltr'><strong>Deor-</strong></span> 
     </span>
    </p>
   </div>
   <div class='ocr_carea' id='block_1_20' title="bbox 145 947 1734 1025">
    <p class='ocr_par' dir='ltr' id='par_1_20' title="bbox 145 947 1734 1025">
     <span class='ocr_line' id='line_1_20' title="bbox 145 947 1734 1025; baseline -0.008 -11"><span class='ocrx_word' id='word_1_114' title='bbox 145 957 300 1014; x_wconf 84' lang='lat' dir='ltr'><strong>Anno</strong></span> <span class='ocrx_word' id='word_1_115' title='bbox 356 954 668 1012; x_wconf 89' lang='lat' dir='ltr'><strong>millesimo</strong></span> <span class='ocrx_word' id='word_1_116' title='bbox 708 954 1066 1025; x_wconf 81' lang='lat' dir='ltr'><strong>nonagesimo</strong></span> <span class='ocrx_word' id='word_1_117' title='bbox 1112 961 1338 1018; x_wconf 90' lang='lat' dir='ltr'><strong>octavo,</strong></span> <span class='ocrx_word' id='word_1_118' title='bbox 1389 947 1686 1020; x_wconf 83' lang='lat' dir='ltr'><strong>appropin-</strong></span> <span class='ocrx_word' id='word_1_119' title='bbox 1732 987 1734 990; x_wconf 52' lang='grc' dir='ltr'>μ</span> 
     </span>
    </p>
   </div>
   <div class='ocr_carea' id='block_1_21' title="bbox 1789 945 3386 1027">
    <p class='ocr_par' dir='ltr' id='par_1_21' title="bbox 1789 945 3386 1027">
     <span class='ocr_line' id='line_1_21' title="bbox 1789 945 3386 1027; baseline 0.01 -27"><span class='ocrx_word' id='word_1_120' title='bbox 1789 961 1912 1000; x_wconf 90' lang='lat' dir='ltr'><strong>sum</strong></span> <span class='ocrx_word' id='word_1_121' title='bbox 1939 952 2023 1000; x_wconf 91' lang='lat' dir='ltr'><strong>est</strong></span> <span class='ocrx_word' id='word_1_122' title='bbox 2049 945 2246 1000; x_wconf 87' lang='lat' dir='ltr'><strong>civitas</strong></span> <span class='ocrx_word' id='word_1_123' title='bbox 2278 946 2616 1006; x_wconf 82' lang='lat' dir='ltr'><strong>honorabilis</strong></span> <span class='ocrx_word' id='word_1_124' title='bbox 2643 959 2807 1022; x_wconf 83' lang='lat' dir='ltr'><strong>atque</strong></span> <span class='ocrx_word' id='word_1_125' title='bbox 2829 956 3184 1027; x_wconf 90' lang='lat' dir='ltr'><strong>conveniens,</strong></span> <span class='ocrx_word' id='word_1_126' title='bbox 3211 961 3386 1015; x_wconf 91' lang='lat' dir='ltr'><strong>omni-</strong></span> 
     </span>
    </p>
   </div>
   <div class='ocr_carea' id='block_1_22' title="bbox 1760 1035 3383 1122">
    <p class='ocr_par' dir='ltr' id='par_1_22' title="bbox 1760 1035 3383 1122">
     <span class='ocr_line' id='line_1_22' title="bbox 1760 1035 3383 1122; baseline 0.012 -33"><span class='ocrx_word' id='word_1_127' title='bbox 1760 1043 1762 1046; x_wconf 77' lang='lat'><strong><em>&#39;</em></strong></span> <span class='ocrx_word' id='word_1_128' title='bbox 1787 1035 2002 1106; x_wconf 89' lang='lat' dir='ltr'><strong>husque</strong></span> <span class='ocrx_word' id='word_1_129' title='bbox 2031 1045 2225 1092; x_wconf 84' lang='lat' dir='ltr'><strong>ornata</strong></span> <span class='ocrx_word' id='word_1_130' title='bbox 2251 1038 2576 1107; x_wconf 87' lang='lat' dir='ltr'><strong>honoribus,</strong></span> <span class='ocrx_word' id='word_1_131' title='bbox 2628 1043 2891 1113; x_wconf 90' lang='lat' dir='ltr'><strong>quoniam</strong></span> <span class='ocrx_word' id='word_1_132' title='bbox 2937 1046 2992 1100; x_wconf 91' lang='lat' dir='ltr'><strong>in</strong></span> <span class='ocrx_word' id='word_1_133' title='bbox 3019 1063 3081 1103; x_wconf 92' lang='lat' dir='ltr'><strong>ea</strong></span> <span class='ocrx_word' id='word_1_134' title='bbox 3109 1059 3236 1105; x_wconf 90' lang='lat' dir='ltr'><strong>sunt</strong></span> <span class='ocrx_word' id='word_1_135' title='bbox 3259 1053 3383 1122; x_wconf 84' lang='lat' dir='ltr'><strong>pul-</strong></span> 
     </span>
    </p>
   </div>
   <div class='ocr_carea' id='block_1_23' title="bbox 1785 1127 3386 1200">
    <p class='ocr_par' dir='ltr' id='par_1_23' title="bbox 1785 1127 3386 1200">
     <span class='ocr_line' id='line_1_23' title="bbox 1785 1127 3386 1200; baseline 0.012 -20"><span class='ocrx_word' id='word_1_136' title='bbox 1785 1127 2074 1184; x_wconf 74' lang='lat' dir='ltr'><strong>cherrima:</strong></span> <span class='ocrx_word' id='word_1_137' title='bbox 2128 1144 2285 1198; x_wconf 71' lang='lat' dir='ltr'><strong>aqua:</strong></span> <span class='ocrx_word' id='word_1_138' title='bbox 2319 1147 2442 1200; x_wconf 69' lang='lat' dir='ltr'><strong>qua:</strong></span> <span class='ocrx_word' id='word_1_139' title='bbox 2474 1143 2675 1189; x_wconf 85' lang='lat' dir='ltr'><strong>exeunt</strong></span> <span class='ocrx_word' id='word_1_140' title='bbox 2701 1135 2769 1190; x_wconf 92' lang='lat' dir='ltr'><strong>de</strong></span> <span class='ocrx_word' id='word_1_141' title='bbox 2799 1140 3130 1196; x_wconf 89' lang='lat' dir='ltr'><strong>montaneis.</strong></span> <span class='ocrx_word' id='word_1_142' title='bbox 3166 1141 3310 1197; x_wconf 82' lang='lat' dir='ltr'><strong>Mille</strong></span> <span class='ocrx_word' id='word_1_143' title='bbox 3330 1152 3386 1198; x_wconf 90' lang='lat' dir='ltr'><strong>et</strong></span> 
     </span>
    </p>
   </div>
   <div class='ocr_carea' id='block_1_24' title="bbox 1785 1219 3386 1296">
    <p class='ocr_par' dir='ltr' id='par_1_24' title="bbox 1785 1219 3386 1296">
     <span class='ocr_line' id='line_1_24' title="bbox 1785 1219 3386 1296; baseline 0.011 -23"><span class='ocrx_word' id='word_1_144' title='bbox 1785 1219 2033 1276; x_wconf 79' lang='lat' dir='ltr'><strong>ducentae</strong></span> <span class='ocrx_word' id='word_1_145' title='bbox 2077 1222 2325 1278; x_wconf 66' lang='lat' dir='ltr'><strong>ecclesia:</strong></span> <span class='ocrx_word' id='word_1_146' title='bbox 2351 1223 2405 1278; x_wconf 90' lang='lat' dir='ltr'><strong>in</strong></span> <span class='ocrx_word' id='word_1_147' title='bbox 2449 1241 2514 1280; x_wconf 90' lang='lat' dir='ltr'><strong>ea</strong></span> <span class='ocrx_word' id='word_1_148' title='bbox 2565 1235 2695 1282; x_wconf 89' lang='lat' dir='ltr'><strong>sunt</strong></span> <span class='ocrx_word' id='word_1_149' title='bbox 2725 1229 3026 1296; x_wconf 66' lang='lat' dir='ltr'><strong>azdiﬁcatte,</strong></span> <span class='ocrx_word' id='word_1_150' title='bbox 3064 1242 3307 1289; x_wconf 89' lang='lat' dir='ltr'><strong>tcrccnta</strong></span> <span class='ocrx_word' id='word_1_151' title='bbox 3330 1245 3386 1290; x_wconf 91' lang='lat' dir='ltr'><strong>ct</strong></span> 
     </span>
    </p>
   </div>
   <div class='ocr_carea' id='block_1_25' title="bbox 1787 1317 3380 1384">
    <p class='ocr_par' dir='ltr' id='par_1_25' title="bbox 1787 1317 3380 1384">
     <span class='ocr_line' id='line_1_25' title="bbox 1787 1317 3380 1384; baseline 0.009 -18"><span class='ocrx_word' id='word_1_152' title='bbox 1787 1322 2084 1384; x_wconf 80' lang='lat' dir='ltr'><strong>sexagenta</strong></span> <span class='ocrx_word' id='word_1_153' title='bbox 2141 1317 2480 1372; x_wconf 90' lang='lat' dir='ltr'><strong>monasteria</strong></span> <span class='ocrx_word' id='word_1_154' title='bbox 2531 1317 2585 1372; x_wconf 91' lang='lat' dir='ltr'><strong>in</strong></span> <span class='ocrx_word' id='word_1_155' title='bbox 2637 1335 2697 1374; x_wconf 90' lang='lat' dir='ltr'><strong>se</strong></span> <span class='ocrx_word' id='word_1_156' title='bbox 2739 1321 2928 1376; x_wconf 85' lang='lat' dir='ltr'><strong>habuit</strong></span> <span class='ocrx_word' id='word_1_157' title='bbox 2959 1325 3380 1380; x_wconf 87' lang='lat' dir='ltr'><strong>monachorum.</strong></span> 
     </span>
    </p>
   </div>
   <div class='ocr_carea' id='block_1_26' title="bbox 1788 1401 3382 1488">
    <p class='ocr_par' dir='ltr' id='par_1_26' title="bbox 1788 1401 3382 1488">
     <span class='ocr_line' id='line_1_26' title="bbox 1788 1401 3382 1488; baseline 0.009 -30"><span class='ocrx_word' id='word_1_158' title='bbox 1788 1401 1904 1458; x_wconf 88' lang='lat' dir='ltr'><strong>Sub</strong></span> <span class='ocrx_word' id='word_1_159' title='bbox 1927 1403 2062 1476; x_wconf 87' lang='lat' dir='ltr'><strong>jugo</strong></span> <span class='ocrx_word' id='word_1_160' title='bbox 2084 1406 2330 1461; x_wconf 89' lang='lat' dir='ltr'><strong>continet</strong></span> <span class='ocrx_word' id='word_1_161' title='bbox 2371 1408 2681 1477; x_wconf 86' lang='lat' dir='ltr'><strong>patriarcha</strong></span> <span class='ocrx_word' id='word_1_162' title='bbox 2728 1421 2946 1467; x_wconf 86' lang='lat' dir='ltr'><strong>centum</strong></span> <span class='ocrx_word' id='word_1_163' title='bbox 2985 1414 3382 1488; x_wconf 82' lang='lat' dir='ltr'><strong>quinquaginta</strong></span> 
     </span>
    </p>
   </div>
   <div class='ocr_carea' id='block_1_27' title="bbox 1785 1491 3381 1577">
    <p class='ocr_par' dir='ltr' id='par_1_27' title="bbox 1785 1491 3381 1577">
     <span class='ocr_line' id='line_1_27' title="bbox 1785 1491 3381 1577; baseline 0.01 -27"><span class='ocrx_word' id='word_1_164' title='bbox 1785 1495 2096 1566; x_wconf 88' lang='lat' dir='ltr'><strong>episcopos.</strong></span> <span class='ocrx_word' id='word_1_165' title='bbox 2120 1496 2414 1554; x_wconf 88' lang='lat' dir='ltr'><strong>Clauditur</strong></span> <span class='ocrx_word' id='word_1_166' title='bbox 2440 1510 2623 1557; x_wconf 78' lang='lat' dir='ltr'><strong>autent</strong></span> <span class='ocrx_word' id='word_1_167' title='bbox 2674 1491 2890 1561; x_wconf 85' lang='lat' dir='ltr'><strong>duobus</strong></span> <span class='ocrx_word' id='word_1_168' title='bbox 2939 1507 3114 1562; x_wconf 89' lang='lat' dir='ltr'><strong>muris</strong></span> <span class='ocrx_word' id='word_1_169' title='bbox 3147 1509 3381 1577; x_wconf 74' lang='lat' dir='ltr'><strong>civitas;</strong></span> 
     </span>
    </p>
   </div>
   <div class='ocr_carea' id='block_1_28' title="bbox 1785 1587 3380 1668">
    <p class='ocr_par' dir='ltr' id='par_1_28' title="bbox 1785 1587 3380 1668">
     <span class='ocr_line' id='line_1_28' title="bbox 1785 1587 3380 1668; baseline 0.009 -27"><span class='ocrx_word' id='word_1_170' title='bbox 1785 1587 1964 1658; x_wconf 89' lang='lat' dir='ltr'><strong>major</strong></span> <span class='ocrx_word' id='word_1_171' title='bbox 1986 1603 2206 1660; x_wconf 89' lang='lat' dir='ltr'><strong>quoque</strong></span> <span class='ocrx_word' id='word_1_172' title='bbox 2229 1591 2394 1647; x_wconf 90' lang='lat' dir='ltr'><strong>nimis</strong></span> <span class='ocrx_word' id='word_1_173' title='bbox 2422 1602 2506 1648; x_wconf 91' lang='lat' dir='ltr'><strong>est</strong></span> <span class='ocrx_word' id='word_1_174' title='bbox 2552 1595 2716 1661; x_wconf 89' lang='lat' dir='ltr'><strong>altus,</strong></span> <span class='ocrx_word' id='word_1_175' title='bbox 2751 1605 2806 1650; x_wconf 89' lang='lat' dir='ltr'><strong>et</strong></span> <span class='ocrx_word' id='word_1_176' title='bbox 2848 1597 3172 1654; x_wconf 83' lang='lat' dir='ltr'><strong>mirabiliter</strong></span> <span class='ocrx_word' id='word_1_177' title='bbox 3215 1601 3380 1668; x_wconf 89' lang='lat' dir='ltr'><strong>latus,</strong></span> 
     </span>
    </p>
   </div>
   <div class='ocr_carea' id='block_1_29' title="bbox 1785 1682 3384 1760">
    <p class='ocr_par' dir='ltr' id='par_1_29' title="bbox 1785 1682 3384 1760">
     <span class='ocr_line' id='line_1_29' title="bbox 1785 1682 3384 1760; baseline 0.006 -24"><span class='ocrx_word' id='word_1_178' title='bbox 1785 1682 2112 1754; x_wconf 82' lang='lat' dir='ltr'><strong>magnisque</strong></span> <span class='ocrx_word' id='word_1_179' title='bbox 2147 1684 2421 1755; x_wconf 84' lang='lat' dir='ltr'><strong>lapidibus</strong></span> <span class='ocrx_word' id='word_1_180' title='bbox 2447 1689 2806 1758; x_wconf 89' lang='lat' dir='ltr'><strong>compositus,</strong></span> <span class='ocrx_word' id='word_1_181' title='bbox 2843 1689 2895 1743; x_wconf 93' lang='lat' dir='ltr'><strong>in</strong></span> <span class='ocrx_word' id='word_1_182' title='bbox 2929 1705 3041 1760; x_wconf 91' lang='lat' dir='ltr'><strong>quo</strong></span> <span class='ocrx_word' id='word_1_183' title='bbox 3078 1701 3208 1748; x_wconf 90' lang='lat' dir='ltr'><strong>sunt</strong></span> <span class='ocrx_word' id='word_1_184' title='bbox 3230 1694 3384 1750; x_wconf 86' lang='lat' dir='ltr'><strong>ordi-</strong></span> 
     </span>
    </p>
   </div>
   <div class='ocr_carea' id='block_1_30' title="bbox 1787 1773 3386 1852">
    <p class='ocr_par' dir='ltr' id='par_1_30' title="bbox 1787 1773 3386 1852">
     <span class='ocr_line' id='line_1_30' title="bbox 1787 1773 3386 1852; baseline 0.006 -26"><span class='ocrx_word' id='word_1_185' title='bbox 1787 1779 1930 1828; x_wconf 84' lang='lat' dir='ltr'><strong>natae</strong></span> <span class='ocrx_word' id='word_1_186' title='bbox 1967 1773 2381 1846; x_wconf 66' lang='lat' dir='ltr'><strong>quadringentae</strong></span> <span class='ocrx_word' id='word_1_187' title='bbox 2429 1776 2828 1849; x_wconf 83' lang='lat' dir='ltr'><strong>quinquaginta</strong></span> <span class='ocrx_word' id='word_1_188' title='bbox 2862 1787 3064 1848; x_wconf 87' lang='lat' dir='ltr'><strong>turres,</strong></span> <span class='ocrx_word' id='word_1_189' title='bbox 3096 1781 3386 1852; x_wconf 78' lang='lat' dir='ltr'><strong>modisque</strong></span> 
     </span>
    </p>
   </div>
   <div class='ocr_carea' id='block_1_31' title="bbox 1787 1865 3384 1928">
    <p class='ocr_par' dir='ltr' id='par_1_31' title="bbox 1787 1865 3384 1928">
     <span class='ocr_line' id='line_1_31' title="bbox 1787 1865 3384 1928; baseline 0.006 -10"><span class='ocrx_word' id='word_1_190' title='bbox 1787 1865 2046 1920; x_wconf 88' lang='lat' dir='ltr'><strong>omnibus</strong></span> <span class='ocrx_word' id='word_1_191' title='bbox 2073 1873 2159 1922; x_wconf 87' lang='lat' dir='ltr'><strong>est</strong></span> <span class='ocrx_word' id='word_1_192' title='bbox 2204 1866 2399 1923; x_wconf 89' lang='lat' dir='ltr'><strong>civitas</strong></span> <span class='ocrx_word' id='word_1_193' title='bbox 2445 1865 2713 1923; x_wconf 80' lang='lat' dir='ltr'><strong>formosa.</strong></span> <span class='ocrx_word' id='word_1_194' title='bbox 2751 1868 2835 1924; x_wconf 85' lang='lat' dir='ltr'><strong>Ah</strong></span> <span class='ocrx_word' id='word_1_195' title='bbox 2874 1871 3084 1926; x_wconf 86' lang='lat' dir='ltr'><strong>oriente</strong></span> <span class='ocrx_word' id='word_1_196' title='bbox 3110 1872 3384 1928; x_wconf 83' lang='lat' dir='ltr'><strong>clauditur</strong></span> 
     </span>
    </p>
   </div>
   <div class='ocr_carea' id='block_1_32' title="bbox 1787 1963 3382 2034">
    <p class='ocr_par' dir='ltr' id='par_1_32' title="bbox 1787 1963 3382 2034">
     <span class='ocr_line' id='line_1_32' title="bbox 1787 1963 3382 2034; baseline 0.004 -18"><span class='ocrx_word' id='word_1_197' title='bbox 1787 1969 2024 2032; x_wconf 84' lang='lat' dir='ltr'><strong>quatuor</strong></span> <span class='ocrx_word' id='word_1_198' title='bbox 2053 1963 2270 2034; x_wconf 85' lang='lat' dir='ltr'><strong>magnis</strong></span> <span class='ocrx_word' id='word_1_199' title='bbox 2297 1965 2627 2031; x_wconf 86' lang='lat' dir='ltr'><strong>montaneis,</strong></span> <span class='ocrx_word' id='word_1_200' title='bbox 2658 1966 2728 2020; x_wconf 87' lang='lat' dir='ltr'><strong>ab</strong></span> <span class='ocrx_word' id='word_1_201' title='bbox 2762 1966 3044 2023; x_wconf 88' lang='lat' dir='ltr'><strong>occidente</strong></span> <span class='ocrx_word' id='word_1_202' title='bbox 3070 1984 3230 2025; x_wconf 89' lang='lat' dir='ltr'><strong>secus</strong></span> <span class='ocrx_word' id='word_1_203' title='bbox 3257 1985 3382 2024; x_wconf 79' lang='lat' dir='ltr'><strong>mu-</strong></span> 
     </span>
    </p>
   </div>
   <div class='ocr_carea' id='block_1_33' title="bbox 1787 2053 3387 2132">
    <p class='ocr_par' dir='ltr' id='par_1_33' title="bbox 1787 2053 3387 2132">
     <span class='ocr_line' id='line_1_33' title="bbox 1787 2053 3387 2132; baseline 0.006 -25"><span class='ocrx_word' id='word_1_204' title='bbox 1787 2067 1881 2108; x_wconf 91' lang='lat' dir='ltr'><strong>ros</strong></span> <span class='ocrx_word' id='word_1_205' title='bbox 1908 2053 2146 2110; x_wconf 89' lang='lat' dir='ltr'><strong>civitatis</strong></span> <span class='ocrx_word' id='word_1_206' title='bbox 2171 2055 2290 2111; x_wconf 88' lang='lat' dir='ltr'><strong>ﬂuit</strong></span> <span class='ocrx_word' id='word_1_207' title='bbox 2315 2056 2594 2127; x_wconf 90' lang='lat' dir='ltr'><strong>quoddam</strong></span> <span class='ocrx_word' id='word_1_208' title='bbox 2617 2057 2822 2113; x_wconf 85' lang='lat' dir='ltr'><strong>ﬂumen</strong></span> <span class='ocrx_word' id='word_1_209' title='bbox 2868 2075 3128 2132; x_wconf 89' lang='lat' dir='ltr'><strong>magnum</strong></span> <span class='ocrx_word' id='word_1_210' title='bbox 3165 2062 3252 2117; x_wconf 88' lang='lat' dir='ltr'><strong>cui</strong></span> <span class='ocrx_word' id='word_1_211' title='bbox 3285 2078 3387 2116; x_wconf 80' lang='lat' dir='ltr'><strong>no-</strong></span> 
     </span>
    </p>
   </div>
   <div class='ocr_carea' id='block_1_34' title="bbox 1787 2148 3384 2225">
    <p class='ocr_par' dir='ltr' id='par_1_34' title="bbox 1787 2148 3384 2225">
     <span class='ocr_line' id='line_1_34' title="bbox 1787 2148 3384 2225; baseline 0.006 -23"><span class='ocrx_word' id='word_1_212' title='bbox 1787 2161 1915 2204; x_wconf 83' lang='lat' dir='ltr'><strong>men</strong></span> <span class='ocrx_word' id='word_1_213' title='bbox 1959 2156 2045 2204; x_wconf 90' lang='lat' dir='ltr'><strong>est</strong></span> <span class='ocrx_word' id='word_1_214' title='bbox 2092 2148 2400 2220; x_wconf 77' lang='lat' dir='ltr'><strong>Pharphar.</strong></span> <span class='ocrx_word' id='word_1_215' title='bbox 2449 2149 2516 2207; x_wconf 88' lang='lat' dir='ltr'><strong>Et</strong></span> <span class='ocrx_word' id='word_1_216' title='bbox 2564 2152 2688 2208; x_wconf 92' lang='lat' dir='ltr'><strong>ideo</strong></span> <span class='ocrx_word' id='word_1_217' title='bbox 2737 2155 2883 2225; x_wconf 91' lang='lat' dir='ltr'><strong>quod</strong></span> <span class='ocrx_word' id='word_1_218' title='bbox 2908 2165 2991 2210; x_wconf 89' lang='lat' dir='ltr'><strong>est</strong></span> <span class='ocrx_word' id='word_1_219' title='bbox 3021 2164 3132 2211; x_wconf 89' lang='lat' dir='ltr'><strong>tam</strong></span> <span class='ocrx_word' id='word_1_220' title='bbox 3159 2156 3303 2214; x_wconf 88' lang='lat' dir='ltr'><strong>bona</strong></span> <span class='ocrx_word' id='word_1_221' title='bbox 3328 2167 3384 2212; x_wconf 85' lang='lat' dir='ltr'><strong>ct</strong></span> 
     </span>
    </p>
   </div>
   <div class='ocr_carea' id='block_1_35' title="bbox 91 2216 3386 2322">
    <p class='ocr_par' dir='ltr' id='par_1_35' title="bbox 91 2216 3386 2322">
     <span class='ocr_line' id='line_1_35' title="bbox 91 2216 3386 2322; baseline 0 -19"><span class='ocrx_word' id='word_1_222' title='bbox 91 2216 347 2304; x_wconf 67' lang='lat' dir='ltr'><strong>reddenda</strong></span> <span class='ocrx_word' id='word_1_223' title='bbox 398 2248 655 2302; x_wconf 80' lang='lat' dir='ltr'><strong>civitate.</strong></span> <span class='ocrx_word' id='word_1_224' title='bbox 707 2246 992 2320; x_wconf 80' lang='lat' dir='ltr'><strong>Magisque</strong></span> <span class='ocrx_word' id='word_1_225' title='bbox 1039 2216 1374 2316; x_wconf 85' lang='lat' dir='ltr'><strong>querebatur</strong></span> <span class='ocrx_word' id='word_1_226' title='bbox 1413 2244 1480 2301; x_wconf 91' lang='lat' dir='ltr'><strong>de</strong></span> <span class='ocrx_word' id='word_1_227' title='bbox 1548 2242 1684 2298; x_wconf 82' lang='lat' dir='ltr'><strong>Rai-</strong></span> <span class='ocrx_word' id='word_1_228' title='bbox 1718 2216 1762 2274; x_wconf 77' lang='grc' dir='ltr'><strong>Β</strong></span> <span class='ocrx_word' id='word_1_229' title='bbox 1787 2247 1900 2296; x_wconf 89' lang='lat' dir='ltr'><strong>tam</strong></span> <span class='ocrx_word' id='word_1_230' title='bbox 1925 2240 2178 2312; x_wconf 89' lang='lat' dir='ltr'><strong>pulchra,</strong></span> <span class='ocrx_word' id='word_1_231' title='bbox 2210 2216 2508 2300; x_wconf 76' lang='lat' dir='ltr'><strong>noluerunt</strong></span> <span class='ocrx_word' id='word_1_232' title='bbox 2537 2245 2702 2301; x_wconf 85' lang='lat' dir='ltr'><strong>stulte</strong></span> <span class='ocrx_word' id='word_1_233' title='bbox 2731 2216 3007 2303; x_wconf 77' lang='lat' dir='ltr'><strong>dimittere</strong></span> <span class='ocrx_word' id='word_1_234' title='bbox 3037 2251 3276 2322; x_wconf 80' lang='lat' dir='ltr'><strong>regalem</strong></span> <span class='ocrx_word' id='word_1_235' title='bbox 3307 2251 3386 2306; x_wconf 80' lang='lat' dir='ltr'><strong>ci-</strong></span> 
     </span>
    </p>
   </div>
   <div class='ocr_carea' id='block_1_36' title="bbox 94 2335 1684 2411">
    <p class='ocr_par' dir='ltr' id='par_1_36' title="bbox 94 2335 1684 2411">
     <span class='ocr_line' id='line_1_36' title="bbox 94 2335 1684 2411; baseline -0.004 -16"><span class='ocrx_word' id='word_1_236' title='bbox 94 2340 278 2396; x_wconf 89' lang='lat' dir='ltr'><strong>mundo</strong></span> <span class='ocrx_word' id='word_1_237' title='bbox 320 2338 518 2396; x_wconf 87' lang='lat' dir='ltr'><strong>Sancti</strong></span> <span class='ocrx_word' id='word_1_238' title='bbox 567 2339 770 2411; x_wconf 65' lang='lat' dir='ltr'><strong>{Egidii</strong></span> <span class='ocrx_word' id='word_1_239' title='bbox 815 2338 1035 2405; x_wconf 90' lang='lat' dir='ltr'><strong>comite,</strong></span> <span class='ocrx_word' id='word_1_240' title='bbox 1077 2351 1145 2393; x_wconf 91' lang='lat' dir='ltr'><strong>co</strong></span> <span class='ocrx_word' id='word_1_241' title='bbox 1185 2336 1331 2408; x_wconf 91' lang='lat' dir='ltr'><strong>quod</strong></span> <span class='ocrx_word' id='word_1_242' title='bbox 1365 2336 1434 2392; x_wconf 88' lang='lat' dir='ltr'><strong>ad</strong></span> <span class='ocrx_word' id='word_1_243' title='bbox 1475 2335 1684 2390; x_wconf 90' lang='lat' dir='ltr'><strong>nullam</strong></span> 
     </span>
    </p>
   </div>
   <div class='ocr_carea' id='block_1_37' title="bbox 92 2427 1682 2502">
    <p class='ocr_par' dir='ltr' id='par_1_37' title="bbox 92 2427 1682 2502">
     <span class='ocr_line' id='line_1_37' title="bbox 92 2427 1682 2502; baseline -0.002 -17"><span class='ocrx_word' id='word_1_244' title='bbox 92 2431 501 2487; x_wconf 85' lang='lat' dir='ltr'><strong>conventionem</strong></span> <span class='ocrx_word' id='word_1_245' title='bbox 538 2439 726 2487; x_wconf 90' lang='lat' dir='ltr'><strong>tenere</strong></span> <span class='ocrx_word' id='word_1_246' title='bbox 749 2446 876 2502; x_wconf 81' lang='lat' dir='ltr'><strong>erga</strong></span> <span class='ocrx_word' id='word_1_247' title='bbox 928 2429 1311 2485; x_wconf 91' lang='lat' dir='ltr'><strong>Boamundum</strong></span> <span class='ocrx_word' id='word_1_248' title='bbox 1355 2443 1414 2484; x_wconf 89' lang='lat' dir='ltr'><strong>se</strong></span> <span class='ocrx_word' id='word_1_249' title='bbox 1445 2427 1682 2495; x_wconf 89' lang='lat' dir='ltr'><strong>volebat,</strong></span> 
     </span>
    </p>
   </div>
   <div class='ocr_carea' id='block_1_38' title="bbox 97 2519 1684 2596">
    <p class='ocr_par' dir='ltr' id='par_1_38' title="bbox 97 2519 1684 2596">
     <span class='ocr_line' id='line_1_38' title="bbox 97 2519 1684 2596; baseline 0 -20"><span class='ocrx_word' id='word_1_250' title='bbox 97 2524 209 2592; x_wconf 84' lang='lat' dir='ltr'><strong>quia</strong></span> <span class='ocrx_word' id='word_1_251' title='bbox 243 2525 474 2582; x_wconf 86' lang='lat' dir='ltr'><strong>timebat</strong></span> <span class='ocrx_word' id='word_1_252' title='bbox 514 2539 582 2580; x_wconf 91' lang='lat' dir='ltr'><strong>se</strong></span> <span class='ocrx_word' id='word_1_253' title='bbox 603 2525 888 2596; x_wconf 86' lang='lat' dir='ltr'><strong>pcrjurare</strong></span> <span class='ocrx_word' id='word_1_254' title='bbox 916 2532 1106 2578; x_wconf 89' lang='lat' dir='ltr'><strong>contra</strong></span> <span class='ocrx_word' id='word_1_255' title='bbox 1139 2523 1543 2593; x_wconf 89' lang='lat' dir='ltr'><strong>imperatorem.</strong></span> <span class='ocrx_word' id='word_1_256' title='bbox 1577 2519 1684 2576; x_wconf 90' lang='lat' dir='ltr'><strong>Ta-</strong></span> 
     </span>
    </p>
   </div>
   <div class='ocr_carea' id='block_1_39' title="bbox 97 2613 1683 2689">
    <p class='ocr_par' dir='ltr' id='par_1_39' title="bbox 97 2613 1683 2689">
     <span class='ocr_line' id='line_1_39' title="bbox 97 2613 1683 2689; baseline -0.001 -19"><span class='ocrx_word' id='word_1_257' title='bbox 97 2633 203 2672; x_wconf 89' lang='lat' dir='ltr'><strong>men</strong></span> <span class='ocrx_word' id='word_1_258' title='bbox 230 2634 373 2689; x_wconf 70' lang='lat' dir='ltr'><strong>sazpe</strong></span> <span class='ocrx_word' id='word_1_259' title='bbox 409 2619 646 2674; x_wconf 78' lang='lat' dir='ltr'><strong>fuerunt</strong></span> <span class='ocrx_word' id='word_1_260' title='bbox 692 2618 758 2673; x_wconf 90' lang='lat' dir='ltr'><strong>ad</strong></span> <span class='ocrx_word' id='word_1_261' title='bbox 802 2618 1014 2689; x_wconf 80' lang='lat' dir='ltr'><strong>justum</strong></span> <span class='ocrx_word' id='word_1_262' title='bbox 1053 2617 1319 2688; x_wconf 83' lang='lat' dir='ltr'><strong>judicium</strong></span> <span class='ocrx_word' id='word_1_263' title='bbox 1370 2613 1683 2670; x_wconf 85' lang='lat' dir='ltr'><strong>faciendum</strong></span> 
     </span>
    </p>
   </div>
   <div class='ocr_carea' id='block_1_40' title="bbox 97 2703 1684 2778">
    <p class='ocr_par' dir='ltr' id='par_1_40' title="bbox 97 2703 1684 2778">
     <span class='ocr_line' id='line_1_40' title="bbox 97 2703 1684 2778; baseline -0.002 -17"><span class='ocrx_word' id='word_1_264' title='bbox 97 2722 226 2762; x_wconf 85' lang='lat' dir='ltr'><strong>unus</strong></span> <span class='ocrx_word' id='word_1_265' title='bbox 257 2722 384 2778; x_wconf 86' lang='lat' dir='ltr'><strong>erga</strong></span> <span class='ocrx_word' id='word_1_266' title='bbox 409 2709 658 2764; x_wconf 88' lang='lat' dir='ltr'><strong>alterum</strong></span> <span class='ocrx_word' id='word_1_267' title='bbox 686 2707 742 2762; x_wconf 91' lang='lat' dir='ltr'><strong>in</strong></span> <span class='ocrx_word' id='word_1_268' title='bbox 791 2705 978 2762; x_wconf 91' lang='lat' dir='ltr'><strong>Sancti</strong></span> <span class='ocrx_word' id='word_1_269' title='bbox 1019 2705 1166 2761; x_wconf 88' lang='lat' dir='ltr'><strong>Petri</strong></span> <span class='ocrx_word' id='word_1_270' title='bbox 1197 2703 1427 2761; x_wconf 91' lang='lat' dir='ltr'><strong>ecclesia</strong></span> <span class='ocrx_word' id='word_1_271' title='bbox 1450 2717 1684 2775; x_wconf 84' lang='lat' dir='ltr'><strong>congre-</strong></span> 
     </span>
    </p>
   </div>
   <div class='ocr_carea' id='block_1_41' title="bbox 99 2791 1685 2869">
    <p class='ocr_par' dir='ltr' id='par_1_41' title="bbox 99 2791 1685 2869">
     <span class='ocr_line' id='line_1_41' title="bbox 99 2791 1685 2869; baseline -0.003 -17"><span class='ocrx_word' id='word_1_272' title='bbox 99 2800 215 2869; x_wconf 83' lang='lat' dir='ltr'><strong>gati,</strong></span> <span class='ocrx_word' id='word_1_273' title='bbox 249 2798 638 2866; x_wconf 82' lang='lat' dir='ltr'><strong>Boamundus,</strong></span> <span class='ocrx_word' id='word_1_274' title='bbox 677 2807 732 2854; x_wconf 88' lang='lat' dir='ltr'><strong>et</strong></span> <span class='ocrx_word' id='word_1_275' title='bbox 780 2796 1123 2852; x_wconf 83' lang='lat' dir='ltr'><strong>Raimundus</strong></span> <span class='ocrx_word' id='word_1_276' title='bbox 1174 2794 1361 2850; x_wconf 90' lang='lat' dir='ltr'><strong>Sancti</strong></span> <span class='ocrx_word' id='word_1_277' title='bbox 1401 2791 1605 2864; x_wconf 62' lang='lat' dir='ltr'><strong>{Egidii</strong></span> <span class='ocrx_word' id='word_1_278' title='bbox 1629 2799 1685 2848; x_wconf 89' lang='lat' dir='ltr'><strong>et</strong></span> 
     </span>
    </p>
   </div>
   <div class='ocr_carea' id='block_1_42' title="bbox 101 2883 1683 2952">
    <p class='ocr_par' dir='ltr' id='par_1_42' title="bbox 101 2883 1683 2952">
     <span class='ocr_line' id='line_1_42' title="bbox 101 2883 1683 2952; baseline 0 -14"><span class='ocrx_word' id='word_1_279' title='bbox 101 2886 198 2940; x_wconf 72' lang='lat' dir='ltr'><strong>dux</strong></span> <span class='ocrx_word' id='word_1_280' title='bbox 222 2885 585 2952; x_wconf 71' lang='lat' dir='ltr'><strong>Godcfridus,</strong></span> <span class='ocrx_word' id='word_1_281' title='bbox 616 2896 670 2942; x_wconf 91' lang='lat' dir='ltr'><strong>et</strong></span> <span class='ocrx_word' id='word_1_282' title='bbox 715 2885 1010 2941; x_wconf 85' lang='lat' dir='ltr'><strong>Rotbertus</strong></span> <span class='ocrx_word' id='word_1_283' title='bbox 1049 2883 1486 2951; x_wconf 87' lang='lat' dir='ltr'><strong>Northmannus,</strong></span> <span class='ocrx_word' id='word_1_284' title='bbox 1514 2892 1568 2938; x_wconf 93' lang='lat' dir='ltr'><strong>et</strong></span> <span class='ocrx_word' id='word_1_285' title='bbox 1589 2883 1683 2939; x_wconf 91' lang='lat' dir='ltr'><strong>alii</strong></span> 
     </span>
    </p>
   </div>
   <div class='ocr_carea' id='block_1_43' title="bbox 104 2973 1684 3042">
    <p class='ocr_par' dir='ltr' id='par_1_43' title="bbox 104 2973 1684 3042">
     <span class='ocr_line' id='line_1_43' title="bbox 104 2973 1684 3042; baseline 0.001 -14"><span class='ocrx_word' id='word_1_286' title='bbox 104 2977 325 3031; x_wconf 83' lang='lat' dir='ltr'><strong>seniores</strong></span> <span class='ocrx_word' id='word_1_287' title='bbox 344 2987 400 3033; x_wconf 88' lang='lat' dir='ltr'><strong>ct</strong></span> <span class='ocrx_word' id='word_1_288' title='bbox 430 2977 706 3042; x_wconf 87' lang='lat' dir='ltr'><strong>minores,</strong></span> <span class='ocrx_word' id='word_1_289' title='bbox 737 2985 799 3032; x_wconf 91' lang='lat' dir='ltr'><strong>ut</strong></span> <span class='ocrx_word' id='word_1_290' title='bbox 835 2991 930 3031; x_wconf 88' lang='lat' dir='ltr'><strong>eos</strong></span> <span class='ocrx_word' id='word_1_291' title='bbox 960 2976 1379 3031; x_wconf 88' lang='lat' dir='ltr'><strong>concordarent.</strong></span> <span class='ocrx_word' id='word_1_292' title='bbox 1409 2973 1684 3030; x_wconf 89' lang='lat' dir='ltr'><strong>Boamun-</strong></span> 
     </span>
    </p>
   </div>
   <div class='ocr_carea' id='block_1_44' title="bbox 105 3066 1684 3125">
    <p class='ocr_par' dir='ltr' id='par_1_44' title="bbox 105 3066 1684 3125">
     <span class='ocr_line' id='line_1_44' title="bbox 105 3066 1684 3125; baseline 0.003 -5"><span class='ocrx_word' id='word_1_293' title='bbox 105 3066 192 3123; x_wconf 91' lang='lat' dir='ltr'><strong>dus</strong></span> <span class='ocrx_word' id='word_1_294' title='bbox 236 3084 363 3124; x_wconf 89' lang='lat' dir='ltr'><strong>vero</strong></span> <span class='ocrx_word' id='word_1_295' title='bbox 418 3069 693 3125; x_wconf 88' lang='lat' dir='ltr'><strong>recitabat</strong></span> <span class='ocrx_word' id='word_1_296' title='bbox 751 3084 908 3124; x_wconf 89' lang='lat' dir='ltr'><strong>suam</strong></span> <span class='ocrx_word' id='word_1_297' title='bbox 954 3067 1375 3123; x_wconf 84' lang='lat' dir='ltr'><strong>conventionem</strong></span> <span class='ocrx_word' id='word_1_298' title='bbox 1426 3066 1684 3124; x_wconf 91' lang='lat' dir='ltr'><strong>omnibus</strong></span> 
     </span>
    </p>
   </div>
   <div class='ocr_carea' id='block_1_45' title="bbox 109 3156 1687 3230">
    <p class='ocr_par' dir='ltr' id='par_1_45' title="bbox 109 3156 1687 3230">
     <span class='ocr_line' id='line_1_45' title="bbox 109 3156 1687 3230; baseline 0.003 -20"><span class='ocrx_word' id='word_1_299' title='bbox 109 3159 457 3228; x_wconf 84' lang='lat' dir='ltr'><strong>audientibus,</strong></span> <span class='ocrx_word' id='word_1_300' title='bbox 512 3168 570 3215; x_wconf 89' lang='lat' dir='ltr'><strong>et</strong></span> <span class='ocrx_word' id='word_1_301' title='bbox 617 3175 802 3214; x_wconf 90' lang='lat' dir='ltr'><strong>comes</strong></span> <span class='ocrx_word' id='word_1_302' title='bbox 853 3158 1036 3214; x_wconf 90' lang='lat' dir='ltr'><strong>Sancti</strong></span> <span class='ocrx_word' id='word_1_303' title='bbox 1069 3157 1269 3230; x_wconf 67' lang='lat' dir='ltr'><strong>{Egidii</strong></span> <span class='ocrx_word' id='word_1_304' title='bbox 1299 3173 1478 3213; x_wconf 89' lang='lat' dir='ltr'><strong>suam.</strong></span> <span class='ocrx_word' id='word_1_305' title='bbox 1505 3156 1687 3214; x_wconf 82' lang='lat' dir='ltr'><strong>Verba</strong></span> 
     </span>
    </p>
   </div>
   <div class='ocr_carea' id='block_1_46' title="bbox 109 3249 1686 3323">
    <p class='ocr_par' dir='ltr' id='par_1_46' title="bbox 109 3249 1686 3323">
     <span class='ocr_line' id='line_1_46' title="bbox 109 3249 1686 3323; baseline 0.004 -22"><span class='ocrx_word' id='word_1_306' title='bbox 109 3251 342 3306; x_wconf 84' lang='lat' dir='ltr'><strong>narrabat</strong></span> <span class='ocrx_word' id='word_1_307' title='bbox 389 3262 444 3306; x_wconf 83' lang='lat' dir='ltr'><strong>et</strong></span> <span class='ocrx_word' id='word_1_308' title='bbox 490 3251 887 3323; x_wconf 82' lang='lat' dir='ltr'><strong>jusjurandum</strong></span> <span class='ocrx_word' id='word_1_309' title='bbox 933 3250 1081 3322; x_wconf 90' lang='lat' dir='ltr'><strong>quod</strong></span> <span class='ocrx_word' id='word_1_310' title='bbox 1118 3250 1438 3321; x_wconf 89' lang='lat' dir='ltr'><strong>imperatori</strong></span> <span class='ocrx_word' id='word_1_311' title='bbox 1479 3249 1686 3307; x_wconf 79' lang='lat' dir='ltr'><strong>fecerat</strong></span> 
     </span>
    </p>
   </div>
   <div class='ocr_carea' id='block_1_47' title="bbox 109 3341 1683 3415">
    <p class='ocr_par' dir='ltr' id='par_1_47' title="bbox 109 3341 1683 3415">
     <span class='ocr_line' id='line_1_47' title="bbox 109 3341 1683 3415; baseline 0.004 -20"><span class='ocrx_word' id='word_1_312' title='bbox 109 3357 193 3412; x_wconf 86' lang='lat' dir='ltr'><strong>pro</strong></span> <span class='ocrx_word' id='word_1_313' title='bbox 216 3341 523 3401; x_wconf 89' lang='lat' dir='ltr'><strong>Boamundi</strong></span> <span class='ocrx_word' id='word_1_314' title='bbox 552 3345 806 3401; x_wconf 90' lang='lat' dir='ltr'><strong>consilio.</strong></span> <span class='ocrx_word' id='word_1_315' title='bbox 857 3343 1112 3415; x_wconf 87' lang='lat' dir='ltr'><strong>Episcopi</strong></span> <span class='ocrx_word' id='word_1_316' title='bbox 1157 3359 1288 3400; x_wconf 89' lang='lat' dir='ltr'><strong>vero</strong></span> <span class='ocrx_word' id='word_1_317' title='bbox 1316 3354 1369 3400; x_wconf 87' lang='lat' dir='ltr'><strong>et</strong></span> <span class='ocrx_word' id='word_1_318' title='bbox 1414 3345 1524 3400; x_wconf 82' lang='lat' dir='ltr'><strong>dux</strong></span> <span class='ocrx_word' id='word_1_319' title='bbox 1571 3343 1683 3401; x_wconf 89' lang='lat' dir='ltr'><strong>Go-</strong></span> 
     </span>
    </p>
   </div>
   <div class='ocr_carea' id='block_1_48' title="bbox 110 3433 1685 3504">
    <p class='ocr_par' dir='ltr' id='par_1_48' title="bbox 110 3433 1685 3504">
     <span class='ocr_line' id='line_1_48' title="bbox 110 3433 1685 3504; baseline 0.005 -17"><span class='ocrx_word' id='word_1_320' title='bbox 110 3433 347 3504; x_wconf 82' lang='lat' dir='ltr'><strong>defridus,</strong></span> <span class='ocrx_word' id='word_1_321' title='bbox 373 3447 426 3493; x_wconf 89' lang='lat' dir='ltr'><strong>et</strong></span> <span class='ocrx_word' id='word_1_322' title='bbox 452 3436 811 3494; x_wconf 84' lang='lat' dir='ltr'><strong>Flandrensis</strong></span> <span class='ocrx_word' id='word_1_323' title='bbox 831 3452 1018 3493; x_wconf 90' lang='lat' dir='ltr'><strong>comes</strong></span> <span class='ocrx_word' id='word_1_324' title='bbox 1041 3436 1358 3503; x_wconf 85' lang='lat' dir='ltr'><strong>Rotbertus,</strong></span> <span class='ocrx_word' id='word_1_325' title='bbox 1375 3445 1431 3492; x_wconf 90' lang='lat' dir='ltr'><strong>et</strong></span> <span class='ocrx_word' id='word_1_326' title='bbox 1453 3436 1685 3495; x_wconf 80' lang='lat' dir='ltr'><strong>Rother-</strong></span> 
     </span>
    </p>
   </div>
   <div class='ocr_carea' id='block_1_49' title="bbox 113 3529 1685 3599">
    <p class='ocr_par' dir='ltr' id='par_1_49' title="bbox 113 3529 1685 3599">
     <span class='ocr_line' id='line_1_49' title="bbox 113 3529 1685 3599; baseline 0.004 -19"><span class='ocrx_word' id='word_1_327' title='bbox 113 3535 187 3584; x_wconf 88' lang='lat' dir='ltr'><strong>tus</strong></span> <span class='ocrx_word' id='word_1_328' title='bbox 209 3544 385 3586; x_wconf 89' lang='lat' dir='ltr'><strong>comes</strong></span> <span class='ocrx_word' id='word_1_329' title='bbox 436 3531 879 3598; x_wconf 68' lang='lat' dir='ltr'><strong>Northmannize,</strong></span> <span class='ocrx_word' id='word_1_330' title='bbox 924 3539 980 3587; x_wconf 91' lang='lat' dir='ltr'><strong>et</strong></span> <span class='ocrx_word' id='word_1_331' title='bbox 1025 3529 1356 3586; x_wconf 88' lang='lat' dir='ltr'><strong>Eustachius</strong></span> <span class='ocrx_word' id='word_1_332' title='bbox 1390 3547 1597 3599; x_wconf 90' lang='lat' dir='ltr'><strong>comes,</strong></span> <span class='ocrx_word' id='word_1_333' title='bbox 1630 3540 1685 3587; x_wconf 88' lang='lat' dir='ltr'><strong>et</strong></span> 
     </span>
    </p>
   </div>
   <div class='ocr_carea' id='block_1_50' title="bbox 113 3618 1684 3691">
    <p class='ocr_par' dir='ltr' id='par_1_50' title="bbox 113 3618 1684 3691">
     <span class='ocr_line' id='line_1_50' title="bbox 113 3618 1684 3691; baseline 0.006 -21"><span class='ocrx_word' id='word_1_334' title='bbox 113 3618 190 3672; x_wconf 86' lang='lat' dir='ltr'><strong>alii</strong></span> <span class='ocrx_word' id='word_1_335' title='bbox 209 3623 448 3680; x_wconf 89' lang='lat' dir='ltr'><strong>seniores</strong></span> <span class='ocrx_word' id='word_1_336' title='bbox 494 3623 660 3680; x_wconf 83' lang='lat' dir='ltr'><strong>divisi</strong></span> <span class='ocrx_word' id='word_1_337' title='bbox 693 3632 817 3680; x_wconf 89' lang='lat' dir='ltr'><strong>sunt</strong></span> <span class='ocrx_word' id='word_1_338' title='bbox 846 3623 916 3678; x_wconf 89' lang='lat' dir='ltr'><strong>ab</strong></span> <span class='ocrx_word' id='word_1_339' title='bbox 946 3623 1090 3691; x_wconf 81' lang='lat' dir='ltr'><strong>aliis,</strong></span> <span class='ocrx_word' id='word_1_340' title='bbox 1143 3633 1195 3679; x_wconf 89' lang='lat' dir='ltr'><strong>et</strong></span> <span class='ocrx_word' id='word_1_341' title='bbox 1239 3623 1584 3679; x_wconf 90' lang='lat' dir='ltr'><strong>intraverunt</strong></span> <span class='ocrx_word' id='word_1_342' title='bbox 1627 3624 1684 3679; x_wconf 92' lang='lat' dir='ltr'><strong>in</strong></span> 
     </span>
    </p>
   </div>
   <div class='ocr_carea' id='block_1_51' title="bbox 114 3711 1685 3782">
    <p class='ocr_par' dir='ltr' id='par_1_51' title="bbox 114 3711 1685 3782">
     <span class='ocr_line' id='line_1_51' title="bbox 114 3711 1685 3782; baseline 0.006 -20"><span class='ocrx_word' id='word_1_343' title='bbox 114 3711 399 3769; x_wconf 84' lang='lat' dir='ltr'><strong>cathedram</strong></span> <span class='ocrx_word' id='word_1_344' title='bbox 414 3713 474 3771; x_wconf 93' lang='lat' dir='ltr'><strong>S.</strong></span> <span class='ocrx_word' id='word_1_345' title='bbox 507 3713 675 3770; x_wconf 82' lang='lat' dir='ltr'><strong>Petri.</strong></span> <span class='ocrx_word' id='word_1_346' title='bbox 707 3713 977 3770; x_wconf 86' lang='lat' dir='ltr'><strong>Cathedra</strong></span> <span class='ocrx_word' id='word_1_347' title='bbox 1003 3722 1142 3782; x_wconf 89' lang='lat' dir='ltr'><strong>erat,</strong></span> <span class='ocrx_word' id='word_1_348' title='bbox 1173 3724 1234 3771; x_wconf 91' lang='lat' dir='ltr'><strong>ut</strong></span> <span class='ocrx_word' id='word_1_349' title='bbox 1255 3715 1311 3770; x_wconf 90' lang='lat' dir='ltr'><strong>in</strong></span> <span class='ocrx_word' id='word_1_350' title='bbox 1339 3715 1431 3772; x_wconf 89' lang='lat' dir='ltr'><strong>illa</strong></span> <span class='ocrx_word' id='word_1_351' title='bbox 1456 3715 1685 3773; x_wconf 88' lang='lat' dir='ltr'><strong>ecclesia</strong></span> 
     </span>
    </p>
   </div>
   <div class='ocr_carea' id='block_1_52' title="bbox 114 3801 1685 3878">
    <p class='ocr_par' dir='ltr' id='par_1_52' title="bbox 114 3801 1685 3878">
     <span class='ocr_line' id='line_1_52' title="bbox 114 3801 1685 3878; baseline 0.005 -21"><span class='ocrx_word' id='word_1_352' title='bbox 114 3801 464 3863; x_wconf 86' lang='lat' dir='ltr'><strong>discernerent</strong></span> <span class='ocrx_word' id='word_1_353' title='bbox 521 3807 665 3863; x_wconf 89' lang='lat' dir='ltr'><strong>inter</strong></span> <span class='ocrx_word' id='word_1_354' title='bbox 711 3817 1024 3878; x_wconf 90' lang='lat' dir='ltr'><strong>utrumque.</strong></span> <span class='ocrx_word' id='word_1_355' title='bbox 1072 3808 1180 3864; x_wconf 88' lang='lat' dir='ltr'><strong>Sed</strong></span> <span class='ocrx_word' id='word_1_356' title='bbox 1227 3809 1305 3863; x_wconf 90' lang='lat' dir='ltr'><strong>illi</strong></span> <span class='ocrx_word' id='word_1_357' title='bbox 1335 3809 1592 3864; x_wconf 88' lang='lat' dir='ltr'><strong>timentes</strong></span> <span class='ocrx_word' id='word_1_358' title='bbox 1615 3824 1685 3866; x_wconf 91' lang='lat' dir='ltr'><strong>ne</strong></span> 
     </span>
    </p>
   </div>
   <div class='ocr_carea' id='block_1_53' title="bbox 116 3898 1685 3973">
    <p class='ocr_par' dir='ltr' id='par_1_53' title="bbox 116 3898 1685 3973">
     <span class='ocr_line' id='line_1_53' title="bbox 116 3898 1685 3973; baseline 0.005 -25"><span class='ocrx_word' id='word_1_359' title='bbox 116 3898 266 3952; x_wconf 85' lang='lat' dir='ltr'><strong>sancti</strong></span> <span class='ocrx_word' id='word_1_360' title='bbox 297 3901 539 3972; x_wconf 89' lang='lat' dir='ltr'><strong>sepulcri</strong></span> <span class='ocrx_word' id='word_1_361' title='bbox 567 3901 655 3956; x_wconf 87' lang='lat' dir='ltr'><strong>via</strong></span> <span class='ocrx_word' id='word_1_362' title='bbox 698 3911 1027 3968; x_wconf 85' lang='lat' dir='ltr'><strong>remaneret,</strong></span> <span class='ocrx_word' id='word_1_363' title='bbox 1056 3901 1354 3958; x_wconf 91' lang='lat' dir='ltr'><strong>noluerunt</strong></span> <span class='ocrx_word' id='word_1_364' title='bbox 1378 3911 1564 3972; x_wconf 88' lang='lat' dir='ltr'><strong>aperte</strong></span> <span class='ocrx_word' id='word_1_365' title='bbox 1589 3901 1685 3973; x_wconf 89' lang='lat' dir='ltr'><strong>ju-</strong></span> 
     </span>
    </p>
   </div>
   <div class='ocr_carea' id='block_1_54' title="bbox 117 3985 1686 4060">
    <p class='ocr_par' dir='ltr' id='par_1_54' title="bbox 117 3985 1686 4060">
     <span class='ocr_line' id='line_1_54' title="bbox 117 3985 1686 4060; baseline 0.006 -21"><span class='ocrx_word' id='word_1_366' title='bbox 117 3985 296 4045; x_wconf 88' lang='lat' dir='ltr'><strong>dicium</strong></span> <span class='ocrx_word' id='word_1_367' title='bbox 316 3992 523 4049; x_wconf 85' lang='lat' dir='ltr'><strong>dicere.</strong></span> <span class='ocrx_word' id='word_1_368' title='bbox 571 3990 729 4060; x_wconf 87' lang='lat' dir='ltr'><strong>Quod</strong></span> <span class='ocrx_word' id='word_1_369' title='bbox 775 4009 902 4050; x_wconf 90' lang='lat' dir='ltr'><strong>cum</strong></span> <span class='ocrx_word' id='word_1_370' title='bbox 923 3993 1062 4049; x_wconf 88' lang='lat' dir='ltr'><strong>vidit</strong></span> <span class='ocrx_word' id='word_1_371' title='bbox 1110 3991 1455 4049; x_wconf 84' lang='lat' dir='ltr'><strong>Raimundus</strong></span> <span class='ocrx_word' id='word_1_372' title='bbox 1499 4008 1686 4050; x_wconf 89' lang='lat' dir='ltr'><strong>comes</strong></span> 
     </span>
    </p>
   </div>
   <div class='ocr_carea' id='block_1_55' title="bbox 119 4074 1686 4157">
    <p class='ocr_par' dir='ltr' id='par_1_55' title="bbox 119 4074 1686 4157">
     <span class='ocr_line' id='line_1_55' title="bbox 119 4074 1686 4157; baseline 0.008 -27"><span class='ocrx_word' id='word_1_373' title='bbox 119 4074 279 4137; x_wconf 86' lang='lat' dir='ltr'><strong>Sancti</strong></span> <span class='ocrx_word' id='word_1_374' title='bbox 305 4082 536 4157; x_wconf 66' lang='lat' dir='ltr'><strong>Aﬁgidii,</strong></span> <span class='ocrx_word' id='word_1_375' title='bbox 585 4084 760 4140; x_wconf 83' lang='lat' dir='ltr'><strong>dixit:</strong></span> <span class='ocrx_word' id='word_1_376' title='bbox 813 4103 833 4138; x_wconf 73' lang='grc' dir='ltr'><strong><em>ι</em></strong></span> <span class='ocrx_word' id='word_1_377' title='bbox 886 4083 1216 4156; x_wconf 87' lang='lat' dir='ltr'><strong>Priusquam</strong></span> <span class='ocrx_word' id='word_1_378' title='bbox 1263 4085 1350 4142; x_wconf 89' lang='lat' dir='ltr'><strong>via</strong></span> <span class='ocrx_word' id='word_1_379' title='bbox 1398 4085 1572 4142; x_wconf 86' lang='lat' dir='ltr'><strong>sancti</strong></span> <span class='ocrx_word' id='word_1_380' title='bbox 1593 4101 1686 4143; x_wconf 84' lang='lat' dir='ltr'><strong>se-</strong></span> 
     </span>
    </p>
   </div>
   <div class='ocr_carea' id='block_1_56' title="bbox 118 4172 1687 4245">
    <p class='ocr_par' dir='ltr' id='par_1_56' title="bbox 118 4172 1687 4245">
     <span class='ocr_line' id='line_1_56' title="bbox 118 4172 1687 4245; baseline 0.008 -21"><span class='ocrx_word' id='word_1_381' title='bbox 118 4172 268 4238; x_wconf 88' lang='lat' dir='ltr'><strong>pulcri</strong></span> <span class='ocrx_word' id='word_1_382' title='bbox 316 4186 622 4245; x_wconf 88' lang='lat' dir='ltr'><strong>remaneat,</strong></span> <span class='ocrx_word' id='word_1_383' title='bbox 670 4179 718 4233; x_wconf 92' lang='lat' dir='ltr'><strong>si</strong></span> <span class='ocrx_word' id='word_1_384' title='bbox 763 4177 1118 4234; x_wconf 86' lang='lat' dir='ltr'><strong>Boamundus</strong></span> <span class='ocrx_word' id='word_1_385' title='bbox 1165 4178 1451 4235; x_wconf 89' lang='lat' dir='ltr'><strong>vobiscum</strong></span> <span class='ocrx_word' id='word_1_386' title='bbox 1497 4179 1687 4236; x_wconf 90' lang='lat' dir='ltr'><strong>venire</strong></span> 
     </span>
    </p>
   </div>
   <div class='ocr_carea' id='block_1_57' title="bbox 118 4265 1687 4342">
    <p class='ocr_par' dir='ltr' id='par_1_57' title="bbox 118 4265 1687 4342">
     <span class='ocr_line' id='line_1_57' title="bbox 118 4265 1687 4342; baseline 0.007 -24"><span class='ocrx_word' id='word_1_387' title='bbox 118 4265 342 4336; x_wconf 79' lang='lat' dir='ltr'><strong>voluerit,</strong></span> <span class='ocrx_word' id='word_1_388' title='bbox 383 4270 655 4342; x_wconf 86' lang='lat' dir='ltr'><strong>quidquid</strong></span> <span class='ocrx_word' id='word_1_389' title='bbox 680 4270 944 4342; x_wconf 89' lang='lat' dir='ltr'><strong>episcopi,</strong></span> <span class='ocrx_word' id='word_1_390' title='bbox 985 4279 1042 4326; x_wconf 91' lang='lat' dir='ltr'><strong>et</strong></span> <span class='ocrx_word' id='word_1_391' title='bbox 1080 4269 1441 4341; x_wconf 84' lang='lat' dir='ltr'><strong>Godel‘redus,</strong></span> <span class='ocrx_word' id='word_1_392' title='bbox 1470 4282 1524 4328; x_wconf 91' lang='lat' dir='ltr'><strong>et</strong></span> <span class='ocrx_word' id='word_1_393' title='bbox 1576 4271 1687 4330; x_wconf 83' lang='lat' dir='ltr'><strong>Ro-</strong></span> 
     </span>
    </p>
   </div>
   <div class='ocr_carea' id='block_1_58' title="bbox 120 4356 1685 4432">
    <p class='ocr_par' dir='ltr' id='par_1_58' title="bbox 120 4356 1685 4432">
     <span class='ocr_line' id='line_1_58' title="bbox 120 4356 1685 4432; baseline 0.009 -23"><span class='ocrx_word' id='word_1_394' title='bbox 120 4356 303 4418; x_wconf 86' lang='lat' dir='ltr'><strong>tbertus</strong></span> <span class='ocrx_word' id='word_1_395' title='bbox 327 4361 767 4432; x_wconf 89' lang='lat' dir='ltr'><strong>Northmannus,</strong></span> <span class='ocrx_word' id='word_1_396' title='bbox 799 4373 854 4420; x_wconf 88' lang='lat' dir='ltr'><strong>et</strong></span> <span class='ocrx_word' id='word_1_397' title='bbox 891 4363 1188 4422; x_wconf 85' lang='lat' dir='ltr'><strong>Rotbertus</strong></span> <span class='ocrx_word' id='word_1_398' title='bbox 1208 4363 1560 4423; x_wconf 90' lang='lat' dir='ltr'><strong>Flandrcnsis</strong></span> <span class='ocrx_word' id='word_1_399' title='bbox 1585 4381 1685 4423; x_wconf 79' lang='lat' dir='ltr'><strong>co-</strong></span> 
     </span>
    </p>
   </div>
   <div class='ocr_carea' id='block_1_59' title="bbox 123 4453 1684 4528">
    <p class='ocr_par' dir='ltr' id='par_1_59' title="bbox 123 4453 1684 4528">
     <span class='ocr_line' id='line_1_59' title="bbox 123 4453 1684 4528; baseline 0.006 -25"><span class='ocrx_word' id='word_1_400' title='bbox 123 4462 240 4517; x_wconf 87' lang='lat' dir='ltr'><strong>mes,</strong></span> <span class='ocrx_word' id='word_1_401' title='bbox 267 4461 318 4508; x_wconf 88' lang='lat' dir='ltr'><strong>ct</strong></span> <span class='ocrx_word' id='word_1_402' title='bbox 341 4454 432 4509; x_wconf 92' lang='lat' dir='ltr'><strong>alii</strong></span> <span class='ocrx_word' id='word_1_403' title='bbox 459 4454 709 4511; x_wconf 89' lang='lat' dir='ltr'><strong>seniores</strong></span> <span class='ocrx_word' id='word_1_404' title='bbox 740 4453 1102 4524; x_wconf 84' lang='lat' dir='ltr'><strong>laudaverint,</strong></span> <span class='ocrx_word' id='word_1_405' title='bbox 1147 4471 1248 4528; x_wconf 81' lang='lat' dir='ltr'><strong>ego</strong></span> <span class='ocrx_word' id='word_1_406' title='bbox 1278 4456 1469 4512; x_wconf 90' lang='lat' dir='ltr'><strong>libenti</strong></span> <span class='ocrx_word' id='word_1_407' title='bbox 1495 4457 1684 4514; x_wconf 91' lang='lat' dir='ltr'><strong>animo</strong></span> 
     </span>
    </p>
   </div>
   <div class='ocr_carea' id='block_1_60' title="bbox 123 4543 1680 4619">
    <p class='ocr_par' dir='ltr' id='par_1_60' title="bbox 123 4543 1680 4619">
     <span class='ocr_line' id='line_1_60' title="bbox 123 4543 1680 4619; baseline 0.006 -23"><span class='ocrx_word' id='word_1_408' title='bbox 123 4543 388 4615; x_wconf 83' lang='lat' dir='ltr'><strong>perﬁciam,</strong></span> <span class='ocrx_word' id='word_1_409' title='bbox 412 4547 566 4605; x_wconf 85' lang='lat' dir='ltr'><strong>salva</strong></span> <span class='ocrx_word' id='word_1_410' title='bbox 588 4547 846 4604; x_wconf 78' lang='lat' dir='ltr'><strong>ﬁdelitate</strong></span> <span class='ocrx_word' id='word_1_411' title='bbox 873 4547 1240 4619; x_wconf 89' lang='lat' dir='ltr'><strong>imperatoris.</strong></span> <span class='ocrx_word' id='word_1_412' title='bbox 1265 4547 1453 4616; x_wconf 74' lang='lat' dir='ltr'><strong>«Quod</strong></span> <span class='ocrx_word' id='word_1_413' title='bbox 1482 4549 1680 4606; x_wconf 83' lang='lat' dir='ltr'><strong>lauda-</strong></span> 
     </span>
    </p>
   </div>
   <div class='ocr_carea' id='block_1_61' title="bbox 124 4631 1706 4720">
    <p class='ocr_par' dir='ltr' id='par_1_61' title="bbox 124 4631 1706 4720">
     <span class='ocr_line' id='line_1_61' title="bbox 124 4631 1706 4720; baseline 0.007 -35"><span class='ocrx_word' id='word_1_414' title='bbox 124 4631 190 4686; x_wconf 88' lang='lat' dir='ltr'><strong>vit</strong></span> <span class='ocrx_word' id='word_1_415' title='bbox 211 4633 553 4696; x_wconf 83' lang='lat' dir='ltr'><strong>Boamundus</strong></span> <span class='ocrx_word' id='word_1_416' title='bbox 604 4647 660 4696; x_wconf 91' lang='lat' dir='ltr'><strong>et</strong></span> <span class='ocrx_word' id='word_1_417' title='bbox 685 4639 900 4707; x_wconf 89' lang='lat' dir='ltr'><strong>annuit,</strong></span> <span class='ocrx_word' id='word_1_418' title='bbox 931 4647 986 4695; x_wconf 91' lang='lat' dir='ltr'><strong>et</strong></span> <span class='ocrx_word' id='word_1_419' title='bbox 1007 4641 1081 4695; x_wconf 91' lang='lat' dir='ltr'><strong>ita</strong></span> <span class='ocrx_word' id='word_1_420' title='bbox 1119 4639 1498 4709; x_wconf 88' lang='lat' dir='ltr'><strong>promiserunt</strong></span> <span class='ocrx_word' id='word_1_421' title='bbox 1520 4639 1706 4720; x_wconf 82' lang='lat' dir='ltr'><strong>ambo</strong></span> 
     </span>
    </p>
   </div>
   <div class='ocr_carea' id='block_1_62' title="bbox 127 4722 1685 4804">
    <p class='ocr_par' dir='ltr' id='par_1_62' title="bbox 127 4722 1685 4804">
     <span class='ocr_line' id='line_1_62' title="bbox 127 4722 1685 4804; baseline 0.008 -28"><span class='ocrx_word' id='word_1_422' title='bbox 127 4722 173 4778; x_wconf 87' lang='lat' dir='ltr'><strong>in</strong></span> <span class='ocrx_word' id='word_1_423' title='bbox 207 4731 442 4788; x_wconf 88' lang='lat' dir='ltr'><strong>manibus</strong></span> <span class='ocrx_word' id='word_1_424' title='bbox 497 4731 927 4804; x_wconf 88' lang='lat' dir='ltr'><strong>episcoporum,</strong></span> <span class='ocrx_word' id='word_1_425' title='bbox 1005 4732 1318 4789; x_wconf 88' lang='lat' dir='ltr'><strong>videntibus</strong></span> <span class='ocrx_word' id='word_1_426' title='bbox 1379 4732 1685 4804; x_wconf 82' lang='lat' dir='ltr'><strong>peregrinis</strong></span> 
     </span>
    </p>
   </div>
   <div class='ocr_carea' id='block_1_63' title="bbox 127 4820 1679 4896">
    <p class='ocr_par' dir='ltr' id='par_1_63' title="bbox 127 4820 1679 4896">
     <span class='ocr_line' id='line_1_63' title="bbox 127 4820 1679 4896; baseline 0.009 -28"><span class='ocrx_word' id='word_1_427' title='bbox 127 4820 540 4894; x_wconf 47' lang='lat' dir='ltr'><strong>sanctilsepulcri.</strong></span> <span class='ocrx_word' id='word_1_428' title='bbox 567 4823 773 4880; x_wconf 89' lang='lat' dir='ltr'><strong>Deinde</strong></span> <span class='ocrx_word' id='word_1_429' title='bbox 801 4825 1010 4896; x_wconf 89' lang='lat' dir='ltr'><strong>accepit</strong></span> <span class='ocrx_word' id='word_1_430' title='bbox 1026 4824 1380 4884; x_wconf 89' lang='lat' dir='ltr'><strong>Boamundns</strong></span> <span class='ocrx_word' id='word_1_431' title='bbox 1401 4841 1527 4883; x_wconf 90' lang='lat' dir='ltr'><strong>cum</strong></span> <span class='ocrx_word' id='word_1_432' title='bbox 1559 4826 1679 4882; x_wconf 87' lang='lat' dir='ltr'><strong>suis</strong></span> 
     </span>
    </p>
   </div>
   <div class='ocr_carea' id='block_1_64' title="bbox 129 4909 1758 4989">
    <p class='ocr_par' dir='ltr' id='par_1_64' title="bbox 129 4909 1758 4989">
     <span class='ocr_line' id='line_1_64' title="bbox 129 4909 1758 4989; baseline 0.007 -25"><span class='ocrx_word' id='word_1_433' title='bbox 129 4909 407 4974; x_wconf 80' lang='lat' dir='ltr'><strong>hominibus</strong></span> <span class='ocrx_word' id='word_1_434' title='bbox 447 4918 765 4986; x_wconf 87' lang='lat' dir='ltr'><strong>consilium,</strong></span> <span class='ocrx_word' id='word_1_435' title='bbox 815 4919 1093 4989; x_wconf 92' lang='lat' dir='ltr'><strong>quomodo</strong></span> <span class='ocrx_word' id='word_1_436' title='bbox 1146 4919 1385 4975; x_wconf 91' lang='lat' dir='ltr'><strong>muniret</strong></span> <span class='ocrx_word' id='word_1_437' title='bbox 1437 4929 1679 4975; x_wconf 90' lang='lat' dir='ltr'><strong>castrum</strong></span> <span class='ocrx_word' id='word_1_438' title='bbox 1713 4932 1758 4988; x_wconf 83' lang='lat'><strong>1)</strong></span> 
     </span>
    </p>
   </div>
   <div class='ocr_carea' id='block_1_65' title="bbox 128 5000 1682 5082">
    <p class='ocr_par' dir='ltr' id='par_1_65' title="bbox 128 5000 1682 5082">
     <span class='ocr_line' id='line_1_65' title="bbox 128 5000 1682 5082; baseline 0.008 -28"><span class='ocrx_word' id='word_1_439' title='bbox 128 5000 183 5056; x_wconf 89' lang='lat' dir='ltr'><strong>de</strong></span> <span class='ocrx_word' id='word_1_440' title='bbox 205 5004 300 5062; x_wconf 88' lang='lat' dir='ltr'><strong>alta</strong></span> <span class='ocrx_word' id='word_1_441' title='bbox 341 5018 628 5066; x_wconf 89' lang='lat' dir='ltr'><strong>montanea</strong></span> <span class='ocrx_word' id='word_1_442' title='bbox 655 5010 723 5066; x_wconf 90' lang='lat' dir='ltr'><strong>de</strong></span> <span class='ocrx_word' id='word_1_443' title='bbox 764 5009 926 5066; x_wconf 90' lang='lat' dir='ltr'><strong>bonis</strong></span> <span class='ocrx_word' id='word_1_444' title='bbox 966 5009 1140 5065; x_wconf 88' lang='lat' dir='ltr'><strong>armis</strong></span> <span class='ocrx_word' id='word_1_445' title='bbox 1178 5019 1234 5067; x_wconf 90' lang='lat' dir='ltr'><strong>et</strong></span> <span class='ocrx_word' id='word_1_446' title='bbox 1281 5010 1348 5066; x_wconf 91' lang='lat' dir='ltr'><strong>de</strong></span> <span class='ocrx_word' id='word_1_447' title='bbox 1377 5011 1548 5078; x_wconf 87' lang='lat' dir='ltr'><strong>victu,</strong></span> <span class='ocrx_word' id='word_1_448' title='bbox 1580 5011 1682 5082; x_wconf 91' lang='lat' dir='ltr'><strong>qui</strong></span> 
     </span>
    </p>
   </div>
   <div class='ocr_carea' id='block_1_66' title="bbox 131 5095 1677 5172">
    <p class='ocr_par' dir='ltr' id='par_1_66' title="bbox 131 5095 1677 5172">
     <span class='ocr_line' id='line_1_66' title="bbox 131 5095 1677 5172; baseline 0.008 -28"><span class='ocrx_word' id='word_1_449' title='bbox 131 5105 222 5148; x_wconf 89' lang='lat' dir='ltr'><strong>non</strong></span> <span class='ocrx_word' id='word_1_450' title='bbox 243 5095 479 5156; x_wconf 81' lang='lat' dir='ltr'><strong>deﬁceret</strong></span> <span class='ocrx_word' id='word_1_451' title='bbox 501 5101 666 5172; x_wconf 89' lang='lat' dir='ltr'><strong>longo</strong></span> <span class='ocrx_word' id='word_1_452' title='bbox 695 5109 957 5171; x_wconf 88' lang='lat' dir='ltr'><strong>tempore.</strong></span> <span class='ocrx_word' id='word_1_453' title='bbox 1002 5099 1070 5155; x_wconf 92' lang='lat' dir='ltr'><strong>Et</strong></span> <span class='ocrx_word' id='word_1_454' title='bbox 1111 5097 1456 5156; x_wconf 84' lang='lat' dir='ltr'><strong>Raimundus</strong></span> <span class='ocrx_word' id='word_1_455' title='bbox 1489 5098 1677 5156; x_wconf 88' lang='lat' dir='ltr'><strong>Sancti</strong></span> 
     </span>
    </p>
   </div>
   <div class='ocr_carea' id='block_1_67' title="bbox 129 5179 1678 5266">
    <p class='ocr_par' dir='ltr' id='par_1_67' title="bbox 129 5179 1678 5266">
     <span class='ocr_line' id='line_1_67' title="bbox 129 5179 1678 5266; baseline 0.003 -21"><span class='ocrx_word' id='word_1_456' title='bbox 129 5179 301 5256; x_wconf 32' lang='lat' dir='ltr'><strong>.Egidii</strong></span> <span class='ocrx_word' id='word_1_457' title='bbox 335 5190 579 5250; x_wconf 89' lang='lat' dir='ltr'><strong>similiter</strong></span> <span class='ocrx_word' id='word_1_458' title='bbox 605 5193 840 5248; x_wconf 90' lang='lat' dir='ltr'><strong>munivit</strong></span> <span class='ocrx_word' id='word_1_459' title='bbox 873 5193 1136 5266; x_wconf 88' lang='lat' dir='ltr'><strong>palatium</strong></span> <span class='ocrx_word' id='word_1_460' title='bbox 1175 5192 1425 5249; x_wconf 84' lang='lat' dir='ltr'><strong>Cassiani</strong></span> <span class='ocrx_word' id='word_1_461' title='bbox 1463 5192 1678 5250; x_wconf 86' lang='lat' dir='ltr'><strong>Ammi-</strong></span> 
     </span>
    </p>
   </div>
   <div class='ocr_carea' id='block_1_68' title="bbox 135 5269 1702 5359">
    <p class='ocr_par' dir='ltr' id='par_1_68' title="bbox 135 5269 1702 5359">
     <span class='ocr_line' id='line_1_68' title="bbox 135 5269 1702 5359; baseline 0.008 -30"><span class='ocrx_word' id='word_1_462' title='bbox 135 5277 252 5346; x_wconf 86' lang='lat' dir='ltr'><strong>ralii,</strong></span> <span class='ocrx_word' id='word_1_463' title='bbox 277 5291 327 5337; x_wconf 89' lang='lat' dir='ltr'><strong>et</strong></span> <span class='ocrx_word' id='word_1_464' title='bbox 347 5269 533 5359; x_wconf 82' lang='lat' dir='ltr'><strong>turrim</strong></span> <span class='ocrx_word' id='word_1_465' title='bbox 554 5300 678 5358; x_wconf 72' lang='lat' dir='ltr'><strong>quae</strong></span> <span class='ocrx_word' id='word_1_466' title='bbox 705 5294 791 5341; x_wconf 91' lang='lat' dir='ltr'><strong>est</strong></span> <span class='ocrx_word' id='word_1_467' title='bbox 836 5301 1003 5357; x_wconf 88' lang='lat' dir='ltr'><strong>super</strong></span> <span class='ocrx_word' id='word_1_468' title='bbox 1043 5294 1257 5358; x_wconf 90' lang='lat' dir='ltr'><strong>portam</strong></span> <span class='ocrx_word' id='word_1_469' title='bbox 1313 5284 1518 5358; x_wconf 89' lang='lat' dir='ltr'><strong>pontis,</strong></span> <span class='ocrx_word' id='word_1_470' title='bbox 1551 5301 1702 5358; x_wconf 16' lang='lat' dir='ltr'><strong>quae,</strong></span> 
     </span>
    </p>
   </div>
   <div class='ocr_carea' id='block_1_69' title="bbox 135 5374 1193 5450">
    <p class='ocr_par' dir='ltr' id='par_1_69' title="bbox 135 5374 1193 5450">
     <span class='ocr_line' id='line_1_69' title="bbox 135 5374 1193 5450; baseline 0.013 -30"><span class='ocrx_word' id='word_1_471' title='bbox 135 5374 279 5427; x_wconf 81' lang='lat' dir='ltr'><strong>estex</strong></span> <span class='ocrx_word' id='word_1_472' title='bbox 300 5385 442 5444; x_wconf 88' lang='lat' dir='ltr'><strong>parte</strong></span> <span class='ocrx_word' id='word_1_473' title='bbox 459 5388 649 5450; x_wconf 89' lang='lat' dir='ltr'><strong>portus</strong></span> <span class='ocrx_word' id='word_1_474' title='bbox 671 5377 858 5436; x_wconf 89' lang='lat' dir='ltr'><strong>Sancti</strong></span> <span class='ocrx_word' id='word_1_475' title='bbox 897 5378 1193 5436; x_wconf 89' lang='lat' dir='ltr'><strong>Simeonis.</strong></span> 
     </span>
    </p>
   </div>
   <div class='ocr_carea' id='block_1_70' title="bbox 275 5468 1146 5542">
    <p class='ocr_par' dir='ltr' id='par_1_70' title="bbox 275 5468 1146 5542">
     <span class='ocr_line' id='line_1_70' title="bbox 275 5468 1146 5542; baseline 0.001 -18"><span class='ocrx_word' id='word_1_476' title='bbox 275 5539 278 5542; x_wconf 8' lang='grc' dir='ltr'><strong><em>ἢ</em></strong></span> <span class='ocrx_word' id='word_1_477' title='bbox 590 5468 668 5525; x_wconf 86' lang='lat' dir='ltr'><strong>De</strong></span> <span class='ocrx_word' id='word_1_478' title='bbox 693 5471 804 5524; x_wconf 80' lang='lat' dir='ltr'><strong>situ</strong></span> <span class='ocrx_word' id='word_1_479' title='bbox 828 5470 1146 5525; x_wconf 71' lang='lat' dir='ltr'><strong>Antiochiae.</strong></span> 
     </span>
    </p>
   </div>
   <div class='ocr_carea' id='block_1_71' title="bbox 197 5547 1680 5638">
    <p class='ocr_par' dir='ltr' id='par_1_71' title="bbox 197 5547 1680 5638">
     <span class='ocr_line' id='line_1_71' title="bbox 197 5547 1680 5638; baseline 0.009 -31"><span class='ocrx_word' id='word_1_480' title='bbox 197 5547 262 5607; x_wconf 86' lang='lat' dir='ltr'><strong>De</strong></span> <span class='ocrx_word' id='word_1_481' title='bbox 285 5554 488 5638; x_wconf 85' lang='lat' dir='ltr'><strong>civitate</strong></span> <span class='ocrx_word' id='word_1_482' title='bbox 513 5575 644 5618; x_wconf 88' lang='lat' dir='ltr'><strong>vero</strong></span> <span class='ocrx_word' id='word_1_483' title='bbox 688 5577 863 5632; x_wconf 89' lang='lat' dir='ltr'><strong>pauca</strong></span> <span class='ocrx_word' id='word_1_484' title='bbox 887 5561 1162 5633; x_wconf 88' lang='lat' dir='ltr'><strong>loquenda</strong></span> <span class='ocrx_word' id='word_1_485' title='bbox 1205 5573 1351 5620; x_wconf 89' lang='lat' dir='ltr'><strong>sunt.</strong></span> <span class='ocrx_word' id='word_1_486' title='bbox 1382 5561 1510 5620; x_wconf 67' lang='lat' dir='ltr'><strong>Haec</strong></span> <span class='ocrx_word' id='word_1_487' title='bbox 1537 5577 1680 5634; x_wconf 85' lang='lat' dir='ltr'><strong>quo-</strong></span> 
     </span>
    </p>
   </div>
   <div class='ocr_carea' id='block_1_72' title="bbox 145 5640 1681 5722">
    <p class='ocr_par' dir='ltr' id='par_1_72' title="bbox 145 5640 1681 5722">
     <span class='ocr_line' id='line_1_72' title="bbox 145 5640 1681 5722; baseline 0.01 -32"><span class='ocrx_word' id='word_1_488' title='bbox 145 5649 231 5722; x_wconf 81' lang='lat' dir='ltr'><strong>que</strong></span> <span class='ocrx_word' id='word_1_489' title='bbox 255 5640 424 5704; x_wconf 87' lang='lat' dir='ltr'><strong>civitas</strong></span> <span class='ocrx_word' id='word_1_490' title='bbox 445 5649 600 5706; x_wconf 86' lang='lat' dir='ltr'><strong>valde</strong></span> <span class='ocrx_word' id='word_1_491' title='bbox 633 5657 720 5707; x_wconf 88' lang='lat' dir='ltr'><strong>est</strong></span> <span class='ocrx_word' id='word_1_492' title='bbox 739 5665 960 5722; x_wconf 85' lang='lat' dir='ltr'><strong>magna,</strong></span> <span class='ocrx_word' id='word_1_493' title='bbox 985 5658 1041 5706; x_wconf 87' lang='lat' dir='ltr'><strong>et</strong></span> <span class='ocrx_word' id='word_1_494' title='bbox 1080 5649 1329 5721; x_wconf 88' lang='lat' dir='ltr'><strong>pulchra,</strong></span> <span class='ocrx_word' id='word_1_495' title='bbox 1357 5659 1412 5707; x_wconf 87' lang='lat' dir='ltr'><strong>ct</strong></span> <span class='ocrx_word' id='word_1_496' title='bbox 1437 5650 1681 5707; x_wconf 89' lang='lat' dir='ltr'><strong>honora-</strong></span> 
     </span>
    </p>
   </div>
   <div class='ocr_carea' id='block_1_73' title="bbox 80 5721 1685 5812">
    <p class='ocr_par' dir='ltr' id='par_1_73' title="bbox 80 5721 1685 5812">
     <span class='ocr_line' id='line_1_73' title="bbox 80 5721 1685 5812; baseline -0.001 -15"><span class='ocrx_word' id='word_1_497' title='bbox 80 5792 86 5798; x_wconf 90' lang='lat'><strong>.</strong></span> <span class='ocrx_word' id='word_1_498' title='bbox 147 5721 267 5797; x_wconf 64' lang='lat' dir='ltr'><strong>bilis.</strong></span> <span class='ocrx_word' id='word_1_499' title='bbox 291 5735 406 5804; x_wconf 84' lang='lat' dir='ltr'><strong>quia</strong></span> <span class='ocrx_word' id='word_1_500' title='bbox 425 5737 563 5796; x_wconf 74' lang='lat' dir='ltr'><strong>intra</strong></span> <span class='ocrx_word' id='word_1_501' title='bbox 587 5755 777 5797; x_wconf 90' lang='lat' dir='ltr'><strong>muros</strong></span> <span class='ocrx_word' id='word_1_502' title='bbox 804 5721 925 5812; x_wconf 74' lang='lat' dir='ltr'><strong>ejus</strong></span> <span class='ocrx_word' id='word_1_503' title='bbox 959 5749 1091 5797; x_wconf 89' lang='lat' dir='ltr'><strong>sunt</strong></span> <span class='ocrx_word' id='word_1_504' title='bbox 1115 5749 1352 5812; x_wconf 84' lang='lat' dir='ltr'><strong>quatuor</strong></span> <span class='ocrx_word' id='word_1_505' title='bbox 1377 5750 1685 5797; x_wconf 67' lang='lat' dir='ltr'><strong>montanea:</strong></span> 
     </span>
    </p>
   </div>
   <div class='ocr_carea' id='block_1_74' title="bbox 153 5820 1671 5906">
    <p class='ocr_par' dir='ltr' id='par_1_74' title="bbox 153 5820 1671 5906">
     <span class='ocr_line' id='line_1_74' title="bbox 153 5820 1671 5906; baseline 0.008 -28"><span class='ocrx_word' id='word_1_506' title='bbox 153 5820 361 5883; x_wconf 74' lang='lat' dir='ltr'><strong>maxima:</strong></span> <span class='ocrx_word' id='word_1_507' title='bbox 381 5832 609 5890; x_wconf 84' lang='lat' dir='ltr'><strong>etnimis</strong></span> <span class='ocrx_word' id='word_1_508' title='bbox 643 5834 784 5891; x_wconf 68' lang='lat' dir='ltr'><strong>altat.</strong></span> <span class='ocrx_word' id='word_1_509' title='bbox 819 5829 878 5889; x_wconf 87' lang='lat' dir='ltr'><strong>ln</strong></span> <span class='ocrx_word' id='word_1_510' title='bbox 909 5833 1091 5897; x_wconf 59' lang='lat' dir='ltr'><strong>amori</strong></span> <span class='ocrx_word' id='word_1_511' title='bbox 1121 5847 1341 5906; x_wconf 80' lang='lat' dir='ltr'><strong>quoque</strong></span> <span class='ocrx_word' id='word_1_512' title='bbox 1370 5844 1452 5893; x_wconf 91' lang='lat' dir='ltr'><strong>est</strong></span> <span class='ocrx_word' id='word_1_513' title='bbox 1473 5835 1671 5892; x_wconf 86' lang='lat' dir='ltr'><strong>castel-</strong></span> 
     </span>
    </p>
   </div>
   <div class='ocr_carea' id='block_1_75' title="bbox 1785 2331 3384 2411">
    <p class='ocr_par' dir='ltr' id='par_1_75' title="bbox 1785 2331 3384 2411">
     <span class='ocr_line' id='line_1_75' title="bbox 1785 2331 3384 2411; baseline 0.007 -25"><span class='ocrx_word' id='word_1_514' title='bbox 1785 2331 2009 2388; x_wconf 89' lang='lat' dir='ltr'><strong>vitatem</strong></span> <span class='ocrx_word' id='word_1_515' title='bbox 2056 2333 2427 2402; x_wconf 81' lang='lat' dir='ltr'><strong>Antiochiam,</strong></span> <span class='ocrx_word' id='word_1_516' title='bbox 2491 2352 2617 2406; x_wconf 69' lang='lat' dir='ltr'><strong>quat</strong></span> <span class='ocrx_word' id='word_1_517' title='bbox 2667 2346 2831 2394; x_wconf 55' lang='lat' dir='ltr'><strong>tanta).</strong></span> <span class='ocrx_word' id='word_1_518' title='bbox 2877 2341 3219 2398; x_wconf 85' lang='lat' dir='ltr'><strong>auctoritatis</strong></span> <span class='ocrx_word' id='word_1_519' title='bbox 3258 2341 3384 2411; x_wconf 80' lang='lat' dir='ltr'><strong>fuit,</strong></span> 
     </span>
    </p>
   </div>
   <div class='ocr_carea' id='block_1_76' title="bbox 1786 2426 3380 2505">
    <p class='ocr_par' dir='ltr' id='par_1_76' title="bbox 1786 2426 3380 2505">
     <span class='ocr_line' id='line_1_76' title="bbox 1786 2426 3380 2505; baseline 0.008 -25"><span class='ocrx_word' id='word_1_520' title='bbox 1786 2426 1935 2496; x_wconf 91' lang='lat' dir='ltr'><strong>quod</strong></span> <span class='ocrx_word' id='word_1_521' title='bbox 1963 2441 2087 2482; x_wconf 89' lang='lat' dir='ltr'><strong>eam</strong></span> <span class='ocrx_word' id='word_1_522' title='bbox 2123 2428 2278 2498; x_wconf 91' lang='lat' dir='ltr'><strong>prius</strong></span> <span class='ocrx_word' id='word_1_523' title='bbox 2301 2430 2647 2502; x_wconf 83' lang='lat' dir='ltr'><strong>septuaginta</strong></span> <span class='ocrx_word' id='word_1_524' title='bbox 2695 2439 2750 2486; x_wconf 89' lang='lat' dir='ltr'><strong>et</strong></span> <span class='ocrx_word' id='word_1_525' title='bbox 2793 2433 3038 2505; x_wconf 75' lang='lat' dir='ltr'><strong>quinque</strong></span> <span class='ocrx_word' id='word_1_526' title='bbox 3060 2449 3217 2505; x_wconf 78' lang='lat' dir='ltr'><strong>reges</strong></span> <span class='ocrx_word' id='word_1_527' title='bbox 3245 2451 3380 2492; x_wconf 90' lang='lat' dir='ltr'><strong>con-</strong></span> 
     </span>
    </p>
   </div>
   <div class='ocr_carea' id='block_1_77' title="bbox 1785 2519 3380 2599">
    <p class='ocr_par' dir='ltr' id='par_1_77' title="bbox 1785 2519 3380 2599">
     <span class='ocr_line' id='line_1_77' title="bbox 1785 2519 3380 2599; baseline 0.008 -26"><span class='ocrx_word' id='word_1_528' title='bbox 1785 2519 2087 2576; x_wconf 90' lang='lat' dir='ltr'><strong>stituerunt</strong></span> <span class='ocrx_word' id='word_1_529' title='bbox 2113 2536 2349 2592; x_wconf 90' lang='lat' dir='ltr'><strong>quorum</strong></span> <span class='ocrx_word' id='word_1_530' title='bbox 2372 2523 2594 2579; x_wconf 90' lang='lat' dir='ltr'><strong>nomina</strong></span> <span class='ocrx_word' id='word_1_531' title='bbox 2623 2534 2755 2580; x_wconf 91' lang='lat' dir='ltr'><strong>sunt</strong></span> <span class='ocrx_word' id='word_1_532' title='bbox 2775 2526 2890 2582; x_wconf 66' lang='lat' dir='ltr'><strong>haec</strong></span> <span class='ocrx_word' id='word_1_533' title='bbox 2915 2545 2927 2580; x_wconf 89' lang='lat'><strong>:</strong></span> <span class='ocrx_word' id='word_1_534' title='bbox 2963 2527 3380 2599; x_wconf 79' lang='lat' dir='ltr'><strong>Murgulandus,</strong></span> 
     </span>
    </p>
   </div>
   <div class='ocr_carea' id='block_1_78' title="bbox 1786 2611 3385 2686">
    <p class='ocr_par' dir='ltr' id='par_1_78' title="bbox 1786 2611 3385 2686">
     <span class='ocr_line' id='line_1_78' title="bbox 1786 2611 3385 2686; baseline 0.004 -19"><span class='ocrx_word' id='word_1_535' title='bbox 1786 2611 2138 2681; x_wconf 88' lang='lat' dir='ltr'><strong>Elirandons,</strong></span> <span class='ocrx_word' id='word_1_536' title='bbox 2161 2612 2526 2683; x_wconf 83' lang='lat' dir='ltr'><strong>Lamulafres,</strong></span> <span class='ocrx_word' id='word_1_537' title='bbox 2556 2614 2886 2685; x_wconf 78' lang='lat' dir='ltr'><strong>Radcmens,</strong></span> <span class='ocrx_word' id='word_1_538' title='bbox 2919 2617 3088 2686; x_wconf 88' lang='lat' dir='ltr'><strong>Elias,</strong></span> <span class='ocrx_word' id='word_1_539' title='bbox 3121 2619 3385 2674; x_wconf 79' lang='lat' dir='ltr'><strong>Bruman-</strong></span> 
     </span>
    </p>
   </div>
   <div class='ocr_carea' id='block_1_79' title="bbox 1785 2704 3386 2780">
    <p class='ocr_par' dir='ltr' id='par_1_79' title="bbox 1785 2704 3386 2780">
     <span class='ocr_line' id='line_1_79' title="bbox 1785 2704 3386 2780; baseline 0.004 -20"><span class='ocrx_word' id='word_1_540' title='bbox 1785 2704 1910 2773; x_wconf 89' lang='lat' dir='ltr'><strong>dus,</strong></span> <span class='ocrx_word' id='word_1_541' title='bbox 1937 2704 2260 2779; x_wconf 84' lang='lat' dir='ltr'><strong>Margorias,</strong></span> <span class='ocrx_word' id='word_1_542' title='bbox 2288 2705 2566 2774; x_wconf 81' lang='lat' dir='ltr'><strong>Pharaon,</strong></span> <span class='ocrx_word' id='word_1_543' title='bbox 2591 2707 2961 2774; x_wconf 87' lang='lat' dir='ltr'><strong>Brumandus,</strong></span> <span class='ocrx_word' id='word_1_544' title='bbox 2989 2709 3228 2780; x_wconf 86' lang='lat' dir='ltr'><strong>Brelion,</strong></span> <span class='ocrx_word' id='word_1_545' title='bbox 3258 2711 3386 2766; x_wconf 86' lang='lat' dir='ltr'><strong>Lai--</strong></span> 
     </span>
    </p>
   </div>
   <div class='ocr_carea' id='block_1_80' title="bbox 1785 2795 3380 2868">
    <p class='ocr_par' dir='ltr' id='par_1_80' title="bbox 1785 2795 3380 2868">
     <span class='ocr_line' id='line_1_80' title="bbox 1785 2795 3380 2868; baseline 0.003 -17"><span class='ocrx_word' id='word_1_546' title='bbox 1785 2796 1909 2863; x_wconf 86' lang='lat' dir='ltr'><strong>dus,</strong></span> <span class='ocrx_word' id='word_1_547' title='bbox 1937 2795 2263 2864; x_wconf 76' lang='lat' dir='ltr'><strong>Rudandus,</strong></span> <span class='ocrx_word' id='word_1_548' title='bbox 2283 2795 2454 2853; x_wconf 83' lang='lat' dir='ltr'><strong>Judas</strong></span> <span class='ocrx_word' id='word_1_549' title='bbox 2476 2796 2844 2867; x_wconf 68' lang='lat' dir='ltr'><strong>Machameus,</strong></span> <span class='ocrx_word' id='word_1_550' title='bbox 2872 2797 3098 2868; x_wconf 83' lang='lat' dir='ltr'><strong>Nubles,</strong></span> <span class='ocrx_word' id='word_1_551' title='bbox 3122 2800 3380 2864; x_wconf 88' lang='lat' dir='ltr'><strong>Samson,</strong></span> 
     </span>
    </p>
   </div>
   <div class='ocr_carea' id='block_1_81' title="bbox 1786 2889 3379 2961">
    <p class='ocr_par' dir='ltr' id='par_1_81' title="bbox 1786 2889 3379 2961">
     <span class='ocr_line' id='line_1_81' title="bbox 1786 2889 3379 2961; baseline 0.003 -18"><span class='ocrx_word' id='word_1_552' title='bbox 1786 2889 1959 2944; x_wconf 88' lang='lat' dir='ltr'><strong>David</strong></span> <span class='ocrx_word' id='word_1_553' title='bbox 2003 2889 2318 2956; x_wconf 72' lang='lat' dir='ltr'><strong>haereticus,</strong></span> <span class='ocrx_word' id='word_1_554' title='bbox 2372 2889 2653 2958; x_wconf 87' lang='lat' dir='ltr'><strong>Salomon,</strong></span> <span class='ocrx_word' id='word_1_555' title='bbox 2704 2890 2936 2960; x_wconf 82' lang='lat' dir='ltr'><strong>Pilatus,</strong></span> <span class='ocrx_word' id='word_1_556' title='bbox 2968 2892 3234 2961; x_wconf 85' lang='lat' dir='ltr'><strong>Herodes,</strong></span> <span class='ocrx_word' id='word_1_557' title='bbox 3267 2893 3379 2948; x_wconf 80' lang='lat' dir='ltr'><strong>Eli-</strong></span> 
     </span>
    </p>
   </div>
   <div class='ocr_carea' id='block_1_82' title="bbox 1784 2980 3379 3058">
    <p class='ocr_par' dir='ltr' id='par_1_82' title="bbox 1784 2980 3379 3058">
     <span class='ocr_line' id='line_1_82' title="bbox 1784 2980 3379 3058; baseline 0.003 -20"><span class='ocrx_word' id='word_1_558' title='bbox 1784 2981 1930 3050; x_wconf 80' lang='lat' dir='ltr'><strong>dius,</strong></span> <span class='ocrx_word' id='word_1_559' title='bbox 1960 2980 2236 3050; x_wconf 80' lang='lat' dir='ltr'><strong>Gaferius,</strong></span> <span class='ocrx_word' id='word_1_560' title='bbox 2293 2981 2616 3052; x_wconf 85' lang='lat' dir='ltr'><strong>Rudandus,</strong></span> <span class='ocrx_word' id='word_1_561' title='bbox 2661 2983 2966 3053; x_wconf 82' lang='lat' dir='ltr'><strong>Gaclerius,</strong></span> <span class='ocrx_word' id='word_1_562' title='bbox 3022 2985 3379 3058; x_wconf 86' lang='lat' dir='ltr'><strong>Morplurius,</strong></span> 
     </span>
    </p>
   </div>
   <div class='ocr_carea' id='block_1_83' title="bbox 1785 3072 3383 3148">
    <p class='ocr_par' dir='ltr' id='par_1_83' title="bbox 1785 3072 3383 3148">
     <span class='ocr_line' id='line_1_83' title="bbox 1785 3072 3383 3148; baseline 0.005 -21"><span class='ocrx_word' id='word_1_563' title='bbox 1785 3072 1969 3129; x_wconf 88' lang='lat' dir='ltr'><strong>Fortis</strong></span> <span class='ocrx_word' id='word_1_564' title='bbox 1993 3073 2266 3141; x_wconf 88' lang='lat' dir='ltr'><strong>Castrius,</strong></span> <span class='ocrx_word' id='word_1_565' title='bbox 2294 3072 2541 3142; x_wconf 87' lang='lat' dir='ltr'><strong>Maraon,</strong></span> <span class='ocrx_word' id='word_1_566' title='bbox 2569 3075 2821 3148; x_wconf 83' lang='lat' dir='ltr'><strong>Argolas,</strong></span> <span class='ocrx_word' id='word_1_567' title='bbox 2849 3076 3140 3146; x_wconf 88' lang='lat' dir='ltr'><strong>Ordocius,</strong></span> <span class='ocrx_word' id='word_1_568' title='bbox 3173 3077 3383 3135; x_wconf 86' lang='lat' dir='ltr'><strong>Fortis-</strong></span> 
     </span>
    </p>
   </div>
   <div class='ocr_carea' id='block_1_84' title="bbox 1785 3164 3382 3242">
    <p class='ocr_par' dir='ltr' id='par_1_84' title="bbox 1785 3164 3382 3242">
     <span class='ocr_line' id='line_1_84' title="bbox 1785 3164 3382 3242; baseline 0.005 -22"><span class='ocrx_word' id='word_1_569' title='bbox 1785 3164 2101 3236; x_wconf 89' lang='lat' dir='ltr'><strong>Lamusteo,</strong></span> <span class='ocrx_word' id='word_1_570' title='bbox 2123 3167 2352 3238; x_wconf 87' lang='lat' dir='ltr'><strong>Alapres</strong></span> <span class='ocrx_word' id='word_1_571' title='bbox 2369 3169 2687 3236; x_wconf 83' lang='lat' dir='ltr'><strong>Amiralius,</strong></span> <span class='ocrx_word' id='word_1_572' title='bbox 2712 3168 3012 3240; x_wconf 85' lang='lat' dir='ltr'><strong>Morabilis,</strong></span> <span class='ocrx_word' id='word_1_573' title='bbox 3031 3171 3382 3242; x_wconf 85' lang='lat' dir='ltr'><strong>Orgilandus,</strong></span> 
     </span>
    </p>
   </div>
   <div class='ocr_carea' id='block_1_85' title="bbox 1784 3255 3384 3332">
    <p class='ocr_par' dir='ltr' id='par_1_85' title="bbox 1784 3255 3384 3332">
     <span class='ocr_line' id='line_1_85' title="bbox 1784 3255 3384 3332; baseline 0.004 -21"><span class='ocrx_word' id='word_1_574' title='bbox 1784 3255 2086 3326; x_wconf 85' lang='lat' dir='ltr'><strong>Morabilis,</strong></span> <span class='ocrx_word' id='word_1_575' title='bbox 2126 3256 2448 3326; x_wconf 88' lang='lat' dir='ltr'><strong>Morlianus,</strong></span> <span class='ocrx_word' id='word_1_576' title='bbox 2479 3257 2769 3331; x_wconf 86' lang='lat' dir='ltr'><strong>Organdus</strong></span> <span class='ocrx_word' id='word_1_577' title='bbox 2801 3259 3005 3332; x_wconf 77' lang='lat' dir='ltr'><strong>impius</strong></span> <span class='ocrx_word' id='word_1_578' title='bbox 3035 3262 3101 3317; x_wconf 84' lang='lat' dir='ltr'><strong>de</strong></span> <span class='ocrx_word' id='word_1_579' title='bbox 3129 3262 3384 3318; x_wconf 81' lang='lat' dir='ltr'><strong>Sarama-</strong></span> 
     </span>
    </p>
   </div>
   <div class='ocr_carea' id='block_1_86' title="bbox 1786 3347 3380 3422">
    <p class='ocr_par' dir='ltr' id='par_1_86' title="bbox 1786 3347 3380 3422">
     <span class='ocr_line' id='line_1_86' title="bbox 1786 3347 3380 3422; baseline 0.006 -21"><span class='ocrx_word' id='word_1_580' title='bbox 1786 3348 1898 3415; x_wconf 90' lang='lat' dir='ltr'><strong>nia,</strong></span> <span class='ocrx_word' id='word_1_581' title='bbox 1923 3347 2310 3419; x_wconf 85' lang='lat' dir='ltr'><strong>Brajerandus,</strong></span> <span class='ocrx_word' id='word_1_582' title='bbox 2358 3349 2546 3406; x_wconf 82' lang='lat' dir='ltr'><strong>Morus</strong></span> <span class='ocrx_word' id='word_1_583' title='bbox 2589 3349 2730 3417; x_wconf 82' lang='lat' dir='ltr'><strong>Rex,</strong></span> <span class='ocrx_word' id='word_1_584' title='bbox 2784 3352 3041 3422; x_wconf 84' lang='lat' dir='ltr'><strong>Fulcher,</strong></span> <span class='ocrx_word' id='word_1_585' title='bbox 3074 3353 3380 3416; x_wconf 79' lang='lat' dir='ltr'><strong>Darandus.</strong></span> 
     </span>
    </p>
   </div>
   <div class='ocr_carea' id='block_1_87' title="bbox 1784 3438 3368 3511">
    <p class='ocr_par' dir='ltr' id='par_1_87' title="bbox 1784 3438 3368 3511">
     <span class='ocr_line' id='line_1_87' title="bbox 1784 3438 3368 3511; baseline 0.005 -18"><span class='ocrx_word' id='word_1_586' title='bbox 1784 3438 2086 3507; x_wconf 82' lang='lat' dir='ltr'><strong>Ariandon,</strong></span> <span class='ocrx_word' id='word_1_587' title='bbox 2119 3439 2234 3495; x_wconf 83' lang='lat' dir='ltr'><strong>Rex</strong></span> <span class='ocrx_word' id='word_1_588' title='bbox 2271 3439 2512 3509; x_wconf 88' lang='lat' dir='ltr'><strong>Thanas,</strong></span> <span class='ocrx_word' id='word_1_589' title='bbox 2546 3442 2837 3511; x_wconf 90' lang='lat' dir='ltr'><strong>Esconius,</strong></span> <span class='ocrx_word' id='word_1_590' title='bbox 2867 3445 3066 3511; x_wconf 90' lang='lat' dir='ltr'><strong>Duras,</strong></span> <span class='ocrx_word' id='word_1_591' title='bbox 3107 3445 3368 3501; x_wconf 81' lang='lat' dir='ltr'><strong>Borman-</strong></span> 
     </span>
    </p>
   </div>
   <div class='ocr_carea' id='block_1_88' title="bbox 1710 3529 3383 3630">
    <p class='ocr_par' dir='ltr' id='par_1_88' title="bbox 1710 3529 3383 3630">
     <span class='ocr_line' id='line_1_88' title="bbox 1710 3529 3383 3630; baseline 0.004 -44"><span class='ocrx_word' id='word_1_592' title='bbox 1710 3565 1756 3630; x_wconf 76' lang='lat' dir='ltr'>C</span> <span class='ocrx_word' id='word_1_593' title='bbox 1786 3531 1910 3597; x_wconf 84' lang='lat' dir='ltr'><strong>dus,</strong></span> <span class='ocrx_word' id='word_1_594' title='bbox 1939 3529 2053 3630; x_wconf 43' lang='lat' dir='ltr'><strong>Rei</strong></span> <span class='ocrx_word' id='word_1_595' title='bbox 2093 3531 2302 3601; x_wconf 79' lang='lat' dir='ltr'><strong>Vision,</strong></span> <span class='ocrx_word' id='word_1_596' title='bbox 2339 3531 2642 3602; x_wconf 90' lang='lat' dir='ltr'><strong>Sicharius,</strong></span> <span class='ocrx_word' id='word_1_597' title='bbox 2674 3535 2940 3604; x_wconf 86' lang='lat' dir='ltr'><strong>Thobias,</strong></span> <span class='ocrx_word' id='word_1_598' title='bbox 2993 3537 3234 3604; x_wconf 91' lang='lat' dir='ltr'><strong>Lintion,</strong></span> <span class='ocrx_word' id='word_1_599' title='bbox 3264 3537 3383 3592; x_wconf 86' lang='lat' dir='ltr'><strong>Ma-</strong></span> 
     </span>
    </p>
   </div>
   <div class='ocr_carea' id='block_1_89' title="bbox 1787 3623 3375 3701">
    <p class='ocr_par' dir='ltr' id='par_1_89' title="bbox 1787 3623 3375 3701">
     <span class='ocr_line' id='line_1_89' title="bbox 1787 3623 3375 3701; baseline 0.004 -23"><span class='ocrx_word' id='word_1_600' title='bbox 1787 3624 1994 3701; x_wconf 82' lang='lat' dir='ltr'><strong>lardus,</strong></span> <span class='ocrx_word' id='word_1_601' title='bbox 2021 3623 2432 3695; x_wconf 88' lang='lat' dir='ltr'><strong>Deiramordus,</strong></span> <span class='ocrx_word' id='word_1_602' title='bbox 2471 3627 2826 3696; x_wconf 88' lang='lat' dir='ltr'><strong>Mordandus,</strong></span> <span class='ocrx_word' id='word_1_603' title='bbox 2879 3628 3194 3696; x_wconf 84' lang='lat' dir='ltr'><strong>Oralionus,</strong></span> <span class='ocrx_word' id='word_1_604' title='bbox 3241 3629 3375 3684; x_wconf 88' lang='lat' dir='ltr'><strong>Bru-</strong></span> 
     </span>
    </p>
   </div>
   <div class='ocr_carea' id='block_1_90' title="bbox 1786 3716 3385 3789">
    <p class='ocr_par' dir='ltr' id='par_1_90' title="bbox 1786 3716 3385 3789">
     <span class='ocr_line' id='line_1_90' title="bbox 1786 3716 3385 3789; baseline 0.003 -17"><span class='ocrx_word' id='word_1_605' title='bbox 1786 3717 2020 3784; x_wconf 89' lang='lat' dir='ltr'><strong>morncl,</strong></span> <span class='ocrx_word' id='word_1_606' title='bbox 2059 3716 2442 3789; x_wconf 87' lang='lat' dir='ltr'><strong>Apparandus,</strong></span> <span class='ocrx_word' id='word_1_607' title='bbox 2469 3719 2768 3789; x_wconf 74' lang='lat' dir='ltr'><strong>Etirenion,</strong></span> <span class='ocrx_word' id='word_1_608' title='bbox 2809 3720 3142 3789; x_wconf 86' lang='lat' dir='ltr'><strong>Noirandus,</strong></span> <span class='ocrx_word' id='word_1_609' title='bbox 3175 3721 3385 3777; x_wconf 85' lang='lat' dir='ltr'><strong>Fortis-</strong></span> 
     </span>
    </p>
   </div>
   <div class='ocr_carea' id='block_1_91' title="bbox 1785 3808 3383 3884">
    <p class='ocr_par' dir='ltr' id='par_1_91' title="bbox 1785 3808 3383 3884">
     <span class='ocr_line' id='line_1_91' title="bbox 1785 3808 3383 3884; baseline 0.004 -21"><span class='ocrx_word' id='word_1_610' title='bbox 1785 3808 1982 3877; x_wconf 89' lang='lat' dir='ltr'><strong>Bruas,</strong></span> <span class='ocrx_word' id='word_1_611' title='bbox 2015 3809 2364 3882; x_wconf 87' lang='lat' dir='ltr'><strong>Gorgandus,</strong></span> <span class='ocrx_word' id='word_1_612' title='bbox 2386 3809 2616 3869; x_wconf 88' lang='lat' dir='ltr'><strong>Udonus</strong></span> <span class='ocrx_word' id='word_1_613' title='bbox 2646 3813 2870 3884; x_wconf 88' lang='lat' dir='ltr'><strong>impius,</strong></span> <span class='ocrx_word' id='word_1_614' title='bbox 2903 3813 3243 3881; x_wconf 90' lang='lat' dir='ltr'><strong>Tomandus,</strong></span> <span class='ocrx_word' id='word_1_615' title='bbox 3274 3815 3383 3870; x_wconf 87' lang='lat' dir='ltr'><strong>To-</strong></span> 
     </span>
    </p>
   </div>
   <div class='ocr_carea' id='block_1_92' title="bbox 1784 3899 3385 3973">
    <p class='ocr_par' dir='ltr' id='par_1_92' title="bbox 1784 3899 3385 3973">
     <span class='ocr_line' id='line_1_92' title="bbox 1784 3899 3385 3973; baseline 0.004 -17"><span class='ocrx_word' id='word_1_616' title='bbox 1784 3899 2005 3970; x_wconf 80' lang='lat' dir='ltr'><strong>landus,</strong></span> <span class='ocrx_word' id='word_1_617' title='bbox 2041 3901 2311 3971; x_wconf 76' lang='lat' dir='ltr'><strong>Delul‘rcs,</strong></span> <span class='ocrx_word' id='word_1_618' title='bbox 2336 3901 2645 3971; x_wconf 84' lang='lat' dir='ltr'><strong>Troandus,</strong></span> <span class='ocrx_word' id='word_1_619' title='bbox 2668 3904 2940 3962; x_wconf 89' lang='lat' dir='ltr'><strong>Candelos</strong></span> <span class='ocrx_word' id='word_1_620' title='bbox 2969 3906 3104 3973; x_wconf 79' lang='lat' dir='ltr'><strong>Rex,</strong></span> <span class='ocrx_word' id='word_1_621' title='bbox 3139 3905 3385 3962; x_wconf 84' lang='lat' dir='ltr'><strong>Rambu-</strong></span> 
     </span>
    </p>
   </div>
   <div class='ocr_carea' id='block_1_93' title="bbox 1784 3995 3384 4070">
    <p class='ocr_par' dir='ltr' id='par_1_93' title="bbox 1784 3995 3384 4070">
     <span class='ocr_line' id='line_1_93' title="bbox 1784 3995 3384 4070; baseline 0.001 -20"><span class='ocrx_word' id='word_1_622' title='bbox 1784 3995 2004 4064; x_wconf 90' lang='lat' dir='ltr'><strong>landus,</strong></span> <span class='ocrx_word' id='word_1_623' title='bbox 2035 3995 2279 4064; x_wconf 82' lang='lat' dir='ltr'><strong>Gazami,</strong></span> <span class='ocrx_word' id='word_1_624' title='bbox 2305 3995 2582 4064; x_wconf 88' lang='lat' dir='ltr'><strong>Mirmion,</strong></span> <span class='ocrx_word' id='word_1_625' title='bbox 2607 3995 2860 4070; x_wconf 88' lang='lat' dir='ltr'><strong>Oringes,</strong></span> <span class='ocrx_word' id='word_1_626' title='bbox 2885 3997 3132 4065; x_wconf 90' lang='lat' dir='ltr'><strong>Brulion,</strong></span> <span class='ocrx_word' id='word_1_627' title='bbox 3157 3999 3384 4054; x_wconf 81' lang='lat' dir='ltr'><strong>Made-</strong></span> 
     </span>
    </p>
   </div>
   <div class='ocr_carea' id='block_1_94' title="bbox 1785 4087 3380 4157">
    <p class='ocr_par' dir='ltr' id='par_1_94' title="bbox 1785 4087 3380 4157">
     <span class='ocr_line' id='line_1_94' title="bbox 1785 4087 3380 4157; baseline 0.001 -15"><span class='ocrx_word' id='word_1_628' title='bbox 1785 4087 1979 4156; x_wconf 90' lang='lat' dir='ltr'><strong>lienes,</strong></span> <span class='ocrx_word' id='word_1_629' title='bbox 2009 4087 2338 4157; x_wconf 88' lang='lat' dir='ltr'><strong>Bariandus,</strong></span> <span class='ocrx_word' id='word_1_630' title='bbox 2388 4089 2651 4157; x_wconf 87' lang='lat' dir='ltr'><strong>Barilion,</strong></span> <span class='ocrx_word' id='word_1_631' title='bbox 2710 4088 3006 4157; x_wconf 90' lang='lat' dir='ltr'><strong>Gazianus,</strong></span> <span class='ocrx_word' id='word_1_632' title='bbox 3054 4089 3380 4156; x_wconf 86' lang='lat' dir='ltr'><strong>Bronurius,</strong></span> 
     </span>
    </p>
   </div>
   <div class='ocr_carea' id='block_1_95' title="bbox 1784 4180 3382 4253">
    <p class='ocr_par' dir='ltr' id='par_1_95' title="bbox 1784 4180 3382 4253">
     <span class='ocr_line' id='line_1_95' title="bbox 1784 4180 3382 4253; baseline 0.001 -17"><span class='ocrx_word' id='word_1_633' title='bbox 1784 4182 2091 4238; x_wconf 85' lang='lat' dir='ltr'><strong>Antiochus</strong></span> <span class='ocrx_word' id='word_1_634' title='bbox 2144 4181 2240 4253; x_wconf 88' lang='lat' dir='ltr'><strong>qui</strong></span> <span class='ocrx_word' id='word_1_635' title='bbox 2285 4182 2396 4238; x_wconf 78' lang='lat' dir='ltr'><strong>dux</strong></span> <span class='ocrx_word' id='word_1_636' title='bbox 2434 4180 2538 4238; x_wconf 82' lang='lat' dir='ltr'><strong>fuit</strong></span> <span class='ocrx_word' id='word_1_637' title='bbox 2578 4181 2836 4250; x_wconf 91' lang='lat' dir='ltr'><strong>aliorum,</strong></span> <span class='ocrx_word' id='word_1_638' title='bbox 2878 4191 2932 4239; x_wconf 88' lang='lat' dir='ltr'><strong>et</strong></span> <span class='ocrx_word' id='word_1_639' title='bbox 2969 4183 3040 4238; x_wconf 91' lang='lat' dir='ltr'><strong>ab</strong></span> <span class='ocrx_word' id='word_1_640' title='bbox 3082 4199 3149 4239; x_wconf 89' lang='lat' dir='ltr'><strong>eo</strong></span> <span class='ocrx_word' id='word_1_641' title='bbox 3182 4183 3382 4238; x_wconf 90' lang='lat' dir='ltr'><strong>dicitur</strong></span> 
     </span>
    </p>
   </div>
   <div class='ocr_carea' id='block_1_96' title="bbox 1783 4273 3378 4348">
    <p class='ocr_par' dir='ltr' id='par_1_96' title="bbox 1783 4273 3378 4348">
     <span class='ocr_line' id='line_1_96' title="bbox 1783 4273 3378 4348; baseline 0.001 -19"><span class='ocrx_word' id='word_1_642' title='bbox 1783 4274 2098 4330; x_wconf 87' lang='lat' dir='ltr'><strong>Antiochia.</strong></span> <span class='ocrx_word' id='word_1_643' title='bbox 2127 4273 2293 4329; x_wconf 87' lang='lat' dir='ltr'><strong>Istam</strong></span> <span class='ocrx_word' id='word_1_644' title='bbox 2317 4273 2593 4330; x_wconf 87' lang='lat' dir='ltr'><strong>civitatem</strong></span> <span class='ocrx_word' id='word_1_645' title='bbox 2621 4283 2914 4331; x_wconf 90' lang='lat' dir='ltr'><strong>tenuerunt</strong></span> <span class='ocrx_word' id='word_1_646' title='bbox 2952 4276 3222 4348; x_wconf 84' lang='lat' dir='ltr'><strong>peregrini</strong></span> <span class='ocrx_word' id='word_1_647' title='bbox 3248 4292 3378 4330; x_wconf 86' lang='lat' dir='ltr'><strong>san-</strong></span> 
     </span>
    </p>
   </div>
   <div class='ocr_carea' id='block_1_97' title="bbox 1785 4361 3378 4439">
    <p class='ocr_par' dir='ltr' id='par_1_97' title="bbox 1785 4361 3378 4439">
     <span class='ocr_line' id='line_1_97' title="bbox 1785 4361 3378 4439; baseline 0 -19"><span class='ocrx_word' id='word_1_648' title='bbox 1785 4365 1858 4420; x_wconf 91' lang='lat' dir='ltr'><strong>cti</strong></span> <span class='ocrx_word' id='word_1_649' title='bbox 1887 4361 2124 4436; x_wconf 84' lang='lat' dir='ltr'><strong>sepulcri</strong></span> <span class='ocrx_word' id='word_1_650' title='bbox 2166 4366 2473 4433; x_wconf 86' lang='lat' dir='ltr'><strong>obsessam,</strong></span> <span class='ocrx_word' id='word_1_651' title='bbox 2507 4365 2670 4423; x_wconf 90' lang='lat' dir='ltr'><strong>sicuti</strong></span> <span class='ocrx_word' id='word_1_652' title='bbox 2717 4367 2973 4439; x_wconf 86' lang='lat' dir='ltr'><strong>superius</strong></span> <span class='ocrx_word' id='word_1_653' title='bbox 3023 4367 3246 4435; x_wconf 82' lang='lat' dir='ltr'><strong>audisti,</strong></span> <span class='ocrx_word' id='word_1_654' title='bbox 3282 4382 3378 4438; x_wconf 82' lang='lat' dir='ltr'><strong>per</strong></span> 
     </span>
    </p>
   </div>
   <div class='ocr_carea' id='block_1_98' title="bbox 1785 4455 3382 4523">
    <p class='ocr_par' dir='ltr' id='par_1_98' title="bbox 1785 4455 3382 4523">
     <span class='ocr_line' id='line_1_98' title="bbox 1785 4455 3382 4523; baseline 0 -13"><span class='ocrx_word' id='word_1_655' title='bbox 1785 4464 1910 4512; x_wconf 89' lang='lat' dir='ltr'><strong>octo</strong></span> <span class='ocrx_word' id='word_1_656' title='bbox 1954 4469 2194 4523; x_wconf 89' lang='lat' dir='ltr'><strong>menses,</strong></span> <span class='ocrx_word' id='word_1_657' title='bbox 2225 4463 2280 4511; x_wconf 89' lang='lat' dir='ltr'><strong>et</strong></span> <span class='ocrx_word' id='word_1_658' title='bbox 2318 4471 2490 4512; x_wconf 92' lang='lat' dir='ltr'><strong>unum</strong></span> <span class='ocrx_word' id='word_1_659' title='bbox 2518 4455 2684 4511; x_wconf 84' lang='lat' dir='ltr'><strong>diem.</strong></span> <span class='ocrx_word' id='word_1_660' title='bbox 2731 4455 2926 4513; x_wconf 87' lang='lat' dir='ltr'><strong>Postea</strong></span> <span class='ocrx_word' id='word_1_661' title='bbox 2965 4457 3114 4513; x_wconf 88' lang='lat' dir='ltr'><strong>intus</strong></span> <span class='ocrx_word' id='word_1_662' title='bbox 3158 4456 3382 4512; x_wconf 80' lang='lat' dir='ltr'><strong>fuerunt</strong></span> 
     </span>
    </p>
   </div>
   <div class='ocr_carea' id='block_1_99' title="bbox 1786 4546 3382 4620">
    <p class='ocr_par' dir='ltr' id='par_1_99' title="bbox 1786 4546 3382 4620">
     <span class='ocr_line' id='line_1_99' title="bbox 1786 4546 3382 4620; baseline -0.001 -18"><span class='ocrx_word' id='word_1_663' title='bbox 1786 4547 1984 4603; x_wconf 91' lang='lat' dir='ltr'><strong>reclusi</strong></span> <span class='ocrx_word' id='word_1_664' title='bbox 2014 4563 2111 4618; x_wconf 88' lang='lat' dir='ltr'><strong>per</strong></span> <span class='ocrx_word' id='word_1_665' title='bbox 2134 4547 2204 4601; x_wconf 74' lang='lat'><strong>26</strong></span> <span class='ocrx_word' id='word_1_666' title='bbox 2230 4548 2351 4604; x_wconf 91' lang='lat' dir='ltr'><strong>dies</strong></span> <span class='ocrx_word' id='word_1_667' title='bbox 2375 4563 2407 4604; x_wconf 88' lang='lat' dir='ltr'><strong>a</strong></span> <span class='ocrx_word' id='word_1_668' title='bbox 2435 4546 2653 4616; x_wconf 89' lang='lat' dir='ltr'><strong>Turcis,</strong></span> <span class='ocrx_word' id='word_1_669' title='bbox 2681 4549 2826 4604; x_wconf 90' lang='lat' dir='ltr'><strong>etab</strong></span> <span class='ocrx_word' id='word_1_670' title='bbox 2850 4549 2972 4605; x_wconf 90' lang='lat' dir='ltr'><strong>aliis</strong></span> <span class='ocrx_word' id='word_1_671' title='bbox 3002 4550 3249 4620; x_wconf 86' lang='lat' dir='ltr'><strong>paganis.</strong></span> <span class='ocrx_word' id='word_1_672' title='bbox 3275 4547 3382 4602; x_wconf 83' lang='lat' dir='ltr'><strong>Ta-</strong></span> 
     </span>
    </p>
   </div>
   <div class='ocr_carea' id='block_1_100' title="bbox 1786 4638 3378 4712">
    <p class='ocr_par' dir='ltr' id='par_1_100' title="bbox 1786 4638 3378 4712">
     <span class='ocr_line' id='line_1_100' title="bbox 1786 4638 3378 4712; baseline 0.001 -17"><span class='ocrx_word' id='word_1_673' title='bbox 1786 4655 1912 4695; x_wconf 90' lang='lat' dir='ltr'><strong>men</strong></span> <span class='ocrx_word' id='word_1_674' title='bbox 1961 4639 2235 4710; x_wconf 89' lang='lat' dir='ltr'><strong>adjutorio</strong></span> <span class='ocrx_word' id='word_1_675' title='bbox 2279 4638 2373 4696; x_wconf 89' lang='lat' dir='ltr'><strong>Dei</strong></span> <span class='ocrx_word' id='word_1_676' title='bbox 2397 4649 2451 4696; x_wconf 89' lang='lat' dir='ltr'><strong>et</strong></span> <span class='ocrx_word' id='word_1_677' title='bbox 2487 4640 2664 4697; x_wconf 89' lang='lat' dir='ltr'><strong>sancti</strong></span> <span class='ocrx_word' id='word_1_678' title='bbox 2707 4642 2944 4712; x_wconf 90' lang='lat' dir='ltr'><strong>sepulcri</strong></span> <span class='ocrx_word' id='word_1_679' title='bbox 2992 4641 3099 4696; x_wconf 91' lang='lat' dir='ltr'><strong>illis</strong></span> <span class='ocrx_word' id='word_1_680' title='bbox 3129 4639 3378 4704; x_wconf 90' lang='lat' dir='ltr'><strong>devictis,</strong></span> 
     </span>
    </p>
   </div>
   <div class='ocr_carea' id='block_1_101' title="bbox 1785 4732 3379 4804">
    <p class='ocr_par' dir='ltr' id='par_1_101' title="bbox 1785 4732 3379 4804">
     <span class='ocr_line' id='line_1_101' title="bbox 1785 4732 3379 4804; baseline 0.001 -18"><span class='ocrx_word' id='word_1_681' title='bbox 1785 4732 2176 4803; x_wconf 81' lang='lat' dir='ltr'><strong>requieverunt</strong></span> <span class='ocrx_word' id='word_1_682' title='bbox 2196 4732 2468 4804; x_wconf 87' lang='lat' dir='ltr'><strong>peregrini</strong></span> <span class='ocrx_word' id='word_1_683' title='bbox 2493 4748 2621 4788; x_wconf 91' lang='lat' dir='ltr'><strong>cum</strong></span> <span class='ocrx_word' id='word_1_684' title='bbox 2652 4748 2852 4804; x_wconf 87' lang='lat' dir='ltr'><strong>magno</strong></span> <span class='ocrx_word' id='word_1_685' title='bbox 2876 4733 3076 4804; x_wconf 86' lang='lat' dir='ltr'><strong>gaudio</strong></span> <span class='ocrx_word' id='word_1_686' title='bbox 3111 4741 3166 4787; x_wconf 90' lang='lat' dir='ltr'><strong>et</strong></span> <span class='ocrx_word' id='word_1_687' title='bbox 3190 4732 3379 4788; x_wconf 69' lang='lat' dir='ltr'><strong>laetitia</strong></span> 
     </span>
    </p>
   </div>
   <div class='ocr_carea' id='block_1_102' title="bbox 1787 4821 3213 4894">
    <p class='ocr_par' dir='ltr' id='par_1_102' title="bbox 1787 4821 3213 4894">
     <span class='ocr_line' id='line_1_102' title="bbox 1787 4821 3213 4894; baseline 0 -18"><span class='ocrx_word' id='word_1_688' title='bbox 1787 4821 1842 4876; x_wconf 93' lang='lat' dir='ltr'><strong>in</strong></span> <span class='ocrx_word' id='word_1_689' title='bbox 1872 4821 2164 4878; x_wconf 87' lang='lat' dir='ltr'><strong>Antiochia</strong></span> <span class='ocrx_word' id='word_1_690' title='bbox 2190 4837 2286 4893; x_wconf 90' lang='lat' dir='ltr'><strong>per</strong></span> <span class='ocrx_word' id='word_1_691' title='bbox 2307 4824 2551 4894; x_wconf 87' lang='lat' dir='ltr'><strong>quinque</strong></span> <span class='ocrx_word' id='word_1_692' title='bbox 2579 4838 2798 4878; x_wconf 88' lang='lat' dir='ltr'><strong>menses</strong></span> <span class='ocrx_word' id='word_1_693' title='bbox 2824 4831 2879 4878; x_wconf 90' lang='lat' dir='ltr'><strong>et</strong></span> <span class='ocrx_word' id='word_1_694' title='bbox 2903 4823 3213 4877; x_wconf 89' lang='lat' dir='ltr'><strong>dimidium.</strong></span> 
     </span>
    </p>
   </div>
   <div class='ocr_carea' id='block_1_103' title="bbox 1999 4912 3161 4970">
    <p class='ocr_par' dir='ltr' id='par_1_103' title="bbox 1999 4912 3161 4970">
     <span class='ocr_line' id='line_1_103' title="bbox 1999 4912 3161 4970; baseline -0.001 -1"><span class='ocrx_word' id='word_1_695' title='bbox 1999 4912 2199 4969; x_wconf 76' lang='lat' dir='ltr'><strong>Civitas</strong></span> <span class='ocrx_word' id='word_1_696' title='bbox 2233 4913 2420 4970; x_wconf 81' lang='lat' dir='ltr'><strong>Marra</strong></span> <span class='ocrx_word' id='word_1_697' title='bbox 2441 4915 2652 4970; x_wconf 78' lang='lat' dir='ltr'><strong>obsessa</strong></span> <span class='ocrx_word' id='word_1_698' title='bbox 2675 4925 2750 4970; x_wconf 83' lang='lat' dir='ltr'><strong>est</strong></span> <span class='ocrx_word' id='word_1_699' title='bbox 2765 4933 2796 4968; x_wconf 93' lang='lat' dir='ltr'><strong>a</strong></span> <span class='ocrx_word' id='word_1_700' title='bbox 2819 4913 3161 4970; x_wconf 78' lang='lat' dir='ltr'><strong>Christianis.</strong></span> 
     </span>
    </p>
   </div>
   <div class='ocr_carea' id='block_1_104' title="bbox 1854 5001 3384 5061">
    <p class='ocr_par' dir='ltr' id='par_1_104' title="bbox 1854 5001 3384 5061">
     <span class='ocr_line' id='line_1_104' title="bbox 1854 5001 3384 5061; baseline 0.002 -3"><span class='ocrx_word' id='word_1_701' title='bbox 1854 5003 2055 5060; x_wconf 90' lang='lat' dir='ltr'><strong>Postea</strong></span> <span class='ocrx_word' id='word_1_702' title='bbox 2091 5013 2286 5060; x_wconf 85' lang='lat' dir='ltr'><strong>octavo</strong></span> <span class='ocrx_word' id='word_1_703' title='bbox 2315 5005 2405 5060; x_wconf 89' lang='lat' dir='ltr'><strong>die</strong></span> <span class='ocrx_word' id='word_1_704' title='bbox 2425 5014 2661 5060; x_wconf 81' lang='lat' dir='ltr'><strong>exeunte</strong></span> <span class='ocrx_word' id='word_1_705' title='bbox 2709 5001 3040 5060; x_wconf 83' lang='lat' dir='ltr'><strong>Novembrio</strong></span> <span class='ocrx_word' id='word_1_706' title='bbox 3077 5019 3266 5060; x_wconf 88' lang='lat' dir='ltr'><strong>mense</strong></span> <span class='ocrx_word' id='word_1_707' title='bbox 3299 5005 3384 5061; x_wconf 89' lang='lat' dir='ltr'><strong>di-</strong></span> 
     </span>
    </p>
   </div>
   <div class='ocr_carea' id='block_1_105' title="bbox 1785 5094 3386 5168">
    <p class='ocr_par' dir='ltr' id='par_1_105' title="bbox 1785 5094 3386 5168">
     <span class='ocr_line' id='line_1_105' title="bbox 1785 5094 3386 5168; baseline 0 -14"><span class='ocrx_word' id='word_1_708' title='bbox 1785 5095 2351 5154; x_wconf 80' lang='lat' dir='ltr'><strong>scessitRaimundus</strong></span> <span class='ocrx_word' id='word_1_709' title='bbox 2391 5112 2578 5154; x_wconf 88' lang='lat' dir='ltr'><strong>comes</strong></span> <span class='ocrx_word' id='word_1_710' title='bbox 2627 5096 2801 5154; x_wconf 90' lang='lat' dir='ltr'><strong>sancti</strong></span> <span class='ocrx_word' id='word_1_711' title='bbox 2854 5094 3058 5168; x_wconf 64' lang='lat' dir='ltr'><strong>.rEgidii</strong></span> <span class='ocrx_word' id='word_1_712' title='bbox 3101 5111 3228 5152; x_wconf 89' lang='lat' dir='ltr'><strong>cum</strong></span> <span class='ocrx_word' id='word_1_713' title='bbox 3279 5112 3386 5154; x_wconf 88' lang='lat' dir='ltr'><strong>suo</strong></span> 
     </span>
    </p>
   </div>
   <div class='ocr_carea' id='block_1_106' title="bbox 1783 5187 3381 5260">
    <p class='ocr_par' dir='ltr' id='par_1_106' title="bbox 1783 5187 3381 5260">
     <span class='ocr_line' id='line_1_106' title="bbox 1783 5187 3381 5260; baseline 0 -15"><span class='ocrx_word' id='word_1_714' title='bbox 1783 5189 2026 5245; x_wconf 84' lang='lat' dir='ltr'><strong>exercitu</strong></span> <span class='ocrx_word' id='word_1_715' title='bbox 2055 5188 2126 5244; x_wconf 90' lang='lat' dir='ltr'><strong>ab</strong></span> <span class='ocrx_word' id='word_1_716' title='bbox 2157 5187 2472 5258; x_wconf 80' lang='lat' dir='ltr'><strong>Antiochia,</strong></span> <span class='ocrx_word' id='word_1_717' title='bbox 2500 5203 2600 5260; x_wconf 92' lang='lat' dir='ltr'><strong>per</strong></span> <span class='ocrx_word' id='word_1_718' title='bbox 2635 5203 2804 5244; x_wconf 90' lang='lat' dir='ltr'><strong>uuam</strong></span> <span class='ocrx_word' id='word_1_719' title='bbox 2833 5189 3062 5244; x_wconf 88' lang='lat' dir='ltr'><strong>veniens</strong></span> <span class='ocrx_word' id='word_1_720' title='bbox 3100 5189 3381 5245; x_wconf 87' lang='lat' dir='ltr'><strong>civitatem</strong></span> 
     </span>
    </p>
   </div>
   <div class='ocr_carea' id='block_1_107' title="bbox 1784 5278 3378 5352">
    <p class='ocr_par' dir='ltr' id='par_1_107' title="bbox 1784 5278 3378 5352">
     <span class='ocr_line' id='line_1_107' title="bbox 1784 5278 3378 5352; baseline 0.001 -17"><span class='ocrx_word' id='word_1_721' title='bbox 1784 5295 1908 5351; x_wconf 64' lang='lat' dir='ltr'><strong>quae</strong></span> <span class='ocrx_word' id='word_1_722' title='bbox 1929 5289 2158 5336; x_wconf 88' lang='lat' dir='ltr'><strong>vocatur</strong></span> <span class='ocrx_word' id='word_1_723' title='bbox 2173 5278 2325 5347; x_wconf 86' lang='lat' dir='ltr'><strong>Lica,</strong></span> <span class='ocrx_word' id='word_1_724' title='bbox 2352 5287 2408 5335; x_wconf 91' lang='lat' dir='ltr'><strong>et</strong></span> <span class='ocrx_word' id='word_1_725' title='bbox 2436 5295 2534 5350; x_wconf 92' lang='lat' dir='ltr'><strong>per</strong></span> <span class='ocrx_word' id='word_1_726' title='bbox 2563 5279 2729 5335; x_wconf 89' lang='lat' dir='ltr'><strong>aliam</strong></span> <span class='ocrx_word' id='word_1_727' title='bbox 2755 5295 2879 5352; x_wconf 62' lang='lat' dir='ltr'><strong>qua;</strong></span> <span class='ocrx_word' id='word_1_728' title='bbox 2901 5291 3131 5337; x_wconf 89' lang='lat' dir='ltr'><strong>vocatur</strong></span> <span class='ocrx_word' id='word_1_729' title='bbox 3155 5281 3378 5337; x_wconf 87' lang='lat' dir='ltr'><strong>Albara.</strong></span> 
     </span>
    </p>
   </div>
   <div class='ocr_carea' id='block_1_108' title="bbox 1785 5369 3380 5445">
    <p class='ocr_par' dir='ltr' id='par_1_108' title="bbox 1785 5369 3380 5445">
     <span class='ocr_line' id='line_1_108' title="bbox 1785 5369 3380 5445; baseline 0.003 -19"><span class='ocrx_word' id='word_1_730' title='bbox 1785 5371 1993 5440; x_wconf 89' lang='lat' dir='ltr'><strong>Quarto</strong></span> <span class='ocrx_word' id='word_1_731' title='bbox 2008 5371 2097 5426; x_wconf 91' lang='lat' dir='ltr'><strong>die</strong></span> <span class='ocrx_word' id='word_1_732' title='bbox 2109 5379 2344 5428; x_wconf 81' lang='lat' dir='ltr'><strong>exeunte</strong></span> <span class='ocrx_word' id='word_1_733' title='bbox 2363 5369 2693 5428; x_wconf 84' lang='lat' dir='ltr'><strong>Novembrio</strong></span> <span class='ocrx_word' id='word_1_734' title='bbox 2714 5372 2961 5445; x_wconf 89' lang='lat' dir='ltr'><strong>pervenit</strong></span> <span class='ocrx_word' id='word_1_735' title='bbox 2983 5373 3054 5430; x_wconf 92' lang='lat' dir='ltr'><strong>ad</strong></span> <span class='ocrx_word' id='word_1_736' title='bbox 3102 5373 3380 5431; x_wconf 85' lang='lat' dir='ltr'><strong>civitatem</strong></span> 
     </span>
    </p>
   </div>
   <div class='ocr_carea' id='block_1_109' title="bbox 1783 5463 3379 5538">
    <p class='ocr_par' dir='ltr' id='par_1_109' title="bbox 1783 5463 3379 5538">
     <span class='ocr_line' id='line_1_109' title="bbox 1783 5463 3379 5538; baseline 0.002 -18"><span class='ocrx_word' id='word_1_737' title='bbox 1783 5480 1907 5536; x_wconf 73' lang='lat' dir='ltr'><strong>qua:</strong></span> <span class='ocrx_word' id='word_1_738' title='bbox 1927 5472 2158 5521; x_wconf 86' lang='lat' dir='ltr'><strong>vocatur</strong></span> <span class='ocrx_word' id='word_1_739' title='bbox 2187 5463 2390 5534; x_wconf 90' lang='lat' dir='ltr'><strong>Marra,</strong></span> <span class='ocrx_word' id='word_1_740' title='bbox 2413 5465 2472 5520; x_wconf 90' lang='lat' dir='ltr'><strong>in</strong></span> <span class='ocrx_word' id='word_1_741' title='bbox 2499 5481 2607 5538; x_wconf 88' lang='lat' dir='ltr'><strong>qua</strong></span> <span class='ocrx_word' id='word_1_742' title='bbox 2635 5466 2874 5523; x_wconf 81' lang='lat' dir='ltr'><strong>maxima</strong></span> <span class='ocrx_word' id='word_1_743' title='bbox 2906 5467 3200 5524; x_wconf 91' lang='lat' dir='ltr'><strong>multitudo</strong></span> <span class='ocrx_word' id='word_1_744' title='bbox 3242 5467 3379 5523; x_wconf 86' lang='lat' dir='ltr'><strong>Sar-</strong></span> 
     </span>
    </p>
   </div>
   <div class='ocr_carea' id='block_1_110' title="bbox 1781 5558 3380 5632">
    <p class='ocr_par' dir='ltr' id='par_1_110' title="bbox 1781 5558 3380 5632">
     <span class='ocr_line' id='line_1_110' title="bbox 1781 5558 3380 5632; baseline 0.002 -19"><span class='ocrx_word' id='word_1_745' title='bbox 1781 5571 2112 5613; x_wconf 88' lang='lat' dir='ltr'><strong>racenorum</strong></span> <span class='ocrx_word' id='word_1_746' title='bbox 2137 5565 2254 5614; x_wconf 88' lang='lat' dir='ltr'><strong>erat</strong></span> <span class='ocrx_word' id='word_1_747' title='bbox 2279 5567 2629 5631; x_wconf 89' lang='lat' dir='ltr'><strong>congregata,</strong></span> <span class='ocrx_word' id='word_1_748' title='bbox 2667 5567 2723 5615; x_wconf 92' lang='lat' dir='ltr'><strong>ct</strong></span> <span class='ocrx_word' id='word_1_749' title='bbox 2751 5558 3082 5632; x_wconf 89' lang='lat' dir='ltr'><strong>Turcorum,</strong></span> <span class='ocrx_word' id='word_1_750' title='bbox 3132 5568 3188 5616; x_wconf 80' lang='lat' dir='ltr'><strong>ct</strong></span> <span class='ocrx_word' id='word_1_751' title='bbox 3239 5561 3380 5616; x_wconf 88' lang='lat' dir='ltr'><strong>Ara-</strong></span> 
     </span>
    </p>
   </div>
   <div class='ocr_carea' id='block_1_111' title="bbox 1773 5650 3378 5724">
    <p class='ocr_par' dir='ltr' id='par_1_111' title="bbox 1773 5650 3378 5724">
     <span class='ocr_line' id='line_1_111' title="bbox 1773 5650 3378 5724; baseline 0.001 -18"><span class='ocrx_word' id='word_1_752' title='bbox 1773 5651 1939 5719; x_wconf 86' lang='lat' dir='ltr'><strong>bum,</strong></span> <span class='ocrx_word' id='word_1_753' title='bbox 1967 5658 2023 5706; x_wconf 90' lang='lat' dir='ltr'><strong>et</strong></span> <span class='ocrx_word' id='word_1_754' title='bbox 2039 5650 2406 5721; x_wconf 89' lang='lat' dir='ltr'><strong>plurimorum</strong></span> <span class='ocrx_word' id='word_1_755' title='bbox 2437 5666 2799 5724; x_wconf 87' lang='lat' dir='ltr'><strong>paganorum.</strong></span> <span class='ocrx_word' id='word_1_756' title='bbox 2853 5651 3198 5709; x_wconf 82' lang='lat' dir='ltr'><strong>Raimund‘us</strong></span> <span class='ocrx_word' id='word_1_757' title='bbox 3244 5667 3378 5724; x_wconf 89' lang='lat' dir='ltr'><strong>ergo</strong></span> 
     </span>
    </p>
   </div>
   <div class='ocr_carea' id='block_1_112' title="bbox 1787 5745 3378 5817">
    <p class='ocr_par' dir='ltr' id='par_1_112' title="bbox 1787 5745 3378 5817">
     <span class='ocr_line' id='line_1_112' title="bbox 1787 5745 3378 5817; baseline 0.003 -19"><span class='ocrx_word' id='word_1_758' title='bbox 1787 5757 1974 5801; x_wconf 89' lang='lat' dir='ltr'><strong>comes</strong></span> <span class='ocrx_word' id='word_1_759' title='bbox 1996 5757 2120 5799; x_wconf 85' lang='lat' dir='ltr'><strong>cum</strong></span> <span class='ocrx_word' id='word_1_760' title='bbox 2145 5759 2248 5800; x_wconf 89' lang='lat' dir='ltr'><strong>sua</strong></span> <span class='ocrx_word' id='word_1_761' title='bbox 2284 5752 2445 5817; x_wconf 88' lang='lat' dir='ltr'><strong>gente</strong></span> <span class='ocrx_word' id='word_1_762' title='bbox 2470 5745 2712 5802; x_wconf 88' lang='lat' dir='ltr'><strong>crastina</strong></span> <span class='ocrx_word' id='word_1_763' title='bbox 2741 5745 2830 5802; x_wconf 91' lang='lat' dir='ltr'><strong>die</strong></span> <span class='ocrx_word' id='word_1_764' title='bbox 2850 5747 3052 5802; x_wconf 86' lang='lat' dir='ltr'><strong>invasit</strong></span> <span class='ocrx_word' id='word_1_765' title='bbox 3069 5760 3192 5801; x_wconf 89' lang='lat' dir='ltr'><strong>eam</strong></span> <span class='ocrx_word' id='word_1_766' title='bbox 3215 5763 3230 5813; x_wconf 89' lang='lat'><strong>;</strong></span> <span class='ocrx_word' id='word_1_767' title='bbox 3279 5745 3378 5802; x_wconf 85' lang='lat' dir='ltr'><strong>sed</strong></span> 
     </span>
    </p>
   </div>
   <div class='ocr_carea' id='block_1_113' title="bbox 1785 5820 3373 5912">
    <p class='ocr_par' dir='ltr' id='par_1_113' title="bbox 1785 5820 3373 5912">
     <span class='ocr_line' id='line_1_113' title="bbox 1785 5820 3373 5912; baseline 0 -18"><span class='ocrx_word' id='word_1_768' title='bbox 1785 5851 1980 5908; x_wconf 83' lang='lat' dir='ltr'><strong>capere</strong></span> <span class='ocrx_word' id='word_1_769' title='bbox 2010 5851 2119 5894; x_wconf 90' lang='lat' dir='ltr'><strong>non</strong></span> <span class='ocrx_word' id='word_1_770' title='bbox 2150 5837 2351 5911; x_wconf 84' lang='lat' dir='ltr'><strong>potuit,</strong></span> <span class='ocrx_word' id='word_1_771' title='bbox 2387 5839 2516 5912; x_wconf 88' lang='lat' dir='ltr'><strong>quia</strong></span> <span class='ocrx_word' id='word_1_772' title='bbox 2559 5855 2669 5896; x_wconf 89' lang='lat' dir='ltr'><strong>non</strong></span> <span class='ocrx_word' id='word_1_773' title='bbox 2693 5847 2918 5896; x_wconf 89' lang='lat' dir='ltr'><strong>venerat</strong></span> <span class='ocrx_word' id='word_1_774' title='bbox 2967 5838 3222 5896; x_wconf 80' lang='lat' dir='ltr'><strong>voluntas</strong></span> <span class='ocrx_word' id='word_1_775' title='bbox 3238 5820 3373 5894; x_wconf 72' lang='lat' dir='ltr'><strong>&#39;Dei.</strong></span> 
     </span>
    </p>
   </div>
  </div>
