3850 6310
473 358 586 415 ειη

1056 314 1148 411 ΜΞ
1180 352 1624 414 cooermnuu
1659 351 1955 408 sermo.
2000 351 2065 407 ιι.
2107 382 2179 392 -
2212 351 2484 410 nouum.
2523 351 2612 406 ne
2649 349 2875 408 BELLO
2910 350 3154 408 saeuo.
3631 352 3710 416 ses

474 467 601 524 Non
644 476 768 540 post
814 467 1048 524 multum
1072 483 1202 524 vero
1241 467 1502 539 temporis
1545 466 1904 522 Boamundus
1946 481 2073 522 cum
2103 471 2148 526 Α
2177 466 2318 522 riam
2376 473 2618 536 praestet,
2686 481 2958 537 suamque
3008 473 3258 521 sanctam
3301 461 3714 526 Christianitalcm

469 576 582 616 suo
604 560 851 616 exercitu
885 567 1108 616 secutus
1135 569 1219 615 est
1241 558 1634 624 Raimundum,
1684 566 1740 612 et
1765 557 2076 628 hospitatus

474 649 582 705 fuit
611 651 760 706 circa
792 650 1070 706 civitatem
1117 650 1170 704 in
1204 650 1293 705 die
1324 648 1629 704 Dominiea.
1665 643 1920 704 Secunda
1942 663 2074 704 vero

473 741 620 798 feria
654 752 766 798 tam
797 739 1578 810 acriterinvaseruntundique
1595 737 1896 806 civitatem,
1925 736 2072 809 quod

474 832 527 886 si
562 832 724 888 scalae
744 832 979 888 fuissent
1000 840 1194 886 erectis
1219 831 1289 885 ad
1326 846 1545 884 murum
1582 829 1842 896 civitatis,
1887 829 1943 883 in
1971 844 2073 884 no-

483 931 597 978 stra
625 932 891 995 potestate
939 931 1083 979 esset
1112 922 1322 989 civitas,
1384 921 1568 992 ibique
1606 921 1983 992 percutiebant
2014 935 2074 976 se

475 1017 738 1072 cominus
770 1033 893 1073 cum
941 1015 1146 1070 lanceis
1177 1024 1232 1070 et
1259 1015 1506 1070 ensibus.
1547 1013 1655 1070 Sed
1706 1023 1819 1069 tam
1872 1029 2069 1085 magna

475 1101 588 1156 fuit
612 1103 786 1156 virtus
825 1115 1186 1172 paganorum,
1215 1100 1362 1170 quod
1421 1100 1499 1154 illi
1549 1100 1687 1154 nihil
1728 1100 1838 1155 illis
1876 1112 2076 1154 nocere

478 1201 796 1264 potuerunt,
836 1192 928 1247 sed
952 1192 1122 1247 multa
1145 1192 1288 1246 mala
1339 1192 1412 1247 ibi
1437 1192 1686 1263 perpessi
1713 1201 1863 1247 sunt.
1908 1189 2078 1246 Nam-

472 1298 591 1352 que
623 1283 779 1338 cibus
808 1281 1115 1350 deﬁciebat,
1147 1283 1412 1354 quoniam
1447 1297 1565 1336 non
1614 1291 1772 1337 erant
1803 1282 1925 1338 ausi
1971 1281 2077 1336 ali-

471 1373 606 1429 .cubi
630 1374 719 1440 ire
743 1375 1035 1444 quaesitum
1058 1392 1072 1442 ;
1094 1382 1244 1430 tanta
1267 1374 1562 1430 multitudo
1591 1390 1933 1448 paganorum
1963 1373 2076 1430 cir-

473 1455 760 1510 cumcirca
793 1455 1118 1510 habebatur.

553 1547 787 1602 Sanctus
836 1548 1078 1603 Andreas
1109 1549 1357 1619 apparuit
1382 1547 1544 1602 Petro
1589 1547 2003 1623 Bartjtolomro.

551 1638 710 1706 Quod
737 1640 1081 1712 prospiciens
1110 1641 1306 1696 beatus
1338 1639 1588 1696 Andreas
1640 1640 1736 1710 qui
1797 1656 1907 1696 non
1945 1640 2079 1696 dor-

475 1731 605 1798 mit,
643 1731 738 1787 sed
760 1746 978 1802 semper
1002 1747 1169 1803 super
1199 1731 1451 1787 anxiatos
1481 1730 1826 1788 Christianos
1871 1731 2078 1804 vigilat,

2179 557 2400 626 exultet,
2455 565 2514 612 et
2561 557 2928 627 paganitatem
2979 556 3244 612 destruat.
3290 552 3448 610 Tunc
3495 553 3716 617 Collinas

2176 649 2400 720 quidam
2437 649 2506 706 de
2553 646 2826 703 Turribus
2873 647 3300 703 honestissimus
3353 647 3508 704 miles
3553 649 3718 718 primus

2177 742 2431 798 ascendit
2457 756 2556 813 per
2577 755 2744 796 unam
2777 740 2980 796 scalam
3013 740 3066 794 in
3092 755 3336 804 murum,
3367 753 3488 809 quae
3507 743 3718 796 mutinae

2174 835 2282 890 fuit
2348 833 2522 889 fracta
2577 832 2929 889 multitudine
3003 832 3247 887 illorum.
3301 830 3570 886 Golferius
3627 848 3722 891 vero

2175 933 2470 996 postquam
2519 922 2624 979 fuit
2675 940 2841 995 super
2870 937 3114 990 murum,
3145 923 3313 993 ccepit
3353 937 3479 978 cum
3513 923 3609 978 illis
3641 941 3719 995 pu-

2177 1031 2346 1089 gnare
2385 1032 2510 1070 cum
2543 1016 2754 1082 lancea,
2779 1030 2876 1071 eos
2906 1014 3226 1071 occidendo.
3261 1013 3367 1069 Alii
3390 1029 3515 1070 vero
3545 1015 3724 1073 invene-

2179 1105 2502 1170 runt.aliam
2535 1106 2769 1171 scalam,
2803 1113 2859 1160 et
2904 1107 3228 1162 iestinantcr
3273 1105 3342 1160 ad
3393 1122 3598 1161 murum
3636 1124 3728 1165 ere-

2181 1205 2402 1263 xerunt,
2427 1205 2481 1252 et
2504 1198 2871 1274 ascenderunt
2893 1199 3049 1253 multi
3074 1197 3276 1253 milites
3305 1207 3360 1254 et
3381 1198 3600 1268 pedites,
3633 1209 3728 1256 tan-

2182 1288 2334 1359 tique
2381 1289 2771 1356 ascenderunt,
2801 1288 2950 1360 quod
3000 1289 3088 1344 vix
3128 1290 3253 1345 illos
3275 1290 3522 1360 capiebat
3554 1308 3726 1350 muros.

2184 1381 2475 1438 Sarraeeui
2511 1383 2678 1454 igitur
2734 1392 2846 1438 tam
2883 1382 3110 1438 robusto
3155 1382 3475 1438 invaserunt
3512 1383 3620 1438 illos
3656 1401 3731 1456 per

2181 1491 2402 1530 murum
2425 1475 2682 1541 civitatis,
2715 1484 2768 1529 et
2800 1475 2949 1530 intus
2987 1490 3086 1546 per
3128 1484 3332 1530 terram
3357 1476 3662 1546 sagittando,
3691 1488 3735 1533 et

2181 1567 2436 1622 cominus
2492 1566 2816 1638 spieulando
2849 1583 2979 1624 cum
3033 1567 3148 1623 suis
3195 1567 3436 1635 lanceis,
3499 1569 3568 1624 ita
3614 1570 3735 1641 quod

2182 1662 2339 1717 multi
2391 1677 2458 1718 ex
2509 1661 2718 1716 nostris
2770 1662 2969 1717 timore
3018 1662 3292 1733 perterriti
3340 1662 3658 1719 demiserunt
3690 1680 3738 1720 se

2182 1752 2442 1808 deorsum
2472 1767 2568 1823 per
2590 1767 2830 1807 murum.
2865 1751 2947 1806 Illi
2983 1752 3399 1822 prudentissimi
3421 1754 3542 1821 viri,
3570 1755 3651 1824 qui
3670 1771 3740 1810 re-

477 1825 760 1880 nuntiavit
823 1823 987 1882 Petro
1042 1825 1467 1892 Bartholomaeo,
1523 1834 1796 1897 quatenus
1846 1826 1893 1881 si
1923 1825 2081 1880 Chri-

2190 1854 2507 1902 Iianserunt
2536 1845 2592 1900 in
2624 1861 2866 1910 murum,
2892 1844 3226 1900 suiferebant
3253 1845 3472 1900 illorqu
3516 1862 3738 1916 perseca-

475 1916 653 1971 stiani
684 1917 1016 1987 poeniterent
1063 1917 1130 1972 de
1181 1916 1485 1972 malefactis
1537 1919 1675 1985 suis,
1728 1927 1893 1988 atque
1940 1935 2084 1976 unus

481 2023 610 2079 erga
644 2009 813 2064 alium
869 2009 1071 2065 bonam
1103 2009 1584 2076 haberent'fidcm,
1624 2011 1769 2081 quod
1818 2009 2086 2066 Dominus

483 2098 761 2169 praecepit,
793 2099 1013 2155 dicens:
1045 2119 1063 2151 ι
1099 2097 1315 2170 Diligite
1342 2099 1542 2155 fratres
1578 2110 1795 2157 vestros
1820 2109 2084 2172 tanquam

480 2191 871 2261 vosmetipsos,
903 2209 922 2244 ι
951 2201 1117 2262 atque
1163 2192 1456 2248 redderent
1486 2193 1634 2247 illam
1662 2202 1892 2263 partem,
1917 2209 2086 2265 quam

481 2282 606 2353 ipse
653 2284 930 2354 propriam
983 2284 1229 2351 retinuit,
1289 2285 1512 2355 quando
1557 2285 1826 2340 mundum
1879 2286 2084 2357 ipsum,

490 2391 794 2448 omnesque
830 2385 1134 2444 creaturas,
1158 2393 1281 2448 qua:
1311 2377 1365 2431 in
1391 2393 1456 2432 eo
1488 2386 1638 2446 sunt,
1676 2377 1901 2443 creavit,
1939 2377 2088 2434 scili-

478 2475 574 2522 cet
601 2467 870 2522 decimam
909 2468 1154 2523 omnium
1183 2483 1365 2523 rerum
1395 2483 1518 2538 qua:
1556 2467 1930 2539 possidentur,
1970 2469 2088 2540 ipse

484 2560 647 2616 daret
690 2559 800 2616 illis
826 2559 1100 2616 civitatem
1132 2559 1280 2614 brevi
1324 2567 1590 2630 tempore,
1624 2567 1789 2631 atque
1839 2559 2090 2631 impleret

483 2669 708 2710 omnem
733 2663 898 2710 suam‘
910 2654 1270 2709 voluntatem.
1296 2650 1472 2718 Quam
1511 2653 1829 2723 praedictam
1852 2661 2085 2726 partem,

483 2747 740 2802 videlicet
758 2746 1048 2814 decimam,
1068 2745 1236 2817 jussit
1263 2745 1432 2800 dividi
1462 2745 1519 2800 in
1550 2754 1792 2817 quatuor
1812 2745 2085 2817 partibus,

486 2855 601 2894 una
647 2855 885 2910 quarum
916 2839 1075 2894 detur
1122 2839 1401 2909 episcopo,
1463 2838 1635 2894 altera
1684 2837 2086 2906 sacerdotibus,

485 2932 598 2987 alia
623 2932 892 3000 ecclesiis,
929 2932 1035 2987 alia
1065 2932 1415 3004 pauperibus.
1448 2930 1607 2999 Quod
1655 2940 1946 3003 postquam
1986 2932 2091 2989 fuit

488 3027 549 3081 in
601 3028 836 3084 concilio
887 3030 1208 3095 recitatum,
1267 3035 1662 3083 concesserunt
1702 3043 1916 3084 omnes.
1967 3027 2088 3084 Non

488 3128 622 3189 post
650 3121 878 3174 multam
911 3121 1172 3191 temporis
1196 3119 1325 3176 fecit
1351 3118 1693 3174 Raimundus
1719 3117 1904 3175 Sancti
1933 3119 2089 3192 Egi-

2185 1940 2412 1995 tiouem.
2442 1939 2570 2005 Alii,
2601 1937 2694 2009 qui
2727 1938 2830 1992 sub
2861 1948 3044 1993 castro
3070 1945 3248 2004 erant,
3293 1935 3566 1992 fodiebant
3602 1937 3742 1993 deor-

2184 2053 2306 2094 sum
2340 2051 2531 2093 muros
2557 2036 2814 2092 civitatis.
2840 2033 3104 2091 Videntcs
3128 2043 3314 2090 autem
3347 2033 3643 2099 Sarraceui,
3666 2034 3742 2105 qui

2185 2130 2403 2185 stabant
2430 2145 2595 2200 super
2625 2146 2846 2184 murum
2873 2129 3018 2200 quod
3047 2127 3220 2184 nostri
3254 2126 3520 2183 fudissent
3549 2142 3740 2182 murum

2185 2221 2451 2288 civitatis,
2484 2222 2668 2276 statim
2697 2222 2896 2276 timore
2924 2220 3199 2293 perterriti
3229 2219 3473 2274 inierunt
3498 2217 3670 2290 fugam
3702 2219 3746 2273 ia

2180 2314 2483 2370 civitatem.
2509 2312 2624 2369 Hoc
2651 2321 2828 2368 totum
2859 2313 3063 2369 factum
3087 2313 3142 2366 in
3171 2311 3259 2366 die
3292 2309 3538 2376 Sabbati,
3579 2311 3641 2365 ad
3671 2311 3749 2364 ho-

2189 2423 2304 2462 ram
2330 2407 2565 2478 vesperi,
2599 2407 2883 2462 occidente
2907 2391 3041 2473 sole,
3089 2405 3383 2460 undecima
3424 2403 3510 2459 die
3544 2404 3750 2459 intrante

2189 2516 2380 2556 mense
2407 2498 2714 2555 Decembri.
2756 2498 3109 2554 Boamundus
3154 2497 3324 2569 igitur
3361 2495 3491 2552 fecit
3539 2511 3632 2566 per
3680 2495 3752 2550 in-

2189 2601 2483 2663 terpretem
2543 2591 2699 2663 loqui
2752 2591 3072 2646 Sarracenis
3098 2590 3446 2660 lmajoribus,
3490 2589 3632 2660 quod
3667 2588 3752 2658 ipsi

2185 2699 2314 2740 cum
2348 2681 2465 2738 suis
2497 2681 2824 2738 mulieribus
2849 2690 2904 2737 et
2934 2680 3238 2736 infantibus
3262 2687 3318 2736 et
3363 2679 3485 2735 aliis
3525 2679 3756 2734 substan-

2188 2775 2282 2832 tiis
2325 2759 2610 2830 misissent
2640 2789 2699 2830 se
2742 2774 2799 2829 in
2841 2787 2952 2828 uno
2992 2773 3218 2844 palatio,
3260 2771 3409 2843 quod
3455 2779 3578 2827 erat
3617 2786 3755 2840 supra

2188 2875 2436 2940 portam;
2463 2867 2692 2938 ipseque
2719 2865 3036 2922 defenderet
3054 2881 3149 2922 eos
3173 2866 3240 2921 de
3253 2865 3472 2920 mortali
3492 2865 3756 2920 sententia.

2187 2959 2538 3016 Intraverunt
2578 2972 2759 3014 autem
2815 2974 3007 3014 omnes
3050 2958 3223 3014 nostri
3282 2958 3338 3012 in
3393 2959 3762 3023 civitatem,et

2190 3052 2455 3124 quidquid
2484 3051 2615 3106 boni
2643 3051 2889 3107 invenire
2915 3058 3212 3122 potuerunt
3239 3049 3295 3104 in
3341 3050 3600 3106 domibus
3636 3059 3688 3104 et
3717 3049 3760 3102 in

2192 3143 2386 3211 foveis,
2419 3145 2525 3200 hoc
2552 3143 2934 3214 unusquisque
2967 3142 3032 3197 ad
3069 3158 3232 3198 suum
3287 3141 3610 3198 continebat
3653 3157 3763 3213 pro—

486 3212 567 3308 ἀξί
594 3211 776 3308 facer?
799 3213 1074 3308 quioddam
1105 3223 1349 3308 eaStVUm
1378 3214 1619 3285 ιίεηειιιη
1649 3215 1808 3281 forte:
1849 3225 1903 3270 α
1929 3215 2086 3270 “me
2114 3193 2159 3255 Ο
2189 3193 2395 3308 prium:
2430 3235 2600 3292 Facto
2634 3193 2822 3291 aujtem
2846 3193 2944 3291 ldie
2976 3235 3242 3302 crastino,
3271 3235 3591 3306 ubicunque
3628 3193 3763 3304 repe-

493 3305 693 3360 altum.
728 3304 884 3372 Quod
915 3317 1158 3363 castrum
1192 3306 1528 3379 ingeniatum
1562 3316 1728 3379 atque
1762 3307 2088 3363 aediﬁcatum

490 3397 596 3454 fuit
626 3415 790 3470 super
817 3411 1054 3472 quatuor
1082 3409 1256 3469 rotas,
1287 3416 1453 3472 super
1478 3402 1627 3472 quod
1657 3401 1878 3458 stabant
1904 3401 2090 3472 plures

494 3495 719 3562 milites,
743 3503 798 3551 et
825 3495 1112 3554 Euvardus
1138 3505 1369 3552 venator
1393 3498 1561 3553 lituos
1591 3496 1804 3553 fortiter
1818 3497 2087 3563 sonando,

486 3597 694 3644 etante
722 3589 874 3644 illum
897 3590 1236 3646 ventilabant
1269 3590 1614 3646 honorabilia
1664 3593 1883 3648 vexilla.
1930 3591 2089 3659 Quod

493 3681 660 3736 nimis
717 3690 836 3737 erat
876 3683 1166 3752 pulchrum
1220 3683 1290 3738 ad
1337 3683 1653 3739 videndum.
1705 3682 1912 3740 Subtus
1958 3699 2090 3740 vero

493 3781 739 3828 castrum
792 3782 950 3830 erant
987 3776 1110 3845 plus
1141 3791 1307 3846 quam
1359 3787 1578 3832 centum
1626 3778 1828 3834 milites
1869 3778 2088 3848 armati,

488 3861 589 3933 qui
637 3864 982 3919 deduxerunt
1009 3865 1142 3920 illud
1183 3883 1353 3938 prope
1384 3869 1621 3926 civitatis
1668 3886 1890 3926 murum
1933 3871 2090 3942 juxta

493 3956 792 4026 quamdam
824 3958 1043 4013 turrim.
1078 3957 1236 4025 Quod
1285 3977 1412 4016 cum
1435 3961 1664 4019 vidisset
1695 3979 1828 4034 gens
1859 3979 2089 4036 pagana,

493 4048 679 4101 statim
711 4048 959 4104 fecerunt
1009 4052 1246 4121 plurima
1302 4053 1666 4110 instrumenta
1721 4071 1844 4109 cum
1891 4057 2092 4126 quibus

489 4139 774 4209 jactabant
800 4141 1073 4198 maximos
1101 4143 1310 4214 lapides
1339 4162 1502 4216 super
1527 4155 1792 4213 castrum,
1826 4147 1898 4201 ita
1941 4147 2092 4218 quod

497 4247 635 4302 pene
658 4243 875 4290 nostros
897 4235 1097 4292 milites
1118 4237 1449 4294 occiderent.
1469 4237 1678 4294 Vexilla
1705 4255 1944 4312 quoque,
1970 4257 2092 4312 qua:

483 4325 722 4406 isursum
746 4336 923 4395 erant,
963 4327 1317 4398 perforabant
1343 4345 1467 4385 cum
1503 4330 1741 4402 sagittis,
1777 4341 1835 4385 et
1865 4331 1957 4386 alii
2007 4331 2089 4388 la-

484 4417 740 4487 pidibus,
766 4428 820 4473 et
848 4418 940 4473 alii
957 4419 1192 4474 ruebant
1219 4419 1440 4476 Grtecos
1469 4420 1622 4490 ignes
1637 4436 1802 4491 super
1822 4430 2088 4490 castrum,

495 4524 566 4563 eo
594 4511 739 4580 quod
769 4512 1034 4582 putabant
1055 4512 1186 4568 illud
1210 4513 1425 4569 ardere.
1455 4510 1560 4568 Sed
1592 4513 1715 4583 pius
1743 4513 1887 4570 Deus
1913 4524 1965 4570 et
1996 4516 2088 4570 mi-

499 4603 735 4659 sericors
774 4603 922 4682 quod
962 4605 1181 4660 arderet
1230 4605 1427 4660 noluit.
1487 4603 1744 4661 Crastina
1779 4623 1909 4662 vero
1959 4608 2089 4663 illud

499 4685 823 4744 imminebat
846 4705 1038 4745 omnes
1064 4705 1254 4746 muros
1276 4690 1514 4746 civitatis
1542 4699 1595 4747 et
1645 4701 1843 4749 turres.
1894 4693 2093 4752 Milites

497 4780 696 4848 nostri,
729 4780 824 4851 qui
852 4791 1010 4837 erant
1033 4799 1256 4838 sursum
1288 4783 1342 4836 in
1370 4783 1572 4838 solario
1603 4787 1897 4856 superiori,
1936 4789 2089 4844 vide-

487 4866 628 4944 .lieet
660 4870 986 4928 Guillelmus
1016 4874 1083 4928 de
1111 4872 1535 4944 Montepislerio,
1575 4885 1628 4931 et
1650 4877 1740 4931 alii
1778 4879 1981 4948 plures,
2009 4880 2096 4950 ja-

449 4950 727 5044 zetabant
769 4965 1069 5022 immensos
1113 4967 1322 5038 lapides
1363 4984 1527 5039 super
1585 4969 1941 5040 Sarracenos,
1996 4973 2092 5044 qui

500 5055 721 5110 stabant
761 5071 927 5126 super
972 5071 1160 5112 muros
1186 5058 1460 5126 civitazis;
1498 5060 1570 5116 ita
1624 5079 1843 5133 quoque
1901 5079 2095 5134 percu-

485 5129 823 5200 'tiebanteos
844 5160 1008 5215 super
1035 5147 1274 5218 clypeos,
1307 5147 1454 5219 quod
1493 5129 1714 5224 clypeos
1754 5129 1818 5208 tet
1846 5129 2092 5225 paganus

498 5234 762 5291 caderent
798 5236 1056 5292 deorsum
1091 5238 1146 5292 in
1175 5239 1394 5296 civitate
1429 5245 1652 5298 mortui.
1691 5244 1757 5300 Et
1806 5246 2095 5306 mittebant

492 5325 560 5382 in
589 5327 766 5382 hastis
800 5328 1019 5395 vexilla,
1050 5339 1106 5384 et
1151 5332 1231 5388 sic
1257 5349 1385 5389 cum
1416 5335 1623 5392 lanceis
1651 5347 1705 5392 et
1747 5339 1924 5394 hamis
1979 5338 2092 5394 fcr-

494 5419 614 5474 reis
643 5419 906 5488 putabant
931 5425 1199 5495 peregrini
1225 5427 1292 5482 ad
1318 5443 1377 5484 se
1401 5429 1618 5485 trahere
1647 5431 1789 5487 illus.
1816 5431 2013 5488 Milites
2035 5442 2090 5488 et

496 5508 732 5563 clientes
771 5509 847 5564 ita
896 5517 1314 5584 magnanimiter
1387 5523 1733 5594 pugnabant,
1784 5527 2088 5597 presbyteri

495 5614 726 5671 quoque
755 5609 808 5654 et
837 5603 1019 5659 clerici
1051 5611 1223 5668 sacris
1265 5616 1509 5672 vestibus
1546 5618 1740 5684 induti,
1795 5629 2016 5676 orantes
2037 5631 2093 5676 et

495 5693 858 5778 obsecrantes
906 5694 1194 5757 Dominum
1251 5705 1435 5761 Jesum
1475 5708 1777 5778 Christum,
1824 5720 1881 5765 ut
1927 5729 2090 5767 suum

493 5777 1080 5873 ξιείεηάξιιρορυιιιιη,
1116 5803 1168 5848 ct
1209 5796 1540 5856 Christianis
1595 5777 1863 5858 militibus
1916 5803 2091 5858 victo-

2119 4565 2171 4627 D

2187 3330 2403 3386 riebant
2433 3344 2768 3399 quemquam
2797 3329 3016 3384 illorum
3047 3328 3162 3383 sive
3189 3327 3498 3382 masculum
3551 3328 3665 3383 sive
3698 3326 3767 3380 fe-

2188 3419 2418 3485 minam,
2448 3417 2736 3488 capitalem
2769 3417 2851 3472 eis
2879 3415 3085 3472 dabant
3141 3416 3405 3472 continuo
3438 3415 3766 3471 sententiam.

2187 3507 2383 3566 Nullus
2410 3525 2630 3580 quoque
2668 3509 2904 3580 angulus
2933 3509 3174 3565 civitatis
3195 3508 3405 3573 deerat,
3433 3509 3490 3563 in
3516 3525 3630 3579 quo
3680 3525 3769 3563 non

2185 3601 2398 3672 iaceret
2433 3601 2870 3656 Sarracenorum
2909 3601 3173 3665 cadaver,
3202 3600 3408 3670 vixque
3434 3611 3653 3670 poterat
3689 3601 3772 3654 ali-

2190 3695 2316 3766 quis
2348 3695 2427 3750 ire
2454 3709 2550 3764 per
2583 3694 2703 3749 vias
2734 3693 2999 3760 civitatis,
3034 3693 3140 3748 nisi
3157 3693 3421 3748 calcando
3452 3709 3627 3764 super
3661 3693 3772 3748 Sar-

2191 3799 2517 3840 racenorum
2549 3783 2836 3840 cadavera.
2867 3783 3222 3839 Boamundus
3267 3799 3401 3840 vero
3444 3784 3602 3849 illos,
3652 3800 3772 3855 ques

2186 3878 2431 3950 jusserat
2487 3876 2541 3930 in
2597 3877 2799 3947 palatio
2841 3877 3071 3943 intrare,
3132 3877 3531 3946 apprehendit,
3585 3877 3776 3947 illisque

2192 3965 2422 4020 abstulit
2449 3965 2634 4020 omnia
2675 3980 2800 4035 quae
2830 3965 3128 4032 habebant,
3185 3964 3441 4021 videlicet
3486 3982 3707 4028 aurum,
3734 3975 3777 4018 cl

2191 4065 2502 4128 argentum,
2556 4065 2612 4111 et
2659 4057 2764 4110 alia
2816 4067 3140 4112 ornamenta
3189 4073 3314 4128 quae
3363 4058 3446 4112 illi
3499 4058 3776 4114 habebant.

2191 4149 2346 4204 Alios
2373 4148 2504 4203 fecit
2541 4147 2813 4215 occidere,
2843 4149 2983 4205 alios
3019 4148 3147 4204 fecit
3168 4150 3403 4206 conduci
3443 4151 3524 4205 ad
3564 4151 3781 4207 venden-

2192 4239 2325 4296 dum
2369 4239 2695 4295 Antiochia}.
2752 4239 2819 4295 Et
2861 4241 2935 4296 ita
2975 4241 3132 4296 multi
3175 4240 3402 4297 fuerunt
3445 4258 3520 4298 ex
3577 4243 3779 4309 nostris,

2193 4330 2375 4403 quiin
2406 4331 2626 4386 civitate
2659 4343 2949 4400 venerunt,
2991 4331 3259 4404 quidquid
3300 4334 3385 4388 eis
3441 4345 3571 4390 erat
3617 4351 3783 4390 neces.

2195 4425 2405 4480 sarium
2428 4426 2496 4480 ad
2519 4426 2870 4493 sumendum,
2898 4435 2954 4482 et
2983 4427 3144 4483 multi
3173 4428 3268 4499 qui
3295 4428 3440 4484 nihil
3469 4430 3783 4486 invenerunt

2194 4517 2262 4572 ad
2287 4517 2634 4588 capiendum.
2659 4517 2853 4573 Postea
2896 4517 3000 4574 fuit
3032 4529 3143 4574 tam
3181 4520 3344 4591 longa
3382 4537 3548 4577 mora
3574 4525 3629 4578 in
3672 4523 3784 4580 eivir.

2198 4616 2332 4676 tate,
2357 4609 2506 4679 quod
2539 4609 2695 4664 multi
2727 4609 2950 4665 fuerunt
2993 4604 3232 4667 diStricti
3280 4611 3431 4668 fame
3465 4613 3528 4670 in
3566 4615 3782 4672 civitate.

2196 4699 2322 4755 ideo
2355 4700 2502 4771 quod
2535 4699 2686 4757 foras
2717 4717 2825 4756 non
2849 4702 3125 4758 audebant
3145 4704 3296 4759 exire
3323 4704 3381 4759 in
3413 4715 3628 4762 terram
3677 4707 3786 4760 Sar-

2195 4808 2522 4849 racenorum
2550 4793 2731 4864 longe,
2751 4809 2922 4864 prope
2967 4795 3330 4866 nequiverant
3385 4799 3607 4870 aliquid
3656 4800 3787 4854 inve

2197 4887 2317 4940 nire
2355 4884 2423 4940 ad
2467 4887 2814 4956 capiendum.
2849 4886 3031 4943 Nostri
3075 4903 3297 4959 quoque
3327 4905 3614 4961 pauperes

2198 4977 2337 5048 grini
2381 4987 2670 5048 coeperunt
2715 4979 2968 5034 scindere
3020 4995 3252 5050 corpora
3295 4996 3685 5051 paganorum,
3734 4997 3789 5037 eo

2196 5069 2342 5140 quod
2367 5069 2420 5124 in
2442 5070 2728 5126 ventribus
2754 5086 2948 5127 eorum
2981 5073 3332 5127 inveniebant
3365 5077 3693 5131 reconditos
3715 5076 3773 5145 by

2197 5161 2428 5228 santios,
2472 5162 2565 5216 alii
2603 5179 2822 5233 quoque
2856 5164 3086 5220 distriCti
3120 5163 3264 5220 fame
3289 5166 3593 5224 cadebant
3619 5181 3790 5225 carnes

2196 5257 2390 5309 eorum
2436 5269 2533 5324 per
2572 5253 2769 5321 frusta,
2804 5264 2859 5310 et
2893 5257 3202 5326 coquebant
3223 5259 3291 5312 ad
3325 5261 3785 5316 manducandum.

2268 5345 2374 5399 Hic
2421 5347 2760 5400 comedebant
2813 5364 2997 5402 carnes
3058 5348 3352 5404 Turcorum
3410 5352 3732 5408 Christiani.

2266 5436 2565 5507 Postquam
2596 5453 2726 5493 vero
2755 5437 3001 5494 seniores
3030 5441 3206 5496 nostri
3251 5442 3360 5497 hoc
3387 5444 3678 5510 viderunt,
3725 5441 3789 5495 fe—

2195 5539 2391 5585 cerunt
2425 5547 2669 5602 paganos
2697 5532 2839 5586 tradi
2863 5542 3016 5587 extra
3044 5534 3321 5589 civitatem
3368 5537 3441 5591 ad
3467 5549 3693 5608 portes;
3731 5534 3791 5588 ibi

2196 5619 2469 5675 faciebant
2500 5620 2659 5692 quasi
2690 5631 2905 5677 montes
2936 5639 3002 5676 ex
3046 5623 3149 5689 eis,
3173 5632 3228 5676 ct
3277 5636 3484 5694 postea
3539 5627 3794 5684 faciebant

2195 5729 2292 5766 eos
2315 5712 2523 5766 ardere.
2563 5713 2915 5769 Boamuudus
2943 5725 3123 5769 autem
3173 5733 3283 5771 non
3330 5719 3540 5776 valens
3581 5734 3791 5777 concor-

2198 5807 2316 5862 dari
2358 5822 2484 5864 cum
2541 5807 2851 5865 Raimuudo
2896 5808 3081 5864 Sancti
3126 5807 3357 5880 Aigidii,
3421 5830 3686 5872 reversus
3722 5825 3794 5869 est
