3850 6310
105 380 180 445 “9
750 369 807 426 P.
844 366 1187 427 TUDEBODI
1229 365 1409 424 lllST.
1452 363 1541 421 DF.
1580 358 1947 419 lllEROSOL.
1988 360 2149 419 ITIN.
2185 393 2258 404 —
2296 360 2428 418 LIB.
2474 361 2536 420 ν.

3166 368 3276 429 8N

104 491 343 557 Antiochia.
369 484 696 544 Raimundus
717 501 932 557 quoque
982 483 1169 541 Sancti
1214 482 1419 555 Egidii
1469 495 1578 537 non
1608 487 1654 546 Α
1685 477 1911 534 nomine
1931 475 2256 550 Caphaliam
2285 476 2447 534 valde
2469 478 2919 552 pulcherrimam,
2943 492 2998 541 et
3017 488 3278 548 omnibus

99 598 189 662 post
209 583 370 641 multos
390 581 495 637 dies
513 578 673 635 misit
694 592 822 635 suos
845 578 1052 650 legatos
1074 576 1421 631 Antiochiam
1449 571 1576 629 duci

101 676 338 741 Godefrido,
359 683 406 728 et
430 669 745 726 Flandrensi
772 669 977 736 comiti,
1000 683 1066 723 ac
1095 666 1354 724 Rotberto
1377 663 1578 722 North-

97 767 285 833 mannize,
307 774 351 820 et
392 759 721 829 Boamundo,
756 760 901 832 quod
936 760 1039 831 ipsi
1069 760 1320 816 venirent
1359 759 1425 814 ad
1459 756 1575 813 Ru-

95 863 194 918 siam
236 857 487 922 civitatem,
517 853 668 925 loqui
694 868 817 910 cum
878 867 964 908 co.
1018 849 1402 923 Veneruntque
1446 850 1578 906 illuc

90 965 229 1009 omnes
247 948 310 1003 illi
329 945 571 1011 seniores,
595 952 652 1000 et
670 943 961 1000 concilium
990 940 1259 1009 fecerunt,
1298 940 1575 1013 quomodo

92 1032 266 1111 incipere
288 1037 566 1110 potuissent
615 1035 760 1090 viam
807 1033 985 1090 sancti
1018 1033 1276 1105 sepulcri,
1308 1046 1408 1105 pro
1465 1046 1574 1104 qua

87 1132 182 1187 moti
202 1137 320 1195 sunt,
338 1136 385 1182 et
424 1126 525 1182 huc
555 1141 731 1196 usque
758 1133 1045 1181 venerunt.
1081 1123 1189 1180 Sed
1231 1139 1340 1179 non
1380 1132 1572 1196 potue-

85 1231 175 1279 runt
205 1218 533 1277 Boamundum
568 1217 901 1274 concordare
947 1232 1072 1272 cum
1123 1215 1432 1271 Raimundo
1478 1230 1571 1271 co-

82 1315 189 1381 mite,
210 1311 294 1369 nisi
330 1310 561 1367 redderet
584 1310 637 1365 ei
667 1309 1034 1371 Antiochiam.
1072 1307 1180 1365 Sed
1230 1307 1574 1366 Raimundus

80 1406 211 1461 facere
255 1404 428 1471 noluit,
448 1418 545 1474 pro
576 1401 779 1458 ﬁducia
809 1418 975 1473 quam
1011 1400 1217 1459 fecerat
1243 1401 1433 1458 Alexio
1470 1402 1574 1457 im-

76 1495 268 1568 peratori.
305 1491 518 1563 Ideoque
566 1493 680 1549 dux
718 1500 771 1549 et
796 1492 889 1549 alii
929 1494 1159 1550 comites
1201 1494 1402 1550 reversi
1445 1501 1576 1549 sunt

74 1590 320 1646 Antiochiae.
370 1587 711 1646 Raimundus
751 1604 972 1661 quoque
1002 1588 1207 1647 Christi
1238 1591 1441 1647 athleta
1488 1606 1574 1647 re-

73 1698 210 1739 versus
230 1681 378 1738 estad
398 1679 633 1738 Marram
656 1679 953 1752 civitatem,
985 1682 1078 1738 ubi
1104 1692 1261 1739 erant
1298 1683 1572 1755 peregrini

70 1774 194 1831 sancti
225 1774 461 1845 sepulcri,
504 1783 561 1829 et
606 1775 759 1830 misit
797 1790 930 1831 suos
969 1775 1222 1832 homines
1248 1775 1569 1844 Antiochia,

1681 565 1843 622 bonis
1900 574 2174 623 ornatam.
2236 561 2584 623 Habitatores
2628 583 2760 625 vero
2808 570 2958 628 illius
3012 575 3275 647 civitatis,

1677 655 2026 714 Christianos
2054 659 2373 732 peregrinos
2395 661 2584 718 venire
2611 662 2917 733 audientes,
2943 666 3278 729 dimiserunt

1677 749 1954 804 civitatem
1992 765 2247 819 vacuam,
2280 759 2337 808 et
2366 753 2555 809 hortos
2578 754 2768 825 plenos
2797 757 3060 827 oleribus,
3090 770 3147 817 et
3173 763 3278 820 do-

1678 857 1798 898 mos
1829 842 2017 913 plenas
2043 844 2296 916 plurimis
2325 846 2601 904 alimentis
2625 865 2940 921 corporum.
2962 850 3150 910 Tertia
3174 869 3278 911 au-

1679 941 1789 990 tem
1825 935 1936 1003 die,
1967 939 2175 1009 egressi
2199 939 2268 994 ab
2294 939 2385 995 illa
2413 940 2656 1009 civitate,
2680 951 3048 1014 pervenerunt
3067 961 3166 1017 per
3190 947 3277 1004 al-

1677 1034 1789 1082 tam
1820 1035 1877 1082 et
1906 1027 2233 1085 immensam
2284 1040 2635 1089 montaneam
2663 1075 2679 1102 ,
2711 1043 2767 1090 et
2824 1035 3168 1095 intraverunt
3211 1040 3272 1098 in

1676 1120 1871 1176 vallem
1921 1120 1989 1177 de
2037 1119 2213 1191 lssau,
2246 1123 2302 1178 in
2339 1140 2446 1196 qua
2471 1133 2591 1181 erat
2614 1128 2857 1184 maxima
2892 1128 3115 1187 ubertas
3150 1130 3273 1189 fru-

1675 1214 1845 1269 menti
1869 1222 1924 1269 et
1950 1215 2244 1286 pecudum,
2275 1213 2608 1290 fueruntque
2649 1234 2748 1291 per
2791 1220 3105 1292 quindecim
3130 1223 3269 1280 dies.
3342 1260 3349 1269 ι

1676 1306 1866 1380 ibique
1903 1308 2233 1366 invenerunt
2269 1309 2419 1365 aliud
2449 1319 2693 1367 castrum
2736 1327 2995 1381 vacuum,
3028 1314 3084 1369 in
3124 1316 3275 1387 quod

1676 1398 1853 1471 ignem
1897 1401 2166 1457 miserunt
2193 1398 2507 1471 Sarraceni,
2538 1412 2593 1460 et
2622 1401 2909 1476 fugerunt;
2930 1405 3085 1477 juxta
3122 1408 3273 1478 quod

1674 1500 1791 1548 erat
1820 1493 1967 1549 aliud
1999 1501 2244 1550 castrum
2266 1536 2281 1561 ,
2320 1493 2377 1549 in
2417 1510 2529 1566 quo
2569 1503 2689 1550 erat
2727 1506 3057 1569 congregata
3091 1500 3275 1555 multi-

1677 1584 1807 1640 tudo
1854 1586 2092 1641 maxima
2130 1601 2495 1660 paganorum.
2526 1584 2668 1643 Illud
2709 1590 3272 1660 aggrediuntur'tam

1675 1677 1887 1734 fortiter
1909 1679 2083 1734 nostri
2117 1679 2422 1753 peregrini,
2471 1680 2621 1751 quod
2660 1681 2714 1736 in
2744 1696 2843 1737 sua
2872 1690 3145 1753 potestate
3174 1684 3275 1740 ha-

1674 1769 1946 1837 buissent,
1978 1772 2087 1828 nisi
2130 1771 2423 1830 Sarraceni
2442 1773 2748 1844 jactassent
2772 1772 2922 1831 foras
2951 1775 3274 1834 innumeras

69 1877 109 1922 ω
134 1866 212 1939 ipsi
252 1838 509 1922 ηξυηῑιυεῇη
542 1876 709 1939 θυμω
735 1868 1078 1924 custodirem
1131 1868 1394 1940 palatium
1435 1838 1572 1925 cas;
1602 1838 1645 1898 Β
1674 1868 1886 1917 turmas
1914 1862 2259 1918 animalium.
2308 1838 2531 1919 Revctsi
2559 1872 2689 1919 sunt
2723 1872 2910 1921 autem
2943 1866 3142 1934 nostri,
3170 1867 3272 1924 de-

67 1960 165 2015 simi
201 1960 438 2027 Antii-alii,
462 1960 611 2031 quod
659 1959 891 2016 habebat
937 1960 993 2016 in
1038 1977 1139 2017 sua
1186 1968 1474 2033 potestate,
1516 1968 1572 2017 et

66 2061 212 2107 turrem
233 2068 340 2123 quae
355 2061 434 2110 est
457 2069 626 2126 super
651 2062 866 2126 portam
888 2054 1074 2126 pontis
1102 2062 1294 2111 contra
1345 2052 1570 2109 Macha-

64 2145 246 2199 mariam.
279 2143 330 2199 ln
378 2146 476 2202 ista
508 2145 734 2203 civitate
779 2161 999 2219 quoque
1047 2145 1150 2202 fuit
1188 2156 1439 2204 mortuus
1478 2140 1593 2204 sa?

60 2237 169 2306 piens
189 2234 402 2293 Oriensis
430 2238 746 2310 episcopus,
777 2238 963 2312 ibique
993 2239 1191 2296 morati
1232 2248 1362 2296 sunt
1406 2255 1564 2312 pere-

59 2328 155 2399 grini
186 2345 265 2399 per
304 2347 465 2386 unum
524 2347 775 2388 mensem
817 2340 873 2389 et
925 2342 1162 2405 quatuor
1214 2332 1351 2389 dies.
1425 2331 1565 2390 Boa-

57 2418 230 2475 tnomlus
275 2422 489 2493 cupiens
533 2423 740 2480 habere
787 2425 1064 2481 civitatem
1108 2424 1414 2483 Antiochia:
1463 2442 1562 2483 sua

54 2510 215 2577 virtute,
254 2526 430 2570 omnes
475 2513 736 2572 homines
786 2513 1079 2571 Raimundi
1123 2513 1309 2571 Sancti
1356 2514 1561 2588 )Egidii

55 2613 121 2652 sua
141 2600 303 2656 virtute
337 2602 511 2675 eiecit.
538 2604 702 2671 Quod
746 2604 1090 2662 Raimundus
1137 2622 1262 2662 cum
1312 2606 1564 2663 audisset

51 2689 198 2747 Christi
213 2695 414 2764 athleta,
447 2697 817 2769 parvipendit,
846 2707 900 2754 et
929 2698 1091 2754 sicuti
1120 2713 1313 2755 servus
1344 2697 1560 2755 Domini

51 2784 174 2839 nostri
198 2784 310 2842 Iesu
334 2786 541 2845 Christi
572 2788 800 2861 incaepit
832 2790 977 2846 viam
1012 2792 1188 2847 sancti
1218 2792 1476 2863 sepulcri,
1506 2801 1562 2848 et

47 2876 163 2932 exivit
184 2879 323 2935 nudis
338 2881 574 2951 pedibus
604 2881 671 2937 de
693 2882 916 2937 civitate
940 2882 1098 2938 tertio
1123 2882 1338 2938 decimo
1363 2882 1452 2938 die
1478 2882 1562 2937 in-

49 2973 174 3023 trante
194 2966 451 3039 lanuario,
482 2980 540 3028 et
574 2973 824 3044 pervenit
850 2972 919 3028 ad
949 2981 1193 3029 castrum
1236 2971 1524 3044 Capharda
1543 3015 1559 3039 ,

43 3060 147 3128 quod
165 3060 309 3119 distat
330 3079 425 3135 per
447 3074 583 3120 octo
620 3064 906 3133 milliaria,
939 3065 1123 3136 ibique
1169 3074 1422 3122 moratus
1476 3076 1562 3121 est

1671 1950 1935 2010 ducentes
1980 1968 2167 2010 secum
2205 1954 2465 2011 animalia
2495 1955 2564 2011 ad
2603 1969 2703 2011 sua
2737 1955 2995 2012 tentoria.
3043 1955 3274 2013 Summo

1670 2052 1855 2099 autem
1886 2043 2132 2100 diluculo
2164 2044 2503 2117 collegerunt
2548 2046 2724 2102 nostri
2771 2062 2905 2104 suos
2942 2047 3271 2120 papiliones,

1668 2144 1833 2207 atque
1856 2145 2126 2191 venerunt
2171 2137 2238 2192 ad
2285 2137 2430 2194 idem
2459 2147 2704 2195 castrum
2746 2138 2859 2210 iam
2888 2140 3270 2211 supradictum

1664 2226 1954 2295 obsidere,
1980 2237 2036 2283 et
2067 2244 2164 2283 sua
2194 2229 2424 2284 tentoria
2462 2230 2536 2285 ibi
2568 2230 2860 2288 voluerunt
2884 2233 3127 2289 tendere.
3164 2232 3274 2290 Sed

1666 2334 1801 2392 gens
1841 2335 2054 2392 pagana
2076 2321 2313 2378 omnino
2328 2321 2478 2378 dedit
2520 2338 2642 2379 sese
2673 2322 2837 2397 lagae,
2861 2325 3008 2382 circa
3032 2326 3272 2383 mediam

1665 2419 1903 2480 noctem,
1935 2421 1989 2468 et
2017 2412 2226 2470 dimisit
2248 2422 2494 2471 castrum
2529 2430 2765 2471 vacuum
2804 2418 2981 2474 sancti
3022 2419 3265 2489 sepulcri

1664 2504 1989 2576 peregrinis.
2021 2502 2293 2563 latrantes
2323 2516 2506 2563 autem
2552 2517 2800 2565 castrum
2832 2511 3128 2583 peregrini,
3186 2513 3263 2568 illi

1665 2598 1993 2654 invenerunt
2015 2599 2082 2655 de
2105 2616 2229 2655 rore
2252 2601 2376 2656 cteli
2414 2601 2844 2671 abundantiam,
2891 2605 3099 2661 scilicet
3144 2605 3264 2662 fru-

1664 2700 1935 2760 mentum,
1966 2692 2180 2760 vinum,
2202 2701 2258 2749 et
2302 2693 2560 2761 farinam,
2601 2705 2656 2751 et
2685 2697 2889 2763 oleum,
2922 2707 2978 2753 et
3005 2700 3261 2771 gallinas,

1663 2794 1718 2840 et
1752 2784 2019 2856 quidquid
2047 2800 2187 2856 opus
2208 2794 2347 2841 erat.
2394 2786 2510 2841 Illic
2553 2786 2911 2844 devotissime
2954 2789 3265 2849 celebrave-

1664 2884 1794 2931 runt
1817 2874 2166 2933 festivitatem
2200 2887 2404 2934 saneta:
2451 2877 2636 2935 Mariae
2675 2878 3108 2951 Puriﬁcationis,
3135 2898 3264 2954 qua:

1662 2974 1749 3021 cst
1779 2967 2019 3022 secunda
2059 2967 2149 3022 die
2187 2966 2493 3023 Februarii.
2535 2967 2929 3042 Veneruntque
2977 2972 3158 3028 nuntii
3193 2972 3267 3031 de

1663 3056 1881 3114 Camela
1915 3059 2154 3125 civitate,
2179 3058 2515 3117 deducentes
2541 3077 2729 3118 secum
2754 3080 2926 3135 equos
2956 3075 3011 3119 et
3042 3080 3265 3135 aurum,

45 3146 221 3216 putres
252 3151 377 3209 dies.
422 3151 543 3211 lllic
601 3154 853 3226 adjunxit
890 3170 952 3212 sc
1009 3153 1305 3212 Rotbcrtus
1356 3154 1561 3211 North-
1588 3182 1636 3244 ο
1664 3165 1788 3221 quae
1833 3150 2083 3207 mittebat
2105 3151 2253 3208 illius
2305 3153 2543 3209 civitatis
2584 3172 2680 3210 rex
2726 3153 3039 3214 Raimundo
3077 3156 3268 3216 Sancti

42 3240 217 3299 mannim
264 3259 383 3301 cum
434 3261 526 3303 eo.
587 3245 702 3302 Rex
750 3256 933 3303 autem
975 3246 1240 3304 Cmsareze
1277 3249 1561 3305 multotics

42 3331 207 3388 miserat
249 3352 372 3394 suos
401 3338 617 3396 milites
642 3348 697 3394 et
737 3340 961 3396 nuntios
1005 3338 1319 3397 Raimundo
1370 3339 1560 3398 Sancti

39 3419 185 3495 £gidii
209 3428 268 3484 ad
297 3428 534 3487 Mar-ram
568 3431 845 3488 civitatem
862 3441 916 3488 et
936 3430 1406 3505 Capharda,quod
1432 3449 1560 3491 cum

39 3528 83 3567 c0
108 3520 319 3589 cupiebat
360 3523 721 3593 wncordari,
751 3534 803 3581 et
825 3542 961 3582 suus
986 3525 1201 3583 amicus
1221 3525 1383 3596 eﬁlci,
1412 3535 1467 3584 et
1491 3527 1560 3584 de

36 3619 107 3662 suo
134 3625 273 3669 censu
298 3614 349 3671 ei
372 3616 509 3673 dare
548 3617 769 3673 volebat
798 3626 1066 3689 quantum
1098 3618 1256 3687 libet,
1284 3619 1561 3692 nimisque

34 3699 220 3768 cupiebat
236 3702 584 3763 Christianos
611 3707 861 3780 diligere,
884 3716 939 3764 et
968 3707 1228 3765 ﬁduciam
1266 3709 1318 3765 ei
1347 3710 1562 3767 volebat

31 3785 191 3863 facere,
224 3798 361 3869 quod
394 3808 680 3871 quantum
705 3800 1010 3871 pertinebat
1031 3800 1100 3856 ad
1138 3817 1301 3857 suum
1326 3817 1558 3874 regnum

33 3887 161 3940 securi
180 3886 393 3949 fuissent
422 3892 552 3949 sine
582 3892 696 3948 ullo
730 3906 953 3964 pavore,
1002 3903 1059 3949 et
1096 3893 1457 3965 promittebat
1499 3910 1559 3951 se

29 3972 122 4033 dare
142 3990 417 4040 mercatum
462 3984 536 4042 de
580 3984 740 4055 equis
776 3996 830 4040 et
858 3984 1235 4057 corporalibus
1260 3984 1555 4042 alimentis.

30 4064 229 4129 Exierunt
253 4087 431 4133 autem
459 4077 767 4150 peregrini,
795 4087 848 4134 et
867 4086 1139 4134 venerunt
1166 4077 1436 4149 hospitari
1460 4094 1557 4133 su-

25 4172 94 4231 pra
108 4162 297 4237 ﬁumen,
325 4171 479 4241 quod
502 4170 713 4226 dicitur
727 4167 1030 4242 Pharphar,
1046 4170 1200 4242 juxta
1222 4169 1554 4227 Caesaream.

27 4248 108 4310 lies
143 4269 325 4322 autem.
349 4271 660 4335 postquam
708 4261 843 4319 vidit
886 4259 1223 4320 Francorum
1255 4263 1557 4320 exercitum

25 4351 103 4401 iam
122 4365 266 4424 prope
288 4356 578 4412 civitatem
631 4355 922 4427 hospitari,
951 4355 1117 4412 nimis
1158 4356 1213 4411 in
1244 4372 1346 4414 suo
1370 4356 1558 4413 animo

23 4439 257 4508 condoluit,
284 4453 339 4499 et
369 4445 529 4501 misit
550 4453 854 4500 mercatum
871 4445 1135 4516 devetari,
1161 4446 1264 4502 nisi
1288 4463 1319 4503 a
1340 4447 1559 4503 civitate

1614 3222 1636 3247 ⁸
1665 3242 1888 3317 Αέεἰιίἰί,
1924 3249 2151 3318 cupiens
2187 3248 2515 3304 concordari
2543 3264 2669 3304 cum
2692 3264 2787 3316 eo,
2819 3251 3262 3324 promittensque

1662 3331 2008 3393 Christianos
2030 3337 2276 3411 diligere,
2302 3346 2358 3393 et
2390 3338 2683 3412 diligenter
2710 3354 2806 3396 eos
2847 3340 3051 3413 ubique
3076 3341 3262 3399 hono-

1663 3444 1809 3484 rare.
1846 3427 1958 3484 Rex
1987 3445 2207 3502 quoque
2230 3428 2469 3502 Tripolis
2495 3430 2750 3488 similiter
2768 3432 3018 3489 mittebat
3042 3434 3267 3492 nuntios

1662 3538 1794 3578 suos
1825 3520 2136 3580 Raimundo
2173 3522 2362 3580 Sancti
2408 3522 2647 3596 Egidii,
2676 3525 2981 3597 volensque
3012 3542 3142 3582 cum
3190 3541 3259 3583 eo

1660 3629 1849 3685 pacem
1877 3614 2114 3683 habere,
2143 3613 2191 3671 si
2230 3612 2309 3669 illi
2348 3614 2621 3687 placeret;
2655 3614 2918 3686 misitque
2964 3614 3018 3672 ei
3071 3614 3265 3672 decem

1660 3722 1834 3779 equos
1852 3750 1868 3775 ,
1900 3716 1953 3763 et
1977 3716 2217 3779 quatuor
2256 3708 2437 3764 mulas
2456 3749 2471 3776 ,
2495 3714 2551 3764 et
2580 3707 2784 3765 multos
2815 3708 3120 3782 bysantios.
3149 3708 3260 3765 Sed

1661 3814 1847 3856 comes
1884 3800 1962 3856 ait
1990 3800 2141 3856 nullo
2169 3800 2334 3857 modo
2360 3814 2553 3873 pacem
2585 3799 2786 3857 habere
2807 3844 2822 3869 ,
2863 3800 2969 3857 nisi
2992 3800 3265 3858 Christia-

1661 3909 1767 3949 nus
1792 3893 2117 3951 efﬁceretur.
2150 3892 2309 3962 Quod
2337 3909 2435 3950 rex
2468 3892 2759 3966 promisit,
2809 3902 2865 3951 et
2914 3894 3130 3952 annuit.
3155 3893 3264 3952 Ex-

1660 3993 1853 4041 euntes
1883 3994 2068 4041 autem
2112 3985 2286 4043 nostri
2324 3985 2393 4041 de
2421 3985 2514 4041 illa
2542 3985 2745 4057 optima
2785 3985 2946 4054 valle,
2987 4000 3258 4057 pervene-

1660 4086 1790 4134 runt
1811 4078 1878 4134 ad
1904 4077 2181 4149 quoddam
2206 4086 2450 4135 castrum
2469 4120 2483 4147 ,
2513 4077 2660 4149 quod
2684 4077 2888 4134 dicitur
2932 4078 3167 4147 Art-has,
3198 4078 3259 4137 in

1660 4169 1749 4227 die
1771 4169 1958 4239 Lunae,
1991 4170 2201 4227 scilicet
2225 4171 2463 4227 secunda
2496 4168 2632 4227 feria
2656 4170 2711 4226 in
2737 4170 2919 4228 medio
2948 4169 3257 4240 Februarii,

1661 4261 1808 4319 circa
1836 4262 1981 4334 quod
2020 4262 2254 4319 tentoria
2309 4262 2564 4319 ﬁxerant.
2624 4262 2786 4332 Quod
2844 4273 3087 4322 castrum
3145 4273 3263 4323 erat

1659 4353 1881 4424 plenum
1917 4352 2303 4409 innumerabili
2339 4362 2500 4427 gente
2567 4370 2909 4427 paganorum
2935 4397 2950 4423 ,
3009 4355 3264 4414 videlicet

1661 4444 2001 4514 Turcorum,
2056 4444 2529 4515 Sarracenorum,
2587 4447 2874 4516 Arabum,
2926 4447 3260 4505 Publicanoo

23 4525 312 4593 discederent.
342 4538 615 4594 Crastino
652 4553 782 4594 vero
816 4538 967 4596 misit
986 4555 1113 4595 cum
1151 4539 1260 4597 illis
1301 4539 1514 4598 Turcos
1536 4584 1552 4609 ,
1585 4535 1634 4595 D
1660 4552 1807 4606 rum,
1834 4547 1891 4595 et
1916 4539 2152 4595 aliorum
2178 4554 2543 4612 paganorum,
2570 4540 2667 4611 qui
2692 4539 3014 4596 munierunt
3035 4540 3262 4597 mirabi-

23 4623 84 4689 qui
103 4625 169 4681 eis
197 4638 576 4686 monstrarent
602 4629 844 4687 fluminis
866 4630 1090 4698 vadum,
1116 4646 1323 4704 eosque
1349 4630 1555 4688 condu-

23 4727 171 4787 εει-θυι,
193 4737 360 4794 usque
393 4722 658 4780 invenire
685 4722 888 4795 aliquid
913 4723 1221 4795 potuissent
1240 4723 1308 4778 ad
1332 4724 1556 4795 capien-

23 4805 123 4863 lum.
144 4811 331 4873 Deinde
370 4824 659 4873 venerunt
693 4814 749 4871 in
789 4816 1085 4889 quamdam
1114 4816 1311 4872 vallem
1361 4816 1556 4874 subtus

23 4910 203 4959 nstrum
243 4907 567 4979 quoddam,
614 4907 800 4980 ibique
847 4909 1176 4965 invenerunt
1222 4906 1347 4979 plus
1383 4923 1551 4979 quam

24 4992 121 5048 nille
151 4997 419 5068 animalia,
454 5010 512 5057 et
536 4999 676 5056 satis
698 5000 977 5068 frumenti,
1008 5009 1063 5057 et
1086 4999 1193 5056 alia
1216 4999 1382 5066 bona,
1408 4999 1556 5055 unde

23 5085 135 5140 lJlliS
154 5086 246 5147 fuit
273 5091 485 5149 refecta
522 5102 643 5148 tota
666 5090 869 5149 Christi
897 5093 1110 5149 militia.
1138 5090 1347 5147 Tamen
1378 5090 1557 5147 domi—

23 5190 85 5230 ως
121 5180 251 5238 illius
276 5185 457 5240 castri
489 5184 859 5241 concordatus
907 5193 993 5241 est
1040 5200 1166 5243 cum
1215 5182 1553 5252 Raimundo,

23 5264 128 5336 riqne
151 5273 364 5331 donavit
387 5293 596 5348 equos,
619 5284 674 5332 et
694 5278 798 5332 alia
830 5278 1021 5344 multa,
1051 5272 1119 5333 et
1135 5292 1237 5333 sua
1259 5277 1379 5350 lege
1400 5276 1554 5348 jura-

23 5358 61 5411 'il
79 5367 201 5433 quod
227 5369 476 5440 amplius
519 5369 818 5441 peregrinis
848 5386 956 5426 non
986 5378 1228 5425 noceret.
1271 5368 1552 5425 Raimun-

23 5448 82 5505 los
110 5455 173 5511 ibi
198 5474 320 5515 cum
352 5478 467 5518 suo
492 5462 736 5517 exercitu
766 5478 860 5533 per
884 5462 1128 5534 quinque
1156 5462 1274 5518 dies
1302 5470 1552 5518 moratus

23 5552 78 5597 st.
109 5545 309 5620 Egressi
336 5552 475 5608 inde
514 5561 878 5622 pervenerunt
900 5551 1105 5608 Christi
1157 5550 1434 5624 peregrini
1484 5552 1554 5608 ad

24 5634 115 5691 liud
139 5640 371 5700 Arabum
425 5653 713 5710 castrum,
764 5645 924 5714 cujus
978 5643 1238 5700 dominus
1300 5642 1554 5700 similiter

23 5734 314 5795 Dncordatus
340 5747 433 5794 est
455 5753 589 5793 cum
608 5735 936 5794 Raimundo.
960 5735 1091 5792 inde
1114 5742 1397 5804 exeuntes,
1422 5752 1552 5808 per-

26 5836 219 5883 encrunt
275 5831 333 5884 in
389 5827 697 5901 quamdam
724 5828 921 5885 vallem
952 5828 1019 5885 ad
1053 5842 1221 5885 unam
1269 5827 1548 5884 civitatem

266 5927 562 5990 Pauca.
601 5925 781 5990 CLV.

1657 4629 1783 4686 liter
1806 4629 1938 4688 illud
1962 4639 2209 4689 castrum
2230 4674 2246 4700 ,
2286 4642 2340 4688 et
2362 4631 2731 4689 defendebant
2775 4647 2835 4689 se
2879 4631 3114 4689 fortiter.
3148 4631 3259 4689 Ca-

1659 4730 1833 4780 strum
1858 4739 2078 4795 quoque
2103 4732 2224 4780 erat
2244 4724 2409 4782 nimis
2434 4722 2573 4781 forte
2594 4733 2649 4781 et
2673 4724 2843 4781 altum
2874 4739 3040 4796 super
3060 4739 3258 4795 quem-

1658 4812 1785 4869 dam
1808 4820 2051 4869 montem
2069 4855 2085 4882 ,
2123 4820 2179 4869 et
2203 4813 2479 4870 clauditur
2501 4829 2533 4869 a
2559 4814 2776 4870 duobus
2805 4813 2999 4869 muris.
3018 4810 3145 4869 Uno
3166 4811 3257 4869 die

1657 4904 1909 4961 exierunt
1928 4905 2343 4978 quatuordecim
2365 4922 2433 4962 ex
2459 4906 2666 4962 nostris
2696 4899 2985 4974 militibus,
3014 4912 3069 4961 et
3097 4906 3258 4977 equi-

1660 4996 1760 5052 tati
1810 5005 1940 5054 sunt
1965 4996 2231 5069 Tripolim
2261 4998 2537 5055 civitatem
2564 5040 2579 5065 ,
2628 5013 2753 5069 qua:
2797 4996 2965 5053 distat
3006 5013 3039 5053 a
3072 5004 3257 5054 castro

1662 5097 1788 5146 octo
1810 5090 2083 5147 milliaria.
2120 5090 2215 5147 Isti
2245 5090 2468 5147 fuerunt
2487 5090 2708 5157 milites,
2745 5090 2956 5147 scilicet
2983 5089 3255 5147 Raimun-

1660 5180 1765 5237 dus
1789 5182 1856 5238 de
1888 5180 2102 5240 Torena
2128 5183 2455 5251 vieecomes,
2509 5190 2564 5238 et
2616 5181 2809 5238 Petrus
2840 5183 3148 5240 vicecomes
3189 5182 3258 5240 de

1659 5271 1932 5331 Castellon
1958 5318 1974 5344 ,
2014 5263 2068 5333 et
2102 5276 2418 5333 Amanevus
2458 5273 2527 5330 de
2576 5274 2847 5343 Lobreto,
2884 5285 2939 5332 ct
2967 5275 3253 5345 Sicardus,

1662 5375 1715 5423 et
1737 5366 1880 5441 Bego
1910 5369 1976 5425 de
2007 5367 2225 5425 [liberie
2246 5412 2261 5435 ,
2313 5367 2640 5425 Guillelmus
2669 5366 2883 5436 Botius,
2910 5379 2964 5424 et
2992 5369 3083 5425 alii
3106 5384 3253 5440 quo-

1661 5477 1785 5517 rum
1816 5462 2037 5518 nomina
2065 5462 2278 5535 ignoro.
2308 5460 2401 5519 Isti
2425 5460 2840 5533 quatuordecim
2879 5462 3079 5518 milites
3102 5462 3256 5518 iuve-

1661 5562 1861 5610 nerunt
1889 5555 2171 5627 sexaginta
2204 5555 2346 5610 inter
2374 5552 2588 5611 Turcos
2625 5564 2679 5611 et
2717 5555 2960 5625 Arabes,
2994 5556 3255 5610 Sarrace-

1660 5664 1784 5715 nos,
1808 5656 1864 5704 et
1884 5646 2108 5715 Curtos,
2144 5648 2239 5720 qui
2277 5647 2620 5704 deducebant
2658 5657 2784 5703 ante
2814 5664 2874 5705 se
2896 5655 3115 5703 nostros
3146 5645 3252 5700 bo-

1658 5740 1856 5810 mines,
1905 5751 1958 5798 et
2001 5741 2258 5797 animalia
2308 5741 2483 5815 magis
2508 5757 2677 5812 quam
2707 5741 2854 5797 mi-lle
2898 5741 3250 5812 quingentos.

1659 5832 1807 5900 Quos
1831 5832 2151 5892 invaserunt
2190 5834 2367 5892 nostri
2418 5833 2618 5891 muniti
2646 5835 2807 5906 signo
2832 5833 3059 5889 crucis:
3098 5827 3252 5887 occi-

2891 5925 2977 5989 26
