3804 6312
582 302 692 362 BH

1162 297 1255 354 an
1291 297 1743 357 GODEFRIDUM
1783 247 2077 355 spesne.
2115 295 2179 352 ιι.
2218 328 2290 339 -
2325 295 2597 354 nouus.
2634 294 2724 353 os
2760 294 2985 353 amo
3023 294 3261 354 saeuo.
3640 309 3701 367 il!

587 420 900 487 deruntque
929 428 1023 475 sex
1047 426 1115 467 ex
1139 412 1268 479 illis,
1292 422 1347 468 et
1373 427 1467 469 sex
1488 428 1663 483 equos
1690 413 2050 468 retinuerunt.
2072 411 2187 466 Alia
2221 417 2262 474 Α
2294 409 2442 479 ginta
2475 409 2546 465 ab
2584 409 2728 476 aliis,
2759 417 2814 463 et
2835 409 3161 463 invenerunt
3180 407 3277 463 tria
3304 406 3447 464 millia
3465 414 3703 475 atatim.

590 513 683 576 die
702 511 957 573 exierunt
985 506 1054 562 de
1089 506 1333 561 exercitu
1361 504 1570 560 Christi
1598 504 1940 560 liaimundus
1962 503 2188 569 Piletus,

582 615 651 663 et
675 603 1020 660 Raimundus
1050 600 1355 656 vicecomes
1397 600 1463 655 de
1507 598 1721 657 Torena
1751 600 1990 666 civitate,
2024 608 2081 654 et
2099 614 2191 654 ve-

593 704 799 755 nerunt
816 705 941 753 ante
962 693 1250 749 Tortosam
1292 692 1569 747 civitatem
1602 707 1728 748 cum
1755 693 1874 748 suis
1899 691 2187 759 militibus;

580 788 935 861 .prteliatiqne
985 795 1114 843 sunt
1172 784 1380 840 fortiter
1432 785 1612 852 illam,
1664 800 1789 855 qua:
1824 793 1945 839 erat
1978 784 2190 841 munita

596 882 838 938 maxima
894 877 1242 933 multitudine
1294 892 1658 947 paganorum.
1698 875 1834 931 Sero
1864 885 2048 933 autem
2072 875 2187 947 jam

586 973 745 1028 facto
766 1013 781 1038 ,
809 978 1156 1027 recesserunt
1198 970 1370 1027 nostri
1395 970 1448 1024 in
1485 970 1727 1040 quodam
1774 969 1976 1042 angulo
1996 1009 2012 1034 ,
2032 968 2190 1039 juxta

580 1066 815 1131 silvam,
841 1063 1026 1132 ibique
1054 1062 1317 1132 hospitati
1346 1061 1590 1117 fecerunt
1614 1060 1731 1116 ﬁeri
1758 1060 2190 1117 innumerabiles

492 1202 505 1213 .
594 1155 771 1226 ignes,
800 1154 957 1225 quasi
982 1152 1201 1208 adesset
1214 1154 1397 1208 omnis
1424 1153 1701 1209 exercitus
1720 1152 2185 1209 Christianorum.

576 1247 751 1314 Quod
786 1247 1037 1302 videntes
1079 1247 1311 1317 pagani,
1346 1247 1589 1301 maximo
1634 1254 1847 1302 terrore
1891 1247 2189 1317 perterriti,

590 1350 754 1395 nocte
790 1336 981 1393 furtim
1015 1337 1297 1409 fugerunt,
1320 1346 1376 1392 et
1415 1338 1742 1394 dimiserunt
1774 1337 2047 1393 civitatem
2076 1339 2191 1409 ple-
2236 1357 2245 1366 ’

592 1445 722 1484 nam
773 1429 1027 1500 plurimis
1081 1429 1242 1486 bonis
1304 1446 1430 1500 quae
1476 1429 1582 1486 sita
1614 1440 1698 1486 est
1727 1446 1893 1501 supra
1921 1431 2190 1501 optimum

594 1531 817 1593 portum
848 1521 1040 1577 maris.
1069 1519 1322 1577 Crastina
1349 1532 1532 1577 autem
1571 1522 1660 1577 die
1703 1530 1971 1578 venerunt
2014 1523 2190 1579 nostri

572 1613 835 1681 .milites,
888 1621 1147 1684 putantes
1198 1612 1440 1684 undique
1474 1613 1730 1671 invadere
1759 1615 1929 1683 illam,
1960 1630 2192 1688 eamque

588 1706 929 1761 invenerunt
951 1721 1184 1762 vacuam
1215 1706 1494 1778 gentibus,
1523 1715 1579 1763 et
1609 1708 1878 1766 intrantes
1909 1710 1964 1765 in
1998 1725 2062 1766 ea
2091 1711 2190 1766 ha-

576 1795 935 1863 ..bilaverunt,
972 1797 1217 1869 quandiu
1247 1798 1496 1855 obsessio
1528 1798 1633 1855 fuit
1653 1808 1783 1856 ante
1811 1810 2052 1857 castrum
2083 1803 2191 1857 Ar-

574 1890 737 1949 τθιιω.
761 1888 941 1961 Prope
965 1890 1127 1945 istam
1155 1899 1241 1947 est
1263 1890 1370 1947 alia
1399 1891 1533 1948 urbs
1552 1933 1569 1959 ,
1601 1908 1725 1963 quae
1769 1893 1971 1950 dicitur
2015 1893 2195 1950 Mara-

580 1981 737 2038 sclea.
764 1981 1067 2038 Amiralius
1088 2022 1104 2049 ,
1138 1982 1236 2053 qui
1263 1997 1385 2038 eam
1418 1983 1661 2055 regebat,
1709 1994 1904 2055 pactus
1939 1995 2024 2042 est
2066 2002 2192 2043 cum

585 2072 836 2140 nostris,
880 2081 936 2129 et
978 2073 1129 2129 misit
1175 2080 1392 2130 nostros
1419 2072 1561 2130 infra
1584 2075 1880 2146 civitatem,
1913 2086 1971 2134 et
1999 2078 2194 2134 vexilla

573 2219 579 2227 ,
591 2174 808 2222 ιιοειτδ.

525 2264 530 2269 ’
867 2256 974 2312 llic
993 2257 1305 2313 obsederunt
1336 2258 1605 2316 Gibellum
1627 2260 1917 2318 civitatem.

666 2350 775 2406 Alii
799 2366 1020 2422 quoque
1047 2351 1317 2420 seniores,
1342 2353 1439 2424 qui
1462 2361 1621 2408 erant
1645 2352 1973 2422 Antiochiae,
2003 2355 2194 2410 videli-

584 2450 685 2498 cet
717 2442 829 2497 dux
858 2441 1207 2509 Godefridus,
1257 2450 1312 2498 et
1362 2442 1716 2501 Flandrensis
1748 2460 1935 2501 comes
1965 2443 2194 2501 Rotbcr-

573 2543 709 2601 .tus,
738 2543 793 2590 et
822 2533 1197 2602 Boamuudus,
1222 2544 1493 2591 venerunt
1518 2552 1693 2607 usque
1716 2535 1966 2592 Lichiam
1999 2538 2193 2594 civita»

584 2633 728 2692 lem,
779 2634 1071 2696 sequentes
1120 2623 1493 2681 Raimundum
1526 2624 1716 2682 Sancti
1753 2626 1976 2698 1Egidii.
2006 2627 2193 2700 Itaque

592 2715 953 2773 Boamundus
969 2716 1245 2787 separavit
1262 2731 1322 2773 se
1342 2717 1411 2772 ah
1433 2717 1582 2785 aliis,
1602 2727 1658 2774 et
1689 2733 1947 2775 reversus
1972 2731 2056 2777 est
2080 2722 2192 2776 An-

593 2807 881 2864 tiochiam.
912 2807 1034 2864 Dux
1061 2823 1283 2881 quoque
1338 2806 1707 2878 Godel‘ridus,
1752 2819 1807 2866 et
1836 2810 2192 2868 Flandreusis

576 2914 808 2968 eomes,
833 2911 1127 2973 sequentes
1161 2900 1529 2958 Raimundum
1562 2901 1747 2959 Sancti
1772 2903 1975 2977 Egidii
1996 2921 2190 2977 perve-

596 3000 801 3047 nerunt
832 2993 899 3048 ad
931 2994 1228 3065 quamdam
1269 2993 1546 3051 civitatem
1573 3035 1589 3063 ,
1632 2995 1722 3051 cui
1761 3012 1965 3053 nomen
2007 2997 2191 3055 Gibel-

568 3083 735 3163 dum,
772 3098 937 3155 quam
982 3083 1198 3141 fortiter
1248 3085 1624 3156 obsesserunt,
1668 3096 1724 3143 et
1769 3088 1995 3160 praeliati
2036 3101 2185 3149 sunt.
2215 3128 2261 3191 ο

574 3176 945 3235 ..Βιιὶωυηιιιιε
977 3195 1196 3252 quoque
1217 3190 1337 3237 erat
1357 3181 1412 3237 in
1443 3183 1768 3241 obsessione
1786 3184 2003 3255 Archaa,
2024 3201 2190 3260 vene-

568 3322 573 3329 _
599 3276 840 3339 runtque
873 3269 979 3325 sibi
1014 3271 1193 3326 nuntii
1224 3271 1371 3343 quod
1395 3274 1594 3346 pagani
1628 3273 1921 3330 veniebant
1953 3274 2191 3346 przeliari

592 3376 725 3416 cum
749 3376 836 3417 co.
881 3359 972 3417 Ille
996 3377 1216 3434 quoque
1262 3364 1416 3419 misit
1450 3366 1770 3437 episcopum
1795 3366 2037 3425 Albariae
2065 3369 2193 3425 duci

564 3451 915 3521 ,Codcfrido,
946 3462 1001 3511 et
1028 3453 1293 3512 Rutberto
1314 3454 1641 3514 Flandrensi
1681 3458 1889 3528 comiti,
1920 3470 2194 3531 quatenus

590 3545 877 3602 venissent
898 3547 965 3603 ad
997 3556 1244 3605 castrum
1273 3549 1497 3616 Archze,
1554 3549 1816 3620 quoniam
1862 3551 2060 3623 pagani
2101 3567 2195 3608 ve-

576 3639 822 3697 .niebant
853 3641 1099 3713 undique
1127 3644 1442 3716 congregati
1468 3658 1712 3716 pugnare
1740 3660 1866 3700 cum
1911 3660 1979 3701 eo
2004 3654 2059 3701 et
2092 3661 2192 3702 sua

556 3741 775 3803 ..gente.
800 3731 960 3800 Quod
983 3749 1111 3790 cum
1141 3735 1388 3793 audisset
1411 3736 1524 3792 dux
1550 3735 1909 3806 Godefridus,
1945 3746 2000 3794 et
2022 3738 2193 3796 Plan--

558 3823 816 3883 .drensis
852 3840 1058 3894 comes,
1100 3824 1348 3884 fecerunt
1392 3828 1649 3900 placitum
1685 3844 1810 3886 cum
1861 3830 2191 3899 ammiralio,

590 3914 693 3985 qui
721 3914 805 3971 eis
819 3930 993 3987 equos
1020 3926 1074 3973 et
1092 3918 1375 3990 bysantios
1399 3920 1568 3988 dedit,
1588 3929 1642 3976 et
1664 3922 1914 3993 promisit
1935 3922 2015 3980 eis
2037 3924 2192 3995 quod

576 4002 653 4059 -ln
678 4004 882 4063 damno
903 4008 1207 4079 peregrinis
1237 4010 1413 4066 sancti
1437 4012 1672 4081 sepulcri
1712 4013 1950 4084 amplius
1974 4029 2085 4069 non
2105 4029 2194 4071 es-

597 4103 703 4153 set.
734 4095 857 4153 Dux
879 4097 1236 4168 Godefridus,
1263 4111 1317 4156 et
1338 4101 1693 4160 Flandrensis
1731 4120 1917 4162 comes
1962 4104 2194 4161 Rotber-

586 4196 709 4256 tus,
736 4187 1064 4247 festinanter
1107 4203 1468 4263 perrexerunt
1491 4195 1566 4250 ad
1604 4195 1972 4253 Raimuudum
2005 4197 2192 4255 Sancti

597 4277 805 4353 JEgidii
839 4281 894 4336 in
921 4282 1218 4353 adjutorio,
1238 4294 1292 4340 et
1326 4286 1586 4357 hospitati
1613 4296 1745 4343 sunt
1766 4303 1924 4345 secus
1945 4299 2191 4347 castrum

558 4370 748 4442 Juxta
772 4370 1021 4428 ﬂuvium.
1051 4373 1240 4446 Itaque
1261 4376 1599 4432 obsederunt
1641 4386 1909 4435 castrum.
1960 4377 2066 4437 Sed
2114 4381 2193 4436 illi

596 4464 897 4535 supradicti
921 4467 1119 4538 pagani
1140 4467 1368 4524 minime
1390 4477 1661 4525 venerunt
1676 4469 1750 4526 ad
1767 4486 2032 4544 pugnam.
2068 4472 2188 4531 Non
2221 4490 2266 4545 ι)
2292 4480 2456 4543 atque
2504 4470 2732 4527 factum.
2774 4471 2972 4529 Postea
3022 4474 3398 4533 discesserunt
3439 4486 3466 4526 a
3502 4464 3649 4524 civili"
3676 4467 3719 4504 9‘

585 4565 725 4627 .post
758 4557 961 4614 multos
984 4558 1105 4616 dies
1136 4559 1524 4633 equitaveruut
1554 4563 1730 4619 nostri
1772 4574 1961 4621 contra
1991 4563 2189 4637 Tripo-

586 4648 713 4717 lim,
742 4658 796 4707 et
820 4650 1149 4707 invenerunt
1168 4660 1322 4708 extra
1352 4653 1625 4710 civitatem
1669 4650 1914 4727 Turcos,
1962 4664 2018 4712 et
2050 4655 2189 4713 Ara-

553 4738 714 4809 .bes,
749 4750 806 4803 et
834 4739 1202 4813 Sarracenos,
1237 4758 1380 4815 quos
1412 4744 1732 4803 invaserunt
1785 4734 2084 4815 continuo,
2131 4757 2189 4806 et

472 4858 479 4865 ι
552 4832 866 4897 ,miserunt
927 4849 1025 4891 eos
1083 4835 1140 4892 in
1190 4833 1409 4909 fugam,
1459 4847 1514 4894 et
1540 4838 1861 4896 occiderunt
1887 4842 2186 4898 maximam

582 4933 807 4996 partem
862 4926 1132 4983 nobilium
1188 4929 1449 5005 civitatis.
1499 4926 1673 4987 Tanta
1704 4929 1809 4987 fuit
1846 4947 2184 5004 paganorum

558 5017 823 5087 _oecisio,
869 5026 924 5075 et
976 5020 1267 5091 sanguinis
1314 5018 1534 5077 illorum
1577 5021 1807 5090 effusio,
1838 5024 1987 5095 quod
2019 5026 2186 5081 etiam

551 5123 741 5180 .aqua
760 5126 885 5181 quae
913 5111 971 5167 in
1014 5112 1235 5169 civitate
1254 5111 1464 5169 ﬂuebat
1499 5113 1785 5171 videbatur
1817 5116 1985 5171 rubea
2027 5132 2187 5173 ruere

556 5196 653 5281 ’ἆυ
693 5200 963 5258 cisternas
1009 5218 1204 5259 eorum
1250 5204 1535 5276 sanguine.
1569 5203 1936 5263 Undenimis
1966 5205 2188 5263 fuerunt

554 5348 559 5353 ,
594 5291 691 5347 alii
714 5292 897 5350 tristes
918 5303 973 5350 et
1000 5294 1248 5353 dolentes
1265 5338 1283 5364 ,
1309 5299 1403 5369 qui
1434 5297 1488 5353 in
1530 5298 1750 5355 civitate
1770 5299 1878 5354 vivi
1902 5314 2186 5357 remanse-

596 5389 746 5436 runt.
784 5380 905 5438 Jam
936 5400 1067 5440 vero
1103 5395 1263 5442 erant
1293 5396 1448 5443 tanto
1478 5390 1677 5446 timore
1717 5391 1984 5459 exterriti,
2033 5391 2182 5463 quod

550 5535 554 5539 η
594 5471 686 5527 vix
714 5472 915 5545 aliquis
934 5489 1122 5530 eorum
1153 5476 1387 5534 audebat
1409 5479 1559 5535 exire
1603 5488 1760 5536 extra
1787 5481 2025 5538 civitatis
2064 5476 2188 5553 por-

594 5572 728 5620 tam.
765 5552 888 5620 Alia
913 5581 1044 5622 vero
1072 5567 1160 5623 die
1188 5569 1572 5639 equitaverunt
1608 5572 1783 5629 nostri
1809 5573 1952 5631 ultra
1982 5552 2182 5631 vallem

591 5657 814 5727 Desem,
850 5667 905 5714 et
939 5658 1267 5717 invenerunt
1303 5662 1490 5730 boves,
1529 5673 1585 5721 et
1613 5667 1822 5735 asinos,
1845 5676 1902 5724 et
1938 5684 2091 5737 oves,
2128 5677 2185 5727 et

552 5751 766 5819 ,multa
797 5750 1056 5808 animalia
1085 5752 1205 5810 sine
1233 5769 1488 5825 numero,
1512 5766 1567 5814 et
1594 5758 1901 5818 diviserunt
1936 5778 1996 5819 se
2031 5779 2184 5823 sexa-

750 5983 777 6003 ῃ

2270 4001 2407 4064 ’ῑειιει
2445 3986 2690 4063 ιἰιίιίιοιει
2732 4008 2939 4064 Christi
2971 4009 3191 4066 militia.
3233 4008 3300 4065 Et
3329 3986 3719 4065 (ξοηνεηίιῶςή

2269 4182 2401 4250 ἰἰιιε
2425 4194 2794 4265 praeparabat,
2824 4204 2881 4251 et
2912 4193 3264 4252 Hierusalem
3295 4189 3625 4266 apprehendat
3646 4176 3719 4231 εδδ

2262 4664 2503 4733 _arctam
2525 4664 2579 4711 et
2605 4655 2835 4711 arduam
2872 4665 2986 4713 tota
3017 4657 3105 4713 die
3134 4667 3190 4713 et
3221 4666 3396 4722 nocte,
3426 4661 3472 4709 et

2256 4994 2261 5001 ,
2290 4908 2347 4986 in
2381 4946 2490 5002 qua
2517 4930 2667 5002 passi
2712 4908 2936 4986 fuerunt
2988 4947 3246 5005 magnam
3290 4930 3447 4993 sitim,
3470 4920 3586 4980 etsic

2257 4996 2653 5100 pervenerunt
2679 5023 2747 5078 ad
2773 5020 2998 5091 ﬂumen,
3027 4996 3176 5095 qdod
3202 5022 3399 5079 dicitur
3414 5018 3585 5088 Braytl.

2295 503 2495 559 Omnia
2518 520 2649 559 vero
2680 504 2785 559 ista
2812 502 3071 558 animalia
3092 500 3408 558 deduxerunt
3438 506 3491 559 ad
3516 512 3703 567 exercitus

2293 591 2531 662 Christi,
2562 595 2708 650 unde
2753 595 2890 649 satis
2922 592 3025 647 fuit
3062 593 3179 647 laeta
3238 600 3340 647 tota
3386 592 3545 650 Christi
3578 600 3703 655 militia
3744 648 3745 655 η

2292 684 2470 743 Naves
2506 686 2708 759 quippe
2758 696 2960 779 nostrm
3002 693 3272 779 venerunt
3302 701 3444 779 prope
3466 703 3544 744 nos
3566 690 3603 744 in
3630 710 3708 763 qm-

2292 780 2419 837 dam
2449 790 2634 852 portu,
2659 779 2906 850 quandin
2937 778 3145 833 fuimus
3168 776 3220 831 in
3257 793 3319 832 ea
3345 778 3692 847 obsessionedeie

2292 880 2477 928 rentes
2501 871 2803 926 maximum
2838 878 3163 936 mercatum,
3187 869 3378 925 scilicet
3398 869 3709 937 frumentari

2294 981 2448 1028 num,
2479 976 2535 1020 et
2563 980 2779 1030 carnes,
2807 970 2863 1019 et
2881 978 3095 1029 caseos,
3126 971 3182 1017 et
3215 962 3409 1028 oleum,
3452 969 3496 1016 et
3534 962 3711 1025 hordeum.

2293 1054 2440 1111 unde
2466 1056 2708 1111 maxima
2731 1055 2955 1110 ubertas
2981 1052 3086 1108 fuit
3112 1053 3167 1106 in
3194 1061 3305 1107 toto
3324 1052 3476 1107 hoste.
3488 1050 3533 1106 ln
3551 1053 3709 1108 illam
3744 1044 3745 1111 ἡ

2292 1165 2402 1221 que
2431 1149 2756 1206 obsessione
2778 1146 3011 1204 feliciter
3034 1146 3347 1218 martyrium
3369 1145 3519 1215 plures
3532 1161 3579 1200 ex
3596 1150 3712 1201 mare

2293 1250 2638 1314 receperunt,
2663 1240 2940 1307 videlicet,
2973 1239 3216 1295 Poncius
3236 1238 3308 1293 de
3330 1236 3505 1292 Baulan
3519 1281 3532 1303 ,
3550 1248 3587 1293 et
3604 1238 3712 1293 Arad-

2293 1350 2420 1390 mzts
2441 1334 2509 1391 de
2538 1333 2877 1391 Risbemund
2901 1374 2920 1400 ,
2957 1340 3015 1388 et
3043 1330 3359 1388 Guillelmus
3380 1326 3713 1392 Pieardusetali,

2293 1442 2531 1498 quorum
2559 1426 2784 1483 nomina
2808 1424 3018 1481 nescio.
3048 1422 3125 1479 lta
3149 1438 3278 1478 vero
3305 1429 3550 1477 tenuerunt
3567 1420 3711 1475 illudis

2294 1529 2472 1577 strum
2502 1519 2878 1591 supradictum
2907 1533 3004 1589 per
3031 1525 3148 1572 tres
3169 1530 3395 1580 menses,
3413 1514 3557 1568 minus
3576 1528 3647 1565 uno
3658 1512 3712 1565 ac.

2294 1612 2487 1685 Ibique
2516 1611 2622 1667 fuit
2650 1611 2922 1684 judicium
2960 1608 3170 1666 factum
3207 1608 3274 1663 de
3298 1606 3467 1662 lancea
3501 1604 3715 1661 Domininn

2294 1704 2414 1761 Kal.
2451 1704 2690 1774 Aprilis,
2731 1703 2917 1776 ibique
2963 1701 3183 1759 Pascha
3218 1699 3421 1757 Domini
3454 1696 3716 1753 michi-arent

2298 1814 2352 1855 tv
2387 1797 2467 1854 Id.
2499 1795 2725 1869 Aprilis.

2545 1889 2648 1945 Hic
2675 1890 2778 1962 fuit
2794 1888 3064 1961 judicium
3090 1888 3157 1943 de
3193 1887 3371 1942 lancea
3402 1884 3584 1940 Domini.

2366 1982 2485 2040 Rex
2519 1998 2743 2054 quoque
2773 1981 3014 2053 Tripolis
3047 1995 3196 2052 saepe
3236 1978 3465 2035 mittebat
3490 1974 3643 2032 nanda
3657 1972 3717 2027 hi

2294 2076 2504 2131 mundo
2539 2073 2729 2132 Sancti
2775 2072 3003 2147 Egidii,
3044 2080 3107 2128 ut
3155 2070 3443 2128 dimisisset
3460 2066 3717 2125 castram.»

2294 2167 2508 2224 dientes
2533 2168 2641 2223 hoc
2690 2168 2876 2237 itaque
2923 2164 3101 2221 nostri
3156 2164 3415 2230 seniores,
3444 2160 3626 2217 videlicet
3654 2156 3717 2209 l1?-

2295 2258 2535 2316 mundus
2558 2258 2746 2315 Sancti
2773 2257 2999 2331 Aigidii,
3047 2265 3104 2314 et
3147 2256 3261 2314 dux
3312 2249 3719 2319 Godefﬁdusuﬂe

2297 2352 2506 2407 tbertus
2538 2366 2725 2408 comes
2756 2349 3135 2419 Flandrensis,
3168 2359 3225 2407 et
3238 2348 3501 2406 liotbertns
3524 2344 3720 2401 Northum-

2296 2458 2423 2507 nus,
2468 2451 2522 2497 et
2575 2441 2666 2497 alii
2696 2441 2993 2514 peregrini,
3049 2450 3105 2497 et
3164 2458 3235 2497 ex
3281 2442 3381 2497 alia
3431 2448 3554 2512 parte
3585 2437 3721 2490 ridenti

2296 2534 2507 2593 fructus
2546 2551 2719 2592 novos
2760 2550 3111 2607 properasse,
3140 2534 3395 2606 quoniam
3423 2533 3471 2589 in
3503 2524 3721 2586 metisci-‘1'-

2295 2629 2372 2683 tio
2407 2627 2813 2684 manducabant
2846 2643 3022 2683 novas
3054 2627 3239 2695 fabas,
3279 2636 3334 2683 et
3372 2626 3423 2681 in
3446 2623 3584 2680 medio
3602 2630 3721 2689 quatit

2295 2719 2466 2790 Aprili
2512 2736 2714 2775 novum
2760 2719 3137 2787 frumentum,
3181 2718 3439 2776 consiliati
3480 2714 3644 2785 majores
3663 2720 3721 2763 se!

2295 2811 2545 2867 minores
2572 2812 2859 2879 dicebant,
2892 2811 3038 2883 quod
3078 2811 3289 2866 bonum
3320 2818 3451 2866 esset
3478 2798 3720 2871 111mm

2293 2911 2484 2959 tanum
2548 2904 2651 2959 iter
2696 2919 2824 2959 cum
2870 2903 3033 2959 novis
3091 2901 3366 2959 fructibus
3406 2890 3720 2972 incipiat-enin

2293 2996 2654 3052 laudaverunt
2675 3011 2869 3052 omnes
2904 2993 3084 3051 facere
3119 2996 3380 3068 placitum
3407 3008 3512 3051 cum
3542 3004 3638 3061 rege-
3657 2983 3721 3037 πθ

2292 3098 2580 3146 cesserunt
2609 3089 2776 3160 igitur
2815 3105 2846 3145 a
2878 3098 3096 3157 castro,
3128 3100 3185 3146 et
3221 3092 3543 3161 pervenerunt
3573 3077 3721 3149 'l'ripiil

2294 3181 2349 3236 in
2385 3189 2537 3238 sexta
2569 3179 2726 3249 feria,
2760 3181 2825 3236 l5
2846 3182 2935 3238 die
2972 3181 3217 3238 intrante
3255 3181 3409 3246 Maio,
3433 3179 3723 3249 ibiqneptl’lffs

2292 3274 2412 3331 dies
2449 3275 2649 3329 morati
2677 3284 2828 3331 sunt.
2867 3273 2935 3330 Et
2972 3274 3343 3331 concordatus
3371 3272 3461 3329 fuit
3498 3285 3570 3326 rex
3592 3260 3721 3332 ’1³69⁸⁵

2292 3381 2416 3421 cum
2447 3364 2761 3421 Raimundo
2806 3364 2996 3422 Sancti
3028 3364 3265 3438 Egidii,
3286 3375 3341 3423 et
3366 3381 3477 3422 eum
3511 3360 3601 3417 aliis
3625 3354 3722 3411 seritr

2292 3454 2475 3521 ribus,
2514 3455 2731 3526 illisque
2761 3457 3027 3511 continuo
3062 3456 3322 3513 dissolvit
3359 3456 3591 3528 plusquam
3608 3458 3722 3501 tmt-

2294 3555 2382 3601 tos
2411 3547 2751 3619 peregrinos,
2775 3547 2873 3618 qui
2904 3547 3014 3603 illic
3041 3549 3191 3618 capti
3221 3555 3375 3603 erant
3411 3545 3471 3602 de
3496 3538 3618 3615 priori
3638 3532 3718 3590 Μαι

2293 3637 2363 3694 Ει
2398 3639 2545 3694 dedit
2580 3638 2892 3696 Raimundo
2933 3639 3256 3711 quindecim
3292 3638 3448 3695 millia
3485 3628 3723 3706 bysm'ﬂ.“

2293 3728 2610 3800 quindecim
2636 3745 2810 3800 equos
2834 3730 3014 3803 magni
3048 3732 3235 3802 pretii,
3265 3740 3319 3788 et
3339 3730 3454 3787 fecit
3477 3727 3560 3781 illis
3577 3728 3721 3789 ωριη

2293 3832 2599 3879 mercatum
2629 3824 2745 3880 fieri
2782 3824 2849 3880 de
2878 3825 3062 3895 equis,
3088 3833 3146 3881 et
3186 3825 3377 3891 asinis,
3415 3830 3464 3879 et
3495 3831 3612 3892 pane.
3632 3822 3722 3865 ω’

2295 3916 2425 3984 δεῖεν
2456 3924 2512 3971 οι
2555 3916 2774 3987 pannis,
2806 3916 3145 3973 et'omnibus
3195 3917 3378 3973 bonis.
3414 3912 3540 3970 Unde

2294 4102 2344 4157 si
2374 4100 2578 4157 bellum
2607 4101 2899 4158 devincere
2934 4103 3273 4173 potuissent,
3310 4100 3447 4174 quod
3471 4097 3536 4154 eis
3563 4086 3719 4148 Amuli?

2280 4296 2436 4355 rent,
2466 4288 2556 4342 ille
2605 4286 2956 4344 Christianus
3003 4287 3313 4345 efficeretur
3353 4297 3404 4343 et
3449 4293 3601 4340 ten-an
3629 4270 3719 4327 ab“

2295 4380 2585 4450 acciperet.
2617 4378 2848 4452 Talique
2870 4391 3142 4437 conventu
3180 4381 3434 4454 placitum
3475 4376 3645 4430 locum
3668 4360 3719 4413 Ῐ¹¹

2295 4565 2474 4622 cunda
2527 4564 2664 4621 feria
2710 4566 2876 4623 medii
2906 4565 3057 4635 Maii,
3085 4567 3534 4633 transiveruntque
3565 4547 3718 4627 μω

2293 4747 2362 4802 ad
2391 4756 2657 4815 castrum,
2683 4747 2774 4803 cui
2807 4763 3011 4805 nomen
3043 4747 3327 4805 Bcthelon.

2291 4845 2602 4909 quaverunt
2621 4837 2854 4905 civitati,
2890 4853 3015 4909 quae
3039 4838 3245 4896 dicitur
3267 4834 3473 4895 Cibelou
3496 4838 3609 4887 50°15

2286 5115 2622 5171 transierunt
2670 5115 2761 5191 die
2811 5130 2878 5172 ac
2929 5124 3093 5171 nocte
3141 5096 3717 5191 AscensionisDoniIiFf

2283 5216 2527 5262 montem
2558 5186 2877 5278 quemdam,
2903 5207 2959 5262 in
2988 5224 3101 5279 quo
3137 5207 3307 5264 nimis
3333 5214 3412 5262 est
3432 5202 3505 5259 vi:
3525 5186 3714 5283 ιιιςιειξτί

2284 5307 2456 5366 arcta,
2483 5298 2667 5370 ibique
2698 5306 3047 5376 putaverunt
3072 5299 3326 5379 inimicos
3353 5304 3536 5352 nostros
3556 5286 3710 5379 “Tum

2287 5390 2416 5461 Sed,
2447 5392 2561 5450 Deo
2607 5403 2905 5464 annuente,
2959 5376 3145 5453 nullus
3193 5409 3378 5452 eorum
3426 5376 3711 5464 [tr-mf“?

2285 5456 2413 5541 ante
2434 5493 2676 5543 nostros.
2706 5484 2786 5542 Ita
2825 5456 3188 5558 pervenerunt
3208 5483 3278 5542 ad
3301 5481 3645 5558 civitatemqlf
3664 5456 3709 5509 θ’

2282 5579 2429 5636 citur
2460 5577 2692 5647 Baruth,
2721 5588 2777 5636 et
2815 5554 2883 5636 de
2913 5580 3005 5635 illa
3030 5580 3097 5635 ad
3122 5579 3284 5635 aliam
3313 5591 3425 5649 qua:
3443 5569 3593 5628 dicitur
3610 5554 3707 5649 51:?

2284 5678 2361 5737 ta,
2389 5678 2445 5726 et
2471 5670 2540 5727 de
2588 5640 2795 5745 Sagitta
2829 5670 2897 5727 ad
2920 5671 3087 5727 aliam
3115 5686 3238 5742 quae
3289 5640 3486 5724 vocatur
3513 5640 3708 5753 Sardi"?B

2286 5762 2395 5820 Sur
2417 5764 2487 5822 ad
2508 5764 2707 5823 Acram
2737 5765 3013 5824 civitatem
3038 5770 3404 5836 pervenerunt.
3418 5754 3593 5813 DeAcﬂ
3607 5750 3707 5797 ων
