3804 6312
79 340 165 402 813

78 459 226 514 ierunt
261 433 412 510 secus
455 453 691 506 castrum
717 489 732 517 ,
769 451 860 506 cui
906 467 1108 508 nomen
1162 450 1450 525 Cayphas;
1483 451 1609 508 inde
1638 452 1683 511 Δ

76 554 393 620 pervenerunt
416 542 722 599 Caesaream
747 543 1048 611 civitatem,
1085 544 1272 614 ibique
1299 545 1612 600 celebrave-

75 649 179 694 runt
200 637 533 692 Pentecostcn
558 643 671 689 tota
706 635 794 690 die
819 643 1055 690 exeunte
1087 634 1247 691 Maio.
1287 635 1414 691 Inde
1448 652 1612 691 vene-

74 737 180 784 runt
213 727 273 782 ad
316 727 458 780 illam
483 726 691 792 urbem,
741 741 864 795 quae
905 725 1107 781 dicitur
1148 725 1399 792 Ramma,
1444 741 1608 796 quam

74 817 319 876 Sarraceni
372 833 595 872 vacuam
661 816 986 872 dimiserunt
1047 825 1194 872 metu
1248 816 1606 874 Francorum.

71 911 203 966 Juxta
222 926 374 980 quam
403 918 522 964 erat
566 909 767 966 nobilis
815 909 1066 976 ecclesia,
1113 909 1167 964 in
1195 926 1303 981 qua
1343 910 1611 982 requievit

69 1001 481 1074 pretiosissimum
535 1001 708 1056 sancti
748 999 964 1073 Georgii
1002 1016 1224 1072 corpus,
1266 1001 1397 1072 quia
1433 999 1544 1057 iilic
1577 1018 1608 1057 a

69 1094 255 1165 perlidis
285 1093 511 1163 paganis
551 1109 652 1163 pro
676 1092 882 1148 Christi
931 1093 1152 1149 nomine
1199 1093 1430 1150 feliciter
1460 1111 1608 1150 mar-

69 1186 234 1258 tyrium
269 1184 522 1254 suscepit.
553 1184 829 1240 Continuo
856 1186 1131 1242 consiliati
1151 1196 1280 1242 sunt
1306 1187 1482 1243 nostri
1515 1202 1606 1243 se-

67 1280 237 1346 niores,
263 1287 318 1332 ut
349 1278 421 1332 ibi
453 1277 807 1333 devotissime
837 1277 1099 1349 eligerent
1137 1279 1479 1350 episcopum,
1512 1279 1608 1350 qui

66 1372 179 1428 hanc
202 1371 486 1428 custodiret
519 1380 574 1427 et
616 1379 828 1442 regeret
854 1370 1178 1439 ecclesiam;
1209 1371 1297 1427 cui
1341 1388 1474 1428 suas
1512 1372 1608 1428 de-

63 1466 203 1521 cimas
229 1465 503 1532 dederunt,
543 1465 662 1520 auri
699 1463 908 1521 scilicet
933 1473 987 1521 et
1018 1465 1250 1536 argenti,
1300 1473 1356 1520 et
1393 1465 1606 1521 anima-

63 1557 185 1622 lium,
212 1565 260 1612 et
290 1572 578 1626 equorum,
607 1566 668 1611 ut
700 1556 1092 1613 honestissime
1114 1557 1382 1628 potuisset
1421 1559 1606 1615 vivere

63 1650 194 1704 simul
220 1665 336 1705 eum
364 1651 444 1705 eis
475 1650 574 1720 qui
605 1666 732 1705 cum
773 1664 842 1707 eo
896 1651 1271 1706 remanebant.
1322 1649 1606 1708 Remansit

60 1758 240 1813 quoque
286 1744 370 1799 ille
409 1745 484 1799 ibi
523 1761 650 1800 cum
686 1745 906 1817 gaudio.
955 1745 1062 1801 Alii
1100 1754 1284 1802 autem
1334 1747 1600 1817 laetantes,

60 1836 232 1890 scilicet
269 1836 611 1893 Raimundus
642 1835 829 1892 Sancti
867 1836 1094 1908 Egidii,
1122 1847 1178 1894 et
1206 1837 1317 1894 dux
1354 1837 1603 1894 Godefri-
1637 1817 1678 1877 Β

58 1926 155 1992 dus,
182 1943 293 1983 cum
321 1929 443 1984 aliis
464 1929 792 2002 peregrinis,
817 1938 1184 2000 pervenerunt
1216 1946 1394 2001 usque
1430 1930 1498 1985 ad
1529 1931 1605 1986 ci-

59 2021 236 2074 vitatem
262 2019 625 2087 Hierusalem,
655 2021 811 2076 tertia
841 2020 976 2078 feria
1003 2021 1242 2077 intrante
1263 2022 1351 2078 die
1374 2022 1607 2093 septimo

57 2106 198 2179 Junii,
235 2128 458 2184 eamque
507 2113 894 2170 robustissime
942 2129 1110 2186 prope
1144 2131 1334 2172 muros
1369 2116 1606 2172 civitatis

58 2201 354 2258 obsederunt.
384 2202 685 2259 Rotbertus
702 2219 938 2274 namque
959 2199 1371 2261 Northmannus
1393 2205 1609 2262 obsedit

58 2308 152 2348 eam
189 2311 216 2349 a
256 2296 644 2367 septentrione,
673 2295 831 2367 juxta
877 2294 1066 2352 Sancti
1111 2295 1374 2368 Stephani
1414 2305 1605 2368 proto-

59 2385 270 2456 martyris
316 2387 610 2443 ecclesiam
639 2428 654 2454 ,
703 2387 794 2442 ubi
842 2395 1120 2458 gratanter
1155 2387 1359 2458 recepit
1399 2387 1605 2460 lapides

62 2489 131 2544 pro
147 2474 325 2533 Christi
368 2479 619 2547 nomine,
643 2489 698 2537 et
726 2480 883 2552 juxta
920 2496 1046 2536 eum
1108 2479 1398 2539 Rotbertus
1443 2483 1606 2538 Flan-

56 2566 229 2626 drensis
252 2585 448 2628 comes.
477 2572 570 2627 Ab
593 2573 875 2628 occidente
899 2573 1115 2630 obsedit
1138 2588 1260 2630 eam
1281 2572 1393 2629 dux
1423 2573 1602 2631 Code-

58 2656 214 2726 fridus,
265 2670 316 2717 et
359 2661 685 2720 Tancredus
715 2679 840 2719 cum
899 2679 986 2720 eo.
1042 2665 1089 2718 A
1134 2665 1364 2722 meridie
1391 2666 1606 2724 obsedit

57 2763 231 2821 Quoque
254 2769 368 2808 eam
397 2753 749 2812 Raimundus
788 2772 972 2813 eomes
1025 2756 1211 2815 Sancti
1240 2759 1464 2832 IEgidii,
1495 2759 1605 2816 sci-

55 2840 153 2896 licet
173 2844 220 2898 in
257 2856 435 2904 monte
480 2847 645 2918 Sion,
670 2848 827 2919 juxta
857 2851 1145 2907 ecclesiam
1177 2849 1392 2907 Sancta:
1419 2850 1606 2907 Mariae

56 2933 208 2989 matris
231 2934 460 3004 Domini,
498 2939 595 2994 ubi
641 2938 896 3012 migravit
923 2958 954 2997 a
994 2942 1216 3010 sacculo,
1253 2950 1309 2998 et
1356 2941 1450 2998 ubi
1495 2941 1605 2998 Do-

55 3024 200 3081 minus
239 3031 470 3086 ctenavit
517 3046 642 3086 cum
683 3033 800 3090 suis
830 3033 1136 3104 discipulis,
1170 3041 1225 3090 et
1252 3033 1345 3090 ubi
1379 3042 1603 3092 sanctus

56 3113 247 3187 Spiritus
293 3121 341 3177 in
398 3123 574 3180 corda
633 3125 1026 3198 discipulorum
1079 3127 1378 3183 descendit.
1419 3122 1602 3183 Tertia

55 3216 196 3263 autem
221 3211 299 3266 die
319 3212 580 3269 exierunt
601 3215 670 3272 de
712 3217 916 3272 nostris
958 3217 1224 3274 militibus
1252 3219 1319 3274 de
1359 3217 1602 3275 exercitu

55 3303 191 3357 sancti
213 3307 436 3376 sepulcri
467 3323 644 3364 causa
667 3309 964 3380 praedandi,
991 3309 1336 3368 Raimundus
1372 3311 1599 3381 Piletus,

53 3403 94 3446 et
126 3394 438 3456 Rairhundus
467 3400 541 3457 de
565 3398 801 3470 Torena,
825 3411 878 3457 et
912 3402 1004 3458 alii
1033 3419 1158 3459 cum
1203 3403 1330 3459 illis.
1377 3402 1602 3460 Invene-

52 3497 153 3540 runt
181 3488 427 3548 ducentos
467 3492 705 3561 Arabes,
737 3504 792 3550 et
816 3495 1047 3565 praaliati
1083 3505 1210 3552 sunt
1243 3495 1449 3552 Christi
1497 3495 1603 3551 mi-

52 3573 145 3633 lites
168 3595 277 3636 cum
315 3583 420 3641 illis
447 3586 704 3656 paganis,
741 3595 796 3641 et
826 3585 937 3642 Deo
975 3587 1286 3657 adjuvante,
1322 3596 1376 3644 et
1409 3597 1601 3644 sancto

52 3673 277 3742 sepulcro,
313 3679 434 3736 illos
479 3679 824 3746 devicerunt,
851 3687 905 3735 et
929 3679 1135 3736 multos
1167 3695 1234 3736 ex
1271 3681 1353 3738 eis
1386 3680 1601 3736 occide-

53 3775 171 3832 runt,
210 3779 256 3824 et
289 3787 458 3843 equos
495 3771 859 3828 retinuerunt.
905 3770 1158 3828 Secunda
1191 3773 1282 3828 die
1323 3773 1596 3840 veniente,

51 3860 390 3928 aggrediuntur
427 3874 546 3920 tam
593 3863 806 3919 fortiter
835 3864 1134 3930 civitatem,
1159 3863 1305 3935 quod
1350 3863 1396 3920 si
1437 3864 1600 3920 scalzr

52 3941 241 4004 fuissent
267 3961 491 4022 paratae,
536 3953 591 4010 in
635 3968 827 4008 eorum
878 3961 1146 4024 potestate
1188 3961 1335 4008 esset
1379 3952 1594 4008 civitas.

52 4030 215 4094 Tamen
254 4042 520 4100 minorem
569 4051 882 4099 straverunt
918 4059 1161 4111 murum,
1186 4053 1240 4099 et
1283 4059 1446 4099 unam
1472 4059 1596 4100 sca-

53 4124 135 4184 lam
171 4133 231 4188 ad
263 4135 529 4208 majorem
558 4144 872 4202 erexerunt,
929 4151 1093 4207 super
1139 4151 1303 4206 quam
1336 4135 1597 4191 ascende-

51 4233 150 4278 runt
181 4228 340 4282 nostri
373 4229 581 4285 milites
603 4270 620 4296 ,
655 4237 710 4284 et
745 4229 997 4286 cominus
1027 4227 1403 4299 percutiebant
1433 4243 1596 4300 paga-

50 4324 130 4368 nos
149 4314 364 4374 civitatis
405 4318 527 4376 suis
557 4318 782 4376 ensibus
812 4329 974 4390 atque
1007 4317 1232 4373 lanceis.
1259 4315 1492 4388 Fuitque
1522 4316 1595 4372 ibi

51 4415 257 4466 mortuus
292 4411 593 4468 Rainaldus
629 4411 844 4484 dapit‘er
893 4411 1140 4482 Hugonis
1177 4411 1592 4478 Liziniacensis,

48 4504 90 4550 et
106 4500 181 4555 alii
205 4505 372 4571 multi,
399 4505 493 4562 sed
536 4503 721 4576 plures
751 4503 971 4559 fuerunt
1002 4503 1204 4558 mortui
1226 4519 1292 4558 ex
1320 4503 1419 4559 eis.
1453 4501 1595 4558 Fue—

50 4599 243 4662 rumque
266 4595 336 4650 ibi
360 4597 414 4651 in
447 4596 769 4652 obsessione
800 4595 937 4650 nihil
965 4595 1305 4651 invenientes
1334 4595 1402 4651 ad
1424 4595 1594 4651 eden-

51 4676 156 4736 dum
176 4699 262 4755 per
287 4688 472 4744 decem
512 4688 662 4754 dies,
711 4688 884 4743 donec
935 4687 1084 4742 venit
1119 4686 1346 4742 nuntius
1387 4695 1599 4741 nostra-

48 4783 144 4827 rum
163 4779 387 4848 navium,
402 4797 526 4852 quae
547 4781 927 4852 applicuerunt
950 4779 1131 4850 portui
1147 4777 1268 4834 Jali.
1285 4777 1592 4849 Postquam

47 4875 268 4926 venerunt
314 4875 490 4929 nuntii
539 4871 783 4940 navium,
836 4880 1097 4943 ceperunt
1143 4871 1317 4927 nostri
1350 4871 1594 4926 seniores

49 4960 291 5018 consilium
325 4964 464 5020 inter
488 4981 547 5022 sc
582 4965 825 5021 dicentes
854 4963 1002 5034 quod
1033 4963 1234 5018 milites
1275 4972 1332 5018 et
1365 4963 1592 5018 clientes

48 5047 301 5125 misissent,
333 5058 428 5129 qui
475 5058 705 5115 fideliter
748 5056 1091 5114 custodirent
1127 5057 1379 5112 homines
1415 5069 1467 5112 et
1491 5072 1591 5112 na-

49 5151 269 5216 V05,qu:e
287 5161 544 5207 venerant
584 5151 764 5222 portui
807 5148 928 5205 Jali.
972 5147 1209 5204 Summo
1233 5156 1416 5205 autem
1445 5150 1588 5204 dilu-

49 5233 148 5289 culo
171 5241 404 5300 exierunt
437 5246 637 5302 milites
667 5254 890 5302 centum
917 5244 982 5300 de
1015 5245 1259 5300 exercitu
1291 5243 1588 5300 Raimundi

51 5329 227 5386 comitis
271 5333 451 5393 Sancti
478 5336 699 5408 IEgidii,
746 5337 955 5393 scilicet
984 5335 1330 5392 Raimundus
1359 5335 1587 5404 Piletus,

50 5423 93 5470 et
117 5417 464 5483 Gaudemarus
499 5427 862 5500 Carpinellus,
895 5417 950 5484 et
987 5429 1274 5484 Achardus
1304 5429 1372 5483 de
1421 5428 1590 5483 Mom-

52 5512 209 5578 merlo,
236 5525 286 5571 et
303 5517 617 5578 Guillelmus
650 5521 718 5578 de
747 5520 941 5586 Sabra,
968 5529 1024 5575 et
1060 5520 1174 5585 alii,
1211 5535 1452 5590 quorum
1493 5536 1587 5575 no-

55 5600 170 5657 mina
194 5606 390 5678 ignoro.
432 5611 678 5686 Cumque
715 5613 1014 5669 militarent
1059 5611 1126 5666 ad
1173 5621 1413 5682 portum,
1443 5610 1585 5667 divi-

56 5703 210 5776 serunt
226 5715 278 5755 se
303 5704 514 5776 triginta
541 5708 742 5763 milites
768 5724 836 5764 ex
873 5707 1077 5762 nostris
1103 5707 1172 5760 ab
1201 5706 1344 5772 aliis,
1379 5705 1589 5759 scilicet

57 5775 400 5859 Gaudemarus,
431 5806 482 5853 et
512 5797 796 5856 Achardus
821 5840 834 5865 ,
892 5807 946 5854 et
997 5798 1321 5855 invenerunt
1385 5795 1588 5869 septin-

1625 4546 1673 4605 l)

769 325 830 391 P.
872 327 1226 392 τυῡιςωουι
1260 333 1440 392 HlST.
1481 329 1571 390 DE

1773 327 1968 390 OSOL.
2009 327 2168 387 ITIN.
2208 361 2279 370 —
2316 329 2446 386 LIB.
2485 325 2552 388 V.

3199 334 3304 395 8M

1709 457 1900 521 gentos
1919 446 2148 512 Arabes,
2181 455 2237 502 et
2259 445 2492 514 Turcos,
2523 457 2576 509 et
2599 441 2954 516 Sarracenos,
2975 463 3116 519 quos
3145 450 3304 508 iuva-

1715 547 1904 595 serunt
1933 537 2152 594 fortiter
2185 537 2392 594 Christi
2428 539 2648 594 milites.
2691 537 2797 595 Sed
2827 548 2938 595 tam
2969 557 3167 615 magna
3202 543 3308 603 fuit

1713 631 1886 688 virtus
1910 646 2246 704 paganorum
2279 647 2444 702 super
2473 640 2712 700 nostros,
2737 631 2882 702 quod
2920 635 3162 706 undique
3190 637 3303 693 cir-

1711 723 2130 780 cumcinxerunt
2181 722 2343 790 illos,
2397 733 2452 778 et
2502 723 2820 780 occiderunt
2869 725 3184 782 Achardum
3237 725 3306 784 de

1712 805 2052 881 Mommerlo,
2081 822 2135 870 et
2171 815 2357 885 plures
2400 815 2653 871 homines
2688 831 2955 888 pauperes
3007 818 3102 889 qui
3147 825 3306 875 erant

1709 907 1864 978 pede.
1892 907 2029 964 Cum
2056 916 2240 964 autem
2271 914 2520 964 tenerent
2547 917 2767 965 nostros
2812 910 2886 964 ita
2918 911 3185 976 inclusos,
3207 911 3304 982 qui

1709 1017 1901 1057 omnes
1922 1001 2188 1072 putabant
2211 1001 2372 1069 mori,
2415 1002 2563 1058 venit
2589 1003 2811 1074 quidam
2843 1004 2912 1060 ab
2939 1005 3021 1062 eis
3049 1006 3302 1077 nuntius,

1709 1102 1764 1149 et
1785 1094 1923 1150 dixit
1945 1088 2256 1150 Raimundo
2286 1091 2457 1150 Pileto
2489 1110 2503 1148 :
2543 1114 2561 1147 ι
2597 1093 2736 1163 Quid
2761 1097 2850 1153 hic
2873 1107 2988 1154 stas
3013 1114 3138 1154 cum
3179 1101 3304 1157 istis

1710 1182 2013 1240 militibus?
2053 1184 2194 1241 Ecce
2224 1201 2417 1241 omnes
2449 1187 2621 1243 nostri
2667 1187 2720 1242 in
2759 1189 2927 1244 nimia
2963 1190 3306 1249 districtione

1708 1275 1974 1344 Arabum,
2015 1285 2070 1332 et
2118 1272 2446 1343 Turcorum,
2479 1285 2533 1334 et
2585 1277 3014 1336 Sarracenorum
3069 1292 3217 1350 sunt,
3249 1292 3306 1340 et

1708 1366 1940 1424 forsitan
1977 1384 2170 1424 omnes
2198 1367 2252 1423 in
2283 1369 2386 1425 hac
2411 1369 2548 1425 hora
2577 1371 2776 1426 mortui
2805 1382 2953 1428 sunt.
2985 1372 3304 1433 Succurrite

1708 1473 1844 1530 ergo
1895 1457 2020 1513 illis.
2059 1477 2076 1510 ι
2113 1458 2412 1515 Audientes
2455 1469 2638 1515 autem
2689 1462 2860 1516 nostri
2898 1464 3060 1520 verba
3101 1467 3303 1532 nuntii,

1707 1551 1891 1608 statim
1929 1560 2294 1607 cucurrerunt
2324 1551 2487 1608 celeri
2515 1568 2703 1620 cursu,
2743 1561 2798 1608 et
2827 1565 3094 1612 venerunt
3125 1574 3302 1630 usque

1705 1642 1776 1699 ad
1800 1643 1942 1710 illos,
1970 1659 2109 1715 quos
2144 1644 2475 1700 invenerunt
2507 1644 2686 1700 adhuc
2717 1646 3045 1716 prmliantes.
3094 1647 3301 1722 Pagani

1705 1751 1927 1808 quoque
1959 1736 2205 1792 videntes
2233 1733 2753 1809 Hierosolymitanos
2784 1738 3006 1808 milites,
3035 1742 3300 1800 continuo

1706 1829 2011 1885 diviserunt
2045 1844 2124 1896 se,
2163 1839 2216 1885 et
2247 1827 2494 1885 fecerunt
2517 1829 2660 1885 inter
2683 1845 2742 1886 se
2767 1829 2878 1886 duo
2920 1833 3159 1903 agmina.
3191 1832 3303 1888 No-

1709 1921 1832 1988 stri,
1863 1921 2118 1976 invocato
2147 1918 2351 1977 Christi
2378 1920 2597 1977 nomine
2624 1930 2678 1977 et
2708 1921 2882 1976 sancti
2906 1922 3163 1993 sepulcri,
3189 1933 3304 1980 tam

1708 2016 1922 2073 fortiter
1988 2015 2301 2072 incredulos
2353 2015 2674 2071 invaserunt
2724 2016 2872 2088 quod
2923 2018 3306 2090 unusquisque

1708 2109 1900 2164 stravit
1921 2123 2104 2164 suum.
2139 2105 2396 2164 Videntes
2434 2117 2617 2164 autem
2649 2108 2856 2166 inimici
2878 2110 3023 2181 quod
3066 2111 3302 2181 amplius

1708 2215 1819 2256 non
1851 2199 2162 2272 potuissent
2191 2211 2337 2256 stare
2377 2207 2568 2256 contra
2601 2199 3044 2257 Christianorum
3079 2201 3302 2260 fortitu—

1706 2291 1911 2358 dinem,
1948 2290 2143 2346 timore
2187 2289 2358 2345 nimio
2396 2289 2693 2361 perterriti,
2717 2299 3000 2347 verterunt
3049 2292 3303 2363 scapulas

1706 2390 1853 2439 retro
1911 2391 1966 2438 et
2010 2381 2289 2456 fugerunt.
2341 2379 2491 2450 Quos
2545 2382 2719 2438 nostri
2773 2393 3160 2455 persequentes
3189 2383 3304 2442 fere

1704 2489 1802 2546 per
1835 2474 2011 2546 spatia
2043 2482 2282 2546 quatuor
2309 2473 2714 2542 milliariorum,
2753 2474 3073 2531 occiderunt
3098 2475 3303 2533 multos

1705 2583 1774 2624 ex
1821 2567 1922 2635 eis,
1961 2581 2248 2638 unumque
2289 2566 2636 2623 retinuerunt
2675 2567 2883 2636 vivum,
2915 2567 3011 2639 qui
3048 2583 3189 2624 nova
3219 2567 3302 2626 eis

1703 2673 1802 2730 per
1830 2658 2079 2715 ordinem
2121 2659 2347 2726 diceret,
2378 2665 2434 2714 et
2463 2658 2808 2716 retinuerunt
2840 2666 2951 2716 tres
2978 2657 3220 2732 [centum
3246 2671 3304 2718 et

1705 2760 1820 2809 tres
1845 2752 1903 2806 in
1937 2747 2093 2824 edit.]
2123 2765 2317 2823 equos.

1773 2841 1836 2900 In
1870 2841 2364 2918 Hierosolymitaua
2406 2843 2728 2901 obsessione
2765 2853 2974 2900 tantam
3007 2844 3155 2902 sitim
3183 2842 3304 2902 fne-

1702 2944 1833 2992 runt
1858 2935 2104 3007 perpessi
2139 2935 2284 3007 quod
2322 2935 2556 2992 suebant
2595 2935 2741 2992 coria
2769 2937 2960 3009 boum,
2983 2952 3047 2995 ac
3082 2936 3301 2994 bufalc-

1703 3043 1851 3095 rum,
1875 3027 1990 3085 sive
2017 3043 2362 3100 caprearum,
2393 3028 2447 3084 in
2472 3029 2674 3100 quibus
2721 3028 2968 3086 ferebant
3001 3045 3068 3102 aq
3089 3045 3174 3086 tas
3205 3045 3303 3102 per

1706 3121 1883 3192 spatia
1914 3137 2010 3177 sex
2049 3121 2454 3189 milliariorum,
2482 3131 2536 3178 et
2566 3122 2640 3178 ita
2667 3137 2732 3178 e.'
2769 3121 2878 3179 illis
2899 3123 3138 3181 vasculis
3173 3131 3267 3179 ute
3296 3159 3302 3165 -

1705 3211 1908 3268 bantur
1947 3211 2110 3269 fetida
2151 3219 2316 3284 atque
2354 3212 2500 3270 olida
2531 3229 2694 3285 aqua,
2728 3213 2834 3270 nisi
2879 3222 3091 3270 tantum
3121 3229 3188 3272 ex
3221 3213 3304 3272 fe-

1707 3303 1816 3362 tida
1845 3322 2010 3378 aqua,
2043 3315 2100 3363 et
2132 3307 2437 3365 hordeaceo
2467 3323 2609 3380 pane
2653 3308 2710 3364 in
2755 3308 2922 3364 nimia
2955 3308 3301 3365 districtione

1701 3409 1759 3456 et
1789 3397 2084 3456 afﬂictione
2114 3398 2358 3471 quotidie
2379 3409 2555 3456 erant.
2583 3397 2729 3455 Siloe
2755 3415 2994 3471 namque
3024 3398 3170 3468 fons,
3201 3399 3299 3470 qui

1701 3499 1787 3548 est
1815 3491 1884 3548 ad
1929 3492 2171 3548 radicem
2209 3493 2414 3550 montis
2453 3490 2584 3548 Sion
2608 3534 2622 3560 ,
2657 3507 2951 3564 parumper
2991 3492 3301 3549 sustinebat

1702 3601 1825 3640 nos.
1855 3582 1962 3639 Sed
1993 3593 2176 3640 tamen
2219 3599 2347 3640 cara
2400 3584 2737 3640 vendebatur
2776 3570 2918 3655 aqua
2969 3583 3110 3640 inter
3133 3583 3298 3640 Chri-

1701 3676 1912 3732 stianos
1943 3675 2041 3731 Dei
2072 3684 2128 3732 et
2165 3675 2340 3732 sancti
2375 3667 2633 3747 sepulcri,
2662 3675 2735 3731 ita
2764 3675 2910 3747 quod
2939 3691 3086 3732 unus
3132 3675 3300 3732 homo

1701 3783 1810 3824 non
1849 3777 2061 3840 poterat
2085 3769 2436 3841 exstinguere
2465 3767 2614 3824 sitim
2638 3783 2795 3824 suam
2818 3783 2916 3840 per
2936 3783 3108 3824 unum
3135 3785 3300 3825 num-

1701 3875 1873 3914 mum.
1907 3859 2196 3916 Sarraceni
2221 3874 2442 3933 quoque
2485 3859 2554 3917 ad
2598 3868 2827 3916 cunctos
2859 3858 3040 3916 fontes
3081 3869 3137 3917 et
3163 3859 3296 3916 uni-

1701 3970 1888 4010 versos
1929 3962 2124 4026 puteos
2169 3955 2264 4027 qui
2306 3963 2484 4023 erant,
2538 3955 2799 4024 latebant,
2847 3955 3140 4014 insiliando
3194 3973 3297 4015 no-

1699 4053 1844 4101 stros
1874 4045 2144 4113 homines,
2192 4055 2246 4102 et
2275 4062 2370 4104 eos
2401 4063 2542 4119 quos
2585 4047 2828 4105 invenire
2870 4057 3123 4120 poterant
3148 4049 3298 4107 occi-

1697 4136 1918 4205 debant,
1957 4146 2011 4193 et
2041 4139 2299 4194 animalia
2339 4153 2526 4196 secum
2572 4139 2628 4196 in
2671 4140 2787 4197 suis
2831 4141 3103 4211 cavernis,
3128 4150 3295 4214 atque

1697 4226 1997 4297 speluncis,
2029 4227 2145 4283 sive
2197 4229 2528 4295 montaneis,
2559 4229 2920 4288 deducebant.
2969 4230 3091 4288 Alia
3137 4241 3296 4304 parte

1697 4318 2019 4374 occidebant
2061 4335 2177 4387 eos,
2210 4320 2304 4392 qui
2338 4321 2633 4393 pergebant
2655 4322 2708 4377 in
2730 4321 2908 4380 vineis
2926 4323 2995 4380 ad
3017 4339 3290 4382 racemos.

1695 4411 1850 4480 Quod
1862 4428 1984 4468 cum
2001 4413 2268 4470 vidissent
2281 4413 2526 4471 seniores
2542 4415 2736 4483 nostri,
2749 4416 2915 4473 nimis
2933 4417 3056 4473 irati
3070 4415 3296 4474 fuerunt

1698 4513 1753 4558 et
1807 4503 2054 4560 fecerunt
2098 4506 2416 4573 concilium,
2452 4506 2507 4562 in
2539 4522 2650 4578 quo
2679 4507 2922 4580 episcopi
2964 4517 3021 4565 et
3060 4509 3291 4582 presby-

1699 4594 1802 4650 teri
1825 4595 2189 4650 laudaverunt
2213 4605 2272 4651 ut
2303 4595 2564 4654 fecissent
2590 4599 2998 4669 processionem
3029 4601 3177 4657 circa
3210 4599 3293 4656 ei-

1698 4686 1944 4742 vitatem.
1994 4685 2072 4742 lta
2117 4688 2359 4759 episcopi
2402 4697 2458 4746 et
2507 4690 2808 4764 presbyteri
2851 4691 3015 4748 nudis
3037 4692 3288 4764 pedibus,

1697 4795 1762 4835 ae
1784 4779 1958 4835 sacris
1983 4779 2230 4837 vestibus
2270 4781 2469 4850 induti,
2514 4791 2570 4839 et
2590 4798 2782 4840 cruces
2825 4783 2881 4840 in
2927 4783 3184 4842 manibus
3209 4783 3292 4842 fe-

1697 4880 1882 4928 rentes
1912 4881 2183 4928 venerunt
2210 4873 2278 4930 de
2307 4874 2539 4932 ecclesia
2565 4874 2780 4932 Sanctae
2807 4875 3012 4946 Mariae,
3048 4893 3172 4949 qua
3203 4885 3292 4936 est

1697 4965 1751 5020 in
1779 4975 1963 5022 monte
1991 4966 2146 5034 Sion,
2180 4966 2247 5022 ad
2273 4967 2563 5024 ecclesiam
2603 4965 2790 5023 Sancti
2823 4965 3084 5040 Stephani
3107 4978 3291 5041 proto-

1697 5057 1972 5130 martyris,
2002 5058 2298 5130 psallentes
2339 5065 2504 5130 atque
2543 5067 2786 5126 orantes,
2813 5067 2873 5114 ut
2895 5059 3165 5118 Dominus
3189 5059 3286 5119 Je-

1697 5166 1794 5206 sus
1815 5148 2068 5207 Christus
2113 5166 2267 5206 suam
2321 5159 2567 5207 sanctam
2605 5150 2902 5220 civitatem,
2937 5161 2992 5208 et
3034 5163 3287 5212 sanctum

1696 5244 2028 5314 sepulcrum,
2058 5259 2088 5298 a
2113 5259 2451 5315 paganorum
2499 5243 2755 5300 liberaret
2779 5254 2955 5316 gente,
2985 5253 3040 5302 et
3073 5246 3130 5302 in
3164 5263 3287 5302 ma-

1697 5335 1859 5391 nibus
1888 5335 2332 5391 Christianorum
2379 5336 2447 5392 ad
2497 5352 2658 5392 suum
2699 5347 2949 5395 sanctum
2997 5339 3286 5396 servitium

1695 5425 2005 5482 faciendum
2042 5426 2394 5482 tribueretur.
2429 5425 2625 5483 Clerici
2665 5428 2848 5500 itaque
2889 5439 3046 5486 erant
3084 5431 3284 5496 induti,

1693 5518 1896 5574 milites
1942 5526 1996 5572 et
2045 5517 2270 5572 clientes
2326 5517 2626 5589 pergebant
2667 5518 2825 5590 juxta
2893 5519 3016 5577 illos
3061 5520 3280 5575 armati.

1693 5608 1983 5664 Sarraccni
2014 5609 2121 5664 hoc
2152 5609 2398 5666 videntes
2424 5611 2678 5666 similiter
2703 5611 3002 5682 pergebant
3035 5627 3130 5681 per
3161 5627 3284 5666 mu-

1693 5716 1784 5756 ros
1811 5700 2068 5767 civitatis,
2085 5698 2398 5757 Machomet
2423 5702 2486 5757 in
2514 5703 2749 5774 quadarn
2779 5703 2934 5758 hasta
2978 5700 3284 5776 deferentes

1691 5808 1802 5850 uno
1843 5808 2026 5864 panno
2069 5803 2406 5867 coopertum.
2456 5794 2788 5852 Christianis
2839 5793 3282 5867 pervcnientibus
