3850 6310
517 320 648 379 818

1137 314 1230 372 AD
1267 312 1715 374 GODEFRIDUM
1751 310 2042 366 APPEND.
2088 311 2150 362 ιι.
2191 337 2260 350 -
2299 309 2566 366 ιιυκυιι.
2609 309 2698 366 ΒΕ
2735 308 2962 368 BELLO
2998 310 3248 370 saeuo.
3642 293 3749 380 tu

537 437 606 494 ad
629 432 919 491 ecclesiam
953 431 1139 487 Sancti
1170 430 1460 501 Stephani,
1503 429 1686 498 ibique
1717 426 2010 481 stationem
2045 424 2128 480 fa-
2159 427 2206 484 Α
2237 424 2313 479 ait
2347 441 2358 478 :
2405 443 2422 477 ‹
2455 423 2746 480 Sarraecni
2782 426 2888 481 huc
2920 442 3008 482 me
3057 427 3362 496 miserunt,
3401 429 3624 491 volentes
3650 439 3751 496 scire

537 527 832 592 cientibus,
866 526 1010 581 sicut
1045 540 1164 580 mos
1204 523 1258 576 in
1296 520 1742 593 processionibus
1782 519 1984 573 nostris
2021 526 2125 585 est,

536 629 592 677 et
616 619 722 689 ipsi
750 617 1035 673 Sarraceni
1066 617 1298 685 desuper
1334 628 1522 668 muros
1549 621 1788 667 astantes
1819 611 2129 666 clamabant

536 723 592 768 et
622 712 909 767 ululabant
937 725 1060 765 cum
1094 706 1360 772 bnecinis,
1405 713 1460 760 et
1497 719 1661 758 omne
1696 719 1868 774 genus
1895 701 2128 757 derisio—

535 806 648 870 nis,
679 805 1046 874 quodcunque
1077 799 1313 868 reperire
1336 803 1608 866 poterant,
1645 793 1935 847 faciebant.
1969 790 2130 845 Insn-

537 912 636 966 per
667 895 939 950 faciebant
965 892 1031 945 de
1080 891 1226 960 ligno
1266 902 1484 943 crucem
1521 887 1574 941 in
1620 883 2034 939 similitudinem
2065 881 2130 935 il-

538 985 680 1051 lius,
728 985 820 1054 qui
870 982 1144 1036 fundendo
1197 979 1519 1050 sanguinem
1584 992 1748 1032 suum
1815 975 2130 1029 misericors

537 1079 793 1132 Christus
831 1076 1132 1128 lnunanum
1163 1088 1334 1143 genus
1371 1071 1622 1135 redemit,
1651 1083 1904 1138 eamque,
1935 1066 2129 1122 viden-

539 1169 685 1222 tibus
741 1169 996 1221 omnibus
1045 1165 1378 1221 Christianis
1430 1173 1490 1218 ut
1553 1161 1817 1217 inferrent
1866 1161 2130 1227 dolorem,

528 1279 658 1316 eum
693 1260 929 1330 quodam
973 1261 1121 1332 ligno
1165 1259 1550 1324 verberabant,
1598 1267 1652 1312 et
1704 1264 1891 1327 postea
1917 1264 1977 1309 ut
2015 1270 2133 1308 ma-

531 1353 707 1424 jorem
749 1355 1010 1408 inferrent
1055 1354 1321 1416 dolorem,
1373 1351 1439 1405 ad
1497 1365 1715 1404 murum
1745 1348 1981 1404 civitatis
2011 1363 2130 1401 eam

533 1445 879 1517 frangebant,
907 1447 1150 1500 dicentes
1172 1445 1278 1498 alta
1308 1460 1439 1498 voce
1467 1463 1516 1498 ει
1545 1442 1762 1512 Frangi,
1786 1442 1897 1513 ogit
1918 1441 2075 1506 salio,
2108 1459 2125 1491 ι

531 1540 683 1609 quo]
719 1540 863 1608 apud
905 1554 1004 1592 nos
1040 1545 1230 1602 sonat,
1265 1557 1285 1587 ο
1325 1535 1553 1600 Franci,
1593 1543 1677 1590 est
1729 1535 1871 1589 bona
1911 1550 2066 1588 crux.
2107 1552 2125 1585 ι

535 1629 657 1696 Quo
704 1631 854 1693 viso,
893 1628 1192 1682 Christiani
1248 1625 1507 1681 commoti
1554 1624 1743 1679 dolore
1787 1639 2014 1694 magno,
2064 1621 2133 1677 ab

536 1721 881 1774 orationibus
918 1736 1028 1774 non
1074 1720 1435 1785 desistentes,
1479 1734 1602 1772 cum
1640 1716 1989 1787 processione
2031 1732 2131 1770 sua

2230 517 2540 587 cujusmodi
2563 527 2746 574 essent
2768 531 2946 574 vestra
2973 519 3210 591 ingenia.
3247 540 3266 572 ι
3306 519 3411 586 Qui
3434 525 3753 592 respondentes

2230 607 2552 677 Christiani,
2592 611 2846 691 dixerunt
2886 612 3089 666 bonum
3129 628 3273 679 esse,
3319 621 3480 684 atque
3507 630 3618 670 eum
3641 634 3753 676 arce.

2230 712 2382 771 ptum
2415 703 2602 772 ligatis
2641 705 2897 759 manibus
2923 713 2977 759 et
3017 705 3249 774 pedibus
3282 717 3575 776 posuerunt
3603 710 3647 766 in
3669 712 3754 770 fun.

2230 793 2356 848 dam
2383 795 2672 862 cuiusdam
2712 795 2938 867 ingenii,
2964 797 3113 867 quod
3146 796 3344 852 Perrea
3379 809 3615 868 vocatur,
3639 812 3756 876 atque

2231 902 2357 941 eum
2381 887 2638 943 omnibus
2661 888 2776 943 suis
2799 889 3104 960 cogitantes
3122 905 3246 945 eum
3271 889 3535 960 projicere
3553 892 3600 947 in
3622 895 3756 952 citita-

2230 985 2360 1043 tem,
2384 978 2768 1049 nequiverunt.
2791 977 2927 1032 Nam
2952 994 3076 1034 cum
3102 989 3252 1035 tanto
3274 980 3478 1051 impetu
3498 984 3759 1056 venit,quod

2233 1067 2410 1137 ruptis
2432 1069 2668 1124 vinculis
2704 1081 3000 1140 antequam
3035 1072 3371 1140 pervenisset
3405 1073 3471 1128 ad
3498 1091 3687 1131 murum
3704 1081 3758 1132 ci-

2233 1161 2438 1229 vitatis,
2467 1162 2797 1218 dilaceratus
2820 1172 2924 1217 est.
2953 1161 3210 1219 Videntes
3233 1173 3416 1218 autem
3443 1168 3604 1221 nostri
3630 1170 3762 1224 senio-

2234 1269 2342 1320 res,
2367 1269 2432 1308 ex
2457 1270 2564 1324 qua
2587 1267 2740 1323 parte
2761 1255 2957 1310 civitas
2981 1265 3126 1312 esset
3149 1257 3428 1328 languida,
3464 1259 3568 1314 illic
3603 1263 3647 1314 in
3669 1279 3759 1332 qm;-

2233 1345 2358 1401 dam
2387 1355 2543 1402 nocte
2566 1344 2789 1401 Sabbati
2823 1347 3250 1417 deportaverunt
3283 1358 3498 1403 nostras
3524 1353 3762 1419 machinas,

2234 1447 2289 1493 et
2333 1438 2511 1509 lignea
2555 1448 2758 1494 castra.
2805 1439 3034 1494 Summo
3059 1451 3241 1496 autem
3266 1442 3509 1497 diluculo
3535 1458 3763 1500 erexerunt

2235 1528 2346 1596 illa,
2372 1538 2425 1584 et
2450 1537 2794 1601 aptaverunt,
2821 1541 2874 1585 et
2904 1540 3239 1587 ornaverunt
3269 1542 3472 1600 castra,
3498 1533 3547 1587 in
3573 1535 3712 1603 prima
3730 1547 3766 1590 et

2235 1623 2474 1678 secunda
2515 1632 2570 1678 et
2601 1625 2757 1679 tertia
2809 1623 2966 1692 feria,
3014 1635 3173 1680 nocte
3203 1634 3258 1680 et
3281 1627 3389 1680 die.
3441 1625 3507 1680 Et
3548 1627 3596 1680 in
3623 1641 3767 1698 quarta

2237 1714 2372 1771 feria
2402 1732 2578 1786 usque
2606 1717 2671 1771 ad
2704 1716 2960 1788 primam,
2989 1726 3042 1772 et
3074 1718 3126 1772 in
3159 1719 3353 1789 quinta
3385 1719 3680 1775 mirabiliter
3701 1739 3768 1792 ag-

537 1813 904 1867 ascenderunt
949 1813 1015 1866 ad
1061 1813 1348 1867 ecclesiam
1401 1809 1602 1866 montis
1647 1807 1862 1874 Oliveti,
1909 1825 1974 1863 ex
2019 1825 2129 1879 quo
2163 1807 2206 1868 Β
2234 1809 2556 1887 grediuntur
2587 1808 2865 1864 civitatem
2909 1825 2975 1864 ex
3020 1810 3169 1864 omni
3197 1819 3352 1882 parte
3378 1826 3552 1881 usque
3577 1812 3626 1866 in
3653 1829 3769 1868 mon-

535 1903 658 1960 ioco
686 1904 939 1960 Christus
984 1905 1038 1958 in
1076 1905 1274 1960 cmlum
1303 1903 1566 1967 ascendit,
1608 1911 1662 1956 et
1701 1902 1773 1955 ibi
1821 1917 2130 1956 sermonem

539 2013 699 2050 suum
743 1995 869 2052 fecit
895 1997 1116 2068 quidam
1161 1995 1584 2050 honestissimus
1624 1995 1878 2062 clericus,
1927 1994 2132 2049 scilicet

535 2087 837 2151 Arnulfus,
881 2088 1221 2142 ostendendo
1269 2086 1726 2152 miscricordiam,
1774 2102 1938 2156 quam
1989 2085 2133 2142 Deus

535 2178 864 2235 Christianis
917 2179 1140 2245 fecerat,
1183 2180 1276 2250 qui
1329 2179 1501 2235 secuti
1551 2188 1682 2234 sunt
1718 2179 1870 2233 illum
1913 2195 1976 2233 ex
2022 2195 2132 2250 quo

537 2273 785 2326 ascendit
830 2274 880 2325 in
927 2274 1146 2328 cadum.
1188 2272 1342 2328 Tunc
1399 2273 1500 2343 ipsi
1553 2272 1840 2328 Sarraceni
1887 2274 2133 2330 videntes

532 2362 880 2420 Christianos
906 2365 977 2419 ibi
1016 2373 1258 2420 astantes
1295 2365 1482 2436 (quam
1513 2366 1714 2436 optime
1753 2382 1847 2420 eos
1883 2375 2134 2436 poterat‘tt

534 2455 768 2526 videre),
802 2465 1010 2511 stantes
1054 2458 1194 2512 inter
1228 2459 1486 2528 templum
1533 2457 1748 2512 Domini
1782 2467 1836 2512 et
1870 2459 2130 2528 templum

535 2547 874 2614 Salomonis,
899 2565 1022 2603 cum
1069 2551 1265 2621 gladiis
1293 2560 1345 2606 et
1372 2550 1607 2606 fustibus
1643 2551 1751 2606 huc
1773 2559 1828 2606 et
1851 2551 1977 2606 illuc
2007 2567 2132 2605 cur-

534 2648 742 2706 rentes,
771 2639 1104 2696 Christianis
1144 2641 1513 2697 minabantur.
1564 2642 1692 2698 Inde
1742 2643 1938 2699 iterum
1969 2644 2118 2698 Chri-

534 2733 702 2788 stiani
729 2750 854 2788 cum
901 2735 1090 2788 cadent
1140 2736 1493 2805 processione
1533 2745 1794 2791 venerunt
1828 2738 1894 2791 ad
1943 2753 2132 2790 inena-

533 2826 762 2883 sterium
816 2827 1030 2882 Sanctae
1079 2827 1263 2882 Maria:
1307 2829 1362 2882 in
1409 2829 1546 2884 valle
1595 2827 1882 2900 Josaphat,
1929 2845 1992 2884 ex
2022 2846 2132 2898 quo

535 2919 872 2973 monasterio
919 2921 1331 2976 sanctissimum
1387 2938 1588 2991 corpus
1618 2922 1738 2992 ejus
1783 2931 1996 2992 raptum
2033 2921 2134 2976 fuit

533 3009 594 3063 in
617 3010 836 3065 (uelum.
871 3011 1050 3081 Atque
1090 3012 1286 3067 iterum
1325 3013 1448 3068 inde
1482 3014 1685 3070 reversi
1716 3024 1843 3068 sunt
1878 3015 1943 3068 ad
1977 3032 2132 3068 mon-

533 3110 646 3156 tem
677 3103 828 3156 Sion.
866 3101 987 3168 Quo
1017 3103 1136 3158 loco
1171 3104 1453 3174 cupientes
1484 3104 1688 3158 intrare
1719 3105 1772 3158 in
1820 3105 2130 3172 ecclesiam,

536 3194 760 3263 quidam
789 3194 1042 3260 clericus,
1091 3196 1185 3266 qui
1222 3197 1372 3266 prior
1411 3197 1463 3250 in
1495 3197 1843 3266 processione
1880 3197 2130 3251 veniebat

536 3284 605 3339 ad
636 3286 838 3340 ostium
885 3287 1056 3356 ipsius
1104 3289 1447 3355 monasterii,
1485 3305 1609 3343 cum
1657 3289 1893 3359 quadam
1935 3289 2128 3358 sagitta

534 3378 590 3432 in
642 3379 820 3433 media
869 3380 1046 3435 fronte
1101 3382 1418 3436 vulneratus
1463 3391 1566 3448 est,
1614 3381 1797 3451 ibique
1839 3381 2129 3438 defunctus

528 3479 637 3525 est.
682 3471 854 3541 Cujus
900 3474 1108 3538 anima,
1151 3485 1209 3529 ut
1254 3474 1440 3542 credo,
1472 3475 1716 3545 regnabit
1745 3491 1868 3529 cum
1909 3473 2129 3531 Christo

535 3581 632 3636 per
657 3565 867 3622 intinita
897 3569 1095 3623 saecula
1121 3570 1470 3632 seculorum,
1499 3584 1678 3622 amen.
1708 3566 2024 3622 Credendus
2047 3577 2130 3623 est

533 3658 628 3727 qui
685 3659 896 3729 primus
949 3661 1188 3732 scripsit,
1241 3662 1369 3732 quia
1425 3662 1480 3716 iu
1521 3661 1872 3732 processione
1921 3663 2129 3732 primus

534 3750 658 3816 fuit,
694 3761 748 3807 et
790 3755 963 3809 oculis
999 3757 1313 3813 carnalibus
1356 3756 1509 3822 vidit,
1565 3756 1771 3812 scilicet
1812 3754 2006 3812 Petrus
2041 3774 2130 3812 sa-

531 3845 728 3900 cerdos
761 3845 1093 3905 Tndebodns
1121 3848 1485 3904 Sivracensis.

608 3935 806 3992 Statim
853 3942 1101 3997 seniores
1147 3943 1319 3996 nostri
1365 3943 1799 4009 ordinaverunt,
1852 3942 2128 4014 quomodo

532 4028 678 4085 hanc
719 4031 995 4088 civitatem
1039 4034 1317 4106 ingeniare
1357 4036 1685 4106 potuissent,
1720 4045 1773 4090 et
1813 4036 2020 4091 orando
2060 4036 2127 4091 ad

533 4123 709 4178 nostri
753 4123 1056 4182 Salvatoris
1081 4127 1350 4182 intrarent
1393 4127 2129 4200 sepulcrum.Fewruntque

532 4221 642 4276 duo
687 4222 863 4293 lignea
905 4232 1108 4290 castra,
1160 4232 1214 4279 et
1251 4223 1390 4279 alias
1432 4224 1622 4294 plures
1658 4221 1962 4277 machinas.
2010 4221 2129 4278 Dux

531 4312 861 4372 Godefridus
907 4333 1069 4372 suum
1115 4315 1242 4372 fecit
1287 4325 1530 4373 castrum
1571 4331 1696 4370 cum
1741 4315 2030 4382 machinis,
2075 4327 2130 4372 et

532 4405 878 4464 Raimundus
901 4425 1087 4465 comes
1123 4409 1310 4464 Sancti
1345 4408 1548 4480 [Egidii
1582 4406 1854 4462 similiter.
1903 4407 1976 4462 De
2010 4409 2126 4464 lon-

2237 1910 2364 1956 tem.
2406 1900 2568 1956 Sexta
2593 1917 2724 1956 vero
2750 1901 2885 1956 feria
2915 1918 3134 1957 summo
3164 1920 3324 1958 mane
3354 1905 3590 1975 undique
3629 1921 3773 1976 aggw-

2235 1993 2464 2048 diuntur
2507 1993 2818 2061 civitatem,
2864 1994 3111 2066 nihilque
3156 1996 3206 2050 ei
3252 2011 3453 2051 nocere
3500 2005 3772 2067 potuerunt,

2235 2095 2500 2156 erantque
2529 2101 2719 2142 omnes
2747 2086 3058 2158 stupefacti,
3088 2103 3153 2143 ac
3200 2088 3256 2142 in
3303 2087 3480 2142 nimio
3503 2104 3682 2158 pavore
3707 2107 3776 2159 po-

2237 2179 2347 2234 siti.

2521 2270 2683 2325 Sexlu
2720 2271 2856 2341 feria
2884 2279 3040 2343 capta
3069 2281 3149 2326 es!
3187 2271 3545 2328 Hierusalem.

2309 2364 2787 2436 Appropinquante
2833 2377 3012 2419 autem
3061 2366 3218 2433 hora,
3259 2367 3471 2421 scilicet
3500 2367 3551 2420 in
3580 2382 3673 2438 qua
3697 2362 3778 2417 llu-

2234 2461 2418 2514 minns
2449 2469 2633 2513 noster
2661 2458 2820 2513 Jesus
2848 2460 3102 2515 Christus
3125 2460 3382 2531 dignatus
3411 2470 3495 2516 est
3519 2459 3781 2530 passionem

2235 2551 2461 2605 suil‘erte
2496 2567 2595 2620 pro
2636 2552 2812 2618 nobis,
2845 2553 3019 2606 nostri
3050 2553 3250 2608 milites
3282 2553 3493 2609 fortiter
3519 2553 3782 2624 pugnabant

2234 2644 2288 2698 in
2321 2644 2565 2710 castello,
2597 2645 2849 2700 videlicet
2877 2646 2984 2700 dux
3016 2646 3369 2714 Godefridus,
3400 2660 3454 2702 et
3496 2662 3668 2703 comes
3698 2645 3784 2698 Eu-

2234 2737 2478 2791 stachius
2509 2736 2676 2791 frater
2702 2738 2842 2806 ejus.
2896 2737 3052 2793 Tunc
3098 2741 3345 2796 ascendit
3377 2741 3595 2811 quidam
3642 2743 3786 2802 miles,

2233 2830 2326 2900 qui
2357 2832 2656 2885 vocabatur
2682 2833 2902 2887 nomine
2929 2832 3146 2900 Lethot,
3180 2852 3247 2889 ex
3280 2836 3492 2891 nostris
3522 2851 3672 2905 super
3693 2851 3786 2887 mu-

2233 2941 2356 2978 rum
2403 2924 2656 2980 civitatis.
2724 2925 2998 2981 Continuo
3050 2936 3343 2998 postquam
3407 2927 3562 2982 miles
3618 2927 3789 2981 Christi

2234 3015 2480 3071 ascendit
2527 3033 2691 3086 super
2722 3033 2940 3072 murum
2989 3018 3244 3086 civitatis,
3279 3021 3454 3076 secuti
3483 3031 3607 3074 sunt
3639 3033 3790 3074 comes

2236 3106 2567 3162 Eustachius
2591 3118 2644 3163 et
2669 3109 2776 3163 dux
2807 3108 3156 3165 Codefridus.
3196 3109 3401 3167 Omnes
3432 3112 3612 3181 itaque
3639 3107 3793 3164 defenv

2233 3215 2386 3254 seres
2407 3199 2644 3254 civitatis
2674 3201 2939 3256 dederunt
2969 3200 3151 3272 fugam
3181 3220 3276 3273 per
3303 3219 3516 3270 muros,
3548 3211 3600 3258 et
3628 3218 3710 3273 per
3734 3200 3794 3253 ci-

2232 3292 2478 3359 vitatem,
2505 3293 2788 3362 nostrique
2833 3294 2960 3349 illos
3003 3306 3160 3350 erant
3207 3305 3632 3367 persequentes,
3680 3293 3799 3349 occi-

2231 3384 2408 3439 dendo
2438 3394 2493 3439 ct
2520 3386 2913 3442 detruncando.
2949 3387 3016 3442 At
3049 3388 3392 3445 Raimundus
3419 3405 3605 3445 eomes
3643 3384 3795 3442 Sancti

2233 3473 2434 3547 IEgidii
2485 3493 2514 3530 a
2562 3476 2790 3531 meridie
2841 3494 3001 3531 suum
3050 3478 3315 3533 conduxit
3363 3489 3610 3534 castrum
3659 3492 3802 3546 usque

2232 3584 2398 3640 prope
2434 3585 2677 3637 murum,
2721 3571 2815 3624 sed
2864 3571 3006 3624 inter
3049 3581 3292 3626 castrum
3345 3581 3401 3626 et
3449 3587 3668 3627 murum
3709 3578 3799 3622 erat

2231 3661 2482 3730 qumdam
2512 3659 2688 3726 fovea,
2719 3676 2841 3730 qure
2872 3661 3036 3714 nimis
3067 3669 3184 3715 erat
3217 3661 3512 3731 profunda.
3565 3661 3804 3716 Consilia-

2233 3761 2321 3807 tus
2349 3763 2431 3808 est
2459 3769 2587 3822 ergo
2619 3753 2963 3808 Ilaimundus
2994 3753 3047 3807 in
3095 3753 3185 3808 illa
3235 3755 3393 3820 hora,
3425 3755 3577 3824 quod
3614 3753 3806 3821 implere

2232 3843 2448 3899 fecisset
2480 3845 2626 3899 illam
2658 3845 2895 3910 foveam,
2944 3845 3179 3916 fecitque
3212 3848 3548 3917 prmeonari,
3576 3861 3631 3901 ut
3663 3848 3702 3900 si
3732 3845 3808 3898 ali-

2231 3935 2354 4006 quis
2383 3935 2435 3988 in
2468 3935 2614 3990 illaut
2650 3936 2863 3990 foveam
2897 3945 3170 4008 portasset
3207 3945 3317 3993 tres
3347 3947 3558 4008 petras,
3587 3937 3722 4008 quod
3750 3934 3807 3986 ilii

2230 4028 2384 4084 daret
2413 4045 2508 4098 per
2539 4039 2648 4083 tres
2680 4039 2863 4099 petras
2897 4046 3062 4083 unum
3093 4030 3403 4097 denarium,
3435 4040 3490 4085 et
3523 4031 3698 4101 potuit
3721 4032 3811 4083 hac

2231 4120 2386 4176 fovea
2433 4122 2644 4192 impleri
2696 4139 2793 4192 per
2826 4132 2938 4177 tres
2963 4123 3080 4178 dies
3114 4132 3169 4178 et
3197 4122 3336 4178 duas
3380 4134 3601 4180 noctes.
3635 4122 3708 4177 llli
3734 4139 3810 4175 au-

2234 4222 2361 4278 tem,
2393 4215 2489 4284 qui
2515 4224 2672 4270 erant
2704 4217 2757 4268 in
2789 4217 3064 4271 civitatem
3098 4217 3150 4271 in
3183 4226 3354 4282 turre,
3391 4218 3618 4274 fortiter
3637 4219 3815 4290 pta-lia.

2231 4305 2430 4361 bantur
2450 4323 2574 4362 cum
2608 4308 2812 4363 nostris
2842 4326 2966 4364 cum
3003 4310 3124 4380 igne
3153 4319 3207 4364 et
3236 4311 3543 4381 lapidibus,
3570 4313 3810 4366 intaxtam

2231 4396 2376 4465 quod
2406 4397 2654 4453 altiorem
2682 4408 2893 4467 partem.
2922 4400 3086 4455 castri
3123 4399 3430 4466 .Raimundi
3461 4401 3656 4458 Sancti
3685 4400 3813 4468 ,Ἐςί-

530 4499 750 4570 ginquis
775 4502 935 4558 terris
959 4503 1305 4558 attrahebaut
1339 4502 1506 4571 ligna,
1531 4516 1653 4570 qua:
1690 4500 1834 4570 ligna
1874 4511 2129 4572 apporta-
2158 4521 2207 4584 ο
2231 4489 2302 4543 dii
2334 4489 2632 4584 ίνέἕοῖὐηῑν
2665 4501 2719 4547 οι
2748 4493 2940 4547 ardere
2972 4492 3262 4549 τειείθὶκηιιο
3320 4494 3417 4550 δῖε
3473 4498 3665 4568 ἱιίιίιυε
3710 4495 3811 4547 Ri'i'

530 4590 661 4646 bant
702 4593 856 4648 collis
901 4593 1018 4649 suis
1060 4591 1460 4663 quinquaginta
1509 4590 1798 4646 Sarraceni
1841 4592 1923 4648 vel
1967 4609 2124 4648 sexa-

528 4682 700 4754 ginta,
725 4679 895 4760 quiin
934 4681 1202 4756 potestate
1231 4681 1674 4738 Christianorum
1709 4691 1886 4750 erant,
1908 4692 1960 4738 et
1981 4682 2123 4739 sicut

528 4774 829 4832 Christiani
869 4777 1202 4833 Sarracenos
1477 4773 1901 4830 confundebant.
1929 4777 2121 4832 Sarra-

527 4868 648 4924 ceni
687 4868 851 4940 igitur
875 4870 1124 4925 videntes
1149 4877 1368 4923 nostros
1396 4865 1658 4922 facientes
1693 4868 1792 4923 has
1814 4869 2117 4936 machinas,

528 4960 853 5017 mirabiliter
876 4961 1198 5017 muniebant
1214 4959 1511 5024 civitatem,
1543 4969 1596 5015 et
1627 4968 1805 5014 turres
1827 4960 1913 5015 die
1935 4977 1999 5016 ac
2022 4979 2120 5016 no-

527 5061 614 5108 cte
635 5055 972 5129 crescebant.
1007 5053 1256 5120 Quadam
1288 5052 1374 5107 die
1399 5052 1668 5108 miserunt
1697 5053 1800 5123 ipsi
1834 5052 2122 5109 Sarraceni

526 5145 820 5216 quemdam
866 5143 1253 5209 Sarracenum,
1286 5143 1354 5199 ad
1385 5143 1678 5198 videndum
1707 5145 2015 5216 cujusmodi
2039 5146 2120 5200 in-

527 5238 686 5309 genia
711 5235 1010 5291 Christiani
1037 5235 1324 5291 faciebant.
1361 5235 1582 5292 Suriani
1615 5251 1744 5292 vero
1767 5245 1822 5292 et
1843 5237 2016 5292 (irasci
2039 5238 2123 5292 vi—

525 5328 716 5383 dentes
749 5328 903 5382 illum
941 5327 1330 5395 Sarracenum,
1372 5328 1751 5384 indicaverunt
1793 5345 1919 5384 eum
1962 5328 2122 5384 Chri-

525 5419 742 5485 stianis,
785 5420 1030 5474 dicentes
1072 5438 1084 5474 :
1133 5439 1150 5470 ο
1181 5419 1319 5476 Male
1355 5419 1578 5476 Christo
1611 5436 1744 5476 caeo
1781 5418 2058 5476 Sarrazin.
2093 5441 2112 5474 ι

520 5510 682 5578 Quod
706 5520 866 5567 sonat
896 5512 951 5565 in
974 5520 1160 5568 nostra
1191 5513 1398 5586 lingua,
1453 5533 1469 5566 ι
1498 5530 1594 5585 per
1616 5513 1897 5568 Christum
1926 5513 2016 5570 hic
2035 5523 2120 5570 est

523 5602 755 5674 ignavus
801 5601 1158 5660 Sarraceuus.
1204 5625 1222 5658 ι
1273 5606 1447 5674 Quem
1487 5605 1786 5661 Christiani
1813 5607 2118 5677 apprehen-

521 5693 736 5762 dentes,
778 5695 1252 5766 interrogaverunt
1285 5713 1380 5771 per
1416 5698 1874 5769 drogamundum,
1912 5699 2118 5755 scilicet

521 5799 618 5854 per
649 5786 1027 5856 interpretem,
1054 5786 1118 5840 ad
1141 5787 1270 5856 quid
1315 5796 1555 5843 venerat.
1590 5786 1710 5854 Qui
1757 5789 2118 5859 respondens,

2234 4582 2439 4636 mundo
2481 4582 2624 4637 irato
2671 4592 2835 4654 atque
2883 4586 3231 4653 conturbato,
3284 4588 3682 4659 militibusque.
3727 4588 3817 4642 suis

2231 4684 2453 4745 propter
2496 4683 2736 4730 castrum
2771 4694 2967 4746 suum,
3015 4679 3174 4749 cujus
3224 4681 3584 4750 superiorem
3637 4691 3814 4752 partem

2224 4763 2337 4834 jam
2372 4765 2644 4837 fregerant
2675 4769 2890 4839 pagani,
2924 4777 3089 4839 atque
3138 4771 3328 4825 ardere
3374 4771 3684 4836 faciebant,
3711 4773 3818 4825 vidit

2230 4857 2415 4912 subito
2443 4859 2557 4928 ipse
2588 4858 2930 4915 Raimundus
2959 4861 3145 4918 Sancti
3194 4862 3402 4936 Egidii
3453 4876 3577 4922 tres
3622 4865 3817 4923 milites,

2227 4952 2321 5020 qui
2351 4951 2416 5005 de
2443 4952 2686 5008 exercitu
2731 4953 3199 5010 ducisGodefridi
3228 4969 3414 5024 erant,
3463 4975 3574 5031 per
3605 4965 3818 5015 montem

2224 5039 2415 5097 Oliveti
2444 5045 2745 5111 venientes,
2771 5053 2825 5099 et
2854 5046 3154 5102 clamantes
3184 5048 3331 5117 quod
3359 5049 3482 5104 dux
3511 5050 3819 5106 Godefridus

2225 5141 2390 5204 atque
2419 5135 2506 5190 sui
2537 5136 2793 5192 homines
2815 5137 2930 5207 jam
2961 5147 3118 5194 erant
3158 5139 3210 5194 in
3244 5141 3567 5200 civitatem.
3607 5144 3819 5200 Audiens

2223 5226 2408 5297 itaque
2453 5227 2799 5284 Raimundus
2831 5228 3018 5285 Sancti
3051 5229 3251 5302 Egidii
3296 5237 3455 5304 quod
3489 5236 3818 5306 Francigena:

2217 5320 2334 5391 jam
2360 5322 3056 5391 essentineivitatem,suis
3079 5324 3214 5379 dixit
3233 5325 3577 5385 hominibus
3612 5350 3627 5384 :
3656 5349 3673 5382 ι
3704 5327 3818 5395 Quid

2227 5417 2493 5471 tardatis?
2540 5417 2678 5473 Ecce
2718 5435 2910 5473 omnes
2941 5419 3295 5492 Franeigenze
3317 5423 3441 5492 jam
3475 5438 3614 5482 sunt
3641 5429 3690 5481 in
3716 5442 3817 5480 sar.-

2225 5521 2309 5564 cta
2341 5509 2562 5565 civitate
2612 5510 2973 5568 Hierusalem.
3007 5533 3025 5564 ›
3085 5511 3181 5570 llis
3230 5517 3472 5584 auditis,
3517 5529 3816 5591 acceperunt

2225 5601 2423 5666 scalas,
2452 5610 2505 5655 et
2532 5612 2823 5657 erexerunt
2853 5602 2919 5657 ad
2953 5619 3193 5670 murum,
3226 5615 3281 5660 et
3313 5608 3398 5662 sic
3431 5613 3731 5682 pugnando
3752 5610 3816 5661 in-

2223 5701 2504 5748 traverunt
2532 5694 2829 5752 civitatem.
2858 5695 3213 5752 Ammiralius
3241 5715 3506 5772 quoque,
3531 5705 3627 5776 qui
3652 5710 3754 5760 erat
3773 5702 3813 5756 i1

2223 5787 2360 5841 turri
2406 5786 2598 5855 David,
2646 5788 2879 5845 reddidit
2924 5805 2981 5845 se
3011 5789 3328 5849 Raimuttdo
3381 5794 3591 5854 Sancti
3617 5798 3816 5874 :Egidii.
