3850 6310
118 378 205 445 8η
820 370 878 428 Ρ.
920 367 1267 429 TUDEBODI
1304 371 1481 427 lllST.
1519 368 1606 424 DE
1645 366 2009 428 HIEROSOL.
2053 371 2209 428 lTlN.
2254 404 2323 413 —
2362 371 2491 430 LIB.
2534 372 2602 432 ν.

3242 382 3366 440 818ν

119 501 250 569 eique
270 490 468 565 aperuit
508 499 733 562 portam
754 531 766 554 ,
802 503 894 560 per
942 504 1107 559 quam
1158 489 1427 562 peregrini
1457 486 1653 543 dissol-
1681 488 1727 544 A
1760 484 2043 569 Postquam
2078 499 2235 559 capta
2271 499 2348 544 est
2381 489 2752 569 Hierusalem,
2781 502 3143 569 pugnaverunt
3192 495 3352 569 Cim-

113 604 220 644 vere
258 584 491 641 solebant
525 581 751 647 tributa,
783 581 873 635 tali
902 587 1061 651 pacto
1105 581 1248 650 quod
1275 596 1399 635 eum
1430 587 1484 634 et
1511 579 1649 633 alios

112 678 322 751 quicum
347 688 412 728 eo
435 680 603 728 erant
632 670 685 726 in
716 680 855 726 turre
900 686 1073 741 usque
1121 669 1429 725 Sealoniam
1456 668 1649 724 civita-

108 780 197 826 tem
223 782 375 824 sanes
417 773 472 820 et
499 765 704 820 illaesos
736 764 1033 820 conducere
1058 762 1294 820 fecisset.
1337 762 1493 831 Quod
1525 760 1653 817 fecit

110 858 267 915 libenti
293 857 509 917 auimo._
550 854 890 910 Intraverunt
934 864 1114 910 autem
1162 855 1338 911 nostri
1376 852 1649 927 peregrini

102 951 341 1009 civitatem
368 956 619 1003 sanctam
670 946 1023 1013 Hierusalem,
1057 956 1449 1020 persequentes
1476 956 1531 1004 et
1557 963 1650 1003 oc-

104 1041 309 1097 cidentes
338 1038 672 1093 Sarracenos
718 1054 888 1109 usque
931 1038 997 1093 ad
1027 1039 1286 1109 templum
1316 1037 1650 1106 Salomonis,

99 1140 143 1188 et
166 1130 404 1201 templum
436 1126 675 1184 Domini.
706 1128 890 1199 Ibique
915 1130 1223 1201 congregati
1252 1131 1449 1201 pagani
1482 1129 1648 1187 dede-

97 1234 204 1279 runt
225 1222 417 1277 nostris
447 1222 745 1279 maximum
776 1223 975 1278 bellum
1024 1239 1198 1294 usque
1242 1223 1310 1279 ad
1340 1238 1646 1293 vesperam.

94 1316 351 1387 Nostrique
362 1324 546 1371 tantos
577 1316 795 1371 illorum
822 1315 1229 1382 interfecerunt,
1253 1315 1399 1387 quod
1424 1315 1649 1387 sanguis

93 1426 173 1481 per
193 1419 351 1464 totum
373 1408 632 1480 templum
658 1407 968 1464 Salomonis
989 1407 1206 1476 ﬂuebat,
1222 1418 1275 1465 et
1304 1424 1400 1478 per
1416 1410 1649 1481 plateam

88 1520 191 1576 quae
214 1514 291 1561 est
317 1504 465 1559 circa
496 1504 760 1574 templum
810 1502 1048 1559 Domini.
1098 1501 1341 1557 Tandem
1377 1505 1648 1575 superatis

88 1597 304 1668 paganis,
329 1596 809 1667 appz'ehenderunt
834 1595 1005 1651 nostri
1029 1596 1306 1652 masculos
1335 1606 1386 1651 et
1417 1595 1648 1653 feminas

85 1697 156 1744 sat
179 1688 227 1742 in
251 1687 473 1758 templo,
504 1696 555 1742 et
578 1687 896 1743 occiderunt
924 1703 1063 1759 quos
1092 1688 1400 1756 voluerunt,
1428 1696 1481 1743 et
1509 1704 1648 1759 quos

86 1783 346 1838 noluerunt
396 1784 748 1838 retinuerunt
792 1783 966 1838 vivos.
1011 1781 1189 1853 Super
1229 1797 1356 1838 vero
1383 1783 1644 1853 templum

1821 558 2200 683 ἲέξιτξηίησοηιγα
2228 560 2596 616 ammiralium
2636 558 2951 633 Babylonica
2985 581 3144 636 prope
3177 566 3348 622 Ascua

1913 646 1986 683 un
2026 670 2041 683 .

1913 646 2041 685 ιαιη.

1821 764 2030 822 interea
2057 766 2282 825 nuntius
2305 768 2456 824 venit
2485 766 2769 826 Taneredo
2818 778 2872 826 et
2918 769 3107 826 comiti
3145 770 3346 829 Eusta-

1751 858 1897 925 chio,
1920 868 1975 913 ut
1997 871 2363 930 przepararent
2381 877 2458 928 se,
2477 870 2530 916 et
2546 874 2832 935 pergerent
2846 862 2913 919 ad
2932 861 3346 936 Neapolitanum

1751 950 2046 1006 civitatem.
2073 949 2335 1008 Exierunt
2358 968 2488 1022 ergo
2536 951 2633 1020 illi,
2669 961 2723 1009 ct
2745 953 3020 1009 duxerunt
3061 954 3262 1010 milites
3292 961 3348 1009 ct

1749 1044 1979 1115 pedites,
2002 1053 2056 1099 et
2076 1053 2628 1115 perveneruntusque
2651 1045 2717 1100 ad
2742 1044 3037 1111 civitatein,
3061 1045 3219 1116 cujus
3244 1045 3347 1101 ha-

1749 1135 2015 1192 bitatores
2062 1151 2121 1191 se
2162 1134 2425 1192 continuo
2468 1136 2574 1192 illis
2602 1136 2979 1193 reddiderunt.
3021 1137 3220 1193 lterum
3248 1153 3353 1208 per

1751 1228 2003 1283 nuntium
2031 1227 2139 1283 dux
2164 1226 2490 1285 Godefridus
2517 1230 2795 1285 mandavit
2817 1230 3123 1299 Tancredo,
3154 1238 3209 1286 et
3229 1230 3347 1285 Eu-

1751 1320 1963 1375 stachio
1990 1319 2143 1376 fratri
2186 1336 2307 1388 suo,
2336 1330 2607 1392 quatenus
2652 1322 2763 1377 cito
2800 1323 3079 1379 venissent
3103 1324 3169 1379 ad
3192 1339 3340 1379 eum.

1750 1409 2043 1467 Audiverat
2065 1427 2303 1483 namque
2325 1412 2469 1483 quod
2496 1412 2838 1470 ammiralius
2881 1413 3195 1487 Babyloniae
3226 1422 3346 1471 erat

1753 1502 2021 1559 Scalonite
2058 1504 2286 1571 civitati,
2318 1504 2411 1560 ubi
2452 1505 2795 1575 prmparahat
2835 1521 2894 1562 se
2934 1508 3172 1577 qualiter
3210 1523 3343 1578 pos-

1752 1605 1833 1651 set
1868 1610 2182 1669 expugnare
2227 1595 2599 1663 Hierusalem,
2650 1596 2899 1653 deferens
2954 1613 3141 1654 secum
3196 1608 3345 1654 cate-

1751 1705 1880 1756 nas,
1936 1698 1986 1745 et
2024 1689 2127 1745 alia
2163 1689 2358 1757 ferrea,
2397 1706 2521 1745 cum
2574 1690 2776 1761 quibus
2804 1690 3036 1760 juvenes
3066 1691 3345 1761 _Christia-
3436 1706 3439 1707 '

1752 1798 1853 1837 nos
1903 1781 2144 1852 ligasset,
2201 1781 2296 1854 qui
2347 1782 2402 1837 in
2455 1782 2717 1838 servitute
2765 1783 3003 1854 amplius
3040 1783 3348 1839 habeantur

84 1873 361 1930 Salomonis
410 1883 534 1931 erat
588 1875 827 1930 maxima
898 1890 1231 1947 paganorum
1296 1875 1646 1946 congregatio
1681 1861 1719 1921 Β
1750 1873 1878 1941 illis,
1908 1884 1964 1931 et
2009 1889 2201 1932 eorum
2252 1875 2475 1946 generi,
2518 1891 2789 1948 senesque
2824 1892 3019 1931 omnes
3058 1876 3353 1947 utriusque

80 1967 336 2037 utriusque
385 1982 579 2034 sexus,
630 1967 832 2037 quibus
878 1965 1193 2023 Ta'icredus
1236 1974 1290 2020 et
1337 1965 1535 2023 Gastos
1578 1966 1645 2023 de

79 2057 224 2114 Bearn
246 2059 520 2115 dederunt
546 2076 647 2117 sua
670 2061 887 2116 vexilla.
934 2060 1131 2118 Postea
1160 2069 1523 2118 cucurrerunt
1548 2077 1646 2132 per

78 2150 355 2205 universam
386 2149 695 2218 civitatem,
726 2152 1000 2223 capientes
1034 2168 1228 2207 aurum
1258 2161 1310 2208 et
1335 2161 1642 2225 argentum,

75 2253 293 2313 equoset
322 2243 531 2310 mulos,
568 2253 623 2299 et
670 2243 866 2300 domos
913 2245 1102 2315 plenas
1152 2234 1411 2301 omnibus
1460 2245 1638 2301 bonis.

74 2332 236 2389 Postea
280 2345 563 2393 venerunt
611 2351 803 2393 omnes
855 2338 1176 2409 gaudentes,
1228 2346 1282 2393 et
1330 2354 1443 2409 pra:
1472 2337 1645 2394 nimio

71 2423 240 2495 gaudio
270 2424 581 2495 plorantes,
612 2426 680 2481 ad
727 2429 899 2481 nostri
954 2426 1254 2482 Salvatoris
1307 2426 1638 2496 sepulcrum.

67 2510 200 2571 Mane
239 2526 424 2571 autem
476 2514 624 2571 facto
670 2516 796 2572 fecit
840 2518 1137 2588 ps'azconari
1189 2516 1527 2585 Tancredus,
1582 2524 1644 2573 ut

68 2624 232 2663 omnes
255 2609 399 2665 irent
429 2610 505 2663 ad
540 2610 797 2681 templum
843 2609 1183 2677 Salomonis,
1230 2620 1283 2665 et
1332 2609 1641 2665 occiderent

67 2699 391 2756 Sarracenos.
424 2702 517 2757 Ad
550 2703 808 2773 templum
841 2711 1130 2773 postquam
1167 2708 1454 2768 venerunt,
1476 2699 1642 2771 erepit

67 2792 417 2865 unusquisque
466 2809 599 2849 cum
628 2810 757 2848 arcu
790 2810 892 2848 suo
919 2793 1156 2861 trahere,
1207 2793 1520 2861 multosque
1550 2790 1637 2844 in-

63 2885 298 2941 terﬁcere.
329 2886 442 2941 Alii
476 2902 611 2942 vero
631 2902 695 2942 ex
725 2886 831 2941 alia
858 2894 1007 2956 parte
1038 2901 1200 2957 super
1226 2894 1425 2941 tectum
1454 2881 1637 2953 templi

63 2979 425 3048 ascendebant,
458 2988 526 3037 et
554 2980 873 3037 invaserunt
903 2979 1237 3036 Sarracenos
1281 2987 1391 3034 tam
1421 2990 1638 3033 mascu-

60 3069 127 3124 los
151 3088 305 3140 quam
333 3070 612 3140 feminas,
659 3072 992 3130 decollantes
1037 3086 1135 3127 eos
1190 3070 1351 3125 nudis
1384 3067 1629 3125 ensibus.

60 3162 275 3226 Quorum
300 3164 399 3220 alii
427 3164 644 3219 dabant
670 3181 728 3221 se
756 3163 1058 3235 pimcipitcs
1082 3179 1112 3219 e
1136 3163 1359 3234 templo,
1391 3159 1481 3216 alii
1512 3175 1636 3215 sur-

58 3269 158 3309 su
186 3256 602 3311 moriebantur.

292 3348 404 3402 Hic
428 3348 705 3419 elegerunt
741 3347 1086 3418 Godcfridum
1110 3348 1164 3401 in
1191 3363 1381 3418 regem.

110 3440 219 3498 Alia
244 3441 334 3500 die
356 3443 623 3500 fecerunt
652 3445 944 3501 concilium
968 3453 1092 3499 ante
1117 3445 1376 3515 templum
1401 3441 1640 3510 Domini,

57 3533 273 3594 dicentes
305 3546 371 3593 ut
404 3537 798 3608 unusquisque
831 3535 1032 3593 faceret
1078 3537 1356 3592 orationes
1401 3543 1453 3590 et
1502 3535 1645 3590 eice-

55 3643 309 3701 Inosynas,
338 3639 527 3702 atque
555 3639 612 3686 ut
633 3629 776 3686 Deus
804 3630 1025 3703 eligeret
1064 3629 1166 3686 sibi
1195 3628 1507 3701 quempiam
1548 3626 1643 3699 qui

54 3719 94 3772 ei
120 3721 415 3790 placuisset
446 3738 684 3794 regnare
712 3738 877 3793 super
903 3723 1061 3790 alios,
1103 3731 1159 3777 et
1204 3721 1477 3777 civitatem
1509 3735 1642 3776 san-

52 3822 175 3870 ctam
202 3814 564 3871 Hierusalem
598 3824 829 3887 regeret,
861 3824 912 3872 et
942 3830 1187 3888 paganos
1211 3814 1638 3885 cxpmliaretur.

54 3902 143 3961 Sed
164 3908 414 3980 episcopi
443 3921 509 3965 et
537 3909 848 3965 sacerdotes
875 3908 1254 3976 laudaverunt,
1300 3916 1362 3964 ut
1391 3908 1643 3979 primitus

47 4013 218 4058 omnes
245 4000 609 4057 Sarracenos
635 4009 882 4057 mortuos
913 3999 1063 4057 foras
1091 4000 1372 4071 ejicercnt,
1404 4014 1471 4053 ne
1520 4013 1640 4053 ma-

51 4108 174 4163 gnus
199 4094 369 4163 fetor,
399 4094 512 4167 qui
545 4093 619 4148 ibi
644 4103 784 4162 erat,
814 4093 893 4152 eis
922 4096 1221 4150 nocuisset.
1260 4090 1452 4149 Omnis
1482 4108 1643 4147 nam-

48 4200 137 4255 que
176 4188 377 4244 civitas
428 4196 556 4244 erat
584 4189 740 4259 plena
770 4188 984 4243 illorum
1016 4185 1405 4253 cadaveribus,
1457 4193 1512 4241 et
1562 4185 1644 4241 sic

49 4276 273 4335 fecerunt
307 4281 370 4336 in
406 4280 525 4336 viis
573 4279 909 4336 Sarracenos
955 4279 1174 4335 trahere
1217 4287 1464 4333 mortuos
1516 4286 1643 4334 ante

43 4382 305 4440 portarum
333 4374 555 4430 exitus.
606 4372 819 4431 Montes
846 4388 911 4429 ex
940 4372 1041 4441 eis,
1072 4371 1231 4443 quasi
1278 4370 1513 4428 fuissent
1543 4370 1642 4427 do-

45 4476 170 4531 mus,
199 4465 572 4532 ordinabant,
604 4480 904 4536 omnesque
952 4472 1138 4535 postea
1176 4462 1298 4535 igne
1324 4462 1643 4519 combusse-

1746 1982 1912 2023 sexus
1948 1968 2186 2038 iusserat
2215 1967 2466 2024 interfici.
2528 1967 2683 2036 Quod
2731 1984 2857 2024 cum
2898 1967 3125 2023 vidisset
3160 1984 3375 2025 comes'

1746 2057 2097 2131 Eustachius,
2129 2073 2184 2117 ct
2205 2061 2545 2129 Tancredus,
2574 2077 2700 2118 cum
2733 2078 2932 2134 magno
2958 2062 3155 2133 gaudio
3180 2077 3345 2117 vene-

1745 2162 1874 2208 runt
1897 2169 1994 2224 per
2019 2163 2363 2222 montaneas,
2384 2162 2691 2226 quaerentes
2716 2154 3147 2210 Sarracenorum
3176 2155 3349 2222 bella,

1746 2245 1821 2303 ita
1851 2248 2047 2304 muniti
2081 2248 2244 2305 bello.
2289 2248 2353 2306 Et
2395 2250 2677 2306 venientes
2718 2250 2787 2305 ad
2824 2250 3100 2306 civitatem
3151 2248 3341 2306 Cmsa-

1744 2352 1918 2405 ream,
1949 2338 2145 2393 deinde
2177 2348 2443 2395 venerunt
2469 2340 2625 2412 juxta
2660 2355 2812 2395 mare
2844 2354 3020 2410 usque
3048 2340 3115 2394 ad
3147 2340 3345 2394 civita-

1746 2437 1855 2486 tem
1884 2446 2007 2500 qua:
2029 2431 2233 2486 dicitur
2259 2430 2451 2486 Roma.
2484 2431 2598 2488 Illic
2626 2431 2954 2487 invenerunt
2978 2432 3179 2487 multos
3206 2431 3344 2485 Ara-

1744 2521 1966 2594 bes,qui
1988 2539 2354 2594 praecursorcs
2372 2532 2529 2579 erant
2553 2524 2676 2579 belli
2708 2523 3067 2579 ammiravisi.
3082 2523 3231 2592 Quos
3254 2524 3343 2579 ille

1742 2631 2098 2686 persequens,
2129 2615 2486 2688 apprehendit
2527 2617 2709 2687 plures
2734 2632 2800 2671 ex
2846 2615 2974 2683 illis,
3005 2616 3098 2686 qui
3128 2617 3335 2671 voluis-

1742 2717 1865 2764 sent
1895 2707 2223 2776 noluissent,
2271 2709 2529 2765 dixerunt
2565 2708 2753 2764 omnia
2799 2724 2941 2764 nova
2970 2708 3053 2764 eis
3091 2708 3217 2763 belli
3248 2723 3344 2780 per

1744 2796 2018 2867 ordinem,
2047 2800 2140 2855 ubi
2180 2807 2359 2865 erant,
2392 2810 2443 2856 et
2475 2807 2609 2870 quot
2654 2807 2833 2866 erant,
2878 2809 2973 2855 aut
2998 2798 3093 2855 ubi
3139 2799 3343 2854 bellare

1739 2903 1929 2951 contra
1963 2893 2307 2950 Christianos
2348 2893 2623 2948 volebant.
2668 2891 2826 2961 Quod
2872 2893 3157 2948 audientes
3188 2890 3337 2946 Tan-

1737 2986 1935 3046 credus
1959 2996 2014 3043 et
2034 3002 2221 3043 comes
2243 2985 2596 3055 Eustachius,
2622 2986 2806 3043 statim
2836 2986 3107 3041 miserunt
3137 2983 3336 3040 Hieru-

1737 3080 1908 3137 salem
1953 3079 2079 3135 duci
2126 3077 2443 3147 Godefrido,
2477 3087 2531 3135 et
2569 3078 2893 3151 patriarcha:
2944 3076 3253 3148 Arnulpho,
3287 3078 3345 3130 et

1668 3213 1713 3273 ρ
1744 3172 2000 3229 omnibus
2047 3170 2405 3244 principibus,
2436 3170 2719 3226 dicentes:
2753 3189 2773 3223 ‹
2818 3167 3016 3225 Sciatis
3056 3167 3202 3240 quod
3229 3166 3345 3221 bel'v

1745 3264 1858 3320 lum
1884 3274 2133 3334 paratum
2160 3271 2246 3318 est
2277 3262 2525 3318 Scalonze
2554 3261 2782 3317 civitati.
2816 3260 2934 3329 Qua
2964 3260 3031 3316 dc
3054 3274 3222 3315 causa
3248 3273 3343 3314 ve-

1744 3356 1858 3412 nite
1888 3355 2231 3424 festinanter,
2267 3370 2394 3410 eum
2421 3353 2574 3409 omni
2600 3352 2801 3431 virtute
2823 3362 2989 3423 quam
3017 3350 3218 3407 habere
3246 3364 3344 3421 po-

1744 3451 1941 3507 teritis.
1977 3469 1998 3503 »
2032 3449 2187 3507 Tunc
2222 3448 2392 3521 jussit
2426 3448 2540 3505 dux
2572 3444 2898 3520 przeeoniari
2928 3462 3026 3517 per
3066 3443 3349 3500 civitatem

1746 3542 2087 3599 Hierusalem
2132 3552 2192 3598 ut
2224 3541 2452 3597 ﬁdeliter
2478 3547 2769 3614 pergerent
2812 3538 3017 3595 civitati
3050 3533 3346 3607 prreparati

1744 3636 1813 3693 ad
1838 3636 2042 3693 bellum
2076 3634 2364 3703 Scalonize,
2401 3635 2620 3690 obviam
2650 3632 2891 3689 inimicis
2927 3629 3043 3691 Dei.
3091 3627 3185 3684 llle
3212 3642 3345 3683 vero

1742 3745 1868 3785 cum
1892 3728 2200 3800 patriarcha
2228 3727 2481 3794 Arnulfo,
2513 3735 2571 3784 et
2608 3723 2936 3782 Flandrensi
2966 3723 3168 3781 comite
3200 3720 3343 3777 Rot-

1744 3822 1933 3891 berto,
1968 3832 2023 3878 et
2045 3819 2485 3877 Marthoronensi
2508 3820 2784 3891 episcopo,
2809 3818 2864 3873 in
2893 3816 3050 3873 tertia
3081 3815 3218 3872 feria
3246 3830 3344 3871 cx-

1744 3912 1843 3969 ivit
1868 3913 1937 3969 ab
1963 3910 2304 3967 Hierusalem
2334 3909 2573 3966 civitate.
2606 3907 2950 3965 Raimundus
2978 3906 3167 3964 Sancti
3187 3904 3338 3979 Egi-

1743 4007 1818 4063 dii
1844 4016 1898 4062 et
1923 4002 2661 4081 Rotbeitugﬁorthmannus
2695 4000 2955 4058 dixerunt
2983 3999 3132 4073 quod
3160 3999 3342 4056 nulla-

1746 4106 1906 4154 tenus
1947 4097 2110 4164 irent,
2134 4078 2273 4155 "iisi
2310 4105 2523 4152 certum
2555 4095 2762 4151 bellum
2811 4094 3036 4152 scirent.
3076 4091 3346 4150 Misereat

1742 4202 1874 4261 ergo
1904 4204 2035 4243 suos
2060 4187 2284 4255 milites,
2315 4196 2373 4242 ut
2400 4186 2545 4241 irent
2574 4184 2758 4241 visum
2806 4183 2851 4242 si
2892 4185 2996 4241 hoc
3020 4182 3223 4239 bellum
3250 4197 3344 4238 ve-

1742 4297 1866 4337 rum
1910 4289 2073 4337 esset.
2120 4278 2331 4348 Quibus
2371 4278 2630 4335 dixerunt
2664 4296 2677 4334 :
2718 4298 2737 4332 ι
2768 4276 2827 4333 Si
2854 4277 2961 4334 hoc
3000 4291 3189 4331 verum
3234 4283 3345 4341 est,

1743 4374 2079 4430 revertimini
2104 4372 2453 4446 quantocius,
2477 4380 2531 4429 et
2552 4388 2653 4428 nos
2675 4371 2883 4428 erimus
2906 4369 3083 4443 parati
3110 4369 3189 4424 ire
3212 4383 3344 4424 con-

1745 4466 1920 4523 tinuo.
1953 4487 1972 4519 ι
2004 4465 2373 4523 Perrexerunt
2398 4465 2585 4537 itaque
2618 4465 2721 4534 illi,
2750 4473 2805 4521 et
2829 4463 3087 4519 viderunt
3112 4461 3339 4531 bellum,

41 4565 170 4613 rent.
199 4557 369 4615 Tales
399 4558 717 4614 occisiones
744 4558 811 4613 de
839 4572 1177 4628 paganorum
1203 4563 1359 4627 gente
1383 4555 1508 4627 quis
1540 4570 1641 4609 nn-
1672 4576 1719 4637 ο
1744 4568 1796 4615 et
1812 4559 1974 4617 citius
1998 4556 2662 4626 redieruntHicrusalem,
2694 4557 2942 4614 dicentes
2969 4573 2981 4610 :
3019 4574 3038 4607 ι
3063 4553 3224 4609 Certe
3254 4567 3343 4607 ve-

40 4663 188 4717 quam
229 4653 375 4710 vidit
426 4662 534 4708 aut
578 4652 818 4708 audivit?
864 4649 1164 4706 Nunierum
1210 4665 1430 4723 quoque
1480 4663 1642 4705 nemo

39 4743 203 4813 scivit,
229 4747 345 4804 nisi
379 4747 549 4803 solus
579 4746 741 4801 Deus.
796 4743 1003 4802 Octavo
1058 4759 1188 4799 vero
1217 4742 1306 4798 die
1350 4750 1640 4814 postquam

38 4833 211 4893 civitas
240 4836 354 4893 fuit
385 4847 581 4909 capta,
611 4836 1022 4893 celebraverunt
1057 4834 1256 4890 festum
1302 4848 1399 4904 per
1424 4847 1642 4888 omnem

37 4924 296 4985 civitatem
331 4927 715 4996 Hierusalem,
745 4927 1045 4998 eademque
1075 4926 1163 4981 die
1211 4923 1457 4981 fecerunt
1506 4941 1644 4981 con-

35 5020 228 5087 cilium,
262 5022 321 5077 in
353 5036 487 5094 quo
515 5021 795 5094 elegerunt
817 5019 1010 5076 ducem
1043 5017 1398 5076 Godefridum
1427 5017 1638 5090 princi-

30 5125 142 5183 pem
171 5114 456 5180 civitatis,
491 5113 582 5181 qui
612 5113 951 5184 praeliaretur
975 5127 1237 5184 paganos,
1260 5119 1312 5167 et
1341 5110 1644 5168 custodiret

32 5204 402 5265 Christianos.
455 5207 725 5263 Similiter
753 5208 1031 5280 elegerunt
1064 5205 1115 5261 in
1147 5205 1270 5263 loco
1314 5202 1642 5277 patriarcha:

31 5302 316 5370 quemdam
354 5299 843 5372 sapientissimum
871 5308 925 5355 ct
954 5299 1329 5354 honorabilem
1356 5298 1614 5354 clericum

34 5392 110 5445 cui
134 5408 343 5449 nomen
374 5401 513 5450 crat
539 5390 822 5457 Arnulfus,
853 5392 907 5446 in
939 5391 1233 5448 festivitate
1265 5390 1451 5446 Sancti
1486 5386 1631 5444 Petri

31 5481 89 5536 ad
116 5485 367 5543 vincula.
427 5483 565 5539 Hac
593 5483 783 5538 civitas
809 5482 909 5539 fuit
944 5493 1101 5554 capta
1128 5500 1158 5538 a
1186 5481 1516 5539 Christianis
1544 5480 1640 5538 Dei

35 5575 93 5629 l‘5
118 5578 204 5633 die
226 5577 371 5634 Julii
428 5577 496 5631 in
544 5591 600 5629 γι
631 5574 786 5643 feria,
822 5593 963 5633 anno
1005 5576 1075 5632 ab
1109 5575 1488 5631 local-natione
1528 5573 1638 5629 Do-

32 5668 152 5723 mini
181 5669 352 5740 1099,
380 5666 709 5724 auxiliante
753 5665 974 5725 Domino
1020 5678 1210 5723 nostro
1239 5665 1367 5723 Jesu
1397 5665 1637 5734 Christo,

31 5760 107 5811 cui
147 5769 233 5817 est
286 5762 497 5817 honor
542 5765 602 5814 et
670 5756 837 5829 gloria
901 5760 952 5817 in
1021 5760 1217 5816 saecula
1287 5759 1634 5817 saeculorum.

31 5847 209 5909 Amen.
686 5852 699 5864 “

1741 4667 1864 4706 rum
1890 4658 1995 4718 est,
2039 4650 2182 4707 sicut
2207 4649 2382 4706 oculis
2422 4649 2630 4706 nostris
2653 4648 2909 4704 vidimus.
2945 4665 2962 4699 ι
3001 4644 3195 4700 Postea
3224 4643 3344 4698 dux

1741 4740 2070 4798 Godefridus
2092 4740 2243 4796 misit
2263 4739 2773 4796 Marthoro'nensem
2794 4737 3110 4809 episcopum
3137 4733 3339 4789 Hieru-

1742 4834 1913 4891 salem
1937 4832 2250 4889 Raimundo
2282 4832 2468 4889 Sancti
2501 4830 2725 4904 Egidii,
2764 4838 2821 4885 et
2845 4828 3107 4884 Rotberto
3133 4824 3339 4882 North-

1742 4942 1948 4984 manno
1983 4935 2038 4983 et
2079 4926 2202 4983 aliis
2248 4924 2559 4981 senioribus
2603 4922 2751 4994 quod
2781 4922 2888 4976 cito
2934 4929 3220 4991 pergerent
3269 4918 3341 4974 ad

1744 5035 1893 5089 eum,
1926 5019 1972 5075 si
1998 5017 2232 5091 prmliari
2261 5033 2386 5075 cum
2425 5015 2655 5088 paganis
2684 5013 3004 5070 voluissent.
3034 5011 3340 5083 Episcopus

1744 5129 1880 5170 vero
1926 5110 2396 5168 Marthoronensis
2451 5108 2691 5175 rediens,-
2751 5105 2978 5161 recitata
3028 5103 3191 5160 verba
3237 5120 3338 5175 pa-

1738 5190 2001 5263 triarchae
2029 5213 2084 5261 et
2108 5203 2265 5260 ducis
2294 5202 2498 5268 ferens,
2523 5200 2732 5255 invenit
2758 5196 3092 5254 Sarracenos
3119 5197 3214 5269 qui
3243 5212 3342 5268 ap—

1747 5297 2153 5372 prehenderunt
2180 5295 2355 5362 illum,
2397 5309 2694 5364 secumque
2733 5291 3011 5347 nescimus
3047 5289 3139 5344 ubi
3168 5289 3341 5345 duxe-

1744 5397 1894 5444 runt.
1925 5386 2268 5442 Raimundus
2294 5400 2513 5456 quoque
2548 5382 2734 5439 Sancti
2764 5381 2990 5455 Egidii,
3020 5391 3075 5437 et
3113 5381 3204 5437 alii
3252 5397 3339 5436 se-

1748 5483 1933 5537 niores
1972 5480 2225 5535 exierunt
2255 5478 2321 5533 de
2368 5476 2588 5532 civitate
2632 5476 2688 5532 in
2728 5483 2922 5546 quarta
2950 5472 3106 5539 feria,
3134 5480 3189 5528 et
3214 5488 3335 5526 mu-

1744 5572 1844 5628 niti
1883 5570 2042 5643 signo
2071 5568 2253 5625 crucis
2294 5567 2670 5624 militaverunt
2700 5580 2875 5635 usque
2905 5564 2972 5618 ad
3002 5563 3193 5635 ducem
3226 5559 3336 5645 Go-

1744 5663 2035 5721 defridum.
2058 5662 2256 5717 Petrus
2279 5675 2411 5715 vero
2434 5657 2675 5713 Eremita
2694 5656 2956 5713 remansit
2970 5652 3332 5717 Hierusalem,

1744 5754 2050 5810 ordinando
2092 5762 2147 5810 et
2172 5749 2517 5823 prredicando
2542 5748 2748 5805 Graecis
2778 5758 2832 5805 et
2856 5747 3081 5811 Latinis,
3110 5753 3171 5798 ut
3201 5743 3334 5798 llde-

1744 5845 1866 5903 liter
1913 5845 2023 5902 Deo
2075 5844 2486 5919 processioncm
2534 5839 2780 5897 facerent
2827 5848 2883 5895 et
2933 5838 3232 5902 orationes,
3276 5844 3332 5891 et
