3850 6310
519 383 628 463 m‘

1092 403 1183 460 AD
1223 396 1672 461 GODEFRIDUM
1710 398 2003 457 APPEND.
2044 399 2109 456 ll.
2147 431 2217 441 —
2252 399 2522 458 MONUM.
2566 400 2655 456 DE
2690 399 2912 458 BELLO
2948 399 3193 458 SACRO.

3689 388 3729 400 ρ

3659 409 3734 467 820

521 522 906 597 eleemosynas
943 519 1278 592 pauperibus
1307 516 1719 583 distribuereut,
1748 523 1812 572 ut
1848 514 1994 573 Deus
2021 529 2117 587 po-
2139 518 2189 580 Α
2219 514 2308 571 illa
2332 524 2490 573 erant
2520 516 2811 585 immensa,
2841 516 2969 588 quia
2996 531 3334 589 paganorum
3367 516 3632 576 multitudo
3654 535 3740 584 erat

515 616 651 688 pulo
677 628 781 671 suo
807 613 1095 669 victoriam
1141 608 1498 679 impenderet.
1539 606 1605 663 Et
1642 606 1717 662 ita
1746 606 1931 663 clerici
1961 605 2108 662 fece-

518 717 652 763 runt
679 704 1088 778 processionem
1136 699 1299 756 nudis
1338 697 1590 769 pedibus,
1625 706 1681 752 et
1711 696 1887 752 induti
1937 695 2111 754 sacris

516 797 787 863 vestibus,
812 802 868 852 et
887 808 1077 849 cruces
1100 790 1154 845 in
1178 789 1434 844 manibus
1461 786 1716 853 ferentes,
1743 802 1868 841 cum
1899 786 2108 854 litania,

517 897 575 947 et
607 889 731 945 aliis
758 883 1121 950 orationibus,
1144 880 1214 937 de
1239 889 1431 937 sancto
1466 875 1719 950 sepulcro
1748 878 1815 934 ad
1848 878 2109 949 templum

519 980 762 1039 Domini.
806 979 1037 1050 Duxque
1064 971 1416 1040 Godefridus,
1445 980 1502 1028 et
1532 970 1879 1027 Raimdndus
1922 969 2109 1026 Sancti

519 1072 748 1145 Aigidii,
771 1079 830 1127 et
867 1067 1205 1143 patriarcha,
1248 1075 1303 1122 et
1331 1064 1630 1121 Rotbertus
1669 1060 2107 1130 Northmannus,

515 1175 572 1221 et
622 1163 920 1219 Rotbertns
980 1159 1339 1217 Flandrensis
1389 1173 1597 1224 comes,
1639 1165 1693 1213 ct
1741 1156 2004 1229 episcopi,
2055 1164 2111 1211 et

514 1258 610 1314 alii
642 1256 888 1312 seniores
916 1268 1112 1310 omnes
1149 1260 1420 1308 venerunt
1464 1251 1531 1307 ad
1571 1249 1796 1316 flumen,
1838 1249 1984 1321 quod
2026 1257 2110 1304 est

513 1364 584 1408 ex
638 1354 795 1421 parte
847 1346 1145 1414 Scaloniaa,
1200 1344 1385 1416 ibique
1432 1342 1746 1414 congregati
1790 1340 2012 1397 fuerunt
2052 1342 2109 1398 in

513 1456 711 1498 unum.
744 1438 972 1510 lllicque
1016 1437 1190 1492 multa
1232 1435 1492 1493 animalia
1538 1435 1658 1491 sine
1689 1448 1918 1489 numero
1950 1432 2107 1489 inve-

514 1542 742 1602 nerunt,
792 1532 984 1600 boum,
1033 1530 1397 1597 camelorum,
1448 1527 1659 1595 ovium,
1704 1526 2008 1593 asinorum,
2053 1532 2110 1581 et

514 1628 753 1686 aliorum
785 1625 1080 1697 pecudum,
1122 1639 1247 1695 quae
1291 1624 1563 1680 miserunt
1603 1620 1892 1676 Sarraccui
1939 1635 2106 1676 causa

513 1718 878 1792 proditionis;
916 1716 1012 1775 sed
1049 1714 1192 1772 Deus
1242 1714 1422 1771 adhuc
1469 1713 1644 1769 noluit
1680 1713 1934 1768 deserere
1974 1726 2105 1782 pro-

504 1823 639 1889 pter
708 1822 961 1869 sanctum
1027 1809 1360 1880 sepulcrum.
1421 1806 1616 1862 Omnia
1662 1822 1792 1861 vero
1850 1802 2106 1860 animalia

514 1904 996 1978 tpprehcuderuut
1032 1900 1240 1961 ChriSti
1289 1899 1510 1966 milit‘s,
1555 1907 1610 1953 et
1652 1898 1880 1953 clientes
1932 1894 2106 1952 sancti

512 1997 776 2070 sepulcri.
812 1994 948 2052 Sero
989 2002 1173 2050 autem
1206 1991 1476 2055 veniente,
1504 1989 1813 2061 patriarcha
1841 1985 2107 2045 Arnulfus

514 2100 742 2163 portans
780 2103 965 2145 secum
1008 2085 1225 2142 Domini
1271 2084 1443 2140 nostri
1474 2082 1603 2139 Jesu
1644 2081 1852 2137 Christi
1895 2088 2106 2152 partem

513 2178 719 2247 crucis,
745 2193 911 2252 quam
957 2178 1285 2233 invenerunt
1324 2172 1596 2246 peregrini
1644 2172 1820 2229 sancti
1869 2170 2106 2242 sepulcri

497 2256 571 2345 lin
615 2269 989 2336 Hierusalem,
1036 2276 1092 2325 et
1143 2266 1397 2325 similiter
1450 2265 1766 2337 capellanus
1809 2263 2104 2320 Ilaimundi

506 2363 702 2437 Sancti
726 2362 929 2435 Egidii
951 2371 1177 2434 portans
1199 2374 1387 2418 secum
1411 2358 1657 2415 lanceam
1684 2356 1901 2412 Domini
1931 2356 2107 2412 nostri

509 2452 643 2512 Iesu
698 2444 928 2521 Christi,
978 2459 1266 2525 ceperunt
1304 2450 1784 2508 excommunicare
1834 2465 1901 2504 ex
1953 2458 2108 2519 parte

511 2543 631 2613 Dei,
659 2554 715 2602 et
751 2546 925 2602 sancti
976 2545 1238 2616 sepulcri,
1274 2552 1328 2600 et
1356 2542 1771 2615 pretiosissimae
1795 2542 2018 2609 lanceae,
2053 2551 2109 2597 et

508 2638 878 2697 sanctissima:
924 2638 1145 2694 crucis:
1183 2656 1201 2690 ι
1230 2635 1388 2706 Quod
1427 2651 1496 2691 nc
1545 2635 1691 2692 ullus
1735 2636 1900 2690 homo
1930 2635 2108 2689 inten-

509 2731 608 2788 dat
635 2731 705 2788 ad
749 2731 860 2789 ulla
892 2730 1087 2802 spolia,
1135 2729 1313 2787 donec
1348 2726 1556 2788 bellum
1600 2735 1749 2785 esset
1795 2727 2022 2794 factum,
2054 2735 2109 2783 et

512 2823 727 2883 inimici
756 2823 853 2880 Dei
880 2822 1116 2880 fuissent
1142 2821 1362 2891 devicti,
1393 2830 1449 2878 et
1486 2829 1677 2893 postea
1706 2827 2110 2877 reverterentur

508 2930 639 2973 cum
662 2913 809 2972 felici
842 2912 1061 2987 gaudio,
1101 2921 1158 2969 et
1198 2915 1438 2970 maxima
1468 2912 1721 2982 victoria,
1762 2921 1818 2969 et
1851 2921 2110 2985 caperent

510 3005 784 3080 quidquid
806 3005 888 3063 eis
909 3019 942 3061 a
967 3003 1205 3061 Domino
1227 3004 1673 3076 praedestinatum
1701 3011 1866 3062 esset.
1903 3022 1921 3056 ι
1949 3001 2108 3071 Quod

510 3113 640 3156 cum
672 3096 958 3155 audissent
999 3096 1177 3154 sancti
1206 3095 1443 3168 sepulcri
1468 3094 1764 3168 peregrini,
1810 3103 1864 3151 et
1905 3095 2108 3153 milites

510 3188 744 3259 Christi,
767 3204 987 3248 summo
1011 3188 1256 3247 diluculo
1292 3189 1349 3245 in
1391 3196 1545 3245 sexta
1583 3185 1720 3245 feria
1762 3187 2106 3246 intraverunt

510 3283 571 3346 in
608 3283 907 3357 quamdam
953 3281 1150 3340 vallem
1198 3282 1365 3339 nimis
1405 3281 1691 3356 pulchram
1744 3296 1906 3339 secus
1951 3279 2105 3339 littus

510 3376 706 3445 maris,
737 3383 793 3432 et
822 3373 880 3430 in
909 3390 975 3432 ea
1007 3390 1138 3432 suas
1159 3374 1552 3432 ordinaverunt
1581 3373 1745 3432 acies.
1781 3373 1902 3428 Dux
1923 3372 2105 3430 Code-

508 3467 708 3536 fridus,
730 3469 829 3540 qui
850 3468 967 3540 jam
989 3468 1197 3530 electus
1220 3475 1340 3524 erat
1360 3466 1427 3523 ad
1451 3482 1631 3540 regem
1660 3466 1716 3522 in
1741 3465 2104 3534 Hierusalem,

508 3576 671 3622 suam
699 3560 966 3619 instruxit
992 3559 1188 3628 aciem,
1211 3568 1267 3614 et
1299 3557 1644 3615 Raimundus
1681 3556 1870 3615 Sancti
1902 3555 2106 3630 Egidii

508 3669 707 3722 suam,
748 3662 805 3710 et
852 3652 1150 3713 Rotbertus
1193 3650 1607 3710 Northmaunus
1641 3666 1799 3707 suam
1828 3650 2103 3717 similiter,

509 3752 567 3805 et
614 3744 913 3802 Rotbertus
959 3743 1315 3801 Flandrensis
1365 3758 1551 3799 comes
1602 3758 1760 3801 suam
1808 3758 2106 3815 comesque

511 3836 849 3895 Eustachius
893 3852 1051 3895 suam
1097 3844 1152 3893 et
1199 3835 1547 3903 Tancrcdus,
1588 3844 1752 3910 atque
1798 3835 1998 3893 Gastos
2037 3836 2106 3894 de

510 3928 696 3985 Beart.
732 3927 824 3985 Sic
849 3944 980 4002 ergo
1018 3944 1112 3985 se:
1142 3929 1287 3986 acies
1322 3939 1607 4002 coeperunt
1635 3929 1889 3985 militare.
1926 3927 2105 4002 Sagit-

511 4024 643 4080 tarii
674 4038 894 4096 quoque
937 4023 1043 4080 hoc
1070 4021 1459 4095 praecedentes,
1488 4031 1541 4078 et
1564 4022 1720 4094 juxta
1750 4040 1845 4079 cos
1877 4023 1932 4079 in
1966 4022 2103 4079 dex-

511 4120 630 4174 tera
661 4124 816 4188 parte
856 4123 912 4175 et
954 4115 1010 4171 in
1042 4114 1263 4172 sinistra
1308 4114 1494 4172 omnia
1544 4115 1803 4171 animalia
1851 4114 2106 4188 superius

511 4208 657 4266 dicta
685 4208 804 4269 sine
851 4206 1081 4266 ductore
1124 4207 1440 4280 pergebant.
1487 4206 1645 4277 Quod
1672 4207 1975 4263 maximum
2008 4205 2105 4263 Dei

514 4310 636 4359 erat
681 4300 1032 4359 miraculum.
1080 4298 1493 4372 Cmperuntque
1541 4299 1724 4356 statim
1775 4298 2010 4356 militare
2048 4299 2104 4355 in

510 4393 734 4452 nomine
774 4390 905 4451 Jcsu
944 4392 1150 4449 Christi
1194 4402 1248 4449 et
1291 4391 1468 4451 sancti
1515 4391 1771 4463 sepulcri,
1801 4390 2107 4448 deferentes

507 4482 757 4540 lanceam
795 4484 968 4544 nostri
1011 4482 1332 4550 Salvatoris,
1376 4491 1429 4539 et
1471 4499 1639 4539 uuam
1670 4491 1879 4554 partem
1922 4482 2105 4539 crucis

2212 606 2650 665 innumerabilis.
2698 607 2950 666 Sexcenti
2994 609 3277 682 sexaginta
3322 609 3509 676 millia,
3544 611 3663 668 sicut
3681 615 3743 670 di-

2211 711 2361 759 ctum
2398 710 2503 770 est,
2531 701 2606 758 ibi
2636 700 2879 769 fuerunt,
2909 710 2964 757 ct
2993 709 3176 758 tamen
3203 717 3369 757 nemo
3406 702 3561 759 scivit
3596 721 3745 763 nume-

2212 810 2334 850 rum
2367 810 2557 850 eorum
2592 794 2698 850 uisi
2736 793 2901 850 Deus.
2944 792 3048 850 Sed
3075 795 3251 850 virtus
3284 794 3469 850 divina
3496 797 3746 855 comitaba-

2211 898 2301 944 tur
2322 904 2446 944 cum
2470 888 2697 955 nostris,
2729 904 2852 959 quae
2888 895 2996 942 tam
3037 903 3237 960 magna
3265 896 3321 942 et
3358 894 3467 942 tam
3491 887 3634 944 fortis
3657 889 3746 959 fuit,

2210 979 2355 1051 quod
2386 979 2559 1035 nostri
2595 977 3065 1050 parvipcndebaut
3110 976 3517 1033 multitudinem
3554 977 3747 1038 illorum.

2213 1071 2443 1129 Stabant
2463 1080 2645 1128 autem
2668 1071 2875 1126 inimici
2901 1068 2996 1125 Dei
3021 1070 3280 1126 cxcaccati
3307 1078 3472 1140 atque
3490 1071 3750 1142 stupefacti;

2210 1166 2457 1223 videntes
2503 1164 3034 1237 llicrosolymitanos
3080 1163 3284 1219 milites
3325 1162 3549 1232 Christi,
3590 1167 3753 1236 apertis

2210 1260 2386 1316 oculis
2421 1259 2498 1314 nil
2525 1258 2802 1325 videbant,
2830 1267 2889 1313 et
2913 1266 3102 1314 contra
3131 1256 3484 1313 Christianos
3506 1272 3562 1312 se
3587 1260 3753 1330 erigere

2209 1366 2320 1407 non
2367 1351 2664 1418 audebant,
2708 1351 2907 1406 virtute
2952 1348 3256 1407 tremefacti
3300 1348 3420 1404 Dei.
3468 1348 3580 1406 Prae
3620 1351 3753 1408 nimio

2210 1440 2407 1497 timore
2444 1441 2813 1497 ascendebant
2840 1440 2895 1496 in
2940 1441 3188 1508 arbores,
3216 1441 3271 1495 in
3304 1439 3509 1512 quibus
3541 1442 3756 1498 reconde-

2208 1533 2341 1589 baut
2363 1549 2440 1589 sc.
2490 1533 2559 1589 At
2599 1534 2772 1589 nostri
2810 1533 2934 1589 illos
2960 1533 3317 1604 sagittabant,
3341 1542 3397 1590 et
3442 1550 3560 1589 cum
3593 1534 3757 1594 lanceis

2209 1625 2530 1681 occidebant
2556 1640 2673 1682 eos.
2709 1623 2895 1682 Nostri
2926 1624 3093 1697 igitur
3118 1625 3242 1680 illos
3272 1633 3465 1696 postea
3501 1642 3618 1681 cum
3641 1627 3757 1683 cnsi-

2208 1721 2313 1778 bus
2343 1729 2400 1777 et
2432 1720 2555 1777 aliis
2580 1720 2776 1792 gladiis
2814 1718 3087 1775 frustatim
3120 1718 3540 1775 dctruneabant.
3568 1718 3661 1773 Alii
3678 1736 3755 1775 au-

2209 1820 2318 1867 tem
2351 1811 2546 1884 pagani
2568 1810 2851 1883 jactabant
2887 1824 2947 1866 se
2974 1809 3028 1864 in
3069 1818 3295 1877 terram,
3319 1825 3428 1864 non
3454 1809 3691 1865 audentes
3712 1827 3758 1867 se

2208 1904 2418 1976 erigere
2456 1913 2649 1960 contra
2691 1902 3058 1958 Christianos.
3103 1899 3290 1957 Nostri
3343 1900 3512 1970 igitur
3542 1901 3653 1957 illos
3685 1901 3758 1958 de-

2211 1996 2559 2063 truncabant,
2593 1996 2737 2052 sicut
2764 1992 2965 2067 aliquis
2987 1994 3283 2050 detruncat
3307 1992 3562 2049 animalia
3588 1991 3647 2047 ad
3668 2010 3760 2048 ma-

2208 2087 2426 2145 cellum.
2454 2087 2797 2143 Raimuudus
2820 2101 3006 2143 comes
3028 2084 3215 2141 Sancti
3235 2084 3440 2157 iEgidii
3465 2085 3614 2155 juxta
3636 2099 3759 2141 mare

2208 2181 2409 2238 occidit
2435 2196 2501 2237 ex
2547 2181 2628 2237 eis
2659 2181 2778 2238 sine
2802 2194 3054 2248 numero,
3096 2187 3151 2235 et
3183 2178 3278 2250 qui
3318 2194 3430 2233 non
3466 2187 3660 2249 poterat
3700 2175 3762 2230 fu-

2208 2287 2355 2344 gere,
2375 2270 2652 2343 mergebat
2673 2286 2731 2326 se
2752 2270 2808 2325 in
2833 2285 3007 2339 mare,
3030 2279 3124 2325 aut
3150 2267 3398 2342 fugiebat
3418 2268 3475 2322 in
3503 2267 3758 2323 civitatem.

2208 2363 2447 2420 Veniens
2489 2364 2676 2435 itaque
2710 2362 3113 2418 Ammiravisus
3148 2370 3276 2416 ante
3318 2358 3620 2416 Scaloniam
3653 2357 3764 2414 civi—

2206 2465 2396 2525 tatem,
2428 2455 2620 2512 dolens
2647 2470 2713 2511 ac
2741 2470 3004 2523 moerens,
3040 2462 3207 2525 atque
3230 2451 3584 2525 lacryxnando
3609 2451 3761 2506 dixit:

2213 2566 2233 2602 α
2264 2544 2309 2603 Ο
2333 2545 2659 2614 Machomet,
2703 2555 2758 2602 et
2789 2545 2865 2602 dii
2894 2545 3099 2613 nostri,
3126 2545 3254 2616 quis
3300 2559 3544 2615 unquam
3570 2542 3764 2609 audivit,

2206 2650 2262 2697 et
2305 2639 2440 2696 vidit
2482 2639 2652 2695 talia?
2694 2637 2851 2708 Quod
2894 2646 3047 2694 tanta
3097 2646 3365 2708 potestas,
3406 2643 3557 2691 tanta
3600 2636 3763 2700 virtus,

2206 2743 2359 2791 tanta
2383 2733 2667 2801 fortitudo,
2692 2741 2843 2789 tanta
2869 2732 3084 2800 militia,
3113 2747 3239 2803 quae
3278 2746 3563 2802 nunquam
3597 2728 3688 2784 fuit
3711 2727 3768 2782 ab

2206 2827 2319 2884 ulla
2352 2835 2513 2899 gente
2550 2834 2827 2899 superata,
2856 2824 3019 2881 modo
3048 2840 3081 2880 a
3104 2824 3318 2900 tantilla
3359 2834 3539 2892 gente,
3568 2821 3697 2894 quod
3722 2821 3766 2875 in

2206 2919 2413 2992 pugillo
2440 2927 2620 2990 potest
2640 2917 2843 2988 claudi,
2867 2925 2952 2974 est
2992 2916 3286 2989 superata?
3319 2912 3437 2970 Heu
3475 2930 3560 2969 me.
3587 2913 3767 2969 tristem

2208 3027 2275 3069 ac
2313 3011 2614 3067 dolentem!
2649 3010 2780 3082 quid
2820 3008 3057 3081 amplius
3090 3007 3308 3064 dicam’
3355 3005 3471 3062 Cur
3511 3014 3769 3076 superatus

2207 3118 2329 3160 sum
2356 3118 2388 3160 a
2416 3110 2576 3174 gente
2616 3101 2891 3169 mendica,
2929 3099 3161 3168 inerma,
3196 3108 3252 3155 et
3281 3098 3645 3170 pauperrima,
3668 3112 3771 3167 qua:

2208 3210 2319 3250 non
2353 3194 2516 3250 habet
2546 3192 2656 3250 nisi
2677 3208 2899 3249 saccum
2925 3200 2981 3249 et
3002 3208 3212 3263 peram,
3242 3200 3297 3247 et
3322 3192 3490 3247 modo
3517 3188 3770 3262 persequi-

2210 3304 2300 3352 tur
2342 3302 2556 3366 gentem
2613 3300 2861 3348 nostram
2893 3290 3296 3364 Egyptiacam,
3358 3305 3484 3360 qua:
3526 3289 3775 3345 muliones

2208 3402 2367 3447 suam
2390 3386 2793 3458 eleemosynam
2824 3383 2873 3439 ei
2901 3383 3097 3455 largita
3121 3383 3237 3439 est?
3265 3381 3371 3448 Qui
3396 3382 3527 3436 olim
3553 3396 3643 3452 per
3671 3378 3775 3434 nni-

2206 3495 2424 3537 versam
2448 3488 2691 3535 nostram
2713 3476 2946 3549 patriam
2978 3475 3383 3541 mendicabant,
3411 3483 3469 3530 et
3496 3474 3652 3529 modo
3673 3485 3776 3543 per-

2208 3580 2517 3645 sequuntur
2549 3585 2715 3642 quam
2754 3568 2955 3624 adduxi
2998 3566 3458 3624 innumerabilem
3501 3561 3778 3622 multitudi-

2207 3682 2332 3724 nem
2388 3674 2498 3721 tam
2545 3663 2780 3719 militum
2817 3677 2982 3733 quam
3028 3660 3292 3731 peditum,
3338 3660 3551 3715 scilicet
3596 3656 3779 3711 Turre-

2206 3774 2366 3825 rum,
2416 3755 2874 3820 Sarracenorum,
2925 3752 3200 3817 Arabum,
3246 3750 3689 3822 Angulauorum,
3736 3752 3781 3797 et

2206 3848 2525 3914 Curtorum,
2565 3862 2630 3903 ac
2670 3843 3023 3910 Parthorum,
3056 3842 3443 3908 Azimitarum,
3472 3850 3529 3896 et
3572 3840 3781 3893 aliorum

2207 3958 2547 4016 paganorum
2577 3960 2589 3996 :
2618 3957 2758 4012 quos
2807 3954 3000 3994 omnes
3056 3938 3285 4008 turpiter
3342 3935 3557 4007 fugere,
3606 3932 3783 3988 laxatis

2207 4032 2397 4102 frenis,
2424 4050 2521 4106 per
2548 4036 2692 4090 viam
2723 4033 3109 4106 Babylonicam
3130 4033 3309 4098 video,
3334 4033 3433 4102 qui
3468 4048 3578 4086 non
3606 4028 3785 4085 audent

2209 4142 2269 4184 se
2320 4127 2519 4184 reverti
2566 4126 2635 4182 ad
2681 4125 2997 4197 hujusmodi
3054 4125 3301 4197 fragilem
3351 4134 3594 4196 gentem.
3646 4121 3785 4176 Hodo

2208 4234 2447 4290 namque
2476 4218 2604 4290 juro
2646 4234 2744 4290 per
2788 4218 3125 4286 Machomet,
3170 4226 3225 4273 et
3273 4233 3371 4287 per
3419 4218 3651 4273 deorum
3696 4229 3785 4269 nu-

2208 4312 2379 4377 mina,
2405 4311 2552 4383 quod
2577 4311 2807 4368 ulterius
2833 4326 2943 4366 non
2968 4310 3213 4366 retinebo
3236 4309 3442 4364 milites
3472 4309 3541 4363 ad
3571 4323 3789 4363 conven-

2208 4403 2415 4460 tionem
2441 4404 2702 4475 aliquam,
2730 4403 3170 4477 quandoquidem
3193 4403 3443 4473 dejectus
3470 4420 3595 4459 sum
3618 4403 3686 4456 ab
3704 4401 3792 4455 hac

2208 4498 2543 4555 inertissima
2570 4507 2746 4570 gente.
2786 4497 2900 4570 Ego
2930 4514 3167 4569 namque
3210 4497 3319 4553 huc
3353 4496 3601 4554 conduxi
3629 4494 3791 4551 omnia

512 4573 690 4645 ipsius
732 4574 1054 4642 Salvatoris,
1086 4590 1254 4645 quam
1293 4575 1411 4647 ipse
1449 4574 1762 4645 patriarcha
1802 4572 2101 4630 deferebat.

2211 4606 2489 4649 armorum
2528 4606 2749 4663 genera,
2789 4599 2844 4645 et
2891 4590 3077 4646 omnia
3124 4589 3499 4645 instrumenta
3541 4589 3659 4644 sive
3689 4599 3792 4640 ma-

510 4666 575 4726 ln
604 4669 831 4727 sinistra
858 4679 1013 4742 parte
1040 4666 1145 4723 fuit
1167 4667 1279 4723 dux
1306 4664 1638 4722 Codefridus
1667 4682 1793 4723 cum
1822 4682 1921 4722 sua
1965 4666 2103 4735 acie,

506 4777 806 4834 comesque
828 4761 1172 4819 Raimundus
1200 4758 1389 4817 Sancti
1420 4758 1622 4831 [Egidii
1652 4760 1916 4832 equitavit
1947 4760 2104 4832 juxta

509 4869 667 4911 mare
715 4855 773 4911 in
814 4854 1037 4914 dextera
1089 4862 1273 4925 parte,
1322 4868 1508 4908 comes
1550 4850 1992 4922 Nortbmanniaz,
2049 4861 2106 4909 et

506 4946 866 5004 Flandrensis
906 4960 1113 5011 comes,
1136 4955 1191 5001 ct
1212 4944 1564 5013 Eustachius,
1596 4954 1650 5001 et
1677 4944 2017 5014 Tancredus,
2048 4954 2104 5002 et

508 5039 713 5099 Gastos
741 5039 810 5096 de
837 5038 1042 5105 Biarzt,
1065 5047 1120 5094 et
1149 5054 1341 5095 omnes
1372 5039 1463 5095 alii
1489 5040 1874 5111 equitaverunt
1903 5040 1959 5095 in
1986 5055 2103 5095 me-

510 5133 623 5190 dio.
660 5131 818 5189 Tunc
844 5132 1021 5191 nostri
1051 5131 1312 5203 paulatim
1341 5142 1626 5205 coeperunt
1651 5132 1718 5188 ad
1749 5132 1952 5189 bellum
1976 5149 2103 5204 per-

515 5240 665 5297 gere.
716 5222 922 5295 Pagaui
978 5240 1217 5295 namque
1275 5226 1494 5281 stabant
1535 5225 1713 5297 parati
1761 5225 1828 5282 ad
1875 5225 2101 5283 bellum.

512 5314 912 5389 Unusquisque
954 5332 1053 5373 vas
1101 5332 1264 5374 suum
1298 5317 1535 5376 habebat
1572 5334 1901 5390 suspensum
1937 5312 2101 5388 collo,

510 5425 580 5467 ex
628 5423 742 5483 quo
782 5408 1012 5479 biberet,
1058 5409 1190 5468 dum
1240 5425 1366 5468 cum
1412 5410 1743 5469 Christianis
1787 5412 2106 5485 praeliaren-

510 5513 623 5562 tur.

510 5594 621 5657 Hic
646 5596 837 5669 incipit
867 5595 1061 5653 bellum
1090 5606 1276 5653 contra
1325 5595 1522 5653 Turcos
1556 5606 1607 5655 et
1647 5606 1867 5656 caeteras
1904 5605 2100 5670 gentes.

582 5687 736 5759 Quos
763 5687 1059 5747 Rotbertus
1081 5688 1433 5747 Flandrensis
1460 5689 1627 5747 nimis
1653 5691 1855 5747 acriter
1879 5690 2100 5759 invasit,

509 5779 940 5856 Tancredusque
960 5792 1016 5841 et
1035 5799 1229 5840 omnes
1267 5784 1361 5840 alii
1396 5782 1668 5840 similiter.
1711 5783 1987 5839 Continuo
2011 5800 2127 5856 par

510 5875 637 5951 geni
685 5876 789 5937 hoc
818 5876 1087 5948 videntes,
1136 5876 1377 5934 inierunt
1423 5874 1627 5948 fugam.
1670 5876 1818 5934 Bella
1864 5893 2100 5950 namque

2212 4685 2425 4752 chinas,
2449 4693 2504 4743 et
2543 4685 2730 4740 omnia
2752 4685 2967 4739 vincula
2996 4683 3192 4752 ferrea,
3224 4700 3349 4739 cum
3384 4685 3596 4755 quibus
3626 4678 3795 4754 putavi

2210 4794 2307 4834 eos
2332 4778 2532 4833 dueere
2561 4777 2753 4850 ligatos
2775 4776 3149 4849 Babyloniam,
3176 4777 3259 4832 vel
3287 4784 3346 4832 ut
3376 4792 3475 4831 eos
3497 4775 3795 4832 obsiderent

2208 4871 2264 4925 in
2291 4868 2653 4935 Hierusalem,
2677 4877 2733 4924 et
2764 4869 2839 4923 illi
2864 4879 3052 4925 contra
3081 4884 3166 4923 me
3196 4876 3474 4924 venerunt
3511 4868 3583 4922 ad
3617 4865 3796 4921 bellum

2207 4963 2403 5020 itinere
2437 4964 2673 5020 duorum
2704 4962 2939 5029 dierum,
2971 4972 3033 5019 ut
3070 4962 3201 5035 quid
3232 4962 3367 5016 mihi
3399 4971 3557 5017 esset
3606 4962 3652 5018 si
3690 4958 3797 5011 ilico

2206 5058 2449 5114 rusalem
2499 5065 2712 5127 gentem
2755 5072 2933 5110 meam
2980 5054 3382 5110 conducerent?
3420 5052 3545 5109 Hoc
3589 5055 3799 5113 scilicet,

2209 5148 2355 5219 quoi
2388 5162 2567 5217 neque
2595 5162 2717 5219 ego,
2758 5162 2859 5201 nec
2892 5162 3035 5200 unus
3064 5161 3338 5209 meorum,
3372 5153 3432 5198 ut
3465 5146 3666 5208 credo,
3696 5140 3800 5195 inde

2210 5238 2440 5295 evadere
2461 5238 2748 5310 potuisset.
2775 5235 2916 5303 Quid
2941 5236 3175 5307 amplius
3201 5236 3416 5291 dicam?
3436 5234 3801 5292 Dedecoratus

2207 5346 2307 5388 ero
2332 5347 2549 5401 semper
2594 5329 2650 5384 in
2698 5338 2810 5385 tota
2839 5338 2982 5385 terra
3017 5326 3349 5400 Babyloniae.
3381 5346 3399 5379 ι
3436 5325 3657 5399 Sicque
3697 5324 3803 5380 fetil

2209 5422 2374 5478 linem
2406 5421 2587 5477 dictis.
2642 5418 2794 5475 Unus
2832 5428 3014 5475 autem
3062 5426 3382 5474 nostrorum
3413 5422 3647 5491 accepit
3675 5428 3803 5474 stan—

2208 5513 2404 5571 darum
2441 5512 2792 5569 Ammiravisi
2819 5553 2834 5580 ,
2863 5512 3098 5585 desuper
3123 5511 3273 5582 quod
3303 5520 3695 5572 erataureum
3725 5524 3805 5581 po-

2206 5621 2409 5661 mum:
2464 5605 2620 5661 hasta
2668 5621 2802 5661 vero
2870 5612 2982 5660 tota
3036 5612 3297 5674 cooperta
3346 5616 3618 5675 argento.
3668 5600 3803 5672 Quod

2205 5702 2514 5753 stantarum
2552 5695 2697 5767 apud
2747 5712 2850 5752 nos
2897 5695 3099 5752 dicitur
3142 5694 3431 5761 vexillum,
3491 5698 3649 5768 quod
3692 5694 3802 5751 emit

2203 5803 2390 5844 comes
2421 5786 2717 5844 Rotbertus
2740 5786 3269 5855 Nortbmanuorum,
3293 5786 3491 5843 dando
3514 5790 3592 5844 20
3614 5803 3804 5845 marces

2202 5878 2437 5950 argenti,
2463 5880 2719 5953 deditque
2741 5879 3075 5938 monasterio
3102 5878 3282 5936 sancti
3315 5881 3574 5951 sepulcri
3626 5881 3802 5937 Ensem
