3804 6312
65 389 139 444 821
554 378 924 436 FULCHERII
959 378 1264 435 CARNOT.
1307 377 1486 435 HIST.
1526 375 1894 433 HIEROSOL.
1944 407 2001 416 —
2032 375 2316 433 ΝΟΤΙΤΙᾹ
2353 375 2418 430 IN
2456 362 2725 432 FULCII.‘

3174 376 3280 434 823

60 515 238 574 quoque
275 497 516 552 similiter
551 497 897 552 Ammiravisi
952 497 1178 566 quidam
1243 496 1583 566 peregrinus,
1618 503 1662 560 Α
1690 495 1807 548 Alia
1851 509 1981 548 vero
2023 510 2146 564 qua:
2188 493 2485 549 noluerunt
2523 491 2752 548 insimul
2787 501 3280 564 congregaverant,

59 593 203 648 dando
249 587 516 659 sexaginta
574 587 872 659 bysantios.
930 585 1185 656 Superati
1229 587 1414 656 itaque
1461 594 1591 640 sunt

59 684 146 739 Deo
162 682 444 752 adjuvante,
470 695 661 735 omnes
681 681 855 737 nostri
887 680 1116 748 inimici,
1140 694 1208 735 eo
1228 688 1419 736 tenore
1442 679 1590 750 quod

57 775 247 847 amplius
287 774 535 829 virtutem
589 784 778 829 contra
823 790 925 830 nos
965 791 1075 829 non
1112 773 1334 828 habent.
1385 771 1592 828 Omnes

57 859 158 926 vero
184 883 331 923 naves
361 868 427 922 de
467 867 616 922 omni
645 875 792 923 terra
833 883 1169 938 paganorum
1217 867 1444 923 aderant
1489 865 1587 922 ibi.

57 962 139 1017 Sed
170 968 329 1015 nautae
368 959 584 1014 illarum
625 968 919 1030 postquam
969 959 1222 1014 viderunt
1262 958 1591 1012 Ammiravi-

55 1070 149 1110 sum
178 1069 288 1107 cum
323 1067 424 1108 suo
450 1037 696 1108 exercitu
733 1051 1051 1123 fugientem,
1073 1051 1258 1107 statim
1285 1050 1588 1121 suspende-

53 1154 152 1198 runt
190 1144 314 1210 vela,
349 1143 1105 1215 ipsumqueAmmiravisum
1155 1143 1481 1212 recipientcs
1533 1141 1588 1195 in

56 1238 240 1291 navibus
273 1238 400 1302 suis,
449 1237 721 1292 miserunt
761 1253 822 1293 se
867 1237 922 1291 in
965 1237 1076 1292 alta
1118 1236 1314 1290 maria.
1366 1234 1590 1289 Reversi

53 1337 152 1380 sunt
179 1327 343 1398 itaque
368 1327 544 1382 nostri
584 1328 653 1382 ad
679 1343 870 1383 eorum
905 1326 1158 1393 tentoria,
1183 1334 1238 1381 et
1261 1332 1594 1396 acceperunt

54 1422 288 1475 innumera
334 1420 504 1491 spolia
540 1419 658 1476 auri
706 1429 760 1476 et
807 1419 1040 1490 argenti,
1083 1427 1137 1474 et
1179 1417 1495 1490 palliorum,
1536 1423 1592 1472 et

54 1514 300 1581 mulorum,
337 1523 389 1569 et
415 1513 717 1568 multorum
763 1513 1034 1568 honorum
1074 1511 1291 1567 cumula
1320 1553 1335 1578 ,
1384 1509 1592 1564 scilicet

52 1620 204 1673 equos,
227 1613 276 1658 et
311 1603 505 1671 mulos,
540 1612 595 1660 et
633 1604 894 1669 camelos,
939 1611 993 1658 et
1037 1618 1190 1668 oves,
1223 1611 1276 1657 et
1319 1603 1506 1666 boves,
1537 1610 1590 1656 et

53 1695 291 1762 asinos,et
319 1696 486 1751 multa
531 1695 815 1751 animalia.
857 1695 1060 1752 Omnes
1099 1702 1314 1752 montes
1352 1710 1590 1765 namque

51 1799 90 1841 et
107 1788 263 1855 colles,
293 1797 342 1843 et
364 1788 546 1843 omnia
575 1787 738 1859 plana
762 1789 983 1845 stabant
1007 1796 1263 1860 cooperta
1295 1789 1362 1843 de
1403 1787 1589 1842 multi-

1693 587 1878 657 ibique
1900 586 1955 640 in
1979 587 2156 658 ignem
2184 586 2473 642 miserunt.
2502 585 2724 641 Reversi
2749 596 2879 644 sunt
2896 597 3078 643 autem
3101 587 3292 642 nostri.

1691 687 1937 742 laetantes
1967 693 2022 759 et
2063 682 2361 753 gaudentes
2405 682 2461 736 in
2485 689 2732 736 sanctam
2771 679 3050 735 civitatem
3079 676 3281 736 Hierus-

1694 779 1887 844 salem,
1913 775 2146 832 devictis
2173 774 2430 830 omnibus
2457 772 2682 846 paganis
2708 792 2720 827 :
2754 771 3066 828 deferentes
3089 787 3288 827 secum

1694 871 1864 925 multa
1891 869 2058 935 bona,
2085 868 2293 923 scilicet
2313 867 2553 922 camelos
2577 874 2632 920 et
2661 864 2848 921 asinos
2886 871 3116 920 onustos
3143 879 3282 934 pane

1693 964 1964 1030 hiscocto,
1985 972 2039 1018 et
2061 960 2261 1036 farina,
2285 970 2338 1016 et
2366 959 2661 1024 frumento,
2686 967 2740 1013 et
2761 973 2943 1024 caseo,
2967 966 3021 1013 et
3045 973 3206 1028 pane,
3227 965 3283 1012 et

1695 1055 1836 1122 oleo,
1875 1063 1930 1109 et
1959 1053 2216 1108 omnibus
2252 1051 2413 1107 bonis
2448 1065 2572 1120 quae
2610 1048 2719 1104 illis
2757 1057 2915 1104 erant
2945 1045 3278 1102 necessaria.

1695 1144 1852 1200 Unde
1877 1153 2028 1199 tanta
2056 1151 2139 1197 est
2161 1151 2280 1197 orta
2309 1141 2560 1196 fertilitas
2582 1139 2725 1194 inter
2744 1136 3112 1202 Christianos,
3134 1135 3282 1206 quod

1695 1240 1794 1295 hos
1823 1253 1924 1309 pro
1953 1245 2078 1294 octo
2101 1235 2344 1291 nummis
2371 1235 2456 1289 vel
2478 1234 2663 1288 decem
2693 1230 2881 1286 haberi
2910 1235 3141 1299 poterat.
3169 1227 3282 1282 Mo-

1692 1331 1819 1386 dius
1846 1343 1977 1384 vero
2005 1327 2266 1383 frumenti
2295 1342 2394 1398 pro
2421 1326 2488 1380 12
2523 1324 2786 1389 nummis,
2818 1322 3034 1376 modius
3063 1333 3288 1389 quoque

1693 1422 1886 1478 hordei
1918 1437 2019 1494 pro
2041 1430 2187 1477 octo.
2212 1419 2372 1487 Quod
2400 1419 2618 1474 tandem
2646 1433 2714 1472 ne
2745 1417 2990 1488 ignotum
3021 1413 3091 1467 sit
3117 1409 3281 1466 Clu-i-

1693 1515 1888 1571 slianis
1922 1513 2203 1580 omnibus,
2241 1512 2418 1568 sciant
2446 1511 2552 1565 hoc
2591 1508 2794 1564 bellum
2825 1505 3029 1560 factum
3061 1517 3185 1559 esse
3216 1501 3282 1554 19

1693 1606 1812 1662 Kal.
1839 1605 2176 1677 Septembris
2197 1605 2252 1660 in
2276 1604 2459 1674 vigilia
2483 1600 2845 1658 sanctissimae
2883 1596 2978 1652 Dei
3003 1593 3283 1666 genitricis

1692 1695 1896 1764 Mariae,
1924 1711 2070 1751 anno
2101 1695 2171 1750 ab
2197 1693 2578 1750 incarnatione
2607 1689 2823 1746 Domini
2854 1688 2990 1744 l099
3021 1691 3284 1757 regnante

1694 1788 1926 1844 Domino
1952 1798 2143 1843 nostro
2165 1785 2294 1842 Jesu
2325 1785 2568 1851 Christo,
2596 1783 2686 1839 cui
2726 1791 2810 1837 est
2832 1781 3008 1835 honor
3037 1786 3088 1832 et
3110 1774 3286 1846 gloria

52 1880 198 1934 tudine
224 1880 534 1934 animalium
562 1899 575 1934 :
603 1890 659 1936 et
689 1881 1015 1936 invenerunt
1035 1895 1318 1935 armorum
1339 1878 1582 1943 cumula,
1617 1877 1659 1934 Β
1684 1897 1781 1954 per
1809 1879 2250 1936 inlinitasaacula
2275 1877 2621 1946 saeculorum.
2658 1872 2853 1930 Amen.

50 1986 236 2041 quarum
257 1988 371 2043 qua:
399 1973 696 2028 voluerunt
716 1973 784 2028 de
814 1972 920 2028 illis
956 1971 1198 2044 recipere
1221 1970 1582 2026 retinuerunt.

307 2086 433 2142 Ilaec
462 2089 528 2142 de
559 2087 1049 2154 Hierosolymitano
1069 2087 1256 2140 itinere
1289 2083 1344 2138 in
1382 2081 1550 2154 tribus
1585 2079 1756 2154 annis,
1783 2087 1832 2133 et
1863 2075 2173 2154 liberatione
2198 2075 2476 2154 civitatum
2498 2071 2644 2126 dicta
2665 2070 2945 2141 sufﬁciant.

802 2145 906 2213 per
931 2159 1113 2212 arnm'a
1143 2156 1442 2212 benedictus
1467 2152 1629 2220 Dens,
1661 2149 1752 2222 qui
1777 2147 2001 2203 tradidit
2032 2147 2243 2217 impios.
2277 2145 2463 2198 Amen.

63 2314 410 2343 ==—'_—=

410 2517 1444 2676 FULCHERII
1553 2501 2878 2670 CARNOTENSIS

235 2798 1125 2916 HISTORIA
1242 2781 3065 2911 HIEROSOLYMITANA

978 3013 1087 3083 Ab,
1115 3027 1286 3076 anno
1318 3010 1472 3074 1095
1496 3011 1574 3074 ad
1601 3025 1844 3073 annum
1873 3023 2084 3088 usque
2116 3005 2292 3068 1127‘.

49 3174 320 3246 (θυεηεεκεν
346 3175 980 3260 ιιεεεκιῖναηςκεσνεριιι
1009 3173 1100 3260 ιγ,
1133 3174 1260 3242 διδ,
1291 3189 1359 3230 εκ
1387 3182 1605 3260 νςιυειο
1643 3171 1832 3260 edes:
1867 3164 2635 3260 ins'-°°‘?'!§’.l?i.i____s'.9'_‘i_‘l‘_iﬂ§
2673 3164 3159 3260 erasae???
3179 3160 3284 3218 να·

129 3237 411 3306 ι’ωιεωξ-
437 3249 664 3306 Initium
694 3237 938 3306 historiae
966 3237 1136 3319 hujus
1171 3237 1354 3319 usque
1376 3245 1445 3300 ad
1485 3260 1606 3319 cap.
1655 3244 1722 3300 19
1764 3243 1891 3298 libri
1930 3257 2039 3319 te;
2083 3240 2319 3295 editione
2343 3237 2638 3319 iiongarsii
2682 3237 3029 3319 desumptum
3069 3241 3176 3302 est,

216 3323 336 3394 quia
361 3322 415 3377 in
442 3337 551 3378 ms.
588 3320 777 3379 codice
797 3321 1002 3388 deerat;
1031 3309 1241 3390 reliqua
1260 3309 1434 3374 'editis
1456 3309 1906 3454 auc'tioradsun;,
1940 3312 2274 3384 adjectaeque
2301 3309 2730 3381 etiam‘eapitum
2762 3309 3072 3378 inscriptio-

1424 3403 1522 3443 nes
1551 3402 1618 3442 ex
1642 3401 1708 3442 co
1748 3401 1847 3440 tce.

836 3733 1346 3830 NOTITIA
1425 3734 1548 3823 IN
1632 3733 2464 3824 FULCHERIUM.

709 3952 954 4018 (Fabric.
997 3951 1253 4008 Biblioth.
1305 3949 1442 4004 med.
1493 3956 1544 4002 et
1585 3947 1683 4018 inf.
1728 3945 1883 4013 Lat.,
1924 3956 2054 4002 tom.
2111 3944 2183 4013 ll,
2231 3961 2352 4018 pag.
2395 3943 2562 4015 2H.)

1475 4101 1781 4119 ﬂ

104 4255 383 4314 Fulcherius
422 4257 787 4316 Carnotensis
863 4258 1162 4315 Robertum
1217 4257 1592 4314 Northmanite
1619 4267 1661 4326 ο
1693 4272 2082 4329 annorumque
2109 4257 2267 4325 1125,
2301 4256 2440 4312 1126
2461 4266 2516 4314 ct
2542 4257 2700 4326 1127,
2729 4273 2760 4312 a
2791 4257 3050 4331 pag..879
3065 4258 3134 4314 ad
3154 4259 3282 4316 889's

53 4344 206 4403 ducem
243 4367 326 4406 an.
354 4351 514 4420 l095,
556 4358 776 4407 secutus
811 4351 868 4405 in
900 4349 1270 4418 Palatstinam,
1301 4360 1354 4406 et
1392 4350 1590 4406 deinde

51 4441 164 4510 regis
188 4441 418 4500 Balduini
453 4444 476 4498 1
501 4453 557 4500 et
585 4441 630 4498 11
660 4445 996 4515 capellanus,
1034 4445 1182 4501 circa
1209 4460 1418 4500 annum
1449 4444 1588 4498 1127

54 4532 230 4602 scripsit
252 4535 401 4592 Gesta
424 4539 880 4609 peregrinantium
905 4536 1238 4592 Francorum
1273 4553 1394 4591 cum
1423 4538 1588 4592 armis

56 4619 338 4683 Hierusalem
358 4631 711 4702 pergentium,
728 4630 843 4686 sive
867 4628 1168 4686 llistoriam
1191 4629 1588 4702 Hierosolymi-

56 4719 202 4771 lanam
234 4728 283 4774 et
314 4735 399 4776 res
446 4721 651 4792 quibus
687 4720 805 4790 ipse
851 4720 1212 4788 interfuerat;
1252 4721 1401 4791 quod
1450 4736 1590 4792 opus

53 4804 105 4858 ab
127 4823 251 4865 anno
276 4812 406 4870 1095
436 4815 504 4870 ad
538 4814 677 4870 1121
711 4813 925 4886 primus
947 4813 1002 4868 in
1032 4814 1211 4869 lucem
1247 4815 1476 4885 protulit
1497 4813 1592 4870 Ja-

55 4897 192 4956 cobus
217 4902 537 4978 Bongarsius
567 4908 622 4962 in
650 4906 829 4964 Gestis
858 4906 956 4962 Dei
977 4923 1073 4978 per
1101 4906 1345 4963 Francos
1369 4907 1588 4977 tomol,

54 5003 149 5062 1³³8.
189 4995 434 5069 581440,
485 5002 722 5057 divisum
780 5002 835 5056 in
878 5001 1056 5071 capita
1097 5001 1192 5057 St’i.
1217 5000 1429 5072 Gaspar
1458 4999 1590 5056 Bar-

56 5081 175 5140 thius
203 5091 376 5148 codice
423 5094 723 5150 Basileensi
776 5095 908 5164 (non
941 5096 1186 5150 auctiore
1219 5094 1422 5167 tamen)
1455 5111 1590 5150 usus

57 5173 208 5234 divisit
229 5183 276 5236 in
299 5187 472 5256 capita
502 5188 570 5243 99
600 5187 1006 5258 illustravitquc
1032 5187 1196 5255 notis,
1223 5203 1361 5259 quas
1385 5205 1450 5243 ex
1481 5204 1586 5244 ms.

57 5263 348 5332 bibliotheca:
379 5277 640 5351 ittigianae
661 5280 958 5351 publicavit
977 5278 1218 5336 Joannes
1251 5279 1448 5337 Petrus
1477 5280 1580 5336 Lu-

59 5356 198 5436 dewig
223 5375 360 5424 ιοωο
383 5369 446 5423 111
467 5372 820 5444 reliquiarum
849 5382 1142 5442 mstorum,
1166 5383 1294 5442 etc.,
1313 5390 1436 5445 pag.
1452 5375 1589 5429 291-

60 5447 158 5507 560.
203 5458 344 5528 Apud
374 5462 640 5519 Andream
677 5480 810 5520 vero
831 5463 1140 5532 Duchesne,
1171 5475 1321 5520 tomo
1349 5465 1413 5520 IV
1440 5467 1590 5522 Scri-

60 5552 237 5607 Ptorum
271 5552 334 5607 de
357 5555 515 5612 rebus
561 5555 844 5614 Francicis
891 5574 1013 5629 pag.
1043 5558 1168 5627 816,
1194 5567 1373 5614 exstat
1399 5559 1588 5614 eadem

1693 4351 1848 4412 Libe:
1916 4352 2125 4412 trimus
2171 4351 2363 4423 incipit
2410 4352 2480 4408 ab
2520 4368 2666 4408 anno
2704 4353 2863 4422 1095,
2889 4353 3166 4410 secundus
3215 4354 3285 4410 ab

1693 4445 1854 4504 inliso
1881 4445 2037 4506 rami
2078 4445 2330 4502 Balduini
2364 4445 2404 4514 l,
2433 4447 2538 4502 hoc
2582 4455 2668 4504 est
2701 4447 2770 4502 ab
2794 4463 2940 4502 anno
2971 4447 3106 4501 1100
3148 4448 3284 4519 (edi~

1694 4538 1863 4594 tionis
1899 4537 2290 4610 Bongarsianae
2319 4540 2496 4610 capite
2529 4539 2621 4611 22)
2646 4557 2660 4606 ;
2690 4539 2826 4594 liber
2849 4539 3038 4594 tertius
3067 4539 3138 4593 ab
3179 4537 3286 4592 ini-

1696 4629 1771 4685 tio
1795 4627 2049 4684 Balduini
2077 4628 2145 4695 ll,
2173 4628 2238 4684 Α.
2271 4630 2408 4685 1118
2439 4630 2718 4702 (editionis
2744 4630 3132 4701 Bongarsianae
3164 4645 3284 4684 me-

1693 4722 1786 4778 dio
1840 4722 2018 4792 capite
2070 4723 2200 4790 44).
2254 4721 2499 4794 Denique
2559 4723 2942 4794 Praefationem
2991 4741 3055 4777 ex
3099 4722 3285 4777 codice

1697 4816 1754 4872 S.
1781 4816 2041 4872 Germani
2088 4833 2116 4872 a
2159 4815 2338 4873 Pratis
2390 4818 2632 4890 vulgavit
2670 4817 2993 4872 Edmundus
3043 4813 3286 4870 Martene

1695 4918 1845 4964 tomo
1880 4908 1920 4963 1.
1946 4908 2237 4976 Anecdot.,
2286 4926 2340 4980 p.
2388 4910 2493 4963 564
2524 4926 2666 4980 seq.,
2720 4909 2906 4978 inqua
2959 4905 3284 4961 Fulcherius

1693 5002 1769 5057 ait
1796 5002 2126 5072 camparium
2173 5002 2390 5055 sacram
2418 5001 2770 5072 quorumdam
2797 4999 3134 5070 pulsantibus
3165 5013 3289 5068 pre-

1695 5094 1864 5161 cibus,
1896 5094 2180 5165 aliquoties
2215 5103 2436 5161 motum,
2465 5110 2530 5148 ea
2560 5110 2618 5147 se
2641 5108 2764 5163 qua:
2805 5091 2980 5148 oculis
3025 5091 3143 5161 ipse
3167 5091 3284 5146 suis

1695 5189 2054 5259 perspexerit,
2083 5187 2218 5258 stylo
2257 5189 2546 5253 rusticano,
2576 5196 2748 5240 tamen
2774 5186 2966 5252 veraci,
3005 5184 3288 5256 diligenter

1695 5283 1995 5353 digessisse.
2033 5279 2100 5335 Ut
2128 5297 2158 5335 a
2190 5279 2387 5336 Vossio
2420 5289 2667 5334 notatum
2717 5286 2823 5345 est,
2869 5269 3287 5353 reprehenditur

1693 5373 2021 5428 Fulcherius
2055 5388 2086 5426 a
2111 5371 2370 5426 Guihcrto
2406 5371 2602 5425 abbate
2649 5369 2703 5424 in
2742 5369 2898 5425 bellis
2927 5369 3286 5426 Antiochenit

1695 5483 1814 5536 cap.
1845 5465 1934 5531 29,
1966 5464 2056 5532 50,
2085 5465 2148 5518 51
2185 5473 2239 5518 et
2271 5464 2360 5519 58.
2392 5462 2498 5518 Sed
2544 5480 2576 5518 a
2617 5463 2761 5518 bona
2807 5462 2912 5517 iide
2958 5478 3086 5520 eum
3130 5477 3285 5518 com-

1697 5560 1915 5616 mendat
1945 5556 2239 5612 Ordericus
2272 5556 2485 5622 Vitalis,
2513 5558 2607 5611 lib.
2638 5573 2692 5611 ιχ
2717 5555 2970 5612 Historiae
2997 5555 3289 5611 ecclesias-

64 5631 288 5738 Fuielterii
327 5645 556 5705 Historia
602 5627 1118 5724 Hierosolymitana,
1149 5668 1216 5706 ex
1259 5653 1448 5708 codice
1475 5670 1588 5710 C(B-
1622 5627 1666 5682 θ
1693 5652 1850 5718 tiae;
1886 5651 2012 5705 item
2045 5649 2349 5705 Guilelmus
2385 5649 2915 5715 Malmesburiensis,
2961 5649 3054 5702 lib.
3091 5664 3143 5701 ιν
3187 5646 3285 5718 qui

65 5731 254 5826 S.
282 5737 603 5804 Quintinide
631 5744 815 5800 Monte
860 5761 1029 5816 pr0pe
1079 5745 1348 5801 Peronam
1383 5747 1587 5802 tributa
1692 5743 1841 5799 addit
1868 5759 2027 5798 usum
2059 5757 2183 5797 esse
2237 5741 2381 5812 stylo
2421 5759 2526 5796 non
2559 5742 2771 5811 quidem
2815 5741 3033 5813 agresti,
3086 5739 3178 5793 sed
3228 5746 3288 5792 ut

69 5819 112 5870 in
133 5819 278 5884 libros
301 5840 425 5900 tres,
451 5847 501 5891 ct
531 5838 743 5894 auctior
771 5845 1014 5894 extrema
1065 5847 1218 5909 parte
1274 5840 1590 5909 ailniil‘Zi,
1695 5838 1802 5894 dici
1865 5837 1998 5892 solet
2051 5837 2167 5893 sine
2208 5835 2384 5893 nitore
2437 5844 2494 5892 et
2554 5837 2839 5908 palaestra,
2891 5844 2940 5888 et
2999 5834 3088 5905 qui
3151 5831 3290 5887 alios
