3804 6312
99 357 182 416 895

855 351 1230 414 FULCHEIIII
1263 354 1568 414 CABNOT.
1606 353 1804 411 lilST.‘
1840 355 2210 422 IllEROSOL.
2247 389 2317 399 —
2353 354 2482 412 LIB.
2505 355 2560 426 ¹Ι.

104 478 3254 518 amca—am

499 678 1508 845 romani“:
1583 729 2864 858 CABNOTENSIS

215 985 1128 1105 HISTORIA
1226 986 3148 1174 HIEBOSOLYMITANA.

922 1455 1385 1548 INCIPIT
1455 1458 1817 1553 LIBER
1889 1465 2381 1558 PRIMUS.

543 1662 780 1722 CAPUT
818 1661 1110 1722 PRIMUM.

131 1761 263 1815 Anno
288 1757 354 1816 ab
389 1755 776 1816 lncarnatione
804 1757 1021 1814 Domini
1052 1757 1345 1815 millesimo
1372 1773 1619 1832 nonage-

76 1851 186 1908 simo
210 1851 403 1922 quinto,
427 1862 695 1924 regnante
726 1853 782 1909 in
813 1855 1136 1913 Alemannia
1164 1857 1424 1917 llainrico
1448 1861 1620 1934 impe-

76 1951 218 2000 ratore
253 1943 409 2012 dicto,
439 1945 494 2000 in
525 1943 764 2002 Francia
790 1962 918 2018 rege
941 1946 1194 2021 Philippo
1231 1967 1359 2008 cum
1389 1953 1446 2009 in
1490 1954 1619 2010 uni-

75 2035 210 2092 versis
235 2034 450 2107 Europae
479 2037 734 2108 partibus
777 2039 920 2095 mala
949 2042 1294 2112 multimoda,
1327 2046 1619 2104 vacillante

73 2128 166 2196 ﬁde,
188 2130 548 2198 inolescerent,
589 2142 826 2204 praeerat
857 2133 977 2190 urbi
1015 2134 1205 2194 Roma:
1232 2145 1373 2210 papa
1415 2155 1617 2196 secun-

72 2223 150 2277 dus
169 2221 418 2290 Urbanus,
448 2225 533 2280 vir
556 2226 816 2298 egregius
841 2228 953 2283 vita
977 2237 1032 2284 et
1061 2232 1334 2300 moribus,
1358 2234 1452 2305 qui
1480 2250 1620 2290 sem-

70 2328 143 2384 per
164 2313 392 2371 Ecclesia:
417 2325 630 2373 sancta:
647 2326 849 2374 statum
877 2320 1176 2380 sublimius
1200 2325 1618 2394 provehendum

68 2421 197 2474 super
227 2410 397 2462 omnia
426 2409 684 2465 consulte
730 2424 796 2466 ac
845 2420 1068 2470 strenue
1097 2417 1371 2474 moderari
1399 2419 1612 2491 sategit.

68 2493 228 2555 Videus
267 2507 441 2556 autem
487 2500 928 2561 Christianitatis
971 2504 1133 2562 ﬁdem
1191 2511 1491 2567 enormiter
1545 2511 1617 2568 ab

65 2595 292 2662 omnibus,
348 2607 456 2653 tam
506 2599 664 2655 clero
693 2614 862 2670 quam
915 2602 1138 2672 populo,
1164 2605 1528 2674 pessumdari,
1559 2616 1617 2664 et

64 2695 286 2744 ten-arum
313 2689 660 2762 principibus
690 2690 1032 2748 incessanter
1061 2696 1360 2752 certamine
1395 2696 1612 2765 bellico,

66 2795 179 2836 nunc
219 2781 330 2838 istis
365 2799 514 2840 nunc
559 2783 678 2839 illis
713 2783 858 2840 inter
877 2801 939 2841 se
981 2785 1396 2855 dissidentibus,
1423 2805 1612 2860 pacem

64 2873 246 2930 omnino
289 2877 572 2947 postponi;
631 2877 777 2934 bona
825 2887 986 2934 terrze
1033 2879 1345 2942 alternatim
1409 2882 1610 2954 diripi,

1655 1670 1951 1743 Aexplosa
2001 1674 2273 1744 eluvione,
2323 1678 2550 1749 reperiri
2581 1680 2781 1751 optavi.
2816 1682 2974 1750 Quod
3020 1684 3066 1741 si
3111 1687 3316 1759 aliquid

1724 1761 2016 1834 gibbosum
2042 1765 2126 1819 vel
2163 1774 2492 1836 tortuosum,
2531 1770 2798 1827 modestia
2835 1774 3063 1830 rationis
3088 1776 3319 1846 justitite

1722 1863 1952 1922 semota,
1984 1866 2173 1912 contra
2197 1857 2368 1929 legem
2396 1858 2488 1914 Dei
2517 1861 2772 1934 obsistat,
2796 1876 3066 1936 praesente
3099 1868 3319 1924 subfra-

1720 1948 1939 2020 gamiue
1963 1948 2170 2017 divino,
2197 1951 2487 2024 diligenter
2514 1956 2770 2024 expedire
2811 1967 3080 2030 satagam.
3132 1960 3319 2017 Domi-

1721 2057 1827 2098 nus
1849 2041 1996 2098 enim
2022 2059 2188 2114 supra
2226 2043 2489 2100 familiam
2523 2062 2702 2116 suam,
2732 2061 2791 2104 ut
2833 2051 2883 2105 ei
2927 2067 3026 2122 pro
3069 2062 3318 2123 tempore

1718 2134 1918 2205 pabula
1941 2136 2189 2194 modesto
2214 2152 2410 2207 sapore
2436 2139 2654 2195 condita
2680 2142 3028 2211 ministretis,
3066 2161 3165 2200 vos
3226 2145 3316 2200 di-

1719 2234 2070 2296 spensatores
2099 2227 2404 2283 constituit.
2439 2227 2589 2284 Beati
2641 2240 2823 2302 autem
2847 2233 3022 2302 eritis,
3055 2235 3100 2289 si
3131 2235 3319 2292 tideles

1717 2318 1936 2374 tandem
1960 2319 2388 2389 dispensationis
2406 2331 2628 2377 exactor
2638 2338 2736 2378 vos
2756 2322 3040 2380 invenerit.
3057 2322 3316 2381 Pastores

1717 2409 1884 2464 etiam
1946 2410 2588 2480 nuncupaniinin'idete
2636 2421 2820 2468 autem
2871 2429 2941 2469 ne
2986 2415 3314 2471 mercenarii

1717 2517 1873 2558 more
1893 2500 2221 2574 fungamini.
2250 2501 2378 2559 Veri
2404 2518 2536 2575 ergo
2557 2512 2828 2574 pastores,
2847 2515 2899 2562 et
2923 2505 3148 2562 haenlos
3171 2522 3318 2564 sem-

1715 2610 1814 2668 per
1842 2594 1898 2650 in
1927 2595 2184 2652 manibus
2209 2595 2496 2666 habentes,
2527 2605 2737 2666 estote;
2775 2613 2878 2654 nec
2922 2599 3309 2669 dormitantes,

1713 2703 1930 2760 gregem
1955 2688 2114 2744 vobis
2143 2690 2499 2745 commissura
2523 2690 2768 2762 undique
2789 2701 3130 2748 conservate.
3173 2690 3316 2750 Nam

1713 2779 1760 2837 si
1802 2796 1900 2851 per
1930 2779 2201 2836 incuriam
2259 2790 2519 2852 vestram,
2557 2791 2654 2838 aut
2691 2783 3106 2856 negligentiam,
3154 2799 3315 2844 ovem

1711 2873 1967 2944 quamvis
1990 2872 2152 2944 lupus
2173 2873 2496 2954 abripuerit,
2529 2875 2838 2932 mercedem
2867 2875 3130 2933 nimirum
3157 2878 3315 2935 vobis

65 2968 227 3023 multos
261 2968 522 3039 iujuriose
560 2969 782 3026 vinctos
821 2971 1110 3042 caplivari,
1163 2981 1220 3028 ct
1262 2972 1316 3028 in
1359 2989 1567 3031 carceri

1812 2975 1963 3022 alam
1989 2967 2133 3037 apud
2179 2965 2469 3022 Dominum
2516 2977 2768 3026 nostrum
2813 2969 3314 3028 amittetiszetde-

63 3059 322 3116 teterrimos
344 3063 816 3119 truculentissime
849 3063 1069 3132 subrui,
1102 3067 1495 3136 supramodum
1521 3083 1565 3122 rt

1812 3071 1967 3110 orum
1981 3054 2165 3128 ﬂagris
2188 3057 2444 3128 primitus
2467 3059 2768 3129 asperrime
2780 3059 2930 3128 caesi,
2962 3062 3314 3132 postmodum

62 3149 183 3219 dimi,
205 3154 280 3209 vel
311 3156 456 3211 lntus
480 3154 756 3212 trifariam
792 3159 1126 3229 angariatos,
1161 3159 1368 3215 scilicet
1413 3161 1611 3230 inedia,

63 3241 346 3317 siti,algore,
365 3247 518 3302 obitu
552 3249 901 3304 clandestino
933 3250 1228 3322 exstingui,
1263 3253 1380 3307 loca
1411 3264 1614 3310 sancta:

61 3334 234 3403 violari,
277 3341 613 3396 monasteria
669 3342 933 3414 villasque
989 3345 1103 3415 igni
1155 3347 1420 3414 cremari,
1478 3350 1612 3404 nulli

62 3430 324 3486 mortalium
349 3435 519 3504 parci,
544 3435 733 3490 divina
763 3444 817 3490 et
849 3437 1088 3492 humana
1120 3438 1374 3496 ludibriis
1401 3441 1608 3509 haberi;

60 3522 246 3579 audiens
290 3527 450 3583 etiam
495 3527 794 3585 interiores
845 3527 1129 3586 Romaniae
1178 3533 1526 3603 provincias,
1579 3550 1612 3591 a

62 3609 218 3671 Turcis
260 3635 416 3689 super
459 3620 814 3678 Christianos
855 3633 1173 3694 occupatas,
1205 3623 1407 3696 impetu
1442 3625 1612 3684 feroci

59 3708 319 3775 perniciose
349 3713 509 3769 subdi
544 3731 560 3768 :
584 3714 786 3784 pietate
805 3715 1166 3786 compatiens,
1190 3716 1614 3790 dilectionisque

60 3792 134 3850 Dei
171 3809 291 3856 nutu
330 3813 641 3873 permotus,
689 3803 854 3875 Alpes
891 3807 1282 3862 transmeaudo
1311 3807 1366 3862 in
1407 3807 1612 3866 Gallias

59 3883 314 3960 descendit,
348 3902 513 3965 atque
547 3895 605 3950 in
635 3895 900 3951 Arvernia
926 3897 1221 3953 concilium
1248 3898 1612 3971 legationibus

60 3992 378 4052 competenter
402 3988 652 4059 undique
681 3990 1090 4059 prazmonitum,
1119 3992 1263 4061 apud
1291 3991 1612 4049 Claromon—

61 4076 163 4141 lem,
187 4092 298 4147 qua:
338 4079 418 4137 sic
443 4088 680 4136 vocatur
712 4081 927 4150 civitas,
970 4081 1100 4138 fecit
1143 4084 1464 4152 coadunari,
1498 4095 1610 4141 tre-

57 4165 199 4222 centis
218 4167 394 4226 decem
421 4179 538 4227 tam
554 4171 940 4244 episcoporum
964 4191 1129 4246 quam
1181 4176 1440 4231 abbatum
1471 4177 1613 4233 assi-

61 4258 275 4316 stentium
327 4262 544 4323 baculis
594 4265 888 4337 deputatis.
924 4266 1022 4323 His
1047 4269 1232 4339 itaque
1273 4269 1362 4325 die
1407 4270 1474 4325 ad
1495 4271 1612 4327 haec

60 4362 314 4417 puenotato
336 4359 402 4414 ad
433 4376 494 4416 se
524 4361 864 4428 convocatis,
890 4361 1222 4418 allocutione
1245 4363 1500 4437 dulcitlua
1527 4364 1611 4419 di—

59 4437 248 4512 ligenter
269 4459 571 4508 conventus
592 4468 818 4508 causam
847 4453 1108 4509 innotuit.
1132 4453 1270 4510 Nam
1294 4457 1400 4512 sub
1421 4455 1610 4512 Eccle-

59 4533 136 4590 siae
164 4537 378 4612 lugentis
398 4560 538 4602 voce
579 4546 809 4619 querula
851 4547 1133 4617 planctum
1180 4564 1290 4604 non
1322 4549 1610 4604 minimum

59 4633 321 4701 expressit,
370 4645 427 4692 et
473 4637 546 4693 de
595 4639 785 4694 mundi
836 4639 1152 4697 fluctuantis
1197 4643 1612 4714 tempestatibus

58 4721 354 4796 tantimodis,
380 4739 442 4786 ut
470 4731 727 4802 superius
762 4732 1049 4804 praefatum
1079 4744 1184 4804 est,
1214 4737 1316 4792 ﬁde
1359 4737 1608 4805 subruta,

59 4824 325 4875 temonem
353 4824 630 4893 prolixum
683 4841 807 4882 cum
839 4825 931 4883 eis
951 4827 1146 4882 tenuit.
1181 4826 1471 4899 Deinceps,
1521 4845 1613 4884 ro—

59 4903 197 4972 gitatu
217 4915 438 4985 supplici
453 4927 685 4974 cunctos
713 4921 1035 4976 exhortatus
1073 4929 1177 4988 est,
1205 4930 1284 4989 ut,
1318 4922 1614 4992 resumptis

59 4993 159 5087 ﬁdei
184 5003 540 5076 viribus,cum
565 5011 768 5084 ingenti
794 5013 1177 5068 sollicitatione
1197 5014 1264 5069 ad
1291 5030 1613 5087 expugnan-

58 5086 335 5154 dasdiaboli
367 5103 802 5160 machinationes
829 5104 1063 5163 viriliter
1099 5121 1158 5161 se
1184 5086 1526 5174 animarent;
1558 5115 1616 5162 et

59 5177 278 5246 Ecclesiae
329 5205 532 5252 sanetae
585 5206 790 5253 statum
839 5198 1221 5255 crudelissime
1273 5214 1305 5254 a
1359 5199 1612 5256 nefandis

58 5271 357 5340 debilitatum
384 5287 439 5343 in
471 5289 736 5346 honorem
769 5291 1061 5363 pristinum
1100 5299 1475 5364 competenter
1502 5293 1612 5349 cri-

63 5379 168 5436 Sel‘e
197 5389 533 5437 conarentur.
571 5402 591 5436 ε
616 5382 967 5442 Dilectissimi
999 5383 1216 5453 fratres,
1247 5386 1444 5456 inquit,
1474 5401 1610 5458 apo-

60 5458 253 5519 stolatas
271 5469 419 5538 apice
441 5469 534 5528 Dei
557 5464 850 5544 permisSu,
872 5474 994 5531 orbi
1031 5483 1189 5531 terra:
1214 5474 1492 5547 praelatus,
1517 5491 1612 5531 oc-

60 5551 246 5648 c'asione
273 5566 571 5622 necessaria
620 5569 1082 5639 supereminente,
1129 5578 1391 5641 tanquam
1431 5571 1612 5626 moui-

63 5642 200 5701 tionis
219 5648 406 5710 divina:
433 5655 661 5730 legatus,
684 5659 752 5716 ad
781 5675 883 5718 vos
899 5659 994 5717 Dei
1017 5677 1205 5718 servos
1227 5662 1328 5718 has
1350 5662 1403 5716 in
1428 5672 1612 5733 partes

64 5736 382 5802 condescendi
413 5746 683 5809 Urbanus.
712 5753 780 5809 Et
817 5769 960 5826 quos
1001 5755 1417 5826 dispensatores
1445 5754 1608 5810 mini-

65 5829 314 5895 lmitiorum
348 5838 439 5898 Del
459 5845 743 5911 aestimari.
772 5847 905 5910 tales
930 5859 982 5906 et
1005 5848 1211 5910 ﬁdeles.
1239 5848 1608 5906 simulationis

1636 4411 1680 4474 C

1716 3163 1846 3203 vero
1875 3148 1931 3202 in
1961 3150 2266 3206 custodiam
2294 3151 2527 3209 funesta:
2551 3155 2988 3212 conversationis
3026 3157 3314 3214 truculen-

1717 3249 1798 3295 ter
1829 3242 2191 3300 subrucmini.
2223 3243 2335 3301 Vos
2369 3261 2521 3312 vero,
2547 3244 2705 3316 juxta
2731 3263 3038 3304 sermonem
3075 3265 3314 3322 evange-

1715 3331 1904 3401 licum,
1934 3334 2018 3388 sal
2045 3337 2172 3390 estis
2203 3346 2358 3392 terra:
2384 3338 2628 3410 (Matth,
2661 3355 2717 3408 v,
2747 3341 2870 3413 15);
2911 3342 3059 3412 quod
3087 3343 3134 3399 si
3159 3343 3313 3399 defe-

1715 3429 1923 3496 ceritis,
1959 3430 2258 3501 ambigitur
2282 3433 2562 3502 quomodo
2592 3434 2840 3489 satiatur.
2874 3433 2919 3488 Ο
2941 3442 3149 3505 quanta
3182 3435 3315 3491 sali-

1713 3519 1790 3576 tio
1817 3521 1829 3575 !
1855 3537 1983 3578 vere
2006 3537 2229 3579 necesse
2259 3532 2343 3580 est
2369 3540 2468 3581 vos
2505 3525 2717 3596 plebem
2750 3523 2975 3581 idiotam
3026 3534 3082 3581 et
3119 3527 3314 3582 mundi

1714 3611 1954 3670 lascivire
1997 3629 2163 3686 supra
2208 3616 2434 3672 modum
2481 3617 2805 3686 inhiantem,
2869 3617 3152 3688 sapientia:
3199 3618 3318 3674 sale

1713 3704 2038 3776 corrigendo
2067 3707 2254 3775 salire,
2300 3723 2370 3762 ne
2409 3707 2622 3764 delictis
2651 3706 2978 3778 putrefacta,
3008 3707 3139 3764 dum
3184 3723 3312 3766 eam

1713 3799 1918 3870 alloqui
1943 3800 2275 3871 quandoque
2313 3800 2570 3867 voluerit,
2605 3800 2839 3857 Domino
2867 3801 3073 3857 insalsa
3095 3811 3306 3873 puteat.

1710 3891 1848 3948 Nam
1882 3893 1928 3949 si
1963 3909 2202 3960 vermes,
2234 3894 2337 3949 hoc
2359 3902 2442 3950 est
2467 3902 2710 3964 peccata,
2734 3909 2900 3950 causa
2928 3894 3155 3951 desidia:
3180 3910 3314 3966 pro-

1712 3986 2016 4042 curationis
2039 3995 2256 4052 vestraz,
2283 3987 2337 4041 in
2377 4001 2443 4042 ea
2475 3987 2760 4057 repererit,
2783 4035 2786 4038 .
2808 3987 2952 4044 illico
2983 3987 3314 4059 vilipensam

1713 4080 1768 4136 in
1798 4081 2159 4152 praecipitium
2190 4081 2582 4153 spurcitiarum
2614 4096 2738 4137 eam
2789 4081 2964 4153 subigi
3005 4081 3307 4153 praecipiet.

1712 4173 1778 4230 Et
1812 4175 1940 4245 quia
1973 4183 2182 4230 tantum
2219 4173 2493 4245 perditum
2517 4174 2567 4230 ei
2591 4183 2904 4230 restaurare
2927 4174 3312 4246 nequiveritis,

1711 4283 1809 4324 vos
1829 4267 2038 4338 judicio
2062 4267 2354 4324 damnatos
2383 4283 2414 4322 a
2459 4266 2834 4323 familiaritate
2858 4265 3168 4323 dilectionis
3195 4281 3316 4323 sua)

1711 4376 1940 4432 prorsus
1958 4360 2363 4418 exterminabit.
2380 4359 2486 4416 Sed
2507 4359 2824 4431 hujusmodi
2845 4359 3124 4416 salitorem
3146 4373 3313 4430 opor-

1714 4464 1788 4510 tet
1813 4469 1936 4510 esse
1979 4453 2325 4525 prudentem,
2371 4452 2734 4524 provisorem,
2785 4452 3127 4521 modestum,
3183 4451 3314 4507 edo-

1710 4556 1880 4614 ctum,
1893 4547 2202 4618 paciﬁeum,
2217 4555 2397 4605 scruta
2406 4555 2602 4615 torem,
2625 4545 2798 4616 pium,
2817 4545 3050 4615 justum,
3064 4558 3311 4614 mquum,

1712 4641 2003 4696 mundum.
2030 4637 2167 4695 Nam
2192 4639 2472 4711 quomodo
2497 4639 2751 4694 indoctus
2773 4638 2986 4705 doctos,
3043 4635 3314 4691 immode-

1712 4741 1832 4788 stus
1881 4731 2179 4797 modestos,
2227 4729 2549 4785 immundus
2575 4729 2813 4786 mundos
2837 4727 3049 4783 ellicere
3076 4725 3313 4784 valebit?

1711 4823 1868 4892 Quod
1894 4824 1939 4880 si
1977 4838 2166 4895 pacem
2192 4823 2388 4890 oderit,
2417 4823 2696 4894 quomodo
2737 4819 3082 4892 paciﬁcabit?
3118 4818 3230 4873 Aut
3258 4817 3314 4876 si

1711 4917 1836 4990 quis
1871 4917 2124 4974 habuerit
2146 4933 2343 4972 manus
2367 4931 2499 4972 suas
2522 4915 2793 4981 sordidas,
2818 4912 3094 4984 quomodo
3116 4911 3316 4968 sordes

1712 5011 1938 5068 alterius
1991 5009 2482 5082 coinquinationis’
2510 5019 2748 5080 tergere.
2803 5005 3036 5078 poterit?
3079 5003 3312 5060 Lectum

1711 5113 1798 5160 est
1819 5103 1984 5160 etiam
2024 5103 2172 5174 quod
2201 5104 2249 5159 si
2289 5117 2469 5158 caecus
2513 5114 2718 5156 caseum
2760 5097 3000 5165 duxerit,
3038 5095 3318 5154 ambobus

1713 5213 1880 5256 cavea
1911 5197 2118 5268 patebit
2143 5195 2388 5268 (Mutila,
2433 5209 2523 5260 xv,
2566 5192 2676 5262 Η).
2707 5190 2980 5246 Caeterum
3012 5204 3111 5245 vos
3159 5187 3314 5259 ipsos

1712 5292 1865 5363 prius
1893 5289 2172 5362 corrigite,
2205 5296 2265 5344 ut
2287 5283 2838 5358 irreprehensibiliter
2863 5282 3112 5339 subditos
3139 5295 3312 5354 quea-

1713 5386 1785 5441 tis
1809 5382 2122 5440 emendare.
2159 5379 2439 5452 Siquidem
2487 5379 2650 5436 amici
2681 5377 2777 5434 Dei
2807 5376 2972 5462 vultis
3010 5390 3154 5442 esse,
3185 5389 3313 5462 quas

1711 5477 1930 5535 sentitis
1957 5476 2006 5531 ci
2035 5476 2232 5548 placita
2269 5476 2501 5531 libenter
2524 5483 2790 5530 exercete.
2829 5459 2935 5528 Res
2974 5458 3312 5528 ecclesiasti-i

1711 5586 1807 5626 cas
1830 5569 2104 5642 prazcipue
2135 5568 2188 5622 in
2230 5581 2333 5624 suo
2377 5566 2498 5638 iure
2533 5576 2789 5623 constare
2822 5563 3003 5630 facite,
3031 5571 3088 5619 et
3130 5567 3191 5617 ut
3218 5559 3316 5614 Sis

1713 5661 1964 5718 mouiaea
1990 5659 2214 5716 haeresis
2237 5658 2547 5714 nullatenus
2570 5657 2713 5729 apud
2739 5672 2840 5713 vos
2853 5655 3060 5712 radieet
3077 5693 3094 5721 ,
3121 5657 3312 5708 cavete

1712 5771 1784 5811 ne
1827 5753 2126 5810 vendentes
2168 5763 2265 5808 aut
2306 5761 2550 5808 ementes
2579 5750 2783 5824 pariter
2821 5748 3009 5819 flagris
3050 5742 3312 5815 flagellat

1717 5846 2036 5909 Dominicis.
2060 5862 2156 5915 per
2177 5845 2497 5915 augiportus
2523 5845 2590 5903 ad
2616 5841 3004 5902 exterminium
3026 5833 3310 5898 confusio!
