3850 6310
484 359 590 417 827

1054 358 1150 417 ΔΙ)
1184 343 1633 419 accuratum
1673 353 1965 411 serene.
2001 350 2067 408 ιι.
2104 380 2174 392 -
2211 348 2485 410 nonum.
2529 350 2627 407 on
2656 350 2882 410 ηειιο
2917 348 3164 411 saeuo.
3631 357 3707 415 an

480 472 573 532 nis
600 470 989 530 miserabiliter
1018 475 1415 546 propellantur.
1447 461 1749 528 Ecclesium
1783 471 1901 527 suis
1927 468 2080 525 ordi—
2111 471 2157 529 Λ
2186 468 2251 522 ι·ὶῖ
2274 485 2341 523 us
2362 484 2528 540 quam
2555 468 2837 535 divitibus,
2864 469 3044 524 edicto
3089 468 3380 539 frequenti,
3425 484 3516 525 vos
3551 471 3710 530 Christi

482 566 646 624 nibus
670 566 985 622 omnimode
1007 566 1234 623 liberam
1256 567 1327 622 ab
1352 564 1504 620 omni
1525 563 1776 621 saeculari
1806 570 2074 634 potestate

484 665 808 725 sustentate,
857 656 1210 728 decimasque
1260 655 1369 712 Deo
1407 655 1657 727 proprias
1707 654 1774 711 de
1817 652 2076 709 omnibus

484 756 644 804 terra:
674 750 913 805 cultibus
948 747 1177 804 ﬁdeliter
1219 748 1340 804 dari
1381 746 1573 815 facite;
1606 762 1709 804 nec
1744 746 2074 813 vendantur,

482 847 581 895 aut
604 841 960 897 retineantur.
976 838 1131 907 Quod
1147 840 1241 911 qui
1262 840 1580 911 episcopum
1610 840 1834 911 ceperit,
1850 838 2077 893 omnino

484 932 640 987 exlex
686 933 968 988 habeatur.
1003 931 1158 998 Quod
1224 932 1319 1002 qui
1361 933 1665 989 monachos
1691 932 1776 987 vel
1824 932 2075 998 clericos,

483 1024 570 1080 vel
613 1024 1078 1090 sanctimoniales,
1128 1031 1182 1079 et
1218 1038 1409 1079 eorum
1451 1024 1689 1080 famulos
1741 1024 1943 1095 ceperit
1984 1032 2081 1079 aut

482 1116 887 1187 exspoliaverit,
910 1116 992 1169 vel
1018 1115 1335 1187 peregrinos
1356 1118 1442 1172 vel
1472 1127 1828 1184 mercatores,
1853 1118 2081 1173 anathe-

485 1224 574 1263 ma
607 1209 696 1263 sit.
732 1207 1021 1277 Raptores,
1054 1218 1109 1264 et
1137 1208 1427 1265 domorum
1450 1212 1855 1277 combustores,
1890 1223 1944 1267 et
1982 1227 2080 1267 con

483 1316 606 1355 rum
628 1301 1055 1369 consentientes,
1081 1303 1150 1358 ab
1174 1301 1415 1359 Ecclesia
1438 1314 1705 1367 extorres,
1734 1305 2082 1360 anathemate

482 1392 769 1449 feriantur.
792 1393 1153 1465 Summopere
1183 1396 1349 1468 igitur
1378 1396 1835 1453 considerandum
1860 1406 1947 1453 est
1974 1413 2081 1467 qua

483 1484 836 1541 mulctandus
882 1486 955 1542 sit
995 1502 1157 1557 paena
1192 1488 1286 1558 qui
1319 1488 1495 1543 aliena
1540 1488 1747 1558 diripit,
1793 1487 1839 1543 si
1882 1487 2082 1542 inferni

482 1573 838 1630 damnatione
863 1575 1169 1646 percutitur
1197 1576 1289 1647 qui
1316 1577 1537 1648 propria
1573 1592 1682 1632 non
1714 1578 1962 1649 largitur.
1991 1576 2083 1633 Sic

481 1665 631 1722 enim
662 1666 816 1722 diviti
850 1666 905 1721 in
932 1665 1229 1740 Evangelia
1252 1677 1554 1725 memorato
1582 1669 1828 1741 contigit,
1854 1670 1946 1740 qui
1973 1686 2083 1726 non

482 1756 537 1813 ld
561 1757 710 1813 cis'co
729 1759 954 1829 punitus
976 1761 1224 1831 estquod
1250 1762 1427 1817 aliena
1458 1762 1792 1829 abstulisset,
1815 1762 1908 1817 sed
1933 1762 2082 1833 quia,

485 1849 653 1906 rebus
691 1851 951 1922 acceptis,
982 1852 1224 1922 seipsum
1280 1854 1421 1909 male
1451 1853 1742 1925 dereliquit
1772 1854 1926 1923 (Luc.
1966 1858 2078 1927 xv).

487 1936 586 1995 His
631 1955 781 2008 vero,
818 1949 881 1996 ut
910 1942 1117 1998 dictum
1157 1952 1264 2010 est,
1306 1942 1709 2015 iniquitatibus,
1741 1946 2081 2016 charissimi,

487 2030 756 2087 mundum
810 2034 1027 2091 vidistis
1053 2036 1374 2107 gravissime
1414 2037 1508 2093 diu
1554 2037 1846 2094 confusum
1888 2039 2081 2107 fuisse,

487 2124 626 2179 adeo
651 2132 710 2179 ut
728 2126 910 2184 nullus
935 2127 988 2182 in
1016 2127 1292 2199 aliquibus
1317 2130 1723 2200 provinciarum
1748 2142 2080 2201 vestrarum,

486 2216 634 2272 sicut
660 2218 819 2274 nobis
843 2234 876 2274 a
905 2219 1267 2277 referentibus
1303 2220 1633 2291 patefactum
1655 2231 1762 2289 est,
1783 2239 1881 2294 per
1913 2225 2086 2280 imbe-

486 2308 768 2365 cillitatem
801 2310 1028 2368 forsitan
1068 2313 1480 2384 justiﬁcationis
1523 2325 1720 2371 vestra:
1761 2317 1963 2372 virtute
1987 2332 2086 2387 per

485 2401 630 2457 viam
661 2403 814 2473 gradi
841 2404 1058 2472 audeat,
1104 2405 1238 2477 quin
1287 2408 1372 2461 vel
1427 2407 1514 2463 die
1542 2424 1570 2463 a
1600 2407 1970 2478 praedonibus,
1998 2410 2083 2464 vel

488 2506 649 2552 nocte
682 2513 712 2551 a
761 2497 1088 2567 latronibus,
1127 2508 1222 2556 aut
1251 2501 1303 2556 vi
1340 2508 1435 2557 aut
1473 2502 1695 2574 ingenio
1724 2504 1985 2576 maligno,
2027 2505 2082 2560 in

486 2591 654 2646 domo
690 2591 774 2645 vel
827 2601 1003 2658 extra,
1043 2593 1397 2665 subripiatur.
1453 2595 1797 2667 Quapropter
1830 2598 2082 2668 treviam,

486 2680 568 2736 sic
590 2680 888 2753 vulgaritcr
914 2681 1139 2751 dictam,
1158 2682 1482 2754 jamdudum
1519 2701 1549 2741 a
1590 2687 1794 2744 sanctis
1829 2686 2085 2745 Pati-ibus

487 2773 695 2828 nostris
720 2773 1157 2840 determinatam,
1182 2774 1471 2831 reformari
1500 2787 1746 2849 oportet;
1779 2795 1946 2849 quam
1985 2781 2073 2835 ﬁr-

486 2864 738 2920 missime
765 2866 1146 2937 unusquisque
1171 2876 1414 2924 vestrum
1443 2869 1497 2923 in
1521 2870 1837 2941 episcopatu
1865 2887 1967 2927 suo
1998 2881 2083 2928 tc-

488 2957 607 3011 neri
651 2956 837 3024 faciat,
886 2960 1158 3015 monendo
1207 2960 1410 3032 flagito.
1444 2962 1601 3029 Quod
1647 2963 1693 3019 si
1743 2964 1943 3035 aliquis
1968 2966 2084 3021 sive

489 3048 770 3115 aviditate,
802 3048 916 3105 sive
942 3053 1199 3122 superbia
1232 3055 1513 3122 seductus,
1538 3071 1661 3110 eam
1694 3065 1886 3126 sponte
1910 3055 2082 3112 infre-

489 3140 650 3211 gerit,
704 3140 800 3196 Dei
848 3142 1174 3199 auctoritate
1200 3153 1255 3199 et
1294 3145 1459 3215 hujus
1489 3145 1707 3201 concilii
1735 3146 2079 3203 decretorum
2110 3168 2155 3231 ε

489 3232 775 3288 sanctione
819 3234 1371 3292 anathematizetur.»
1408 3235 1504 3292 llis
1551 3246 1607 3292 et
1656 3237 1780 3293 aliis
1829 3239 2081 3309 pluribus

489 3333 862 3394 competenter
897 3327 1203 3397 dispositis,
1237 3329 1417 3385 cuncti
1443 3330 1787 3398 assisteulcs,
1821 3340 1931 3387 tam
1973 3333 2083 3388 cle-

489 3431 586 3470 rus
609 3432 773 3486 quam
799 3419 1052 3488 populus,
1080 3418 1189 3474 Deo
1211 3421 1415 3491 gratias
1437 3423 1668 3491 agendo,
1691 3423 1852 3478 dictis
1873 3425 2082 3480 domini

490 3504 697 3563 Urbani
726 3510 1003 3579 pontiﬁcis
1023 3512 1224 3567 summi
1246 3513 1555 3569 voluntarie
1588 3516 1990 3585 aspiraverunt,
2030 3526 2086 3573 et

487 3597 633 3654 ﬁdeli
660 3601 1051 3671 pollicitatione
1080 3605 1298 3661 decreta
1325 3605 1416 3661 illa
1449 3607 1586 3663 bene
1615 3609 1847 3664 tenenda
1877 3611 2083 3667 conﬁr-

488 3704 797 3749 maverunt.
828 3694 934 3754 Sed
971 3697 1119 3752 aliud
1155 3698 1321 3767 illico,
1360 3715 1468 3755 non
1500 3700 1682 3757 minus
1712 3702 2084 3761 tribulationis

487 3786 741 3856 superius
764 3798 1099 3858 memoratae,
1118 3791 1213 3846 sed
1237 3801 1289 3847 et
1311 3801 1405 3848 aut
1427 3793 1625 3865 majus,
1642 3804 1736 3850 aut
1756 3797 2081 3867 pessimum,

486 3887 557 3933 ex‘
586 3879 759 3935 altero
810 3882 1000 3937 mundi
1040 3884 1279 3952 climate,
1322 3885 1724 3944 Christianitati
1754 3890 1948 3946 obesse
1986 3890 2084 3946 ad-

481 3970 635 4042 jecit,
687 3972 966 4043 inquiens.
1024 3974 1362 4047 «Quoniam,
1412 3994 1445 4035 ο
1480 3979 1575 4035 lilii
1623 3980 1741 4048 Dei,
1791 3983 1838 4038 si
1891 3998 2082 4054 pacem

488 4066 634 4137 apud
663 4083 762 4126 vos
792 4070 1083 4125 tenendam
1104 4080 1161 4126 et
1187 4070 1444 4129 Ecclesiae
1462 4074 1588 4145 jura
1615 4074 1845 4130 ﬁdeliter
1866 4092 2086 4132 conser-

486 4159 665 4216 vanda
690 4172 1020 4231 sustentare,
1052 4164 1266 4221 virilius
1315 4167 1478 4223 solito
1527 4166 1640 4224 Deo
1671 4168 1894 4238 polliciti
1922 4171 2076 4237 estis,

486 4262 668 4310 exstat
700 4270 881 4326 operte
909 4258 1146 4327 pretium
1178 4267 1238 4312 ut
1263 4258 1489 4329 insuper
1534 4259 1602 4314 ad
1633 4261 1907 4330 quoddam
1936 4262 2084 4319 aliud

487 4348 766 4418 negotium
813 4348 908 4405 Dei
952 4358 1006 4405 et
1052 4360 1319 4420 vestrum,
1367 4351 1750 4407 emendatione
1797 4352 2087 4419 Dominica

486 4454 663 4510 nuper
691 4443 943 4513 vegetati,
970 4444 1257 4515 probitatis
1285 4453 1480 4500 vestra:
1506 4444 1870 4502 valetudinem
1898 4463 2083 4506 verse-

2178 576 2481 630 praecones,
2507 560 2807 628 suadentis,
2833 569 2891 615 ut
2912 561 2979 615 ad
3006 560 3058 615 id
3081 575 3253 632 genus
3274 576 3501 631 nequam
3527 578 3556 617 e
3571 566 3712 635 regio-

2177 656 2343 712 nibus
2366 657 2704 713 nostratibus
2738 656 3213 711 exterminandum
3245 657 3556 727 tempestive
3587 658 3713 715 Chri-

2178 746 2389 805 sticolis
2415 748 2671 820 opitulari
2700 758 2972 821 satagant.
2998 746 3370 805 Praesentibus
3396 749 3536 817 dico,
3565 752 3716 807 absen-

2178 839 2325 894 tibus
2345 839 2545 894 mando
2561 858 2573 893 :
2589 838 2845 894 Christus
2860 847 3045 893 autem
3073 838 3324 909 imperat.
3341 838 3557 896 Cunctis
3579 850 3715 898 autem

2177 930 2307 987 illuc
2335 931 2615 998 euntibus,
2650 930 2698 987 si
2738 938 2836 986 aut
2870 930 3201 1002 gradiendo,
3223 940 3320 987 aut
3348 931 3716 1003 transfretando,

2179 1023 2294 1079 sive
2316 1032 2505 1079 contra
2531 1038 2777 1095 paganos
2805 1022 3145 1090 dimicando,
3177 1024 3345 1079 vitam
3372 1023 3613 1093 ﬁnierint,
3632 1044 3722 1097 pec-

2178 1111 2457 1166 caminum
2505 1109 2758 1166 remissio
2789 1126 3032 1180 praasens
3060 1110 3275 1165 aderit:
3301 1111 3447 1181 quod
3480 1110 3621 1169 ituris
3650 1130 3723 1167 an-

2180 1218 2313 1270 nuo,
2340 1203 2487 1258 dono
2514 1211 2667 1257 tanto
2697 1201 2987 1258 investitus
3010 1218 3041 1257 a
3067 1202 3200 1258 Deo.
3238 1205 3285 1258 υ
3313 1212 3568 1275 quantum
3595 1205 3722 1260 dede-

2180 1311 2303 1362 cus,
2335 1295 2381 1350 si
2412 1311 2546 1367 gens
2572 1304 2683 1350 tam
2725 1303 2930 1366 spreta,
2960 1294 3200 1366 degener
3220 1303 3274 1351 et
3295 1295 3620 1350 daemonibus
3650 1313 3723 1351 an-

2182 1387 2307 1443 cilla
2356 1396 2572 1459 gentem
2605 1389 3037 1459 cunctipotentis
3082 1387 3179 1445 Dei
3235 1388 3343 1444 ﬁde
3393 1387 3649 1459 praeditam
3686 1400 3727 1445 et

2182 1480 2388 1537 Christi
2412 1480 2633 1537 nomine
2657 1480 2997 1552 splendidam
3020 1481 3102 1537 sic
3122 1482 3488 1552 superaverit!
3507 1478 3548 1537 0
3566 1493 3726 1552 quanta

2184 1574 2516 1645 improperia
2549 1574 2711 1651 nobis
2745 1574 2815 1629 ab
2844 1574 2966 1646 ipso
2995 1574 3231 1630 Domino
3263 1575 3669 1645 imputabuntur,
3694 1577 3728 1632 si

2185 1681 2283 1722 eos
2306 1682 2415 1721 non
2442 1665 2698 1736 juveritis
2725 1666 2823 1737 qui
2856 1664 3200 1737 professione
3219 1665 3533 1723 Christiana
3547 1682 3731 1724 censen-

2189 1768 2300 1827 tur,
2324 1761 2469 1817 sicut
2490 1769 2545 1816 et
2569 1761 2699 1816 nos!
2729 1760 3037 1820 Procedant
3074 1770 3265 1818 contra
3311 1758 3550 1819 inﬁdeles
3574 1762 3632 1817 ad
3655 1768 3731 1834 p’u-

2188 1869 2351 1925 gnam
2391 1853 2507 1924 jam
2554 1852 2721 1925 incipi
2769 1853 3013 1925 dignam,
3043 1855 3289 1925 trophaeo
3312 1855 3636 1926 explendam,
3659 1857 3730 1927 qui

2186 1946 2413 2002 abusive
2430 1946 2701 2017 privatum
2729 1954 3008 2007 certamen
3028 1956 3223 2003 contra
3246 1947 3434 2003 ﬁdeles
3449 1962 3731 2005 consuesceo

2185 2035 2319 2091 bant
2348 2035 2659 2092 distendere
2696 2037 2998 2107 quondam.
3029 2036 3188 2094 Nunc
3243 2038 3380 2093 ﬁant
3416 2039 3623 2104 milites,
3660 2040 3732 2110 qui

2186 2128 2394 2184 dudum
2423 2130 2754 2186 exstiterunt
2791 2139 3057 2201 raptores.
3088 2130 3247 2188 Nunc
3282 2133 3388 2188 rite
3432 2142 3610 2189 contra
3636 2134 3734 2188 bar-

2186 2221 2349 2278 barus
2378 2230 2641 2293 pugnent,
2693 2221 2788 2293 qui
2819 2222 2950 2278 olim
2981 2234 3172 2280 contra
3217 2223 3419 2281 fratres
3460 2235 3513 2281 et
3539 2240 3735 2280 consan-

2188 2311 2418 2384 guineos
2452 2312 2810 2368 dimicabant.
2861 2310 3019 2368 Nunc
3058 2324 3263 2369 eterna
3307 2314 3528 2386 praemia
3557 2316 3738 2369 nancis-

2187 2412 2403 2472 cantur,
2442 2404 2538 2476 qui
2590 2405 2799 2461 dudum
2841 2421 2943 2477 pro
2994 2406 3185 2462 solidis
3234 2407 3429 2477 paucis
3461 2406 3737 2462 mercenarii

2186 2493 2429 2551 fuerunt.
2466 2493 2574 2551 Pro
2602 2495 2811 2552 honore
2835 2497 3040 2567 duplici
3071 2498 3346 2564 laborent,
3373 2499 3469 2570 qui
3493 2514 3586 2569 pro
3600 2499 3737 2553 detri-

2186 2596 2373 2644 mento
2394 2589 2643 2660 corporis
2663 2597 2720 2645 et
2740 2589 2941 2645 anima:
2964 2605 3023 2646 se
3049 2589 3375 2662 fatigabant.
3404 2591 3647 2659 Quinimo
3670 2590 3740 2643 hic

2187 2679 2371 2735 tristes
2394 2687 2450 2735 et
2472 2695 2761 2752 pauperes,
2799 2680 2911 2736 illic
2948 2666 3280 2753 locupletes;
3324 2683 3416 2739 hic
3446 2684 3639 2739 inimici
3659 2682 3743 2737 Du-

2186 2772 2344 2839 mini,
2369 2772 2482 2829 illic
2507 2773 2671 2829 amici
2706 2772 2828 2844 ejus
2854 2782 3038 2830 erunt.
3069 2774 3234 2831 lturis
3269 2785 3455 2832 autem
3485 2793 3628 2833 mora
3654 2796 3739 2835 non

2184 2864 2401 2921 differat
2424 2866 2547 2933 iter,
2574 2865 2671 2922 sed
2704 2867 2941 2937 propriis
2970 2867 3186 2936 locatis,
3222 2870 3632 2942 sumptibusque
3651 2874 3744 2927 cot-

2185 2956 2362 3025 lectis,
2391 2967 2641 3014 cessante
2665 2956 2883 3025 bruma,
2905 2974 3079 3016 verno
3117 2960 3509 3033 subsequente,
3549 2962 3745 3021 Domino

2185 3048 2388 3120 praevio
2439 3050 2716 3107 tramitem
2765 3051 3022 3107 alacriter
3070 3052 3294 3108 intrent.
3319 3072 3341 3107 ι
3386 3053 3485 3111 His
3517 3056 3679 3123 dictis,
3704 3066 3746 3111 et

2186 3141 2538 3199 audientibus
2580 3149 2859 3214 gratanter
2904 3143 2971 3199 ad
3001 3144 3107 3200 hoc
3132 3144 3418 3212 animatis,
3472 3147 3602 3202 nihil
3644 3158 3747 3202 actu

2188 3236 2281 3291 tali
2316 3236 2536 3308 dignius
2563 3237 2918 3305 aestimantes,
2941 3237 3126 3293 statim
3162 3237 3353 3308 plures
3383 3242 3666 3296 astantium
3701 3257 3749 3296 se

2188 3330 2383 3397 ituros,
2412 3337 2469 3385 et
2493 3337 2726 3387 caateros
2751 3330 3011 3387 absentes
3041 3331 3168 3386 inde
3196 3330 3490 3404 diligenter
3516 3350 3572 3390 se
3592 3351 3751 3391 evom-

2190 3435 2341 3483 turos
2371 3426 2806 3497 spoponderunt.
2836 3425 2914 3482 De
2941 3428 3145 3499 quibus
3170 3430 3279 3485 fuit
3314 3445 3463 3487 unus
3491 3430 3748 3501 episcopus

2186 3515 2494 3584 Rodiensis,
2525 3516 2832 3573 Ademarus
2866 3518 3111 3586 nomine,
3140 3520 3237 3590 qui
3265 3528 3460 3591 postea
3494 3520 3608 3577 vice
3642 3518 3747 3574 fun-

2187 3626 2321 3682 gens
2348 3610 2670 3681 apostolica.
2701 3618 2964 3667 cunctum
3003 3609 3101 3667 Dei
3145 3613 3456 3669 exercitum
3482 3612 3750 3683 prudenter

2186 3710 2243 3758 et
2264 3702 2513 3759 consulte
2541 3702 2705 3772 rexit,
2744 3714 2798 3759 et
2826 3703 2896 3760 ad
2931 3704 3149 3775 negotia
3174 3706 3489 3778 peragenda
3522 3705 3749 3762 vivaciter

2187 3794 2467 3850 animavit.
2494 3794 2699 3852 Taliter
2743 3796 2799 3851 in
2832 3796 3071 3853 concilio
3117 3812 3244 3867 qua:
3267 3797 3514 3854 diximus
3540 3797 3749 3859 statutis,

2186 3887 2329 3944 etab
2347 3887 2606 3944 omnibus
2632 3889 2769 3944 bene
2795 3888 3156 3957 conﬁrmatis,
3199 3890 3567 3947 absolutionis
3609 3889 3752 3945 bene-

2185 3978 2427 4035 dictione
2451 3980 2600 4047 data,
2648 3990 2781 4036 tunc
2812 3980 3210 4050 discesserunt,
3239 3991 3296 4039 et
3338 3983 3449 4039 hoc
3489 3980 3752 4039 nescienti-

2186 4071 2312 4139 bus,
2341 4072 2690 4142 postmodum
2729 4073 2800 4128 ad
2828 4073 3148 4130 mansiones
3175 4089 3311 4131 suas
3335 4075 3593 4147 regressi,
3617 4080 3755 4145 prout

2186 4170 2399 4235 gestum
2429 4162 2606 4219 fuerat
2636 4162 2875 4219 dilucide
2904 4163 3347 4235 divulgaverunt.
3373 4163 3533 4232 Quod
3559 4175 3616 4220 ut
3650 4178 3757 4234 pas.

2186 4255 2290 4311 sim
2325 4270 2420 4326 per
2454 4255 2764 4326 provincias
2796 4254 3038 4312 edictum
3071 4265 3176 4325 est,
3206 4256 3573 4328 jurisjurandi
3611 4255 3757 4311 ﬁrmi-

2185 4346 2375 4403 tudine
2412 4363 2624 4419 pacem,
2653 4363 2821 4419 quam
2863 4348 3058 4405 dicunt
3097 4348 3379 4418 Treviam,
3424 4350 3652 4406 invicem
3687 4356 3754 4402 te-

2186 4439 2421 4495 nendam
2444 4441 2870 4497 constituerunt.
2900 4440 3171 4514 Deinceps
3211 4458 3346 4500 vero
3376 4445 3536 4499 multi
3557 4440 3757 4514 cujusli-

485 4530 580 4588 tis.
604 4530 839 4590 Necesse
855 4536 1003 4591 enim
1027 4546 1109 4592 est
1129 4546 1401 4607 quatenus
1428 4552 1554 4592 cum
1585 4535 2077 4611 fratribusvestris,
2116 4517 2161 4575 ί)
2189 4532 2281 4588 bet
2328 4533 2462 4589 artis
2517 4533 2809 4605 iungentes
2839 4534 3042 4602 οαὶεἱο,
3086 4544 3413 4607 comparata
3459 4537 3757 4592 remissione

487 4622 544 4678 in
586 4624 838 4681 orientali
884 4635 1040 4698 parte
1083 4628 1480 4695 habitantibus,
1522 4629 1726 4687 auxilio
1762 4642 1945 4688 vestro
1963 4634 2080 4705 jam

488 4730 632 4785 saepe
664 4718 1003 4791 proclamato
1037 4719 1259 4790 indigis,
1287 4720 1589 4776 accelerate
1625 4720 1818 4779 itinere
1848 4741 2078 4782 succur-

489 4809 645 4865 ratis.
675 4809 1003 4868 lnvaseruut
1027 4811 1173 4867 enim
1199 4826 1317 4879 eos,
1346 4812 1508 4868 sicuti
1530 4814 1808 4886 plerisque
1833 4826 2076 4874 vestrum

482 4900 596 4972 jam
623 4903 829 4959 dictum
853 4912 959 4970 est,
983 4919 1157 4974 usque
1172 4920 1323 4960 mare
1344 4904 1819 4977 Mediterraneum,
1846 4911 1912 4965 aJ
1943 4911 2074 4967 illud

486 4996 693 5051 scilicet
730 4997 877 5066 quod
912 4996 1205 5052 Brachium
1237 4997 1421 5055 Sancti
1452 5000 1669 5073 Georgii
1692 5012 1888 5057 vocant
1916 5003 1959 5057 Τ
1966 5006 2082 5062 urei

485 5092 543 5141 et
578 5086 808 5152 Arabes,
851 5088 993 5157 apud
1026 5086 1310 5146 Romaniae
1356 5092 1521 5159 ﬁnes;
1556 5102 1610 5148 et
1638 5101 1811 5151 terras
1856 5095 2076 5154 illorum

485 5177 927 5235 Christianorum
957 5181 1130 5253 magis
1157 5185 1439 5256 magisque
1471 5188 1809 5257 occupando,
1841 5189 1935 5245 lite
1965 5190 2079 5248 bel-

484 5268 589 5325 lica
609 5268 725 5340 jam
750 5267 870 5325 vice
892 5273 1247 5344 septuplicata
1278 5277 1451 5332 victos
1485 5288 1902 5349 superaverunt,
1930 5283 2076 5339 mul-

485 5368 570 5416 tos
595 5360 891 5416 occidendo
920 5365 1003 5418 vel
1049 5367 1393 5436 captivando,
1437 5368 1810 5439 eccle‘siasque
1859 5372 2081 5428 subver-

487 5450 673 5516 tendo,
719 5465 945 5522 regnum
984 5471 1204 5528 quoque
1248 5459 1534 5514 vastando.
1590 5458 1741 5526 Quos
1776 5460 1996 5530 quidem
2030 5463 2076 5518 si

488 5540 572 5596 sic
601 5540 916 5610 aliquandiu
954 5546 1135 5616 quiete
1170 5548 1555 5619 permiscritis,
1585 5551 1790 5605 multos
1822 5551 1985 5609 latius
2009 5554 2076 5609 li-

484 5629 637 5685 deles
685 5628 778 5685 Dei
815 5637 1311 5707 supergredientur.
1337 5637 1455 5705 Qua
1486 5639 1553 5694 de
1576 5654 1635 5694 re
1663 5641 1893 5710 supplici
1924 5658 2084 5712 prece

488 5717 703 5781 hortor.
733 5736 844 5776 non
873 5739 994 5795 ego,
1020 5726 1114 5781 sed
1145 5726 1435 5796 Dominus,
1463 5738 1523 5784 ut
1551 5730 1764 5785 cunctis
1787 5730 2083 5802 cujuslibet

485 5809 700 5868 ordinis
741 5820 852 5869 tam
894 5817 1167 5889 peditibus
1195 5836 1360 5891 cpiam
1398 5821 1697 5893 equitibus,
1730 5831 1842 5879 tam
1873 5839 2079 5896 paupe-

2185 4631 2558 4693 peccatorum,
2587 4639 2647 4679 se
2673 4622 3017 4694 profecturos
3043 4624 3322 4682 defaecata:
3356 4627 3557 4681 mentis
3604 4626 3757 4681 inten-

2186 4717 2336 4773 tione
2352 4718 2691 4774 devoverunt
2710 4733 2978 4789 quorsum
3007 4719 3087 4774 ire
3101 4719 3321 4789 iussum
3347 4719 3546 4778 fuerat.
3559 4716 3756 4791 Ostiam

2184 4809 2410 4883 dignum
2434 4820 2552 4866 erat
2571 4819 2625 4866 et
2650 4826 2950 4880 ammnum,
2975 4811 3135 4868 nobis
3163 4813 3425 4870 omnibus
3450 4828 3637 4868 cruces
3659 4811 3759 4865 :‘llas

2185 4901 2564 4969 cernentibus,
2593 4902 2678 4959 vel
2713 4903 2922 4960 sericas
2959 4903 3043 4958 vel
3082 4919 3222 4959 auro
3253 4912 3457 4972 textas,
3499 4913 3592 4960 aut
3611 4903 3760 4975 quoli-

2187 4994 2279 5049 bet
2304 5010 2502 5066 genere
2538 4995 2685 5064 pallii
2708 4995 2958 5063 decoras,
2981 5012 3122 5066 quas
3154 4998 3209 5052 in
3238 4998 3606 5054 chlamidibus
3640 4996 3756 5061 suis,

2187 5094 2283 5141 aut
2308 5086 2491 5153 birris,
2518 5087 2632 5142 sive
2659 5087 2885 5154 tunicis,
2923 5088 3219 5159 peregrini,
3255 5088 3423 5158 jussu
3470 5102 3759 5160 μεμενη-

2186 5179 2339 5247 dicti,
2375 5190 2499 5251 post
2523 5190 2710 5237 votum
2738 5181 2926 5248 eundi,
2966 5197 3131 5252 super
3166 5183 3436 5239 humeros
3471 5199 3598 5239 suos
3641 5195 3759 5236 con-

2187 5273 2445 5329 suebant!
2482 5273 2625 5330 Sane
2652 5283 2983 5346 pugnatores
3008 5274 3104 5331 Dei
3134 5275 3336 5332 merito
3358 5276 3596 5333 victoria!
3623 5274 3759 5345 signo

2186 5365 2439 5437 insigniri
2459 5374 2515 5423 et
2535 5368 2738 5422 muniri
2761 5368 3055 5436 debebant,
3097 5368 3193 5438 qui
3240 5369 3314 5423 ob
3361 5368 3614 5425 honoret:
3657 5366 3759 5435 ejus

2184 5457 2252 5513 ad
2284 5458 2642 5528 prmliandum
2685 5475 2747 5516 se
2780 5460 3181 5530 praeparabant.
3224 5460 3292 5517 Et
3321 5462 3421 5532 qui
3467 5460 3758 5532 signiﬁcans

2185 5550 2289 5606 sub
2319 5550 2597 5622 agnitione
2642 5552 2765 5609 ﬁdei
2796 5552 2944 5609 circa
3002 5568 3063 5609 se
3083 5554 3165 5609 sic
3196 5554 3517 5624 pinxerunt,
3543 5552 3757 5621 denique

2182 5639 2477 5697 dirivatum
2514 5642 2881 5716 signiﬁcatum
2907 5643 3093 5700 verius
3133 5644 3313 5715 adepti
3346 5653 3499 5700 sunt.
3533 5641 3756 5713 Speciem

2183 5733 2571 5805 insignierunt,
2605 5745 2665 5791 ut
2694 5751 2807 5792 rem
2842 5736 3045 5807 speciei
3097 5746 3592 5807 consequerentur.
3622 5734 3758 5789 Patet

2184 5834 2240 5883 et
2262 5826 2505 5898 quidem,
2532 5829 2660 5901 quia
2690 5828 2972 5887 meditatio
2995 5830 3139 5888 bona
3164 5830 3375 5888 bonum
3401 5846 3539 5905 opus
3567 5827 3759 5886 maelii-
