3850 6310
111 396 191 454 329
874 380 1234 443 FULCHERII
1271 380 1573 439 CARNOT.
1615 380 1794 438 HlST.
1839 370 2199 440 lllEROSOL.
2238 419 2311 427 —
2347 384 2479 441 LIB.
2511 384 2554 443 ι.

3231 395 3368 473 330.

110 516 240 563 natur
264 500 556 575 agendum;
588 516 740 573 opus
761 513 880 555 vero
904 498 1105 554 bonum
1136 497 1366 553 salutem
1396 495 1644 552 lueratur
1673 504 1718 560 Α
1748 510 1870 579 sum
1901 495 2004 552 sibi
2031 497 2258 579 fideliter
2279 514 2612 572 procurare;
2648 509 2702 557 et
2725 516 2849 574 quae
2882 502 3131 577 dignitati
3158 510 3339 567 bono-

110 598 286 653 anitaac.
312 593 458 661 Quod
514 596 564 650 si
615 594 823 649 bonum
850 597 930 646 est
975 589 1112 645 bene
1140 588 1415 658 meditari,
1444 588 1642 645 melius

108 698 255 747 autem
270 694 363 754 est,
377 693 501 757 post
520 686 826 757 cogitatum
845 698 998 754 opus,
1014 682 1226 751 justum
1241 681 1469 752 patrari.
1492 676 1646 752 Opti-

81 795 227 837 .tnutn
267 786 347 835 est
383 791 514 849 ergo
543 775 926 847 compendium
960 774 1220 841 salutare,
1251 773 1399 844 quod
1436 789 1535 844 per
1562 773 1645 829 di-

72 851 236 947 gnam
262 877 517 927 actionem
543 868 751 923 animae
774 866 937 922 victui
962 874 1181 922 nactum
1204 873 1306 922 est.
1335 863 1645 936 Unusquis-

76 980 188 1039 'quc
225 962 377 1035 igitur
405 959 613 1015 bonum
649 957 864 1030 cogitet,
889 957 1035 1029 quod
1068 970 1232 1028 Opere
1261 958 1427 1029 digno
1459 959 1647 1015 melio-

70 1054 73 1057 ’
103 1054 243 1116 rando
272 1051 550 1124 compleat,
583 1057 646 1106 ut
674 1051 958 1122 Optimum,
984 1050 1130 1120 quod
1174 1065 1284 1107 non
1323 1050 1541 1107 deficiat
1585 1051 1642 1106 in

102 1157 343 1209 aeternum,
377 1141 642 1197 emeritus
681 1140 897 1196 tandem
931 1138 1087 1196 miles
1118 1138 1402 1211 percipiat.
1431 1138 1642 1196 Taliter

103 1235 336 1299 Urbanus,
371 1233 457 1287 vir
499 1230 740 1302 prudens
764 1239 818 1288 et
841 1228 1206 1295 venerandus,
1239 1239 1323 1286 est
1348 1229 1642 1288 meditatus

99 1343 227 1398 opus,
247 1341 349 1396 quo
368 1333 555 1396 postea
581 1323 770 1379 ﬂoruit
791 1322 960 1380 orbis.
1002 1319 1141 1377 Nam
1182 1338 1370 1393 pacem
1409 1338 1642 1379 renova-

98 1420 174 1485 vit,
200 1417 549 1488 Ecclesiteque
586 1416 715 1488 jura
754 1415 949 1471 modos
983 1414 1038 1470 in
1082 1414 1348 1486 pristinos
1376 1415 1637 1472 restituit.

98 1511 184 1568 Sed
222 1519 271 1568 et
308 1524 549 1582 paganos
573 1508 641 1565 de
670 1508 836 1565 terris
883 1507 1327 1563 Christianorum
1376 1508 1640 1565 instinctu

96 1605 238 1662 vivaci
259 1603 482 1676 eli‘ugari
506 1611 738 1660 conatus
763 1610 866 1658 est.
898 1600 965 1656 Et
986 1601 1253 1673 quoniam
1293 1610 1493 1658 cuncta
1517 1617 1641 1672 quae

96 1697 171 1754 Dei
200 1704 317 1753 sunt
345 1695 587 1752 exaltare
622 1694 939 1751 omnimode
983 1694 1260 1761 studebat,
1304 1709 1499 1750 omnes
1527 1693 1642 1752 fere

94 1790 361 1864 paternitati
400 1805 517 1847 sua:
549 1788 654 1845 sub
694 1788 1001 1845 obedientia
1050 1787 1284 1844 libenter
1312 1804 1372 1843 se
1411 1786 1638 1844 dedide-

1743 577 1823 643 ris
1847 588 1984 672 tanti
2010 578 2303 660 pertinent,
2359 592 2408 648 si
2454 592 2706 664 dispersa
2756 592 2987 665 fuerint,
3028 613 3340 671 opportune
3426 592 3433 599 ’

1741 689 2048 748 regregare.
2081 675 2193 734 Nec
2220 679 2424 735 mirum
2454 679 2500 737 si
2544 681 2786 738 mundus
2814 692 2946 741 tunc
2993 686 3339 759 inquietare-

1742 776 1833 823 tur
1862 776 2037 841 totus,
2080 778 2135 825 et
2186 772 2630 843 conturbaretur,
2679 775 2940 847 quoniam
2995 778 3042 833 si
3087 779 3338 841 Romana

1742 857 2008 929 Ecclesia,
2030 862 2087 918 in
2116 877 2226 934 qua
2256 863 2635 936 principalitas
2662 867 3023 925 correctionis
3064 872 3341 932 universae

1740 948 2172 1010 Christianitatis
2202 956 2500 1025 obtinetur,
2540 958 2760 1015 turbine
2781 961 3025 1032 quolibet
3047 963 3339 1021 confundi-

1743 1053 1853 1114 tur,
1888 1045 2180 1104 confestim
2210 1049 2411 1107 accidit
2438 1050 2682 1108 membra
2715 1053 2820 1109 sibi
2847 1054 3087 1123 subdita,
3119 1072 3151 1111 a
3187 1058 3339 1128 capi-

1740 1138 1917 1195 taneis
1942 1137 2094 1195 libris
2119 1139 2308 1196 dolore
2333 1140 2587 1210 dirivato,
2627 1142 2962 1214 passibiliter
2999 1148 3340 1218 compatien-

1739 1228 1816 1285 tia
1842 1230 2136 1287 debilitari.
2180 1231 2259 1287 Ea
2301 1233 2593 1289 enimvero
2615 1233 2879 1301 Ecclesia,
2912 1249 3088 1295 mater
3129 1241 3338 1296 scilicet

1740 1333 1950 1391 nostra,
1996 1322 2138 1379 lacte
2173 1323 2334 1395 cujus
2360 1323 2751 1396 educabamur,
2777 1328 3110 1386 documento
3136 1332 3336 1390 instrui

1739 1413 2082 1483 valebamus,
2116 1415 2352 1471 consilio
2379 1417 2787 1487 muniebamur,
2835 1420 2905 1474 ab
2950 1420 3044 1477 illo
3097 1423 3336 1493 superbo

1740 1505 2003 1563 Guiberto
2032 1508 2386 1565 vehementer
2414 1524 2677 1579 percussa
2698 1521 2836 1566 erat.
2877 1510 3126 1584 Cumque
3171 1524 3337 1586 caput

1739 1598 1821 1655 sic
1841 1598 2029 1655 tritum
2055 1608 2161 1669 est,
2184 1600 2451 1657 continuo
2474 1601 2719 1658 membra
2750 1602 2878 1658 laesa
2906 1614 3054 1660 sunt.
3091 1604 3150 1661 Si
3169 1616 3337 1679 caput

1737 1701 1999 1773 aegrotet,
2017 1702 2210 1751 eazteta
2235 1694 2477 1751 membra
2502 1694 2708 1751 dolent.
2742 1695 2870 1763 Sed,
2896 1697 3023 1767 quia
3059 1700 3236 1772 capite
3254 1699 3338 1759 sic

1739 1786 1891 1855 laeso,
1931 1787 2098 1843 etiam
2145 1787 2411 1845 membris
2462 1788 2932 1845 marcescentibus
2969 1789 3158 1846 dolore
3201 1791 3339 1847 diri-

94 1895 212 1943 runt.
238 1883 337 1941 Sed
362 1882 640 1950 diabolus,
673 1881 768 1953 qui
798 1881 867 1937 ad
890 1880 1281 1937 detrimentum
1311 1895 1528 1951 semper
1556 1879 1641 1934 in-
1668 1867 1714 1928 B
1740 1885 1889 1944 vato,
1923 1876 2051 1948 quia
2081 1875 2138 1931 in
2169 1877 2417 1949 partibus
2439 1877 2695 1932 omnibus
2721 1875 2974 1950 EurOpee,
3014 1895 3143 1950 pax,
3173 1880 3337 1936 boni-

94 1980 250 2036 sistere
268 1976 481 2043 nititur,
504 1983 560 2033 et
592 1974 760 2031 veluti
781 1973 868 2028 leo
897 1972 1096 2044 quaerit
1124 1971 1441 2027 circinando
1471 1986 1636 2043 quem

95 2071 274 2127 devoret
297 2068 351 2139 (I
370 2067 521 2123 Petr.
545 2083 601 2135 v,
637 2064 716 2139 8),
758 2064 887 2122 huic
909 2063 1286 2121 adversarium
1319 2062 1635 2135 quemdam,

94 2162 273 2218 nomine
297 2160 645 2227 Guibertum,
679 2157 951 2230 superbia:
978 2156 1205 2213 stimulo
1241 2155 1539 2223 irritatum,
1566 2152 1634 2210 ad

94 2253 419 2310 confusionem
446 2250 637 2323 populi
676 2249 999 2318 concitavit;
1031 2247 1125 2321 qui
1153 2248 1362 2303 dudum
1405 2245 1639 2317 impera-

93 2346 200 2402 toris
220 2343 591 2415 Bajoariorum
629 2341 986 2414 protervitate
1024 2339 1305 2408 suffultus,
1337 2339 1469 2395 dum
1499 2353 1637 2409 pne-

93 2444 301 2515 deeesspr
349 2441 675 2515 Gregorius,
723 2440 821 2513 qui
863 2449 922 2496 et
967 2438 1392 2505 llildebrannus,
1424 2437 1479 2493 in
1507 2434 1638 2492 sede

88 2534 496 2604 jurehabebatur,
511 2532 906 2605 apostolicatus
921 2531 1157 2587 cilicium
1172 2528 1633 2601 nsurparecmpit,

93 2625 184 2696 ipso
203 2624 449 2697 Gregorio
476 2641 511 2682 a
547 2624 760 2680 foribus
787 2623 1027 2680 basilicae
1052 2620 1238 2677 Sancti
1269 2619 1413 2677 l’etri
1438 2620 1635 2677 exclu-

92 2734 157 2775 so.
176 2717 233 2774 Et
254 2719 376 2790 quia
400 2734 662 2789 perverse
690 2717 774 2774 sic
814 2716 946 2790 egit,
993 2715 1229 2788 populus
1261 2730 1388 2770 eum
1439 2714 1635 2770 melior

91 2826 372 2883 cognoscere
397 2810 599 2866 noluit.
641 2808 861 2866 Urbano
892 2818 1259 2884 autem‘rectc
1279 2806 1454 2862 electo
1480 2818 1534 2863 et
1563 2808 1634 2866 al:

90 2910 314 2983 episcopis
335 2909 712 2966 cardinalibus
741 2917 1087 2973 consecrato,
1114 2904 1288 2976 major
1307 2916 1362 2960 et
1393 2902 1635 2960 sanctior

91 3001 400 3073 parspopuli,
432 3009 564 3073 post
603 2997 955 3055 llildehranni
990 3011 1301 3064 excessum,
1328 2995 1632 3053 obediendo

91 3092 321 3164 aspiravit.
352 3092 655 3148 Guibcrtus
687 3101 870 3147 autem
898 3086 1298 3146 sustentatninc
1336 3085 1634 3157 imperato-

90 3183 410 3256 nspmdicti,
448 3192 506 3239 et
553 3183 941 3254 [derurumque
991 3179 1192 3235 civium
1255 3176 1627 3233 Romanorum

1741 1975 1849 2038 tas,
1891 1969 2047 2037 fides,
2083 1970 2135 2025 in
2176 1968 2441 2026 Ecclesiis
2486 1979 2542 2025 et
2585 1979 2761 2038 extra,
2798 1978 2911 2026 tam
2954 1987 2986 2026 a
3033 1971 3338 2042 majoribus

1738 2080 1904 2137 quam
1936 2065 2243 2121 minoribus
2262 2065 2492 2121 viriliter
2512 2054 2926 2137 subigebantur,
2971 2081 3199 2122 necesse
3217 2075 3339 2123 erat

1738 2164 1801 2212 ut
1828 2155 1987 2212 malis
2005 2157 2140 2212 tanti
2187 2155 2367 2212 modis
2397 2154 2661 2223 dimissis,
2689 2155 2993 2211 monitione
3018 2172 3202 2228 apapa
3230 2155 3336 2213 [ir-

1735 2247 1882 2306 hanc
1892 2246 1971 2304 sic
1986 2257 2410 2318 exorsa,contra
2434 2263 2679 2320 paganos
2705 2248 2898 2305 saltem
2922 2250 3222 2306 certamina
3245 2250 3335 2307 in»

1737 2349 1822 2398 ter
1851 2359 1911 2400 sc
1949 2350 2004 2398 et
2039 2351 2232 2398 contra
2286 2356 2346 2398 se
2375 2340 2580 2396 dudum
2626 2349 2892 2397 consueta
2937 2340 3331 2400 distenderent.

1734 2431 1893 2490 Nunc
1908 2433 2072 2507 igitur
2094 2433 2161 2490 ad
2193 2433 2490 2507 inemptum
2519 2435 2716 2492 reverti
2746 2452 3052 2509 congruum
3073 2446 3177 2494 est.
3192 2436 3333 2495 Nam

1735 2522 1804 2581 de
1831 2524 1933 2582 iter
1959 2524 2250 2598 agentibus
2302 2524 2757 2600 Hierosolymam,
2787 2537 2843 2585 et
2889 2528 3023 2600 quid
3073 2530 3335 2589 euntibus

1735 2616 1964 2686 accidit,
1989 2627 2044 2673 et
2065 2628 2331 2691 quantum
2381 2635 2468 2676 res
2509 2629 2564 2676 et
2594 2620 2752 2677 labor
2774 2620 2891 2693 ipse
2919 2622 3218 2694 paulatim,
3239 2622 3305 2695 ju

1734 2718 1896 2767 vante
1910 2710 2041 2787 Deo,
2064 2710 2401 2783 proficiendo
2413 2713 2628 2782 claruit,
2647 2714 2804 2771 decet
2818 2715 3053 2786 amplius
3077 2715 3300 2773 neseieu

1732 2803 1881 2861 tibus
1905 2804 2202 2861 enucleari.
2229 2802 2385 2872 Quod
2407 2820 2509 2877 ego
2540 2805 2657 2878 ipse
2680 2805 3002 2865 Fulcberius
3022 2806 3332 2864 Carnoten-

1734 2892 1834 2961 sis,
1866 2909 1992 2951 cum
2022 2896 2238 2951 caeteris
2263 2897 2570 2969 peregrinis
2601 2896 2742 2965 iens,
2763 2907 2976 2970 postea,
2998 2900 3140 2956 sicut
3154 2900 3331 2958 oculis

1734 2983 1865 3053 vidi,
1902 2985 2190 3060 diligenter
2234 2994 2292 3044 et
2343 2988 2576 3045 sollicite
2620 2987 2680 3044 in
2724 2990 3052 3046 memoriam
3092 2991 3331 3064 posteris

1736 3076 1953 3152 collegi.

2363 3193 2595 3251 CAPUT
2631 3194 2697 3253 ll.

93 3247 405 3334 irritamento
426 3247 733 3339 animatus,
781 3247 1059 3346 [ἔι;ἰ›;ιιιυιιι
1104 3268 1345 3340 quamlin
1392 3266 1567 3339 potuit
1599 3281 1633 3322 a

1808 3283 1969 3343 Anno
1996 3284 2068 3342 ab
2096 3284 2481 3345 incarnatione
2516 3288 2736 3346 Domini
2764 3290 3059 3348 millesimo
3081 3306 3328 3366 nonage-

91 3369 374 3426 monasterio
404 3366 602 3425 Sancti
638 3364 785 3421 Petri
810 3363 1050 3420 alienum
1080 3361 1228 3419 feut.
1270 3361 1376 3418 Sed
1407 3361 1538 3416 dum
1564 3358 1636 3416 ab

1735 3377 1882 3436 simo
1911 3389 2087 3447 sexto,
2114 3394 2302 3436 mense
2330 3378 2549 3449 Martio,
2578 3390 2704 3454 post
2745 3382 3065 3450 concilium,
3113 3383 3182 3440 de
3213 3358 3332 3456 quo

92 3460 286 3519 Εεεῑέεὶε
327 3461 419 3518 illa
455 3460 542 3517 Sic
570 3458 887 3516 οιῖιιιίηπιιιε
913 3466 1052 3525 εἴτην
1079 3470 1176 3528 [‘C"
1202 3454 1454 3528 "830095
1476 3453 1629 3510 ίιδεθ·
1733 3470 1942 3529 dictum
1978 3483 2083 3539 est,
2110 3471 2491 3541 Arvernieum,
2519 3453 2665 3544 quod
2712 3474 2766 3529 in
2809 3491 2999 3533 mense
3033 3453 3329 3533 Novem—bri

92 3555 212 3621 deus,
231 3555 483 3627 populum
508 3554 569 3609 in
600 3550 897 3623 aliquantis
922 3548 1142 3606 devium
1166 3546 1633 3604 Deoconcnliabat.

1735 3564 1991 3623 dominans
2017 3562 2269 3621 Urbanus
2292 3566 2488 3628 tenuit,
2504 3565 2596 3620 alii
2622 3575 2813 3636 paratu
2830 3567 3162 3636 perniciores
3179 3569 3326 3639 aliis,

92 3649 335 3705 θυίιιθηυε
357 3664 490 3705 νεΐο
520 3647 599 3703 οι)
636 3644 893 3703 Εενιυείίιε
938 3643 1306 3716 ιιτῑιιίῑινῖιιιιιιι
1359 3641 1633 3714 ιιιτεῑάιιε,
1735 3655 1838 3712 ἰιιτ
1872 3667 2122 3713 sanctum
2152 3671 2376 3727 carpere
2404 3667 2716 3728 ca‘pcrunt;
2761 3658 2852 3713 alii
2874 3659 3093 3729 quidem
3132 3676 3327 3719 mense

92 3758 249 3814 papam
293 3742 595 3814 proclivem
648 3737 1037 3797 oberrantibus
1089 3752 1152 3794 se
1195 3736 1529 3804 ostentab;t,
1580 3746 1636 3792 et

1735 3748 1929 3820 Aprili.
1961 3748 2044 3806 vel
2074 3747 2235 3816 .‘laio,
2259 3748 2343 3804 vel
2366 3746 2552 3815 .lnnio,
2585 3749 2702 3803 sive
2730 3747 2894 3817 Julio,
2921 3765 3024 3806 nec
3047 3767 3160 3807 non
3201 3752 3323 3807 Au-

91 3837 374 3906 ³Ρ⁰⁶ῑ⁰¹²ιυε
407 3834 679 3900 omum”,
707 3832 834 3889 Ῑίεθῑ
870 3830 1091 3903 milis“:
1117 3830 1258 3885 ίιιίοτ
1279 3827 1632 3886 οοηεοιιιῖεη-
1735 3851 1897 3915 gusto
1918 3855 2013 3899 seu
2041 3838 2347 3912 Septembri
2371 3849 2537 3910 atque
2557 3837 2799 3909 Octobri,
2822 3849 2983 3910 prout
3005 3850 3327 3913 sumptuum

92 3927 540 3994 ιεεοιθτωιιθῑυέι
569 3923 775 3981 Urbani
824 3922 968 3980 ΐθειει
998 3932 1256 3994 ιηιισιιιωυ
1306 3919 1457 3976 imi“
1509 3919 1635 3976 "in"
1734 3934 2116 4007 opportunitas
2137 3933 2396 3999 occurrit,
2428 3932 2709 3989 subsecuti
2733 3943 2881 3988 sunt.
2899 3931 3020 4000 Quo
3042 3950 3190 3991 anno
3216 3949 3327 4005 pax

90 4019 328 4086 What-
366 4018 637 4076 Ul‘banus
664 4025 846 4073 ιίὶῐιιοη
892 4030 960 4072 00
1008 4030 1176 4081 αηηον
1224 4028 1336 4086 σιιιο
1381 4013 1637 4087 ιη’ῖιιιίιιιε
1734 4038 1789 4086 ct
1838 4028 2032 4100 ingens
2076 4026 2408 4083 abundantia
2446 4023 2707 4080 frumenti
2755 4034 2812 4080 et
2854 4024 2969 4080 vini
2996 4041 3093 4097 per
3124 4038 3326 4082 cuneta

91 4106 630 4177 Γηηοίνηίθτυεθιθῐη
662 4108 814 4175 illiti.
846 4123 944 4179 Ρθτ
986 4105 1219 4161 Romam
1276 4105 1634 4175 ῑτίιηδίενυηίν
1736 4129 2010 4176 terrarum
2053 4118 2273 4174 climata
2322 4118 2663 4184 exuberavit,
2699 4116 3027 4189 disponente
3076 4117 3210 4186 Deo,
3254 4133 3326 4175 ne

92 4207 221 4255 totam
248 4201 467 4256 omnino
508 4207 840 4271 potestatem
869 4196 1226 4268 apostolicam
1260 4196 1487 4267 adeptus
1528 4205 1634 4265 est,

1736 4212 1896 4284 panis
1921 4211 2103 4282 inopia
2123 4210 2278 4266 invia
2298 4211 2611 4276 deﬁet-rent,
2630 4210 2727 4281 qui
2749 4226 2876 4267 cum
2898 4210 3155 4267 crucibus
3183 4210 3324 4281 suis,

92 4292 252 4349 auxilio
280 4293 577 4364 cujusdam
606 4290 963 4347 nobilissima:
1010 4299 1320 4357 matronae,
1345 4287 1626 4346 Mathildis
1732 4302 1891 4375 juxta
1917 4301 2161 4374 ejusdem
2204 4311 2492 4374 pmcepta,
2538 4317 2664 4358 eum
2706 4302 2864 4374 sequi.
2913 4303 3210 4375 elegerant.
3256 4302 3328 4360 Et

92 4384 289 4451 nomine,
308 4402 431 4457 qua:
460 4386 520 4440 in
558 4383 805 4439 Romana
828 4382 1004 4455 patria
1028 4390 1159 4437 tunc
1173 4389 1442 4453 potestate
1466 4381 1637 4437 multa

1737 4394 1867 4466 quia
1895 4401 2211 4465 competens
2261 4402 2348 4450 est
2383 4393 2694 4465 principum
2729 4393 2811 4450 sic
2853 4394 3324 4466 peregrinantium

91 4474 279 4545 rigebat.
321 4480 623 4536 Guibertus
659 4492 791 4532 vero
836 4484 969 4531 tunc
1010 4474 1069 4531 in
1119 4474 1441 4531 Alemannia
1495 4481 1632 4530 erat.

1738 4485 1958 4541 nomina
1985 4485 2039 4541 in
2074 4485 2340 4543 memoria
2368 4483 2863 4556 teneri,Hugonem
2892 4484 3171 4557 Magnum,
3193 4484 3329 4541 Phi-

91 4564 237 4670 ltaqtte
262 4573 367 4628 duo
407 4588 568 4643 papae
608 4568 797 4670 Roma}
836 4576 1131 4670 vicerant:
1180 4566 1277 4623 sed
1315 4567 1412 4670 Olli.
1442 4582 1634 4624 eorum
1668 4612 1713 4670 ο
1738 4578 1868 4649 lippi
1902 4578 2047 4649 regis
2068 4576 2403 4634 Francorum
2425 4576 2673 4647 fratrem,
2704 4579 2953 4648 nomino,
2982 4578 3078 4649 qui
3110 4580 3324 4648 primus

91 4661 376 4731 ουθάίΐειυτς
402 4680 436 4719 ³
463 4661 890 4735 quamplurima
920 4658 1299 4733 ῖευονθῦδιυτ,
1329 4659 1415 4716 νει
1458 4675 1488 4715 ³
1525 4675 1635 4731 quo
1668 4658 1706 4670 ν
1738 4673 1971 4729 heroum
2016 4687 2168 4728 mare
2212 4670 2510 4741 transiens,
2546 4673 2690 4744 apud
2740 4672 3003 4728 Duratam
3040 4672 3232 4727 urbem
3262 4671 3323 4727 in

90 4755 332 4813 consilium
383 4765 728 4828 posceretur,
768 4755 854 4811 vel
896 4753 1024 4825 quis
1053 4752 1274 4825 aegrotis
1303 4753 1631 4809 mederetur.

1742 4763 1998 4837 Bulgaria
2040 4780 2165 4821 cum
2206 4765 2322 4821 suis
2350 4765 2630 4836 applicuit,
2666 4765 2761 4821 sed
2796 4761 3169 4836 imprudenter
3192 4776 3322 4818 cum

89 4842 172 4900 Alii
198 4847 331 4916 huic,
368 4849 462 4904 alii
495 4848 655 4904 alteri
687 4846 965 4903 favebant.
1003 4845 1178 4901 Prout
1204 4845 1517 4916 aspectibus
1542 4846 1635 4902 ho-
1742 4855 1961 4927 agmine
1986 4870 2113 4909 raro
2140 4855 2364 4921 vadens,
2397 4855 2472 4909 ibi
2501 4856 2570 4910 ab
2596 4856 2732 4926 ipsis
2759 4856 2972 4911 civibus
2998 4861 3191 4924 captus
3212 4860 3320 4923 est,

89 4936 261 4995 minam
284 4943 523 5012 patebat,
562 4939 816 4996 Urbanus
839 4937 1156 5010 prosperior
1179 4944 1235 4993 et
1259 4936 1463 5009 justior
1487 4945 1631 5005 erat;

90 5032 321 5099 putandus
346 5043 433 5089 est
458 5044 607 5089 recte
628 5032 842 5099 fortior,
869 5031 965 5102 qui
990 5029 1340 5102 cupiditates,
1371 5037 1632 5101 tanquam

90 5119 240 5181 hostes
268 5127 507 5197 subjicit.
536 5124 810 5181 Ravennae
834 5124 988 5180 urbis
1017 5123 1317 5181 Guibertus
1336 5123 1631 5195 episcopus

90 5224 198 5284 erat,
217 5219 414 5276 honore
432 5230 491 5277 et
520 5219 723 5277 divitiis
750 5219 1043 5291 opulentus
1086 5218 1244 5274 valde
1287 5217 1629 5289 splendebat.

90 5302 376 5378 libandum,
421 5326 598 5385 quare
634 5310 739 5368 sibi
792 5320 900 5366 tam
956 5310 1214 5382 locupleti
1259 5318 1471 5365 tantum
1521 5323 1631 5364 non

91 5401 362 5463 “meiebat.
384 5405 493 5475 Qui
522 5407 684 5463 etiam
733 5406 803 5461 ab
842 5403 1105 5460 omnibus
1148 5400 1426 5471 exemplar
1468 5399 1632 5471 justte

92 5497 283 5554 “tonis
312 5507 368 5555 et
404 5497 735 5555 humilitatis
757 5493 1098 5553 considerari
1138 5491 1393 5558 debebat,
1420 5506 1520 5548 cur
1550 5499 1630 5547 te-

92 5596 209 5642 mere
224 5589 605 5661 pbilopompus
624 5588 876 5646 invadere
898 5582 1310 5660 praesumpserit
1329 5581 1627 5655 regendum

94 5688 323 5749 mpm
352 5682 574 5755 imperii
602 5680 738 5738 Dei?
769 5679 914 5737 Sane
939 5695 1052 5735 non
1080 5684 1164 5735 est
1197 5676 1250 5731 vi
1282 5674 1625 5747 rapiendum,
1665 5667 1669 5670 ’

95 5782 248 5829 Verum
270 5791 390 5832 cum
419 5775 633 5833 ratione
649 5782 709 5830 et
732 5772 1023 5830 devotione
1059 5768 1492 5843 suscipiendum.
1527 5766 1630 5824 De-

97 5860 166 5920 bet
183 5880 445 5942 susceptor
481 5887 593 5928 non
627 5886 725 5943 pm
749 5869 955 5928 honore
981 5878 1211 5938 tumere,
1235 5866 1332 5925 sed
1365 5862 1626 5921 commis-

1737 4953 1791 5000 et
1812 4960 1985 5015 usque
2013 4944 2079 4999 ad
2107 4943 2488 5016 imperatorem
2511 4941 3177 5016 Constantinopolitanum
3202 4957 3322 5014 per-

1738 5028 1958 5103 ductus,
1991 5034 2084 5089 ubi
2122 5048 2219 5106 per
2246 5034 2588 5105 aliquantum
2636 5032 2896 5104 temporis
2938 5047 3049 5088 non
3091 5032 3320 5090 omnino

1736 5128 1876 5184 liber
1905 5136 2153 5183 moratus
2186 5136 2287 5183 est.
2319 5125 2560 5197 Postque
2594 5141 2719 5181 cum
2765 5124 3135 5196 Bujatnandus
3164 5123 3318 5196 Apu-

1745 5220 1855 5287 lus,
1884 5217 2107 5274 Roberti
2135 5215 2460 5274 Guisehardi
2483 5215 2647 5281 lilius,
2680 5215 2888 5288 origine
2913 5223 3092 5271 tamen
3120 5212 3321 5271 North-

1731 5329 1990 5379 mannus,
2020 5327 2118 5380 per
2162 5310 2416 5367 eumdem
2444 5309 2719 5364 tramitem
2752 5325 2876 5365 cum
2926 5308 3168 5366 exercitu
3216 5323 3320 5366 suo

1730 5403 1951 5461 meavit.
1978 5401 2306 5458 Godefridus
2347 5401 2550 5474 quippe
2583 5402 2691 5459 dux
2738 5403 2891 5475 regni
2938 5400 3319 5458 Lnthariensis

1730 5511 1828 5568 per
1848 5492 2230 5566 Hungarorum
2255 5492 2489 5563 patriam
2515 5494 2610 5550 ivit
2633 5509 2757 5550 cum
2786 5503 2944 5566 gente
2966 5493 3155 5550 multa.
3180 5489 3322 5564 Bay-

1730 5587 1970 5644 mundus
2002 5600 2134 5642 vero
2182 5599 2371 5642 comes
2424 5584 2808 5654 Provincialis,
2847 5600 2972 5641 cum
3018 5580 3212 5640 Gothis
3266 5590 3322 5640 et

1731 5678 2091 5746 Gaseonibus,
2122 5676 2417 5749 cpiscopus
2441 5692 2661 5750 quoque
2686 5676 2993 5744 Podiensis,
3030 5691 3129 5746 per
3160 5672 3319 5729 Scia-

1732 5774 1951 5831 voniam
1976 5772 2333 5829 transierunt.
2366 5771 2563 5829 Petrus
2593 5771 2831 5827 Eremita
2861 5770 3102 5841 quidam,
3127 5766 3322 5824 multis

1732 5865 1836 5923 sibi
1867 5863 2092 5937 adjectis
2124 5863 2420 5936 peditibus,
2451 5863 2546 5928 sed
2579 5861 2843 5920 militibus
2876 5863 3087 5935 paucis,
3119 5858 3314 5933 primi.
