3850 6310
463 343 563 401 83!

1035 340 1131 398 AD
1168 338 1620 411 GODEFRIDUM
1659 336 1950 395 APPEND.
1992 335 2058 394 II.
2092 367 2166 378 --
2199 333 2473 393 NONUM.
2514 331 2605 389 DE
2650 328 2878 388 BELLO
2919 329 3165 389 SACRO.

3619 336 3700 394 832

463 465 557 512 tus
589 448 689 525 per
710 449 1050 524 Iqugariam
1084 454 1359 525 perrexit;
1388 452 1548 523 cujus
1568 453 1955 523 gentispostea
1979 467 2070 507 sa—
2097 451 2145 514 Α
2173 450 2403 522 positas,
2430 448 2641 523 gladios
2678 462 2811 504 suos
2859 445 2916 502 in
2967 446 3227 502 manibus
3257 452 3514 512 tenentes,
3560 448 3705 523 Inique

463 553 624 617 trapa
679 545 784 603 fuit
813 547 1038 619 quidam
1082 546 1376 611 Galterius,
1417 544 1811 616 Sine-pecunia
1861 545 2062 612 dictus,

464 638 626 695 miles
644 638 877 711 quidem
895 639 1157 710 optimus,
1182 638 1273 709 qui
1306 645 1495 709 postea
1516 637 1660 692 intra
1690 635 2062 692 Nicomediam

464 738 521 786 et
546 730 785 788 Nicaeam
818 733 1002 798 urbes,
1038 746 1163 785 cum
1187 729 1375 785 multis
1405 729 1682 786 consociis
1704 729 1823 785 suis
1855 744 1887 784 a
1923 727 2066 784 Tur-

464 825 550 880 cis
588 826 809 880 occisus
860 822 981 878 fuit.
1032 820 1219 878 Mense
1261 836 1394 878 vero
1442 820 1751 894 Septembri
1794 819 2066 880 Robertus

465 914 880 972 Northmanniaa
897 930 1101 981 comes,
1116 912 1391 968 Guillelmi
1406 914 1549 986 regis
1561 913 1862 984 Anglorum
1892 913 2062 982 ﬁlius,

468 1008 573 1063 iter
603 1007 853 1078 arripuit,
880 1006 1109 1061 collecto
1133 1004 1236 1060 sibi
1267 1005 1514 1061 exercitu
1542 1021 1743 1076 magno
1772 1005 1841 1061 de
1864 1002 2066 1061 North-

469 1098 707 1164 mannis,
740 1108 793 1152 et
836 1095 1047 1169 Anglis,
1080 1104 1243 1167 atque
1277 1094 1597 1163 Britannis;
1635 1110 1761 1152 cum
1805 1111 1918 1168 quo
1967 1096 2067 1153 ivit

475 1192 643 1245 etiam
674 1188 986 1260 Stephanus
1015 1204 1201 1245 comes
1226 1188 1523 1258 Blescnsis,
1551 1188 1851 1251 Tbeobaldi
1893 1189 2062 1259 ﬁlius,

470 1291 526 1337 et
556 1281 830 1337 Robertus
855 1297 1043 1337 comes
1070 1281 1360 1351 Flandrize,
1394 1282 1624 1354 adjectis
1659 1283 1745 1340 his
1780 1291 1836 1340 et
1877 1283 2064 1340 multis

468 1372 595 1429 aliis
626 1373 927 1429 nobilibus.
956 1372 1145 1445 Itaque
1176 1381 1328 1429 tanto
1349 1374 1580 1447 collegio
1607 1375 1676 1431 ab
1710 1376 2064 1432 occidentali-

471 1464 579 1523 bus
610 1467 860 1537 partibus
888 1467 1239 1538 procedente,
1256 1468 1519 1539 paulatim
1544 1484 1640 1539 per
1660 1468 1827 1538 viam,
1852 1469 2063 1537 diatim,

468 1558 538 1616 de
563 1559 852 1616 innumera
884 1567 1044 1632 gente
1091 1561 1373 1616 concrevit
1412 1561 1687 1618 exercitus
1723 1562 2064 1618 exercituum

469 1652 717 1723 undique
746 1651 1217 1719 convenientium,
1250 1660 1311 1708 ut
1350 1653 1418 1709 de
1462 1652 1664 1725 linguis
1715 1653 1964 1725 pluribus
2012 1661 2068 1709 et

467 1744 786 1816 regionibus
812 1744 1002 1801 multis
1026 1743 1285 1800 videretis
1317 1744 1724 1801 multitudinem
1772 1746 2061 1801 inﬁnitam.

471 1834 593 1892 Non
617 1846 799 1892 tamen
827 1853 1019 1893 omnes
1042 1837 1096 1892 in
1122 1854 1291 1893 unum
1312 1838 1587 1895 exercitus
1610 1840 1919 1917 congregati
1948 1838 2069 1894 l‘ue—

472 1920 626 1997 runt,
670 1928 848 1986 donec
895 1929 963 1985 ad
1016 1927 1254 1985 Nicaeam
1296 1931 1487 2005 urbem
1529 1932 1901 2002 pervenimus.
1931 1931 2073 1999 Qui]

476 2033 612 2091 ergo
639 2018 862 2076 dicam?
890 2018 1088 2075 Insulae
1118 2020 1378 2089 marium,
1408 2028 1464 2077 et
1503 2022 1750 2077 omnium
1803 2030 2071 2078 terrarum

481 2126 649 2184 regna
674 2127 944 2168 concussa
966 2129 996 2168 a
1019 2111 1132 2168 Deo
1156 2122 1306 2181 sunt,
1335 2122 1396 2170 ut
1432 2115 1505 2172 sit
1532 2115 1862 2172 credendum
1896 2116 2072 2170 adim-

476 2204 615 2276 pleri
668 2204 892 2260 Davidis
938 2206 1306 2276 prophetiam,
1359 2223 1468 2279 qua
1524 2207 1579 2263 in
1619 2209 1834 2278 psalmo
1882 2209 2065 2264 dixit:

477 2291 679 2365 Omncs.
697 2304 871 2366 gentes
906 2312 1243 2367 quascunque
1282 2296 1479 2367 fecisti,
1518 2299 1744 2365 venient,
1786 2306 1835 2354 et
1879 2299 2076 2352 adora—

471 2383 600 2440 bunt
622 2403 802 2440 coram
825 2395 892 2453 te,
916 2385 1136 2442 Domine
1166 2380 1343 2460 (Paul.
1369 2406 1568 2459 cxxxv,
1588 2389 1737 2461 9),et
1766 2399 1825 2445 ut
1854 2390 1920 2445 de
1949 2390 2075 2461 jure

468 2478 690 2547 tandem
736 2479 925 2536 dicant
963 2480 1093 2536 illuc
1136 2482 1564 2552 pervenientes:
1612 2481 1973 2535 Adorabimus
2019 2483 2075 2535 in

469 2571 587 2628 loco
619 2572 707 2627 ubi
729 2580 987 2627 steterunt
1007 2573 1163 2644 pedes
1191 2574 1305 2644 ejus
1333 2570 1508 2644 (Psal.
1534 2588 1720 2641 cxxxr,
1754 2572 1828 2645 7).
1869 2572 1944 2628 De
1969 2577 2074 2629 hoc

474 2664 671 2721 itinere
698 2664 861 2720 etiam
890 2656 1127 2736 plurima
1152 2665 1206 2720 in
1223 2664 1527 2737 prOpIietiis
1547 2666 1801 2735 legimus.
1826 2664 1872 2721 0
1898 2682 2076 2737 quan-

472 2765 565 2811 tus
590 2764 708 2812 erat
727 2756 913 2812 dolor!
942 2764 1147 2828 quanta
1176 2756 1447 2827 suspiria!
1471 2767 1605 2828 quot
1627 2757 1872 2828 ploratus
1901 2757 1914 2811 ι
1942 2746 2081 2827 quot

472 2847 714 2903 lamenta
755 2848 898 2903 inter
930 2849 1176 2905 amicos!
1226 2863 1352 2904 cum
1390 2849 1625 2905 maritus
1675 2848 2083 2920 derelinqueret

479 2932 707 2995 uxorem
756 2956 915 2996 suam
968 2941 1075 2997 sibi
1127 2950 1238 2996 tam
1290 2940 1570 3009 dilectam,
1624 2957 1826 3013 pueros
1856 2956 2081 3014 quoque

434 3024 437 3027 ’
474 3044 629 3097 suos,
656 3031 1035 3100 possessiones
1061 3032 1450 3103 quantaslilz-et,
1474 3034 1557 3088 vel
1581 3043 1815 3104 patrem,
1843 3034 1926 3089 vel
1957 3040 2073 3090 ma;

2104 1811 2144 1861 li

477 3130 642 3190 trem,
674 3131 770 3179 aut
807 3123 1145 3191 fratres,'aut
1182 3138 1457 3195 parentes.
1494 3125 1559 3181 Et
1582 3126 1836 3197 quamvis
1882 3136 1962 3182 tot
1989 3128 2072 3183 la—
2100 3162 2146 3226 ο

485 3230 688 3287 cryma:
710 3231 809 3285 pro
839 3217 1033 3273 amicis
1063 3216 1224 3274 ituris
1262 3216 1343 3273 sic
1381 3227 1508 3272 ante
1536 3217 1758 3273 eosdem
1799 3218 1871 3273 ab
1899 3219 2074 3275 oculis

480 3308 889 3364 remanentium
919 3307 1300 3377 funderentur,
1316 3324 1661 3381 nequaquam
1685 3301 1913 3380 proinde
1934 3308 2076 3364 ntul-

478 3394 746 3455 cebantur
764 3402 897 3472 quin
924 3405 1146 3474 propter
1168 3418 1414 3459 amorem
1446 3402 1543 3457 Dei
1571 3411 1771 3458 cuncta
1794 3419 1917 3474 qua}
1941 3398 2077 3474 pos?

482 3492 737 3550 sidebant
756 3492 1148 3566 relinquerent,
1176 3496 1550 3551 indubitanter
1571 3494 1857 3552 credentes
1884 3504 2079 3552 centu-

482 3588 634 3660 plum
667 3588 801 3643 illud
841 3591 1145 3661 percipere,
1185 3592 1331 3662 quod
1382 3590 1649 3648 Dominus
1694 3591 1950 3663 promisit
1996 3607 2080 3648 se—

477 3682 774 3753 quentibus
802 3699 861 3739 se
894 3683 1116 3756 (Matth.
1150 3701 1267 3752 XIX,
1303 3684 1419 3757 ‘29).
1449 3683 1605 3740 Tunc
1627 3686 1830 3757 eonjux
1853 3685 2073 3758 coniugi

477 3776 715 3848 ponebat
763 3777 1059 3832 terminum
1105 3777 1433 3847 revertendi,
1465 3778 1632 3850 quod,
1661 3779 1707 3835 si
1738 3779 1956 3844 vixerit,
1999 3779 2081 3833 in-

477 3864 563 3924 ira
605 3875 717 3925 tres
772 3884 949 3926 annos
998 3870 1066 3926 ad
1109 3885 1232 3925 eam
1265 3871 1604 3942 repatriabit.
1641 3868 2078 3928 Commendabat

480 3960 564 4018 sic
604 3977 727 4016 eam
775 3960 1029 4033 Domino,
1078 3964 1330 4019 osculum
1366 3965 1674 4037 porrigens,
1706 3976 1761 4020 et
1808 3965 2077 4037 pollicens

486 4066 548 4111 se
577 4053 905 4112 rediturum.
946 4055 1039 4111 Illa
1087 4064 1270 4112 autem
1318 4057 1519 4114 timens
1557 4074 1667 4115 non
1717 4038 1955 4130 amplius
1986 4056 2079 4112 via

480 4146 613 4204 dere
636 4164 785 4217 eum,
823 4166 933 4206 non
984 4151 1204 4208 valebat
1246 4168 1360 4224 pra:
1398 4152 1587 4211 dolore
1635 4169 1694 4211 se
1744 4162 2073 4223 sustentare,-

436 4254 447 4263 '
483 4238 620 4314 quin
650 4239 719 4296 ad
748 4248 953 4298 terram
991 4252 1177 4300 rueret
1217 4245 1509 4314 exanimis,
1542 4246 1735 4317 lugens
1760 4261 1861 4317 pro
1896 4247 2077 4303 amico

485 4347 615 4403 suo,
657 4348 823 4405 quem
867 4336 1105 4408 perdidit
1151 4337 1358 4406 vivum,
1412 4338 1569 4410 quasi
1610 4338 1724 4410 jam
1774 4346 2073 4394 mortuum.

481 4422 580 4482 Ille
612 4440 743 4481 vero
776 4433 1039 4499 tanquam
1063 4427 1139 4482 nil
1165 4428 1384 4500 pietatis
1407 4426 1636 4496 habens,
1668 4437 1723 4484 et
1748 4437 1931 4484 tamen
1974 4429 2076 4483 ha-

2168 543 2538 614 arripiebant;
2574 540 2667 597 alii
2697 555 2830 595 vero
2856 553 3022 610 super
3070 537 3254 594 trabes
3292 537 3525 608 ejusdem
3554 556 3707 598 mona-

2168 634 2322 691 sterii
2365 633 2726 700 cursitabant,
2786 642 2840 689 et
2886 631 3013 688 inde
3060 631 3320 686 deorsum
3364 629 3453 685 ubi
3499 639 3708 701 prostrati

2168 728 2466 783 orabamus
2492 726 2704 797 lapides
2729 724 3029 796 jaciebant.
3067 722 3205 778 Nam
3231 738 3359 778 cum
3386 722 3606 781 viderent
3631 729 3711 782 ali-

2167 834 2329 890 quem
2354 817 2577 875 Urbano
2605 819 2840 884 ﬁdelem,
2868 816 3014 872 illico
3037 816 3314 871 trucidare
3339 830 3460 870 eum
3483 817 3709 876 volebant.

2168 911 2228 966 In
2252 927 2377 968 arce
2404 918 2587 967 autem
2617 926 2727 967 una
2757 909 3079 966 monasterii
3121 908 3350 965 inerant
3378 909 3605 967 homines
3628 911 3715 968 lir-

2168 1003 2319 1071 bani,
2350 1005 2444 1076 qui
2469 1021 2590 1059 eam
2642 1004 2877 1061 sollicite
2908 1004 3179 1060 custodiei
3201 1013 3299 1059 ant
3334 1003 3389 1058 in
3437 1005 3592 1075 ipsius
3628 1005 3717 1062 Ur-

2168 1095 2301 1152 bani
2329 1096 2669 1164 ﬁdelitatem,
2703 1104 2760 1151 et
2793 1095 3222 1151 adversantibus
3252 1095 3379 1161 sibi,
3422 1106 3569 1166 prout
3600 1111 3720 1168 pote-

2167 1179 2313 1256 rant,
2339 1189 2702 1264 obsistebant.
2745 1187 2892 1243 Satis
2917 1187 3150 1259 proinde
3176 1187 3473 1253 doluimus,
3494 1203 3600 1242 cum
3628 1198 3719 1243 tan-

2168 1288 2280 1336 tam
2309 1280 2607 1351 nequitiam
2630 1280 2705 1335 ibi
2748 1280 2863 1335 ﬁeri
2890 1280 3151 1334 vidimus.
3190 1276 3296 1332 Sed
3321 1276 3398 1332 nil
3423 1278 3555 1333 aliud
3577 1278 3720 1336 facere

2168 1372 2472 1444 potuimus,
2504 1372 2610 1429 nisi
2649 1370 2797 1445 quod
2829 1389 2861 1427 a
2890 1370 3125 1426 Domino
3148 1370 3451 1426 vindictam
3489 1369 3596 1426 inde
3627 1372 3720 1427 ﬁeri

2168 1467 2501 1538 Optavimus.
2549 1465 2659 1522 Nec
2688 1482 2845 1521 mora
2888 1466 3013 1521 inde
3063 1464 3229 1532 facta,
3260 1465 3437 1530 multi,
3460 1465 3544 1535 qui
3568 1466 3723 1521 nobis-

2167 1575 2293 1615 cum
2332 1559 2462 1615 illuc
2507 1574 2683 1631 usque
2712 1566 3005 1624 venerunt,
3058 1559 3125 1612 ad
3177 1558 3376 1612 domos
3410 1553 3531 1612 snas
3571 1556 3723 1629 ignavi

2169 1653 2469 1708 redierunt.
2503 1650 2616 1709 Nos
2667 1661 2850 1707 autem
2882 1668 2979 1722 per
3023 1651 3262 1707 mediam
3308 1649 3645 1722 Campaniam
3682 1661 3726 1706 et

2172 1743 2423 1816 Apuliam
2447 1754 2673 1810 euntes,
2697 1744 3049 1816 pervenimus
3093 1742 3326 1798 Barrum
3356 1784 3370 1811 ,
3413 1759 3528 1813 qua:
3566 1744 3727 1799 civitas

2173 1839 2400 1909 optima,
2426 1838 2481 1892 in
2505 1838 2676 1893 maris
2708 1837 2955 1907 margine
2984 1838 3087 1892 sita
3114 1844 3228 1903 est;
3254 1836 3439 1906 ibique
3460 1836 3510 1890 in
3532 1836 3727 1891 ecclesia

2175 1929 2364 1987 Sancti
2388 1929 2597 1986 Nicolai
2626 1930 2767 1987 fusis
2793 1929 2863 1986 ad
2893 1929 3063 1984 Deum
3095 1930 3353 2000 precibus
3382 1930 3601 1994 nostris,
3626 1946 3731 1999 por-

2174 2030 2445 2079 tumtunc
2477 2024 2763 2089 adeuntes,
2807 2023 2927 2077 sine
2973 2039 3126 2077 mora
3157 2021 3515 2077 transfretare
3551 2023 3732 2091 putavi-

2173 2132 2319 2171 mus.
2348 2114 2452 2170 Sed
2479 2116 2804 2172 absentibus
2828 2115 3013 2170 nautis
3035 2124 3089 2169 ct
3114 2112 3729 2186 prtcvaricant‘fortuna,

2173 2216 2391 2278 tempus
2423 2206 2588 2262 etiam
2616 2214 2747 2261 tunc
2779 2215 2901 2262 erat
2944 2205 3198 2271 hiemale,
3224 2206 3374 2275 quod
3422 2206 3570 2260 nobis
3607 2205 3734 2260 noci-

2174 2313 2302 2352 vum
2315 2296 2655 2368 objecerunt,
2669 2296 2914 2368 oportuit
2935 2295 3260 2351 Rothertum
3281 2294 3547 2350 Comitem
3568 2292 3734 2349 Nortia

2174 2389 2412 2445 mannim
2434 2388 2488 2443 in
2522 2388 2833 2444 Calabriam
2860 2388 3150 2456 divertere,
3168 2398 3225 2443 et
3249 2397 3365 2443 toto
3386 2388 3609 2442 brumali
3627 2395 3737 2441 tern-

2176 2496 2309 2553 pore
2334 2482 2445 2537 illic
2475 2482 2744 2537 hiemare.
2771 2481 2928 2537 Tunc
2957 2489 3139 2536 tamen
3189 2496 3382 2537 comes
3422 2479 3736 2537 Flandrcnsis

2175 2572 2474 2630 Rotbcrtus
2498 2589 2624 2630 cum
2654 2574 2882 2630 cohorte
2905 2589 3003 2628 sua
3039 2573 3438 2628 transfretavit.
3466 2571 3611 2626 Tune
3640 2574 3739 2641 plu-

2175 2666 2302 2721 rimi
2345 2666 2411 2721 de
2461 2666 2797 2737 pauperibus
2838 2665 2922 2720 vel
2974 2666 3187 2738 ignavis
3234 2666 3479 2735 inopiam
3532 2664 3739 2719 futuram

2177 2768 2506 2828 metuentes,
2530 2759 2772 2816 arcubus
2794 2759 2913 2815 suis
2934 2759 3190 2826 venditis,
3214 2769 3267 2814 et
3293 2759 3506 2813 baculis
3532 2758 3742 2829 peregi.

2177 2853 2422 2911 nationis
2471 2854 2790 2925 resumptis,
2857 2853 2923 2909 ad
2972 2853 3298 2909 mansiones
3354 2868 3487 2907 suas
3535 2841 3742 2922 ﬁgi-«ssi

2178 2953 2329 3001 sunt.
2386 2943 2506 3012 Qua
2549 2944 2619 3000 de
2667 2960 2728 3000 re
2765 2943 2905 2999 viles
2942 2951 3052 2998 tam
3103 2943 3215 2998 Deo
3247 2959 3419 3013 quam
3466 2941 3745 3002 horninibus

2177 3036 2311 3097 facti
2339 3047 2489 3110 sunt,
2516 3047 2571 3096 et
2605 3054 2826 3095 versum
2849 3048 2935 3093 cst
2957 3038 3039 3093 eis
3065 3038 3119 3091 in
3151 3037 3536 3108 approbrium.

2791 3128 3023 3186 CAPUT
3065 3128 3150 3185 111.

2248 3223 2407 3277 Anno
2429 3222 2596 3294 igitur
2615 3222 2828 3278 Domini
2846 3222 3137 3278 millesimo
3150 3220 3745 3291 nonagesimoscptimo,

2176 3313 2470 3387 reducente
2494 3327 2663 3368 verno
2691 3324 2937 3384 tempore
2980 3326 3227 3366 mensem
3272 3309 3556 3376 Martium,
3589 3323 3748 3365 comes

2176 3398 2362 3464 Statim
2386 3390 2822 3475 Nortlnuannus,
2853 3416 3109 3462 clcomes
3131 3404 3454 3476 Stephanus
3482 3402 3746 3467 Blesensis,

2176 3501 2269 3570 qui
2302 3499 2458 3571 juxta
2483 3516 2607 3556 cum
2640 3500 2893 3555 similiter
2914 3510 3128 3570 tempus
3145 3507 3564 3570 exspectaverat
3588 3511 3751 3567 oppor-

2176 3600 2393 3660 tunum,
2431 3608 2581 3647 mare
2627 3592 2979 3662 repetierunt.
3020 3590 3085 3645 Iit
3120 3591 3302 3646 classe
3348 3600 3562 3661 parata,
3598 3588 3751 3643 Nonas

2174 3686 2398 3757 Aprilis,
2427 3686 2573 3757 quod
2626 3695 2757 3742 tunc
2786 3687 2876 3741 die
2923 3686 3098 3741 sancti
3143 3685 3360 3741 Pascha
3408 3686 3605 3749 evenit,
3632 3683 3748 3753 apud

2176 3787 2392 3851 portum
2429 3774 2873 3834 Bﬁmtlusittlllttn
2899 3787 3047 3834 rates
3096 3793 3225 3834 cum
3276 3778 3401 3833 suis
3447 3775 3751 3833 conscende-

2177 3881 2326 3928 runt.
2353 3869 2398 3928 Ο
2431 3888 2596 3943 quam
2635 3870 2911 3943 incognita
2954 3879 3009 3927 et
3047 3871 3457 3941 investigabilia
3488 3868 3752 3939 Stmtjadi-

2177 3966 2263 4022 cia
2294 3963 2420 4021 Dei!
2456 3964 2709 4021 Vidimus
2738 3965 2887 4020 enim
2933 3965 3115 4021 navim
3150 3980 3319 4021 unam
3350 3965 3501 4020 inter
3533 3974 3750 4031 caeteras,

2177 4072 2301 4129 quas
2320 4074 2430 4112 non
2453 4057 2870 4128 superveniente
2883 4056 3173 4113 occasione
3192 4056 3402 4128 aliqua,
3429 4073 3527 4127 per
3544 4053 3753 4112 mediam

2178 4149 2360 4207 subito
2385 4158 2580 4205 eventu
2624 4149 2988 4219 prope-littus
3022 4148 3190 4203 maris
3239 4149 3589 4219 subcrepuit.
3630 4145 3755 4203 Unde

2178 4243 2293 4302 fere
2316 4241 2701 4315 quadringenti
2720 4243 3006 4313 utriusque
3028 4257 3194 4297 sexus
3211 4240 3456 4298 demersi
3486 4244 3754 4314 perierunt,

2178 4335 2246 4392 de
2271 4336 2473 4407 quibus
2496 4334 2872 4406 lausjucunda
2896 4333 3006 4390 Deo
3029 4335 3212 4389 statim
3241 4335 3455 4391 sonuit.
3488 4334 3623 4391 Nam
3653 4350 3754 4390 citra

2181 4441 2411 4499 corpora
2428 4426 2541 4497 jam
2566 4435 2780 4483 mortua
2808 4425 2903 4497 qui
2926 4425 3363 4481 circumstabant
3384 4442 3489 4497 pro
3514 4442 3668 4497 posse
3691 4442 3759 4480 te-

486 4514 645 4585 bens,
672 4532 774 4573 nec
812 4516 962 4574 ﬂetui
990 4519 1179 4575 uxoris
1204 4537 1340 4589 suae,
1384 4536 1564 4592 neque
1605 4520 1866 4587 ﬁliorum,
1898 4536 2076 4592 neque
2104 4527 2154 4589 Ι)
2180 4520 2558 4594 collegissent,
2604 4521 2932 4576 invenerunt
2971 4521 3025 4574 in
3070 4520 3336 4577 carnibus
3372 4523 3755 4593 quorumlam,

484 4608 792 4667 amicorum
809 4626 1269 4684 quorumcunque
1296 4614 1617 4682 condolens,
1641 4623 1696 4670 et
1722 4621 1905 4669 tamen
1936 4614 2076 4671 clam

484 4701 806 4772 condolens,
843 4703 938 4760 sed
972 4704 1112 4760 duro
1146 4704 1332 4760 animo
1365 4712 1629 4761 constans
1653 4704 1856 4760 abibat.
1884 4703 2080 4761 Tristi-

483 4798 561 4856 tia
606 4801 1038 4869 remanentibus,
1082 4800 1344 4873 gaudium
1399 4808 1586 4857 autem
1632 4800 1891 4856 euntibus
1935 4810 2072 4856 erat.

483 4890 628 4960 Quid
652 4892 836 4950 dicere
882 4894 1160 4964 possimus
1191 4894 1357 4951 inde?
1393 4893 1439 4947 Α
1486 4892 1714 4948 Domino
1750 4893 1955 4965 factum
1998 4903 2078 4951 est

482 4986 653 5056 istud,
675 4997 726 5042 et
745 4996 822 5043 est
849 4987 1091 5042 mirabile
1110 4989 1166 5041 in
1178 4985 1346 5041 oculis
1369 4988 1564 5042 nostris
1588 4985 1764 5058 (Psal.
1778 5003 1946 5055 cxvu,
1963 4989 2078 5068 25),

486 5080 660 5156 Igitur
684 5100 787 5141 nos
820 5083 1018 5139 Franci
1061 5081 1433 5139 occidentales
1463 5097 1561 5154 per
1604 5079 1813 5138 Italiam
1849 5097 2081 5138 excursa

488 5173 663 5231 Gallia
707 5182 1078 5240 transeuntes,
1123 5189 1249 5231 cum
1289 5188 1468 5245 usque
1508 5172 1711 5229 Lucam
1736 5173 2084 5245 pervenisse-

487 5282 634 5333 mus,
664 5265 976 5322 invenimus
1005 5282 1178 5338 prope
1203 5266 1395 5323 urbem
1436 5267 1584 5323 illam
1619 5265 1903 5323 Urbanum
1949 5283 2083 5339 apo-

487 5360 772 5427 stolicum,
819 5374 945 5414 cum
996 5375 1109 5432 quo
1164 5361 1332 5418 locuti
1382 5371 1513 5418 sunt
1562 5377 1746 5420 comes
1806 5361 2082 5420 Robertus

484 5449 924 5518 Northmannus,
948 5460 1003 5507 et
1027 5467 1211 5510 comes
1245 5452 1574 5527 Stephanus,
1602 5471 1704 5512 nos
1729 5471 1948 5527 quoque
1974 5472 2080 5512 ca:-

491 5542 601 5603 teri
635 5543 730 5613 qui
751 5542 1046 5602 voluimus.
1080 5546 1149 5603 Et
1176 5547 1244 5604 ab
1271 5563 1338 5604 eo
1380 5548 1762 5605 benedictione
1801 5556 2076 5619 suscepta,

490 5634 792 5706 gaudenter
810 5632 1038 5693 Romam
1071 5639 1291 5697 ivimus.
1327 5639 1539 5697 Etcum
1562 5641 1617 5696 in
1644 5641 1868 5697 basilica
1893 5636 2080 5697 Sancti

492 5723 644 5780 Petri
676 5723 1079 5796 introissemus,
1126 5731 1445 5793 invenimus
1466 5741 1591 5788 ante
1625 5732 1798 5788 altare
1830 5732 2082 5788 homines

2177 4614 2387 4672 scilicet
2407 4629 2572 4685 super
2598 4614 2865 4685 spatulas,
2895 4613 3079 4669 crucis
3110 4612 3163 4667 in
3205 4613 3436 4669 modum
3464 4625 3624 4671 notas
3650 4614 3759 4669 insi.

2179 4707 2377 4780 gnitas.
2421 4704 2558 4761 Nam
2600 4705 2748 4776 quod
2780 4705 2836 4758 in
2868 4703 3065 4776 pannis
3095 4703 3216 4759 suis
3258 4704 3372 4759 vivi
3408 4711 3756 4776 gestaverunt,

2179 4800 2541 4872 competebat,
2576 4798 2811 4854 Domino
2832 4797 3068 4864 volente,
3098 4797 3151 4851 in
3181 4796 3318 4867 ipsis
3341 4797 3399 4852 in
3434 4799 3657 4853 servitio
3676 4808 3759 4851 suo

2179 4893 2261 4949 sic
2284 4892 2677 4965 praeoccupatis
2702 4890 2848 4965 idem
2877 4891 3097 4961 signum
3121 4890 3502 4947 victoriosum
3530 4893 3633 4948 sub
3660 4889 3759 4945 ﬁdei

2178 4984 2406 5056 pignore
2432 4998 2783 5055 permanere;
2820 4983 2983 5038 etiam
3031 4981 3278 5053 pateﬁeri
3304 4982 3760 5038 considerantibus

2177 5078 2274 5135 tali
2297 5076 2565 5134 miraculo
2592 5077 2790 5132 merito
2817 5076 3042 5148 dignum
3067 5084 3207 5143 erat,
3235 5090 3335 5131 eos
3367 5073 3659 5132 defunctos
3677 5074 3760 5129 sub

2177 5172 2555 5230 misericordia
2578 5170 2672 5227 Dei
2692 5170 2807 5242 jam
2837 5170 3078 5241 quietem
3106 5170 3234 5225 vitae
3269 5171 3540 5240 perennis
3568 5169 3762 5239 adeptos

2176 5266 2371 5335 fuisse,
2395 5275 2455 5323 ut
2482 5265 2830 5323 verissimum
2860 5272 3071 5335 pateret
3098 5262 3153 5317 id
3176 5262 3446 5334 compleri
3475 5264 3623 5335 quod
3645 5261 3759 5317 scri-

2176 5370 2333 5432 ptum
2367 5368 2453 5416 est
2484 5378 2497 5415 :
2528 5357 2721 5417 Justus
2748 5374 2854 5430 qua
2891 5366 3058 5411 morte.
3076 5366 3490 5428 praaoccupatus
3519 5357 3693 5428 fuerit,
3718 5355 3760 5406 in

2180 5454 2455 5527 refrigerio
2502 5454 2606 5517 erit
2649 5450 2801 5523 (Sap.
2840 5467 2914 5518 tv,
2947 5449 3022 5521 7).
3055 5448 3129 5505 De
3157 5450 3390 5521 reliquis
3440 5459 3627 5507 autem
3668 5450 3759 5518 jam

2180 5540 2307 5601 cuiu
2330 5552 2505 5600 morte
2528 5541 2888 5609 lactantibus,
2912 5539 3015 5596 viri
3042 5540 3206 5611 pauci
3221 5540 3393 5596 vitam
3418 5542 3759 5605 retinuerunt;

2180 5636 2310 5709 equi
2333 5652 2464 5692 vero
2491 5645 2546 5692 et
2576 5635 2708 5691 muli
2751 5632 2856 5691 ειη)
2891 5632 3054 5689 undis
3082 5633 3344 5709 exstincti
3369 5644 3535 5701 sunt;
3562 5631 3759 5705 pecunia

2183 5743 2405 5801 quoque
2454 5728 2625 5784 multa
2652 5726 2862 5799 perdita
2910 5733 3015 5781 est.
3050 5723 3210 5792 Quod
3250 5725 3628 5781 infortunium
3655 5729 3758 5779 cum

493 5814 746 5875 Guiberti
774 5832 925 5889 papa:
974 5823 1176 5887 stolidi.
1205 5826 1299 5893 qui
1352 5825 1657 5883 oblationes
1693 5824 1852 5881 altari
1896 5839 2083 5896 super-
2183 5821 2516 5890 videremus,
2546 5836 2747 5893 pavore
2779 5818 2968 5893 grandi
2994 5816 3230 5877 confusi
3259 5830 3484 5886 Sumus,
3516 5820 3757 5876 intactum
