3804 6312
52 361 137 424 833

49 492 98 541 ut
111 478 335 556 plerique
354 479 526 537 corde
551 478 771 549 debiles,
794 480 1040 537 nondum
1070 494 1240 535 naves
1266 478 1606 552 ingressi,ad

46 578 212 635 domos
236 590 361 631 suas
405 582 838 642 reverterentur,
868 573 1310 646 peregrinatione
1351 573 1601 641 dimissa,

42 670 254 725 dicentes
275 681 560 736 nunquam
606 665 842 736 amplius
867 665 925 720 in
953 665 1194 734 aliquam
1226 665 1307 721 sic
1327 664 1606 736 deceptio-

42 772 145 816 nem
169 757 481 829 seiungere.
508 757 619 815 Nos
647 768 827 815 autem
851 758 906 814 in
929 757 1291 829 omnipotenti
1317 755 1429 814 Deo
1449 772 1603 828 spem

41 859 251 907 nostram
280 850 502 921 penitus
526 859 809 923 ponentes,
851 850 1229 906 artemonibus
1269 865 1491 906 sursum
1520 848 1603 904 le-

39 943 172 1011 vatis,
192 942 313 998 tuba
340 952 577 998 sonante
599 944 770 999 multa
790 942 962 999 Deum
993 941 1404 1014 proclamando,
1426 949 1480 997 et
1500 957 1604 1013 gu-

38 1035 267 1091 bernante
290 1034 434 1105 ipso,
461 1035 518 1089 in
549 1036 773 1108 pelagus
802 1052 903 1092 nos
923 1035 1275 1107 impegimus,
1305 1043 1471 1091 vento
1499 1034 1604 1090 ali-

37 1127 326 1197 quantulum
370 1125 561 1182 ﬂante.
588 1124 840 1199 Cumque
865 1143 963 1199 per
989 1137 1101 1184 tres
1134 1127 1253 1183 dies
1278 1134 1443 1183 vento
1470 1125 1605 1182 deli-

35 1219 183 1274 ciente
218 1217 271 1272 in
313 1218 576 1275 ﬂuctibus
609 1219 735 1277 altis
766 1220 1161 1289 detineremur,
1197 1219 1254 1274 in
1289 1226 1489 1291 quarto
1516 1216 1605 1275 die

30 1310 161 1381 juxta
183 1311 364 1366 urbem
397 1308 693 1382 Duratum,
722 1313 885 1384 quasi
912 1312 1103 1368 decem
1128 1308 1403 1367 milliariis
1428 1311 1603 1366 inter-

33 1403 291 1471 stantibus,
315 1404 504 1474 portui
537 1405 658 1461 sani
691 1404 1077 1476 applicuimus.
1111 1403 1232 1461 Duo
1264 1412 1446 1460 tamen
1473 1419 1604 1476 por-

33 1507 105 1554 tus
131 1498 349 1553 classem
374 1507 625 1554 nostram
658 1507 1039 1570 susceperunt.
1077 1497 1233 1555 Tunc
1256 1507 1439 1554 autem
1480 1497 1604 1569 qui-

32 1590 131 1645 dem
153 1589 248 1644 iter
264 1590 479 1646 siccum
504 1590 805 1647 laetabundi
834 1590 1260 1662 resumpsimus,
1283 1600 1338 1646 ct
1361 1598 1489 1647 ante
1510 1607 1603 1646 ur-

31 1680 132 1736 bem
151 1680 426 1751 praefatam
470 1691 665 1753 postea
722 1682 1087 1754 perreximus.
1115 1680 1304 1753 Itaque
1336 1680 1602 1754 Bulgaro-

30 1789 130 1829 rum
150 1773 508 1845 regionesper
538 1775 806 1830 montium
833 1783 1104 1848 praerupta
1127 1785 1181 1831 et
1207 1775 1328 1832 loca
1350 1775 1484 1832 satis
1504 1775 1603 1830 de-

31 1875 151 1921 serta
201 1865 585 1923 transivimus.
642 1864 919 1925 Daemonis
972 1869 1042 1925 ad
1090 1867 1297 1925 ﬂumen
1348 1867 1601 1940 rapidum

30 1955 351 2014 convenimus
380 1973 608 2030 omnes,
632 1961 780 2032 quod
804 1960 885 2017 sic
913 1960 985 2016 ab
1008 1959 1202 2017 incolis
1219 1969 1379 2017 terra:
1400 1961 1604 2019 vocita—

32 2058 120 2118 tur,
141 2058 189 2107 et
202 2050 415 2107 merito.
440 2049 702 2109 Vidimus
715 2051 863 2108 enim
885 2053 941 2108 in
971 2052 1063 2109 illo
1084 2052 1309 2109 flumine
1331 2053 1603 2111 diabolica

31 2143 369 2213 quamplures,
392 2144 536 2200 dum
558 2146 759 2202 vadare
782 2145 1115 2217 pedetentim
1143 2147 1462 2218 sperabant,
1489 2156 1604 2203 tor-

32 2234 173 2289 ruitis
195 2234 395 2306 impetu
427 2236 579 2302 diro,
628 2237 776 2308 quod
807 2237 992 2293 nullus
1021 2237 1362 2293 cernentium
1409 2237 1605 2309 juvare

30 2336 225 2396 poterat,
258 2345 445 2387 mersa
474 2334 770 2401 repentino
789 2330 985 2401 perire.
1012 2329 1132 2400 Qua
1155 2330 1223 2387 de
1246 2347 1305 2386 re
1331 2332 1604 2403 lacrymas

31 2420 199 2478 multas
229 2421 298 2478 ibi
326 2422 542 2493 pietate
589 2421 925 2491 dimisimus,
976 2434 1031 2478 et
1078 2422 1184 2478 nisi
1216 2422 1428 2494 equites
1476 2439 1602 2479 cum

30 2514 157 2583 equis
176 2514 464 2573 dextrariis
501 2516 695 2571 invaso
732 2516 828 2572 illo
866 2515 1143 2586 peditibus
1184 2514 1450 2571 auxilium
1491 2515 1603 2572 fer-

32 2614 147 2670 rent,
173 2605 320 2661 multi
346 2606 525 2663 modo
554 2606 722 2663 simili
756 2607 924 2662 vitam
970 2606 1046 2662 ibi
1095 2607 1405 2677 perderent.
1448 2606 1604 2665 Tunc

28 2697 153 2768 juxta
179 2699 343 2769 ripam
372 2707 566 2755 castra
594 2708 785 2755 nostra
812 2698 1003 2755 metati
1046 2714 1262 2767 sumus,
1299 2708 1354 2756 et
1395 2700 1471 2755 ibi
1495 2716 1603 2759 una

32 2793 557 2864 noctepausavimus.
591 2790 803 2848 Montes
826 2791 968 2849 vasti
998 2790 1157 2851 nobis
1188 2791 1431 2864 undique
1462 2808 1601 2863 pne-

32 2893 177 2950 erant,
198 2884 249 2939 in
270 2885 483 2957 quibus
511 2900 671 2940 nemo
692 2883 871 2941 incola
898 2884 1145 2957 parebat.
1172 2884 1330 2940 Mane
1357 2885 1603 2956 quidem,

33 2991 199 3033 aurora
212 2981 571 3050 clarescente,
594 2982 841 3039 classicis
857 2982 1204 3051 sonantibus,
1229 2983 1332 3039 iter
1352 2992 1603 3039 nostrum

35 3070 325 3141 arripuimus
345 3074 777 3130 conscendendo
797 3083 1066 3143 montem,
1089 3090 1253 3146 quem
1278 3073 1602 3146 Bagulatum

36 3173 333 3234 nuncupant.
364 3163 577 3221 Postea
618 3180 770 3232 vero,
813 3164 1094 3220 montanis
1117 3164 1457 3236 postpositis,
1482 3173 1603 3220 tan-

35 3249 136 3309 dem
160 3258 508 3325 pervenimus
527 3256 602 3321 ad
630 3255 853 3324 flumen,
874 3256 1023 3328 quod
1048 3264 1278 3311 vocatur
1293 3254 1599 3311 Baldarius.

36 3342 93 3403 Et
111 3349 239 3420 quod
263 3359 423 3407 antea
453 3352 565 3408 nisi
589 3350 808 3423 navigio
839 3348 1060 3405 transiri
1085 3348 1306 3405 solitum
1330 3356 1468 3414 erat,
1485 3348 1604 3421 opi-

37 3440 210 3497 tulante
236 3441 365 3511 Deo,
386 3443 493 3516 qui
512 3443 634 3515 suis
657 3458 872 3515 semper
903 3443 1118 3513 ubique
1128 3456 1372 3513 pmesens
1400 3441 1603 3497 subve-

37 3532 118 3600 nit,
149 3534 383 3593 latenter
416 3535 676 3593 vadando
704 3535 1184 3591 transmeavimus.
1210 3531 1330 3600 Quo
1372 3532 1604 3588 transito

38 3629 249 3696 sequenti
275 3629 363 3685 die
399 3639 536 3685 ante
568 3629 759 3685 urbem
789 3625 1262 3692 Thessalonicam,
1296 3622 1457 3679 bonis
1481 3639 1602 3679 om-

37 3714 170 3773 nibus
199 3718 596 3786 abundantem,
631 3718 865 3774 tentoria
896 3715 1174 3774 tendimus
1215 3724 1423 3773 nostra.

626 3806 857 3865 CAPUT
896 3806 987 3864 IV.

92 3896 221 3957 Mora
262 3912 451 3959 autem
503 3918 602 3973 per
648 3910 887 3973 quatuor
924 3901 1042 3958 dies
1082 3900 1156 3956 ibi
1195 3899 1357 3968 facta,
1409 3896 1605 3955 deinde

40 3986 371 4051 Macedoniam
408 3995 783 4066 transigentes
810 4009 909 4066 per
934 3993 1129 4048 vallem
1151 3990 1602 4065 Philippensium,

41 4096 233 4158 postque
253 4087 594 4158 Lucretiam,
617 4104 671 4146 et
690 4089 1081 4160 Chrisopolim,
1103 4097 1269 4161 atque
1290 4087 1608 4161 Cbristopo-

41 4176 133 4246 lim,
158 4188 372 4239 ceteras
394 4199 624 4256 quoque
641 4183 803 4239 urbes
825 4199 949 4254 qua).
971 4190 1100 4238 sunt
1124 4181 1178 4236 in
1203 4179 1436 4251 Graecia,
1455 4180 1604 4237 Coa-

41 4273 413 4349 stantinopolim
462 4275 832 4346 pervenimus.
884 4273 962 4330 lbi
1006 4266 1227 4346 quidem
1263 4284 1386 4329 ante
1414 4274 1604 4330 urbem

41 4367 255 4423 tentoriis
280 4368 490 4425 nostris
504 4367 771 4433 extensis,
796 4382 895 4437 per
910 4365 1321 4437 quatuordccim
1351 4365 1468 4421 dies
1496 4365 1608 4423 las-

43 4453 298 4513 situdiaem
329 4467 584 4515 nostram
622 4457 1004 4513 relevavimus.
1052 4454 1116 4510 Et
1145 4457 1275 4527 quia
1330 4455 1602 4512 civitatem

43 4543 165 4603 illam
188 4549 390 4622 ingredi
414 4568 525 4606 non
543 4551 844 4623 quivimus,
866 4549 1129 4620 quoniam
1162 4550 1471 4619 imperatori
1498 4566 1606 4604 non

43 4637 219 4705 placuit
242 4644 496 4713 (timebat
537 4642 684 4698 enim
726 4658 795 4699 ne
840 4641 981 4697 forte
1013 4642 1233 4712 aliquod
1264 4643 1524 4696 damnum
1554 4642 1606 4697 ei

43 4734 472 4803 machinaremur)
494 4734 827 4807 stipendium
849 4734 1232 4805 quotidianum
1253 4741 1405 4789 extra
1418 4749 1606 4790 muros

46 4822 241 4903 allatum
269 4845 372 4886 nos
393 4845 580 4887 emere
604 4829 867 4900 oportuit,
892 4828 1039 4899 quod
1069 4835 1342 4899 praecepto
1365 4825 1604 4897 impera-

45 4917 159 4973 toris
176 4920 327 4978 nobis
354 4922 505 4997 cives
529 4920 846 4977 aﬂercbant.
865 4916 977 4975 Nec
999 4918 1346 4990 permittebat
1367 4915 1605 4988 impera-

47 5012 117 5061 tor
140 5009 351 5069 introire
376 5015 434 5070 in
468 5014 748 5070 civitatem
776 5013 978 5069 multos
1023 5009 1271 5078 insimul,
1301 5007 1604 5067 sed'hono-

46 5098 185 5156 fatim
207 5104 285 5159 vel
307 5105 551 5179 quinque
577 5104 660 5162 vel
681 5120 777 5160 sex
797 5103 864 5160 de
881 5102 1300 5175 potentioribus,
1322 5101 1391 5156 ad
1407 5101 1606 5156 horam

50 5187 97 5243 in
116 5195 345 5253 ecclesiis
373 5197 581 5269 ingredi
612 5196 847 5252 sinebat.
877 5192 924 5250 0
954 5204 1157 5266 quanta
1182 5193 1378 5249 civitas
1407 5192 1608 5248 nobilis

49 5287 97 5335 et
117 5282 323 5343 decora!
354 5298 489 5362 quot
517 5287 873 5356 monasteria,
903 5295 1146 5358 quotque
1166 5284 1365 5356 palatia
1381 5292 1524 5339 .sunt
1550 5282 1607 5339 in

52 5390 127 5445 ea,
155 5395 305 5453 opere
330 5385 469 5439 miro
496 5381 821 5439 fabrefacta!
851 5389 985 5453 quot
1012 5379 1176 5436 etiam
1208 5379 1264 5434 in
1306 5376 1499 5449 plateis
1524 5376 1611 5433 vel

55 5467 101 5525 in
134 5472 257 5530 vicis
292 5492 473 5547 opera,
506 5478 573 5532 ad
604 5474 962 5547 spectandum
1012 5470 1316 5528 mirabilia!
1361 5469 1608 5529 Tzedium

57 5571 127 5617 est
149 5567 353 5636 quidem
379 5585 637 5643 magnum
668 5568 900 5639 recitare
924 5574 1129 5639 quanta
1171 5564 1244 5620 sit
1274 5562 1347 5620 ibi
1379 5561 1609 5635 opulen-

60 5656 123 5713 tia
160 5659 408 5721 bonorum
457 5663 728 5731 omnium,
775 5661 899 5718 auri
951 5668 1006 5716 et
1044 5657 1275 5731 argenti,
1318 5656 1612 5728 palliorum

61 5750 436 5815 multiformium
506 5766 937 5826 sanctarumque
1005 5750 1365 5822 reliquiarum
1449 5747 1614 5805 Omni

62 5840 204 5900 etiam
238 5853 471 5922 tempore
513 5847 733 5921 navigio
780 5845 1052 5919 frequenti
1085 5853 1282 5902 cuncta
1322 5842 1615 5902 hominum

833 352 1207 417 FULCHERll
1242 310 1772 413 cauuorfmsr.
1809 351 2179 413 meaoson
2225 384 2281 396 —
2325 351 2456 412 ιω.
2492 354 2533 410 l.

3204 360 3314 417 834

1634 484 1682 543 Α
1710 476 2024 535 necessaria
2064 477 2193 534 illuc
2242 478 2566 535 all‘eruntur.
2609 475 2689 535 lbi
2733 479 2980 551 insuper,
3024 490 3085 538 ut
3126 498 3312 556 spero,

1709 568 1825 627 fere
1852 568 2044 642 viginti
2073 569 2245 625 millia
2276 570 2551 640 spadones
2577 571 2800 630 assidua
2826 570 3163 632 habitatione
3178 591 3313 633 eon-

1705 670 2016 719 versantur.
2048 659 2188 717 Cum
2214 669 2398 718 autem
2430 678 2534 718 nos
2561 663 2696 720 satis
2717 661 2976 737 fatigatos
2996 668 3187 739 requie
3217 684 3310 726 re-

1706 768 2076 821 creassemus,
2100 744 2235 810 tunc
2253 753 2545 825 optimates
2576 755 2777 823 nostri,
2807 765 3036 827 accepto
3055 758 3312 827 consilio,

1664 916 1669 921 Δ
1705 844 1835 901 facti
1858 853 1990 902 sunt
2022 844 2277 902 homines
2304 845 2677 917 imperatoris,
2708 856 2764 903 et
2782 848 3107 920 pepigerunt
3131 848 3313 908 fmdus

1706 952 1831 994 eum
1856 937 1999 1008 ipso,
2041 937 2186 994 sicut
2223 936 2340 1009 jam
2382 940 2499 1010 ipse
2528 940 2902 1011 postulaverat
2931 942 2997 999 ab
3017 943 3119 1000 eis.
3152 942 3311 1012 Quod

1705 1030 1960 1087 similiter
2001 1030 2116 1102 jam
2147 1030 2388 1088 fecerant
2433 1032 2539 1089 sub
2569 1032 2952 1105 jurejurando,
3001 1037 3096 1109 qui
3125 1053 3228 1093 nos
3253 1037 3313 1095 in

1702 1122 1903 1179 itinere
1951 1123 2073 1194 ipso
2114 1132 2555 1193 antecesserant,
2602 1125 2957 1197 Boamundus
2999 1129 3225 1198 scilicet,
3257 1139 3313 1187 et

1704 1218 1816 1275 dux
1845 1218 2193 1278 Godefridus.
2247 1221 2447 1279 Comes
2476 1233 2659 1280 autem
2686 1224 3046 1298 Raymundus
3080 1227 3185 1284 hoc
3227 1226 3313 1285 fa-

1704 1326 1830 1368 cere
1858 1320 1987 1368 tunc
2015 1313 2307 1369 recusavit.
2330 1311 2533 1372 Comes
2562 1332 2694 1373 vero
2717 1314 2987 1376 Flandria:
3028 1320 3131 1390 sic,
3164 1321 3314 1380 sicut

1705 1402 2228 1477 alii,jusjurandum
2255 1405 2402 1463 fecit.
2428 1406 2565 1464 Nam
2601 1418 2721 1466 erat
2762 1410 2845 1467 eis
2873 1424 3102 1470 necesse
3138 1423 3201 1470 ut
3227 1424 3311 1471 ta-

1694 1490 1828 1556 liter
1849 1514 1973 1555 cum
2003 1499 2334 1571 imperatore
2361 1501 2661 1559 amicitiam
2693 1502 3015 1573 solidarent,
3053 1516 3113 1563 ut
3134 1509 3309 1566 tutius

1704 1600 2032 1663 quaererent,
2061 1600 2116 1648 et
2149 1590 2462 1664 acciperent
2495 1593 2564 1650 ab
2606 1610 2674 1650 eo
2709 1595 3005 1652 consilium
3050 1608 3104 1654 et
3145 1599 3309 1654 auxi-

1705 1681 1862 1750 lium,
1892 1697 2137 1753 przesens
2165 1691 2219 1738 et
2245 1682 2515 1752 futurum,
2548 1692 2662 1743 tam
2690 1683 2798 1742 sibi
2838 1701 3003 1758 quam
3050 1689 3308 1746 omnibus

1705 1774 1801 1845 qui
1836 1788 1940 1829 nos
1966 1773 2206 1832 secuturi
2236 1783 2414 1843 erant,
2434 1790 2532 1847 per
2555 1776 2810 1834 eumdem
2842 1778 3135 1835 tramitem.
3167 1779 3308 1847 Qui-

1704 1866 1809 1921 bus
1837 1854 2042 1920 idcirco
2069 1864 2186 1936 ipse
2215 1864 2763 1938 imperatorprmbuit
2787 1867 2854 1925 de
2881 1869 3309 1927 numismat‘.bus

1692 1948 1823 2014 suis
1851 1966 2120 2029 quantum
2160 1958 2387 2030 placuit,
2415 1958 2483 2015 de
2522 1960 2703 2032 equis,
2752 1970 2808 2017 et
2842 1960 2912 2019 de
2938 1963 3139 2034 palliis,
3161 1963 3306 2018 etde

1703 2048 1935 2120 pecunia
1992 2063 2134 2123 sua,
2186 2064 2297 2120 qua
2353 2049 2519 2105 nimis
2578 2050 2896 2123 indigebant
2961 2054 3031 2109 ad
3092 2063 3306 2111 tantum

1703 2138 1809 2195 iter
1830 2140 2180 2210 explendum.
2218 2138 2333 2196 lloe
2367 2140 2605 2213 expleto,
2630 2150 2803 2211 mare,
2833 2145 2982 2215 quod
3005 2144 3304 2202 Braehium

1705 2227 1894 2285 Sancti
1945 2228 2163 2302 Georgii
2209 2239 2464 2297 vocatur,
2503 2231 3004 2291 transfretavimus.
3051 2234 3207 2293 Tunc
3235 2238 3307 2295 ad

1703 2323 1942 2380 Nicaeam
1966 2325 2155 2378 urbem
2186 2324 2624 2395 preparavimus,
2652 2342 2818 2398 quam
2849 2327 3136 2385 obsidione
3166 2328 3308 2386 Βοα-

1690 2417 1966 2484 mundus,
1990 2417 2174 2473 etdux
2214 2415 2566 2485 Godefridus,
2598 2426 2655 2474 et
2693 2434 2883 2474 comes
2926 2419 3308 2494 llaynmndus,

1703 2520 1966 2567 etcomes
2012 2508 2283 2566 Flandria:
2327 2526 2359 2566 a
2408 2510 2591 2567 medio
2629 2509 2756 2567 Maii
2794 2511 2907 2583 jam
2957 2512 3306 2569 obsidebant.

1704 2600 1882 2670 Quam
1915 2604 2105 2660 urbem
2130 2602 2485 2676 possidebant
2514 2601 2681 2660 Turci
2731 2604 3060 2672 orientales,
3110 2603 3310 2677 pagani

1705 2708 1863 2750 acres
1898 2693 2120 2757 animis,
2166 2702 2223 2749 et
2266 2695 2508 2750 arcubus
2544 2694 2835 2768 sagittarii.
2874 2694 2940 2749 lli
2971 2694 3190 2768 quidem
3237 2694 3308 2751 de

1682 2776 1955 2853 "Perside,
1975 2783 2088 2855 jam
2126 2798 2157 2839 a
2186 2784 2583 2858 quinquaginta
2610 2785 2791 2853 annis,
2820 2784 3098 2858 Euphrate
3143 2784 3311 2841 ﬂuvio

1683 2875 1960 2943 'transito,
1989 2884 2189 2931 terram
2218 2874 2502 2932 Bouiania:
2528 2885 2696 2932 totam
2722 2893 2899 2948 usque
2929 2874 3305 2933 Nicomediam

1705 2968 1900 3023 urbem
1944 2968 2050 3024 sibi
2098 2968 2550 3042 subjugavcrant.
2596 2968 2643 3025 0
2681 2979 2818 3041 quot
2854 2969 3030 3041 capita
3060 2985 3224 3038 cresa,
3252 2977 3310 3027 ct

1705 3072 1835 3114 ossa
1858 3058 2168 3114 occisorum
2200 3056 2344 3114 ultra
2375 3056 2749 3115 Nicomediam
2784 3058 2839 3114 in
2864 3057 3075 3129 campis
3112 3057 3306 3128 jacen-

1708 3149 1843 3204 tium
1876 3156 2007 3205 tunc
2046 3148 2384 3205 invenimus!
2418 3165 2559 3220 quos
2589 3149 2709 3220 ipso
2750 3162 2916 3216 anno,
2962 3148 3207 3220 ignaros,
3250 3156 3309 3205 et

1707 3241 1831 3297 usui
1862 3239 2147 3312 sagittario
2188 3243 2483 3297 moderans
2527 3238 2691 3297 'l‘urci
2742 3249 3122 3313 peremerunt;
3159 3240 3306 3297 unde

1706 3330 1841 3388 moti
1872 3332 2094 3403 pietate,
2128 3332 2266 3388 satis
2304 3332 2578 3405 lacrymas
2621 3331 2887 3389 fudimus.
2918 3332 3169 3405 Cumque
3199 3347 3306 3389 au-

1704 3425 1916 3482 dissent
1961 3424 2056 3499 qui
2098 3420 2339 3481 Nicaeam
2382 3425 2573 3480 urbem
2600 3423 2716 3495 jam
2745 3424 3090 3492 obsidebant,
3123 3424 3309 3481 venire

1704 3516 1980 3591 principes
2011 3516 2244 3573 comites
2284 3524 2526 3583 nostros,
2574 3515 2897 3571 liotbertum
2935 3516 3146 3572 scilicet
3168 3513 3311 3571 Nor-

1704 3611 2031 3667 thmannum
2061 3618 2116 3665 et
2154 3606 2493 3680 Stephanum
2534 3596 2870 3676 Blcscnsein,
2897 3608 3199 3679 gaudenter
3226 3609 3314 3664 eis

1684 3700 1760 3759 ‘ct
1785 3702 1946 3777 nobis
1969 3702 2181 3757 obviam
2199 3710 2486 3768 venerunt,
2518 3710 2573 3755 et
2589 3716 2766 3771 usque
2792 3700 2859 3756 ad
2890 3700 3069 3755 locum
3103 3698 3195 3754 ubi
3222 3707 3311 3754 ta-

1704 3796 2002 3855 bernacula
2030 3805 2219 3852 nostra
2246 3792 2616 3865 extendimus,
2651 3802 2776 3848 ante
2802 3793 2992 3849 urbem
3016 3792 3069 3847 in
3094 3799 3309 3863 partem

1706 3886 2004 3946 australem
2042 3878 2406 3946 deduaerunt.
2440 3884 2562 3943 .lam
2597 3883 2769 3943 semel
2800 3882 2964 3941 Turci
2993 3882 3313 3956 congregati

1706 3999 1766 4041 sc
1787 3991 2135 4055 paraverant,
2166 3981 2410 4037 volentes
2445 3979 2531 4036 vel
2572 3977 2917 4035 obsidionem
2948 3976 3018 4032 ab
3058 3976 3216 4044 urbe,
3253 3976 3309 4033 si

1706 4084 1953 4149 possent,
1987 4082 2264 4142 excutere,
2295 4073 2380 4129 vel
2425 4072 2492 4129 de
2536 4071 2804 4127 militibus
2832 4070 2951 4127 suis
2970 4069 3164 4126 urbem
3192 4083 3313 4125 me-

1676 4170 1815 4228 dius
1838 4169 2078 4225 munire.
2112 4166 2221 4223 Sed
2266 4180 2297 4222 a
2347 4164 2553 4222 nostris
2584 4161 2798 4219 fortiter
2837 4170 2893 4219 et
2933 4159 3188 4217 ferociter
3217 4174 3313 4217 re-

1706 4263 1874 4338 pulsi,
1896 4262 2065 4319 occisi
2089 4268 2304 4318 suntex
2330 4258 2413 4315 eis
2438 4257 2551 4315 fere
2577 4254 2820 4313 ducenti.
2849 4242 2988 4312 Cum
3016 4262 3198 4309 autem
3219 4253 3315 4309 vi-

1706 4358 1899 4413 derent
1922 4353 2168 4409 Francos
2190 4361 2300 4407 tam
2329 4349 2633 4415 animosos,
2655 4354 2711 4402 et
2734 4346 3006 4418 probitate
3030 4344 3311 4401 validissi-

1707 4465 1851 4516 mos,
1879 4446 2227 4505 secesserunt
2271 4442 2449 4516 refugi
2494 4442 2549 4497 in
2601 4439 2928 4496 Romaniam
2962 4428 3309 4506 interiorem,

1639 4554 1685 4613 [)
1710 4542 2071 4614 quoadusque
2085 4534 2682 4610 tempusopportunius
2701 4531 3050 4606 aggrediendi
3065 4522 3161 4587 eos
3182 4544 3315 4585 sen-

1710 4634 1896 4691 tirent.
1926 4631 2040 4688 Nos
2073 4631 2275 4705 quippe
2301 4629 2358 4684 in
2395 4625 2738 4683 hebdomade
2759 4624 2909 4681 Junii
2952 4624 3152 4695 prima,
3208 4636 3315 4693 po.

1682 4726 1906 4782 ‘streml
1936 4724 2003 4780 ad
2031 4722 2378 4780 obsidionem
2408 4719 2683 4776 venimus.
2711 4716 2865 4773 Tunc
2890 4717 2957 4772 de
2978 4715 3317 4771 exercitibus

1709 4817 1962 4891 plurimis
1994 4832 2140 4873 unus
2183 4815 2294 4870 illic
2339 4812 2615 4869 exercitus
2655 4810 2879 4867 ell‘eetus
2922 4816 3029 4877 est,
3070 4800 3311 4878 quorum

1711 4919 1931 4968 centum
1960 4909 2128 4964 millia
2173 4906 2361 4964 loricis
2392 4915 2447 4962 et
2478 4905 2649 4978 galeis
2675 4901 2871 4959 muniti
2901 4909 3092 4968 erant;
3119 4914 3313 4971 quem,

1712 5004 1807 5077 qui
1843 5003 1912 5059 de
1957 5016 2189 5057 numero
2233 4998 2551 5071 sepiebant,
2579 4995 2759 5053 sexies
2790 4986 3008 5067 centum
3039 4992 3209 5046 millia
3240 4992 3310 5047 ad

1713 5098 1852 5155 bella
1888 5084 2185 5152 valentium
2232 5106 2354 5148 esse
2388 5090 2765 5154 aestimabant,
2806 5084 3312 5156 exceptis-inermi-

1713 5192 1839 5258 bus,
1863 5188 2112 5245 videlicet
2131 5184 2376 5250 clericis,
2405 5180 2691 5255 monachis
2708 5222 2723 5246 ,
2752 5174 3078 5234 mulieribus
3100 5186 3155 5231 et
3179 5188 3313 5247 par-

1710 5283 1876 5341 vulis.
1911 5278 2052 5353 Quid
2079 5278 2249 5351 igitur
2288 5260 2550 5346 insuper?
2576 5272 2623 5330 si
2654 5287 2867 5338 omnes,
2900 5269 2994 5342 qui
3021 5268 3091 5325 de
3126 5262 3310 5325 domi—

1712 5376 1821 5433 bus
1858 5373 1975 5430 suis
2004 5360 2213 5437 egressi
2242 5377 2432 5424 votum
2472 5365 2577 5421 iter
2601 5364 2718 5437 jam
2747 5363 3110 5435 incmperant,
3146 5360 3313 5417 simul

1717 5469 1832 5526 illic
1852 5467 2130 5533 adessent,
2179 5461 2373 5534 procul
2411 5458 2577 5516 dubio
2610 5448 2859 5530 sexagies
2896 5462 3114 5512 centum
3140 5446 3315 5509 millia

1712 5563 2037 5622 bellatorum
2060 5564 2267 5615 essent.
2299 5555 2406 5612 Sed
2432 5554 2524 5611 alii
2552 5554 2621 5610 de
2646 5551 2843 5619 Roma,
2874 5550 2967 5606 alii
2994 5550 3062 5605 de
3089 5546 3313 5619 Apulia,

1724 5655 1820 5712 alii
1842 5667 1972 5710 vero
1995 5652 2063 5709 de
2081 5648 2478 5723 llungaria,ve1
2502 5644 2814 5713 Selavonia,
2828 5643 3014 5699 labore
3032 5648 3312 5708 recusato,

1713 5748 1910 5805 domos
1941 5760 2070 5803 suae
2112 5742 2407 5811 redierant,
2446 5727 2533 5797 vel
2574 5739 2631 5795 in
2664 5737 2802 5793 locis
2831 5734 3040 5798 multis,
3066 5726 3313 5786 millibus

1715 5840 1906 5898 multis
1940 5837 2164 5905 occisis,
2191 5844 2247 5893 et
2275 5835 2563 5893 nobiscum
2606 5828 2768 5888 multi
2808 5827 2991 5887 eundo
3023 5816 3311 5888 inﬁrmati,

1637 1838 1679 1894 Β

1630 3192 1677 3261 C
