3804 6312
544 284 646 341 335

1106 279 1202 336 AD
1236 280 1695 341 GODEFRIDUM
1735 283 2030 343 APPEND.
2068 286 2132 343 ll.
2173 318 2245 330 -—
2277 288 2549 349 MONUM.
2587 292 2676 349 DE
2709 293 2937 354 BELLO
2974 294 3222 356 SACRO.
3637 314 3702 375 sa

544 400 707 456 vitam
752 396 1014 455 ﬁniebant
1041 397 1306 456 defuncti.
1332 397 1500 454 Multa
1528 399 1842 496 eameteria
1876 399 2135 496 videretis
2164 406 2210 465 Δ
2236 403 2368 471 bus,
2403 405 2500 477 qui
2528 406 2750 480 triginta
2793 409 3009 466 dierum
3039 411 3265 483 itinere,
3297 422 3348 471 ct
3372 429 3433 474 eo
3460 420 3705 496 ιωμίιςη,

544 509 595 548 in
621 489 875 558 callibus,
905 499 962 547 et
996 489 1054 547 in
1096 491 1328 563 campis,
1359 498 1415 546 et
1445 490 1502 545 in
1528 489 1691 557 lucis,
1722 488 1791 546 de
1834 490 2136 563 peregrinis

544 585 748 641 nostris
774 584 855 640 sic
878 584 1127 655 sepultis.
1161 583 1455 640 Sciendum
1479 583 1607 653 quia
1626 579 1869 654 quandiu
1897 576 2136 638 Nicaeam

546 678 736 734 urbem
787 658 1263 744 circumsedimus,
1311 674 1532 749 navigio
1588 674 1822 740 marino,
1862 689 2139 730 consensu

546 769 916 843 imperatoris,
952 770 1132 826 victus
1155 769 1316 825 nobis
1336 768 1405 824 ad
1428 756 1720 823 emendum
1748 767 1878 824 illnc
1899 776 1981 823 est
2006 767 2140 823 alla-

548 873 658 921 tus.
691 861 849 920 Tunc
894 863 1092 919 heroes
1142 861 1316 918 nostri
1368 859 1618 917 fecerunt
1667 860 1956 917 machinas
1997 859 2137 927 fieri,

549 956 770 1023 arietes,
808 953 1039 1023 scrofas,
1072 963 1251 1010 turres
1281 953 1510 1025 ligneas,
1533 952 1821 1024 petrarias.
1850 950 2140 1008 Distende-

549 1048 753 1104 bantur
781 1047 1019 1103 arcubus
1047 1046 1279 1119 sagittae,
1301 1044 1653 1116 jaciebantur
1681 1044 1924 1116 lapides,
1952 1044 2142 1101 hostes

552 1139 712 1194 nobis
739 1154 945 1209 nosque
967 1136 1074 1194 illis
1096 1138 1269 1194 vicem
1293 1137 1609 1194 certaminis
1632 1154 1733 1209 pro
1760 1152 1923 1209 posse
1952 1136 2143 1194 redde-

530 1218 768 1286 bamus.
799 1229 953 1302 Smpe
969 1247 1094 1286 eum
1122 1230 1395 1287 machinis
1418 1230 1527 1286 illis
1552 1231 1752 1286 armati
1777 1231 1970 1287 urbem
2002 1228 2144 1286 assi-

551 1324 955 1394 liebamus,sed
978 1340 1139 1382 muro
1162 1324 1290 1382 forti
1326 1326 1487 1382 nobis
1515 1326 1788 1394 obstante,
1824 1325 2146 1381 cassabatur

551 1418 815 1476 assultus.
849 1418 1003 1491 Saepe
1025 1419 1093 1474 de
1118 1417 1336 1487 Turcis,
1373 1434 1517 1491 saepe
1539 1419 1605 1474 de
1636 1417 1863 1475 Francis
1886 1460 1900 1486 ,
1931 1417 2145 1489 sagittis

550 1510 636 1566 vel
656 1511 928 1582 lapidibus
953 1511 1224 1583 percussi,
1266 1510 1584 1568 interibant.
1625 1509 1767 1566 Vere
1800 1508 2064 1566 doleretis
2090 1516 2147 1566 et

550 1601 753 1675 pietate
795 1603 1330 1675 suspiraretishcum
1366 1603 1602 1674 aliquem
1637 1603 1704 1660 de
1749 1605 1954 1663 nostris
1978 1620 2147 1678 prope

552 1706 773 1747 murum
802 1690 1192 1762 quoquomodo
1217 1689 1605 1759 trucidassent,
1642 1700 1697 1747 et
1726 1691 2020 1749 submissis
2042 1709 2147 1748 un-

2238 495 2507 552 auxilium
2549 497 2671 570 ejus
2721 500 2967 557 mandati
2995 511 3286 573 venerant;
3316 507 3596 584 adeuntque
3629 495 3705 576 ἀι

2238 604 2306 683 eo
2336 588 2692 683 quamplures
2734 592 3020 665 admirati,
3047 597 3295 656 videlicet
3315 600 3708 683 Amudaradigiu,

2239 680 2515 752 Miriatos,
2543 680 2964 759 Comardigum,
3002 689 3314 761 Amirchai,
3355 692 3550 765 Lachin,

2241 774 2354 847 gis,
2383 772 2739 849 Caradigum,
2774 780 3042 853 multique
3084 783 3175 838 alii
3223 785 3316 856 qui
3367 801 3534 844 omnes
3567 791 3711 853 iniu]

2240 873 2398 921 erant
2432 874 2671 923 trecenta
2701 876 2756 925 et
2788 869 3073 941 sexaginta
3103 873 3273 929 millia
3292 886 3713 947 pugnatorum,sd—

2241 953 2368 1011 licet
2414 956 2843 1029 sagittariorum.
2897 959 3016 1018 Mos
3064 963 3213 1020 enim
3259 980 3439 1022 eorum
3486 979 3555 1025 est
3587 974 3713 1033 talibus

2242 1046 2325 1103 uti
2356 1042 2545 1102 armis.
2580 1047 2805 1120 Equites
2832 1063 2990 1108 erant
3018 1067 3232 1109 omnes.
3270 1052 3380 1111 Nos
3406 1066 3560 1115 autem
3590 1071 3715 1119 utcu-

2243 1153 2351 1210 que
2387 1139 2596 1211 pedites
2631 1147 2686 1197 et
2716 1142 2950 1214 equites.
2983 1144 3091 1202 Sed
3117 1147 3279 1204 nobis
3314 1156 3436 1206 tunc
3461 1152 3712 1212 deerantdu

2246 1226 2608 1299 Godefridus,
2672 1239 2728 1287 et
2786 1248 2976 1291 comes
3032 1233 3419 1308 Raymundus,
3466 1250 3596 1313 atque
3624 1242 3715 1318 Baga

2246 1318 2478 1394 Magnus
2524 1322 2619 1394 qui
2650 1339 2748 1397 per
2780 1325 2922 1383 duos
2968 1326 3085 1385 dies
3126 1329 3440 1401 insipienter
3480 1350 3532 1390 se
3567 1351 3592 1390 ι
3621 1339 3715 1394 nobs

2247 1414 2636 1473 subtraxerant
2673 1434 2799 1474 cum
2840 1429 3000 1492 gente
3047 1424 3291 1480 maxima
3338 1426 3533 1483 tramite
3567 1426 3715 1485 bifurco.

2249 1505 2404 1564 Unde
2438 1508 2598 1565 nobis
2634 1509 2897 1567 damnum
2927 1511 3341 1573 irrcstaurabile
3364 1518 3563 1585 accidit,
3584 1528 3661 1574 tam
3678 1522 3717 1576 de

2248 1597 2455 1655 nostris
2497 1599 2698 1656 occisis
2742 1617 2909 1672 quam
2963 1600 3160 1660 Turcis
3202 1621 3316 1661 non
3351 1608 3574 1673 retentis,
3599 1610 3719 1665 veliti-

2251 1688 2513 1747 terfectis.
2544 1689 2651 1747 Sed
2671 1691 2798 1763 quia
2823 1692 2981 1750 tarde
3006 1693 3214 1768 legatos
3239 1706 3455 1754 nostros
3471 1698 3574 1754 inde
3590 1699 3718 1755 halm

553 1785 635 1842 cis
664 1758 879 1854 ferreis,
907 1758 1045 1858 quos
1075 1785 1299 1844 funibus
1329 1787 1587 1843 deorsum
1623 1787 1992 1855 dimittebant,
2018 1804 2145 1846 cor-
2178 1758 2222 1817 Β
2246 1791 2377 1839 runt
2395 1825 2410 1849 ,
2443 1784 2567 1840 ideo
2614 1785 2767 1841 tarde
2804 1786 2967 1845 nobis
3012 1799 3425 1846 succurrerunt.
3449 1788 3584 1847 Turci
3612 1801 3718 1847 autin

553 1894 659 1949 pus
682 1878 1020 1951 interempti,
1051 1879 1348 1951 aliquando
1368 1879 1602 1949 loricati,
1626 1896 1850 1938 sursum
1879 1883 1948 1938 ad
1970 1872 2030 1939 Se
2056 1898 2146 1939 ra-

553 1970 797 2040 piebant,
825 1970 973 2042 quod
1004 1972 1187 2028 nullus
1219 1982 1468 2028 nostrum
1504 1972 1757 2042 audebat,
1795 1988 1897 2031 nec
1933 1981 2148 2046 poterat

555 2063 626 2117 ab
652 2063 733 2119 eis
757 2074 1100 2135 extorquere.
1135 2063 1378 2136 Corpore
1411 2072 1545 2122 tunc
1577 2066 1871 2137 expoliato,
1914 2066 2148 2125 cadaver

555 2152 706 2211 foras
754 2155 1160 2228 jaculabantur.
1205 2156 1311 2215 Sed
1349 2174 1476 2214 cum
1532 2160 1777 2231 quinque
1826 2160 2147 2232 septimanis

554 2248 747 2303 urbem
795 2249 1383 2319 circumsedissemus,
1424 2260 1480 2309 et
1524 2253 1802 2313 multoties
1844 2253 2147 2311 assultibus

554 2336 766 2397 Turcos
793 2342 1020 2413 pavidos
1042 2341 1386 2413 fecissemus,
1418 2343 1563 2401 facto
1586 2345 1803 2404 interim
1824 2347 2027 2419 placito
2050 2363 2149 2421 per

552 2428 851 2503 legationes
876 2433 1019 2504 apud
1050 2434 1460 2506 imperatorem,
1495 2438 1691 2495 callide
1716 2438 2073 2497 reddiderunt
2095 2441 2148 2498 ei

551 2524 768 2591 urbem,
798 2541 924 2581 cum
949 2525 1066 2597 jam
1111 2528 1230 2599 ipsa
1260 2529 1310 2584 vi
1340 2537 1395 2586 ct
1437 2531 1672 2603 ingeniis
1712 2532 1870 2589 valde
1910 2533 2148 2591 coercita

550 2622 719 2671 esset.
749 2612 905 2672 Tunc
933 2614 1100 2673 Turci
1129 2618 1549 2679 intromiscrunt
1579 2621 1632 2678 in
1659 2639 1783 2680 eam
1805 2622 2149 2697 Turcopulos

552 2706 623 2761 ab
656 2705 984 2778 imperatore
1018 2709 1242 2779 missos,
1274 2712 1369 2783 qui
1391 2713 1581 2770 urbem
1623 2730 1749 2771 cum
1792 2716 2024 2788 pecunia
2057 2715 2148 2774 in-

514 2868 525 2877 .
553 2804 709 2853 terna
737 2799 962 2854 domino
993 2815 1094 2857 suo
1119 2801 1457 2873 imperatori,
1499 2805 1643 2862 sicut
1668 2805 1751 2863 eis
1784 2816 2146 2881 praeceperat,

553 2899 932 2946 servaverunt.
959 2891 1306 2968 Quapropter
1328 2896 1560 2967 pecunia
1592 2898 1684 2955 illa
1719 2908 1952 2970 retenta,
1978 2901 2151 2974 jussit

554 2976 854 3050 imperator
893 2983 960 3040 de
982 2998 1119 3041 auro
1148 3002 1251 3043 suo
1272 2998 1326 3044 et
1359 2998 1587 3061 argento
1624 3000 1790 3065 atque
1818 2994 2000 3065 palliis
2021 3010 2149 3068 pro-

2247 1877 2509 1933 audacter
2540 1876 2841 1934 ululatibus
2889 1889 3314 1952 concrepantes,
3341 1881 3553 1953 pluviam
3581 1885 3720 1955 sagitti-

2245 1983 2371 2023 rum
2420 1967 2769 2024 vehementer
2802 1969 2963 2026 nobis
2997 1970 3185 2043 jacere
3227 1982 3516 2044 creperum.
3545 1971 3624 2029 Sed
3653 1973 3721 2027 icti

2246 2057 2352 2115 bus
2379 2066 2492 2114 tam
2525 2058 2735 2116 crebris
2760 2075 2862 2116 nos
2891 2060 3205 2133 stupefacti,
3244 2065 3559 2136 mortuique,
3578 2066 3721 2120 απιιή

2247 2150 2398 2220 Ιιιξεὶ,
2430 2166 2558 2207 mox
2586 2150 2766 2209 timidi
2792 2153 2937 2211 versi
2977 2170 3173 2213 sumus
3215 2157 3276 2212 in
3320 2156 3510 2230 fugam.
3549 2155 3721 2213 Nescia

2247 2244 2559 2313 mirandum
2581 2286 2598 2312 ,
2624 2245 2754 2317 quia
2798 2247 3014 2304 cunctis
3048 2248 3210 2305 nobis
3234 2248 3346 2305 tale
3383 2249 3558 2305 bellum
3581 2251 3722 2305 eratin-

2249 2335 2551 2409 cognitum.
2576 2335 2923 2410 Jamjamqnc
2962 2354 3029 2395 ex
3061 2339 3235 2398 altera
3284 2351 3434 2413 parte
3480 2338 3720 2401 arundineti.

2249 2428 2468 2499 agmina
2510 2428 2680 2486 densa
2728 2444 2797 2486 ex
2847 2430 2927 2486 eis
2976 2430 3229 2504 adusque
3279 2433 3560 2505 papiliones
3590 2441 3723 2487 nostra

2248 2520 2601 2578 vehementer
2646 2521 2952 2591 irruerant,
2987 2522 3082 2594 qui
3134 2521 3204 2579 de
3257 2524 3421 2581 rebus
3463 2523 3724 2579 ηοω-ἰδίως

2249 2613 2619 2685 arripiebant,
2653 2622 2710 2670 et
2763 2613 2831 2670 de
2878 2623 3039 2685 gente
3093 2622 3291 2672 nostra
3344 2615 3630 2679 occidebant,
3653 2629 3723 2669 cun

2249 2704 2424 2774 forte,
2452 2705 2779 2778 disponente
2812 2704 2955 2774 Deo,
2986 2705 3237 2780 Hugonis
3269 2707 3475 2782 Magni,
3516 2718 3561 2763 et
3592 2706 3723 2763 conis

2249 2796 2560 2872 Raymundi
2579 2840 2595 2868 ,
2641 2806 2696 2855 et
2726 2798 2883 2856 ducis
2909 2797 3191 2856 Godcfridi
3218 2816 3564 2873 praecursores
3588 2798 3654 2853 tab
3679 2796 3725 2850 b-

2251 2889 2496 2948 fortunio
2518 2907 2548 2948 a
2577 2893 2881 2965 posteriore
2908 2901 3065 2964 parte
3085 2901 3460 2951 accurrcrunt.
3487 2891 3545 2948 Et
3567 2906 3656 2947 CIII
3674 2904 3724 2942 ts-

2249 2997 2358 3054 que
2390 2982 2459 3039 ad
2483 2983 2714 3040 tentoria
2744 2992 2935 3041 nostra
2959 2984 3075 3057 jam
3101 2983 3278 3058 fugati
3308 2984 3597 3051 fuissemus,
3615 2980 3723 3039 statim

553 3071 773 3129 ceribus
801 3075 1006 3132 nostris
1026 3077 1168 3146 dari,
1194 3080 1469 3150 peditibus
1494 3098 1715 3156 quoque
1735 3084 1989 3143 distribui
2018 3086 2135 3146 fecil

2249 3074 2355 3146 qui’
2379 3073 2614 3148 ingressi
2654 3073 2875 3131 fuerant
2906 3091 2938 3131 a
2982 3076 3361 3148 papilionibus
3393 3092 3449 3133 se

526 3162 622 3247 'dc
655 3167 898 3225 nummis
919 3169 1037 3227 suis
1055 3172 1245 3242 aeneis,
1270 3190 1412 3246 quos
1440 3186 1642 3233 vocant
1663 3177 2017 3238 Tartaroncs.
2047 3181 2146 3239 Die

555 3263 738 3312 autem
762 3258 876 3327 illo,
908 3276 1019 3331 quo
1043 3259 1222 3320 Nicaga
1245 3265 1327 3322 sic
1337 3274 1422 3324 est
1443 3264 1860 3341 comprehensa,
1884 3272 2000 3329 sive
2023 3275 2148 3331 red-

555 3350 689 3421 dita,
718 3353 886 3409 unius
926 3356 1132 3413 mensis
1164 3358 1402 3415 solstitio
1436 3375 1794 3433 repercussus
1819 3374 1923 3430 est,
1953 3368 2144 3423 tertio-

553 3461 663 3519 que
708 3444 829 3503 Kal.
871 3445 1022 3516 Julii,
1048 3465 1173 3506 cum
1213 3450 1451 3510 barones
1481 3455 1655 3512 nostri
1704 3456 1775 3512 ab
1815 3457 2147 3529 imperatore

552 3553 879 3597 concessum
904 3541 1140 3598 abeundi
1183 3545 1556 3616 accepissent,
1599 3563 1631 3604 a
1674 3547 1855 3615 Nicaea
1890 3551 2147 3610 discessi-

550 3646 677 3687 mus
706 3630 995 3690 interiores
1025 3632 1309 3693 Romaniae
1343 3637 1596 3710 regiones
1620 3640 1841 3698 adituri.
1874 3641 1981 3699 Sed
2017 3660 2143 3700 cum

548 3736 649 3794 per
669 3723 811 3780 duos
833 3723 949 3781 dies
971 3725 1075 3781 iter
1101 3727 1408 3801 egissemus
1435 3738 1708 3799 nostrum,
1732 3733 2041 3790 nuntiatum
2062 3743 2149 3793 est

550 3814 713 3870 nobis
733 3817 879 3887 quod
911 3815 1099 3885 Turci,
1124 3820 1406 3890 praetentis
1432 3823 1592 3879 nobis
1608 3823 1845 3893 insidiis,
1872 3825 1925 3881 in
1942 3827 2143 3897 planis,

550 3920 648 3976 per
670 3923 793 3979 qua!
823 3909 1156 3968 transituros
1208 3927 1312 3970 nos
1358 3914 1790 3985 arbitrabantur,
1844 3920 2145 3990 praeliaturi

551 4001 960 4069 exspectabant.
1016 4001 1131 4059 Hoc
1152 4013 1335 4060 autem
1364 4021 1493 4063 cum
1534 4008 1961 4079 audivisscmus,
2008 4013 2146 4069 nihil

551 4089 625 4146 ob
644 4089 701 4148 id
722 4093 1047 4152 audacitatis
1072 4095 1381 4153 amisimus.
1408 4099 1514 4155 Sed
1533 4115 1660 4156 cum
1685 4116 1810 4158 sero
1833 4102 1928 4159 illo
1950 4120 2146 4176 specu-

550 4181 756 4240 latores
797 4187 974 4242 nostri
1014 4187 1201 4259 plures
1228 4205 1297 4245 ει
1324 4189 1434 4247 illis
1461 4207 1492 4247 a
1523 4192 1684 4265 longe
1707 4194 1994 4265 vidissent,
2023 4207 2144 4257 sta-

550 4273 651 4330 tim
707 4290 810 4334 nos
866 4278 992 4335 inde
1031 4291 1396 4350 monuerunt,
1452 4294 1676 4357 propter
1716 4288 1863 4359 quod
1911 4290 2144 4348 tentoria

518 4374 740 4451 'nostra
778 4381 939 4427 nocte
989 4370 1081 4427 illa
1135 4373 1385 4431 excubiis
1437 4376 1679 4448 undique
1724 4380 2035 4437 conservari
2063 4380 2145 4439 fe-

549 4475 751 4519 ClmlIS.

1173 4556 1405 4615 CAPUT
1448 4557 1510 4616 V.

617 4644 777 4703 Mane
847 4656 1032 4705 autem
1087 4647 1263 4720 facto,
1317 4652 1466 4722 quod
1536 4652 1735 4710 accidit
1803 4653 1923 4712 Kal.
1975 4654 2135 4725 Julii,

545 4738 781 4810 sumptis
808 4739 999 4809 armis,
1029 4749 1086 4798 et
1110 4751 1367 4799 monente
1390 4759 1563 4801 cornu
1583 4787 1601 4811 ,
1637 4747 1902 4806 adversus
1926 4765 2022 4806 eos
2041 4766 2139 4822 per

546 4830 663 4887 alas
697 4832 1007 4902 consecuti,
1052 4835 1287 4892 tribunis
1325 4844 1381 4892 et
1430 4839 1848 4897 centurionibus
1887 4842 2140 4901 cohortes

543 4933 599 4981 et
643 4926 922 4983 centurias
958 4926 1321 4998 ducentibus,
1352 4931 1567 4988 vexillis
1609 4932 1832 5002 levatis,
1883 4936 2138 4994 ordinate

545 5016 626 5076 ire
651 5018 941 5091 coepimus.
977 5019 1122 5078 Hora
1164 5022 1269 5079 diei
1306 5024 1576 5095 secunda,
1615 5041 1742 5083 ecce
1768 5043 2141 5098 praecursores

502 5167 507 5171 .
542 5125 734 5167 eorum
763 5113 1199 5183 speculatoribus
1219 5117 1424 5173 nostris
1459 5118 1933 5191 appropiaverunt.
1981 5118 2138 5189 Quod

542 5217 670 5259 cum
717 5205 1097 5277 audissemus,
1154 5209 1407 5280 protinus
1462 5212 1692 5268 tentoria
1744 5221 1932 5270 nostra
1976 5214 2135 5285 juxta

542 5293 821 5363 quoddam
865 5298 1253 5355 arundinetum
1281 5300 1478 5356 metari
1523 5300 1788 5371 fecimus,
1822 5311 1882 5359 ut
1910 5304 2137 5376 expedi-

500 5452 503 5457 ι
540 5382 652 5442 tius
695 5385 940 5455 clitellis,
972 5388 1025 5445 id
1046 5399 1131 5446 est
1177 5391 1439 5460 sarcinis,
1479 5392 1744 5471 depositis
1771 5396 2137 5468 promptiores

542 5473 612 5530 ad
646 5475 1005 5546 praeliandum
1032 5493 1302 5537 essemus.
1329 5480 1452 5549 Quo
1466 5479 1643 5550 facto,
1678 5498 1746 5539 en
1780 5480 1967 5551 Turci,
1998 5500 2137 5557 quo-

540 5579 667 5623 rum
697 5566 951 5639 princeps
995 5578 1049 5626 et
1090 5571 1392 5629 admiratus
1446 5583 1564 5630 erat
1606 5574 1888 5645 Soliman,
1917 5575 2010 5648 qui
2038 5574 2135 5633 Ni-

539 5673 707 5717 caeam
742 5660 936 5718 urbem
974 5670 1029 5719 et
1066 5662 1393 5723 Romaniam
1430 5665 1486 5721 in
1533 5677 1801 5738 potestate
1843 5685 1944 5726 sua
1978 5678 2132 5727 tene-

502 5824 509 5835 ι
542 5750 665 5822 bat,
716 5754 1060 5829 congregatis
1097 5755 1203 5814 sibi
1244 5756 1441 5816 Turcis
1473 5759 1542 5816 ab
1577 5759 1933 5819 orientalibus
1955 5758 2117 5834 parti-

2248 3174 2503 3239 putantes
2530 3177 2754 3241 propter
2779 3184 2878 3226 eos
2901 3177 3013 3226 tam
3035 3170 3147 3227 cito
3171 3186 3281 3228 nos
3302 3170 3519 3244 regredi.
3545 3167 3623 3225 Sed
3640 3164 3722 3238 qvi

2228 3260 2535 3317 ‘audaciam
2577 3261 2662 3318 vel
2704 3261 3031 3334 probitatem
3079 3263 3353 3335 suspicati
3387 3270 3527 3329 sunt,
3563 3269 3723 3332 paron!

2247 3351 2479 3408 nimium
2515 3368 2739 3426 sperare
2763 3362 3009 3425 possent.
3044 3353 3188 3423 Quid
3227 3355 3448 3414 dicam?
3479 3350 3723 3424 Nosqlith

2248 3445 2304 3501 in
2333 3462 2507 3502 unum
2541 3447 2936 3518 conglomerati
2955 3490 2971 3516 ,
2999 3455 3269 3519 tanquam
3305 3463 3432 3505 oves
3454 3445 3564 3503 ovili
3583 3442 3722 3501 dum.

2249 3541 2446 3613 trepidi
2472 3550 2528 3599 et
2547 3541 2816 3613 pavefacti
2838 3543 2908 3599 ab
2934 3542 3187 3600 hostibus
3212 3544 3454 3616 undique
3475 3537 3722 3597 rallam”.

2248 3640 2309 3689 ut
2379 3632 2690 3690 nullatenus
2753 3634 3096 3706 aliquorsum
3164 3633 3460 3706 procedere
3499 3630 3720 3686 valere-Is

2247 3726 2404 3795 Quod
2441 3727 2602 3783 nobis
2648 3726 2830 3782 visum
2876 3734 2962 3785 est
3012 3734 3240 3798 propter
3266 3733 3484 3799 peccata
3512 3728 3651 3779 nostn
3678 3713 3721 3770 εἰ

2247 3818 2561 3892 contigisse.
2601 3816 2741 3874 Nam
2782 3819 3053 3891 quosdam
3082 3819 3309 3875 luxuria
3340 3815 3720 3890 pensatum-

2247 3909 2373 3965 dam
2399 3923 2529 3964 vero
2578 3908 2807 3965 avaritia
2866 3910 2952 3966 vel
3010 3909 3272 3980 superbia
3325 3908 3547 3965 vitiabat.
3586 3899 3721 3956 (ιιι-π

2244 4010 2365 4058 erat
2394 4002 2587 4075 ingens
2620 4002 2823 4058 aethera
2858 4000 3091 4071 feriens,
3122 4002 3375 4060 virorum
3404 4016 3465 4058 ac
3494 3996 3719 4055 urbem.

2246 4102 2412 4166 atque
2459 4094 2752 4151 infantium
2772 4138 2787 4163 ,
2815 4111 2918 4153 nec
2942 4110 3053 4152 non
3098 4104 3155 4152 et
3181 4109 3511 4170 paganorum
3529 4088 3604 4165 qui
3624 4096 3720 4155 Μ

2246 4202 2350 4245 nos
2379 4187 2680 4244 irruebant.
2717 4186 2951 4260 Jamque
2994 4189 3144 4245 nulla
3188 4204 3319 4260 spes
3352 4198 3464 4246 erat
3486 4186 3601 4241 vita.
3632 4176 3721 4235 TI!

2245 4295 2373 4338 reos
2406 4290 2460 4338 et
2490 4290 2806 4353 peccatores
2839 4296 2942 4339 nos
2977 4295 3173 4341 omnes
3205 4298 3335 4340 esse
3366 4280 3636 4341 fatebantur.

2247 4374 2604 4431 sericordiam
2651 4390 2682 4430 a
2723 4373 2835 4431 Deo
2855 4374 3051 4431 devote
3093 4376 3455 4448 postulantes.
3499 4370 3650 4428 Adoni
3678 4362 3718 4415 ii

2172 4466 2216 4523 D
2240 4464 2532 4538 episcopus
2576 4466 2896 4535 Podiensis,
2942 4474 3210 4539 patronus
3251 4477 3455 4534 noster,
3494 4474 3541 4521 et
3571 4466 3718 4533 quam

2242 4558 2368 4629 alii;
2401 4558 2737 4630 aderantque
2781 4560 3095 4617 sacerdotes
3125 4557 3533 4632 quamplurimi,
3556 4548 3717 4609 sibisi!-

2241 4650 2357 4706 duti
2382 4651 2753 4718 vestimentis,
2781 4652 2875 4725 qui
2901 4651 3195 4708 Dominum
3228 4652 3519 4709 humillime
3549 4648 3716 4715 devci?

2242 4742 2403 4811 bant,
2436 4752 2497 4799 ut
2531 4744 2789 4800 virtutem
2837 4743 3079 4800 hostium
3126 4751 3514 4817 prosterneret,
3552 4748 3595 4795 et
3622 4730 3714 4789 nobis

2243 4835 2388 4892 dona
2419 4832 2812 4892 misericordiae
2845 4852 2961 4892 sum
2994 4835 3325 4894 inlunderet.
3351 4832 3715 4892 Ploraan

2242 4926 2407 4996 bant,
2433 4936 2721 4984 cantantes
2764 4929 3014 4985 orabant.
3051 4927 3207 4985 Tunc
3256 4912 3712 4986 currebantnuliiI-l

2212 5010 2364 5088 'eos,
2395 5020 2491 5092 qui
2521 5019 2810 5077 confestim
2853 5023 2993 5077 mori
3038 5024 3295 5079 timentes
3329 5006 3713 5079 contitebanlllrds

2239 5122 2462 5186 peccata
2486 5128 2606 5169 sua.
2632 5111 2788 5170 Tunc
2815 5114 2989 5171 nostri
3014 5129 3270 5186 proceres
3287 5156 3303 5182 ,
3334 5099 3711 5169 RohertnsM

2239 5207 2477 5263 manniae
2523 5221 2737 5275 comes,
2790 5215 2847 5262 et
2893 5205 3204 5279 Stephanus
3228 5201 3709 5287 Blesensis,etcwf5

2239 5297 2538 5367 Flandriae,
2579 5297 2933 5355 Boamundus
2948 5314 3191 5371 quoque,
3223 5314 3326 5370 pro
3359 5312 3508 5369 posse
3539 5291 3601 5346 eis
3626 5296 3709 5339 res?

2237 5401 2413 5459 stere,
2444 5401 2499 5448 et
2524 5407 2619 5448 eos
2647 5407 2791 5465 saepe
2821 5391 3138 5448 nitebantur
3162 5392 3429 5449 invadere.
3456 5385 3546 5459 Ipsi
3565 5376 3706 5465 quid?

2238 5501 2269 5542 a
2295 5483 2491 5542 Turcis
2518 5464 2734 5541 fortiter
2777 5483 3202 5557 impetebantur.
3230 5484 3337 5541 Sed
3360 5481 3556 5539 forsitan
3575 5464 3707 5540 mni-

2236 5576 2451 5632 catione
2476 5583 2665 5634 nostra
2690 5575 2960 5633 Dominus
2982 5576 3232 5648 placatus
3259 5576 3411 5648 (quia
3433 5586 3518 5627 nec

2235 5667 2307 5725 tis
2336 5683 2579 5741 pompae,
2607 5684 2708 5725 nec
2735 5668 2906 5726 armis
2930 5642 3132 5725 lucidis
3160 5642 3480 5739 triumphare
3504 5642 3701 5717 favens“

2236 5761 2405 5818 menti
2434 5760 2568 5833 piae,
2603 5768 2659 5819 et
2685 5761 2981 5820 virtutibus
3024 5761 3228 5821 divinis
3263 5750 3700 5819 munitaillm'"
