3804 6312
124 339 209 397 857

123 454 252 510 sitate
290 447 369 522 pie
416 443 687 515 subvenit)
717 442 982 515 paulatim
1027 442 1267 514 vigorem
1308 449 1440 497 tunc
1487 439 1647 496 nobis

120 541 354 615 “astitit,
399 547 453 595 et
506 535 709 592 Turcos
760 532 934 605 magis
982 534 1270 605 magisque
1321 531 1640 587 debilitavit.

117 631 227 688 Nam
249 631 366 687 visis
400 628 670 686 cousociis
704 626 944 692 nostris,
975 625 1069 697 qui
1101 624 1364 697 postremi
1387 639 1646 695 propera-

118 724 222 779 bant
257 722 319 776 ad
354 720 710 791 adiuvandum
747 733 881 785 nos,
929 717 1216 773 laudantes
1245 714 1450 781 Deum,
1475 715 1646 771 auda-

115 818 229 873 ciam
267 813 643 883 resumpsimus
685 819 744 867 et
795 826 893 883 per
946 810 1136 866 turbas
1181 817 1237 864 et
1282 809 1536 864 cohortes
1563 807 1644 864 eis

115 906 326 960 resistere
352 903 452 958 nisi
498 919 708 959 sumus.
756 900 901 958 lleu!
930 910 1066 972 quot
1100 901 1168 956 de
1194 900 1400 956 nostris
1426 899 1515 956 die
1550 899 1644 955 illo

112 1004 211 1068 post
245 1010 335 1050 nos
358 996 496 1050 lente
515 994 799 1052 venientes
822 995 880 1050 in
901 994 991 1050 via
1015 993 1369 1049 occiderunt!
1395 991 1440 1045 A
1465 992 1642 1063 prima

112 1088 197 1143 diei
224 1088 342 1143 hora
374 1101 544 1158 usque
575 1085 641 1141 ad
671 1095 914 1145 sextam.
938 1100 1074 1153 nos,
1121 1092 1183 1140 ut
1228 1084 1378 1153 dixi,
1409 1093 1641 1155 anguste

111 1183 448 1243 coercuerunt;
493 1175 590 1232 sed
624 1184 758 1231 tunc
800 1175 1063 1247 paulatim
1111 1174 1270 1230 nobis
1301 1173 1558 1229 animatis
1587 1181 1643 1230 et

109 1268 162 1325 de
180 1268 356 1324 nostris
383 1267 547 1324 sociis
569 1268 839 1324 concretis
855 1309 872 1335 ,
903 1265 1081 1322 adfuit
1108 1266 1429 1322 mirabiliter
1455 1265 1641 1321 divina

108 1360 247 1433 gratia
266 1401 282 1426 ,
303 1368 352 1414 et
377 1359 532 1431 quasi
579 1369 861 1417 momento
889 1360 1179 1416 subitaneo
1196 1401 1212 1426 ,
1241 1357 1406 1415 Turci
1447 1374 1641 1414 omnes

107 1450 274 1506 visibus
312 1450 507 1508 nostris
547 1451 715 1508 dorsa
760 1450 975 1524 fugitivi
1012 1459 1311 1508 verterunt.
1350 1449 1463 1507 Nos
1507 1466 1641 1508 vero

105 1551 203 1613 post
237 1556 325 1598 eos
356 1542 703 1600 vehementer
753 1543 1153 1610 vociferantes,
1195 1560 1293 1615 per
1326 1553 1543 1600 montes
1585 1555 1640 1601 et

104 1632 237 1689 valles
260 1633 516 1704 persecuti
546 1649 648 1690 eos
680 1650 906 1702 sumus;
963 1650 1104 1706 quos
1136 1633 1328 1706 fugare
1370 1650 1481 1690 non
1513 1649 1636 1691 ces-

103 1724 329 1792 savimus,
358 1724 529 1781 donec
573 1726 880 1782 anteriores
918 1728 1091 1783 nostri
1126 1742 1382 1785 cursores
1416 1727 1484 1784 ad
1512 1737 1633 1785 teu-

102 1817 212 1873 toria
249 1832 426 1873 eorum
453 1828 843 1889 pervenerunt.
882 1816 983 1874 Ubi
1031 1819 1213 1875 aliide
1253 1825 1417 1877 rebus
1444 1836 1633 1876 eorum
1666 1802 1711 1861 Β

99 1920 141 1966 et
158 1909 213 1966 de
233 1911 464 1968 tentoriis
486 1911 624 1984 ipsis
645 1920 1010 1968 oneraverunt
1035 1912 1353 1968 eorumdem
1384 1927 1557 1983 equos
1584 1922 1639 1970 et

100 2003 296 2061 camelos
326 2002 538 2074 plures,
585 2019 729 2075 quos
762 2020 864 2076 pro
895 2004 1091 2060 timore
1126 2004 1239 2060 illic
1264 2004 1633 2076 reliquerant;

99 2092 169 2147 alii
192 2109 307 2149 vero
326 2092 531 2151 Turcos
573 2094 847 2168 fugientes
875 2111 1050 2167 usque
1091 2095 1161 2151 ad
1202 2103 1418 2152 noctem
1448 2111 1635 2167 perse-

98 2185 184 2242 cuti
209 2195 342 2242 sunt.
374 2186 479 2244 Sed
529 2188 667 2259 quia
700 2187 935 2245 famelici
965 2197 1021 2243 et
1067 2186 1275 2261 fatigati
1306 2198 1464 2245 erant
1509 2189 1636 2261 equi

98 2276 265 2344 nostri,
312 2293 513 2349 paucos
556 2294 629 2334 ex
674 2279 756 2335 eis
800 2279 1152 2338 retinuimus.
1200 2280 1417 2337 Grande
1452 2290 1636 2337 autem

96 2366 373 2425 miraculum
402 2369 498 2426 Dei
526 2370 667 2439 fuit,
702 2373 849 2444 quod
874 2373 963 2428 die
986 2373 1230 2430 crastino
1255 2382 1309 2430 et
1339 2374 1502 2430 tertio
1526 2391 1635 2431 non

94 2471 401 2518 cessaverunt
427 2462 621 2537 fugere
640 2506 656 2533 ,
681 2465 935 2536 quamvis
954 2480 1051 2521 eos
1097 2467 1313 2535 nullus,
1346 2467 1453 2523 nisi
1484 2467 1636 2523 solus

94 2547 238 2620 Deus,
266 2554 490 2626 amplius
520 2554 760 2627 fugaret.
790 2555 866 2612 De
893 2565 1043 2612 tanta
1072 2565 1254 2612 autem
1282 2557 1512 2613 victoria
1534 2573 1636 2613 nos

93 2638 193 2697 facti
214 2644 491 2716 latissimi,
514 2646 634 2703 Deo
661 2648 865 2720 gratias
891 2664 1084 2706 omnes
1105 2649 1440 2705 exsolvimus
1463 2691 1479 2716 ,
1506 2649 1635 2721 quia

92 2733 234 2791 noluit
280 2737 376 2794 iter
417 2748 673 2797 nostrum
701 2740 927 2797 omnino
949 2740 1272 2809 adnibilari,
1304 2740 1399 2796 sed
1438 2742 1506 2797 ad
1537 2742 1637 2796 ho-

91 2841 246 2883 norem
290 2831 372 2886 sui
416 2840 471 2888 et
527 2831 991 2904 Christianitatis,
1040 2834 1420 2891 honorabilius
1472 2835 1636 2891 solito

87 2922 350 2991 prosperari
374 2941 389 2979 :
413 2925 564 2981 unde
592 2925 662 2981 ab
689 2925 899 2983 oriente
922 2942 1098 2998 usque
1139 2925 1209 2981 ad
1246 2941 1504 2983 occasum
1549 2926 1635 2983 fa-

88 3024 159 3064 ma
179 3015 470 3082 personahit
507 3018 792 3088 perennis.
825 3017 969 3074 Tum
996 3017 1218 3090 quidem
1254 3028 1380 3089 post
1398 3035 1496 3076 eos
1534 3020 1636 3075 iter

89 3109 299 3157 nostrum
324 3105 574 3163 modeste
616 3108 973 3165 calcavimus.
1025 3107 1191 3165 Turci
1219 3124 1351 3167 vero
1379 3120 1506 3167 ante
1533 3127 1635 3168 nos

88 3184 317 3263 fugientes
349 3198 672 3256 catervatim
703 3201 1020 3258 mansiones
1040 3216 1138 3273 per
1170 3201 1495 3259 Romaniam
1532 3204 1636 3260 sibi

88 3287 399 3354 quaesierunt.
449 3288 599 3347 Tum
657 3282 1002 3364 perreximus
1044 3293 1424 3363 Antiochiam,
1469 3310 1637 3366 quam

86 3379 441 3444 praenominant
482 3399 752 3455 parvam,
778 3385 833 3441 in
868 3386 1150 3457 provincia
1180 3384 1394 3455 Psidie,
1441 3387 1638 3445 deinde

85 3463 289 3527 Iconium
323 3493 337 3531 :
371 3476 425 3532 in
448 3477 658 3550 quibus
686 3478 1030 3551 regionibus,
1055 3479 1355 3551 saepissime
1375 3497 1516 3553 pane
1553 3481 1637 3539 ci-

84 3559 321 3635 bariisque
341 3568 476 3625 satis
513 3568 872 3641 indiguimus.
917 3567 1054 3626 Nam
1115 3569 1477 3640 Romaniam,
1513 3587 1637 3643 quae

84 3660 202 3710 terra
225 3666 303 3713 est
334 3658 547 3731 optima
587 3669 643 3717 et
674 3658 1014 3718 fertilissima
1042 3663 1317 3719 bonorum
1344 3662 1593 3719 omnium
1616 3706 1632 3732 ,

82 3740 351 3807 invenimus
390 3752 556 3808 valde
589 3767 622 3808 a
653 3750 850 3810 Turcis
876 3762 1151 3811 vastatam
1190 3765 1244 3811 et
1272 3754 1630 3827 deploratam.

82 3832 318 3897 llultoties
338 3849 526 3899 tamen
557 3843 813 3901 videretis
858 3854 1069 3902 tantam
1104 3847 1283 3919 gentis
1325 3847 1629 3904 multitudi-

81 3942 181 3985 nem
201 3930 261 3988 de
296 3935 438 3992 raris
461 3935 729 4005 culturis,
779 3953 920 4011 quas
960 3938 1233 3995 interdum
1270 3955 1367 4010 per
1405 3940 1528 3996 loca
1551 3941 1637 3995 in-

78 4020 425 4095 veniebamus,
473 4027 620 4084 bene
672 4027 1002 4098 refocillari,
1053 4031 1438 4102 supplemento
1487 4031 1635 4088 illius

80 4107 185 4182 Dei,
226 4116 315 4188 qui
358 4118 426 4176 de
476 4119 726 4192 quinque
769 4123 1006 4193 panibus
1035 4130 1090 4179 et
1125 4122 1344 4180 duobus
1390 4123 1636 4195 piscibus

79 4205 288 4279 quinque
309 4210 478 4267 millia
499 4211 788 4267 hominum
812 4213 1013 4271 cibavit
1042 4213 1260 4288 (Matth.
1283 4231 1395 4284 xlv,
1428 4214 1632 4288 19-21).

79 4292 184 4353 lude
211 4301 335 4358 satis
357 4303 707 4373 lmtabamur,
747 4313 801 4361 et
824 4307 1233 4379 congaudentes
1252 4349 1268 4375 ,
1293 4306 1438 4362 dona
1469 4307 1636 4364 mise-

78 4387 297 4449 ricordiae
346 4394 443 4453 Dei
494 4396 616 4452 haec
657 4412 779 4454 esse
822 4398 1234 4470 profitebamur.
1266 4396 1422 4456 Tunc
1448 4407 1634 4455 autem

79 4494 182 4539 vere
215 4485 292 4541 vel
328 4487 621 4558 rideretis,
666 4490 752 4545 vel
778 4487 1006 4548 forsitan
1057 4490 1256 4562 pietate
1304 4490 1636 4563 lacrymare-

78 4574 221 4643 mini,
252 4594 373 4634 cum
409 4580 573 4636 multi
616 4588 869 4638 nostrum
906 4582 1174 4655 jumentis
1219 4591 1475 4655 egentes,
1502 4582 1634 4654 quia

77 4660 133 4718 de
160 4667 266 4723 suis
305 4669 419 4740 jam
450 4668 626 4726 multa
678 4673 1056 4743 perdiderant,
1080 4684 1366 4741 verveces,
1399 4688 1631 4746 capras,

77 4767 204 4827 sues,
233 4775 412 4830 canes,
441 4762 511 4819 de
538 4763 704 4819 rebus
729 4764 846 4821 suis
863 4807 879 4832 ,
912 4763 1121 4822 scilicet
1144 4765 1344 4836 pannis
1370 4766 1457 4821 vel
1484 4766 1637 4837 pani-

77 4843 183 4917 bus,
212 4866 302 4908 seu
327 4855 572 4926 qualibet
612 4854 826 4912 sarcina
852 4855 1267 4929 peregrinorum
1296 4857 1422 4913 usui
1445 4872 1636 4915 ncces-

78 4943 200 4999 saria
225 4949 540 5005 onerabant.
566 4948 811 5017 Quarum
856 4950 1211 5005 bestiolarum
1234 4958 1384 5023 terga
1404 4951 1632 5007 videba-

76 5044 215 5103 mus,
252 5040 393 5097 mole
452 5039 619 5097 fascis
676 5041 859 5114 gravis
903 5056 1025 5098 esse
1070 5052 1350 5114 corrupta.
1407 5042 1634 5114 Equites

75 5122 217 5180 etiam
244 5144 407 5199 supra
436 5130 608 5186 boves
650 5146 774 5186 cum
813 5131 985 5188 armis
1020 5132 1137 5188 suis
1168 5131 1443 5188 interdum
1471 5149 1633 5189 scan-

77 5210 270 5274 debant.
302 5219 406 5278 Sed
431 5223 556 5294 quis
590 5238 833 5294 unquam
875 5224 1087 5279 audivit
1111 5232 1191 5280 tot
1222 5225 1395 5281 tribus
1434 5226 1633 5298 lingua:

77 5302 125 5360 in
144 5324 244 5365 uno
269 5315 506 5371 exercitu
526 5359 541 5381 ,
577 5331 703 5371 cum
729 5317 803 5371 ibi
838 5317 1097 5373 adessent
1118 5316 1349 5384 Franci,
1382 5316 1628 5384 Flandri,

76 5393 230 5469 Frisi,
268 5402 434 5474 Galli,
484 5406 725 5475 Britoni,
754 5407 1105 5482 Allobroges,
1130 5408 1481 5481 Lolharingi,
1506 5410 1632 5465 Ale-

76 5494 272 5563 manni,
328 5496 598 5569 Bajoarii,
669 5498 1065 5570 Northmanni,
1131 5500 1323 5570 Scoti,
1377 5502 1628 5574 Anglici,

78 5578 337 5657 Aquitani,
376 5588 524 5660 Itali,
557 5591 754 5663 Apuli,
788 5592 958 5661 lberi,
992 5593 1157 5662 Daci,
1191 5594 1396 5663 Graeci,
1431 5593 1631 5650 Armes

79 5673 180 5730 nil?
198 5676 347 5746 Quod
391 5683 436 5739 si
476 5685 638 5741 vellet
667 5701 754 5742 me
782 5686 987 5759 alloqui
1015 5686 1312 5745 Britannus
1331 5730 1346 5755 ,
1375 5688 1460 5744 vel
1488 5686 1630 5744 Teu-

81 5769 301 5840 tonicus,
343 5785 532 5833 neutro
581 5779 915 5850 respondere
955 5795 1224 5852 saperem.
1273 5777 1381 5837 Sed
1428 5779 1525 5851 qui
1549 5786 1629 5836 tot

837 324 1215 386 FCLCHERH
1248 322 1555 383 CARNOT.
1593 322 1776 381 HIST.
1817 321 2187 381 HIEROSOL:
2224 354 2296 365 —
2334 322 2466 380 LIB.
2508 322 2550 381 1.

3236 330 3347 393 838

1674 443 1721 502 Α
1746 438 1949 511 linguis
1969 438 2131 496 divisi
2144 454 2388 507 eramus,
2404 448 2669 512 tanquam
2692 438 2914 512 fratres,
2929 442 3036 500 sub
3056 443 3348 504 dilection°

1750 529 1876 598 Dei,
1905 539 1961 586 et
1980 531 2244 603 proximi,
2270 530 2562 589 unanimes
2586 548 2710 590 esse
2738 532 3081 592 videbamur.
3109 536 3269 608 Nam,
3296 541 3344 597 si

1746 622 1816 680 de
1854 623 2020 680 rebus
2048 624 2164 680 suis
2193 624 2394 697 aliquis
2439 624 2648 697 aliquid
2690 628 2970 698 perderet,
3005 644 3105 700 per
3145 648 3343 703 quam-

1746 713 2016 787 plurimos
2045 715 2164 772 dies
2187 715 2242 771 id
2267 710 2555 788 diligenter
2577 718 2767 774 tandiu
2798 720 2893 791 qui
2921 720 3221 780 invenisset
3247 725 3346 780 de-

1749 805 1914 863 ferret
1940 823 2157 876 secum,
2181 808 2358 865 donec
2386 808 2717 880 inquirendo
2744 811 2898 868 illum
2944 812 3043 885 qui
3072 814 3342 884 perdidis-

1747 909 1831 957 set
1874 900 2166 971 reperiret,
2218 910 2274 958 et
2322 901 2606 958 inventum
2654 903 2889 961 libenter
2919 906 3190 963 redderet.
3223 905 3340 963 lloc

1745 992 1892 1049 enim
1922 993 2189 1064 competit
2208 993 2297 1050 his
2320 993 2413 1066 qui
2433 994 2583 1065 juste
2604 996 3045 1069 peregrinantur.

2352 1104 2586 1163 CAPUT
2621 1106 2711 1164 Vl.

1815 1184 1955 1241 Cum
1979 1193 2164 1241 autem
2187 1184 2257 1240 ad
2273 1183 2555 1243 Eracleam
2570 1187 2759 1243 urbem
2776 1187 3238 1258 pervenissemus,
3256 1188 3334 1244 vi-

1752 1275 1936 1332 dimus
1958 1276 2176 1348 signum
2197 1275 2252 1330 in
2268 1274 2407 1331 caelo
2429 1275 2727 1347 quoddam,
2745 1276 2890 1348 quod
2909 1277 3144 1332 alburno
3163 1278 3342 1348 splen-

1744 1365 1877 1421 dore
1901 1364 2116 1437 fulgens
2146 1376 2277 1421 tunc
2305 1366 2559 1436 apparuit
2600 1366 2657 1421 in
2701 1367 2923 1422 modum
2951 1368 3103 1423 ensis
3130 1367 3336 1439 liguru-

1744 1466 1891 1525 tum,
1922 1457 2149 1529 cuspide
2186 1473 2379 1514 versus
2424 1457 2689 1513 orientem
2719 1468 2992 1529 protento.
3048 1457 3154 1514 Sed
3203 1459 3336 1530 quid

1743 1549 1989 1607 futurum
2016 1551 2368 1621 promittebat
2397 1551 2810 1619 nesciebamus,
2842 1552 2937 1607 sed
2967 1552 3256 1624 praesentia
3281 1559 3337 1607 ct

1742 1639 1926 1696 futura
1971 1640 2204 1697 Domino
2242 1641 2743 1697 committebamus.
2788 1641 2871 1697 Ad
2896 1642 3156 1713 oppidum
3192 1642 3335 1713 opti-

1743 1746 1892 1785 mum
1920 1729 2232 1800 quoddam,
2272 1730 2420 1801 quod
2469 1728 2765 1785 Mar-iscum
2819 1730 3159 1799 nominatur,
3202 1739 3335 1788 tunc

1736 1821 1970 1893 profecti
2019 1837 2244 1889 sumus,
2277 1822 2367 1876 ubi
2400 1837 2498 1892 per
2540 1829 2654 1876 tres
2682 1820 2800 1876 dies
2841 1821 3172 1891 quievimus.
3225 1821 3333 1879 Sed

1737 1929 1864 1970 cum
1916 1914 2117 1970 exhinc
2152 1914 2297 1969 viam
2345 1914 2511 1969 unius
2563 1912 2670 1969 diei
2713 1913 3226 1984 proculcassemus,
3280 1922 3336 1970 et

1737 2021 1848 2062 non
1894 2006 2057 2079 longe
2094 2006 2165 2061 ab
2211 2004 2499 2061 Antiochia
2552 2003 2756 2077 Syriae,
2806 2005 2902 2061 sed
2954 2004 3116 2077 quasi
3156 2006 3335 2061 tribus

1736 2101 1933 2157 diebus
1955 2116 2238 2169 essemus,
2275 2100 2345 2154 ab
2389 2098 2633 2154 exercitu
2672 2098 2942 2166 discessi,
2988 2106 3194 2154 etcum
3224 2099 3328 2153 do-

1737 2194 1890 2250 mino
1937 2193 2206 2250 Balduino
2260 2192 2491 2259 comite,
2550 2189 2829 2247 Godefridi
2891 2192 3049 2248 ducis
3105 2190 3334 2247 antefati

1736 2285 1934 2356 fratre,
1983 2287 2039 2343 in
2088 2287 2326 2342 sinistra:
2381 2295 2591 2356 partem
2645 2283 2943 2355 provinciae
2985 2283 3329 2340 divertimus.

1735 2379 1869 2436 Erat
1901 2380 2102 2453 quippe
2137 2379 2294 2435 miles
2322 2394 2488 2450 quam
2518 2378 2760 2448 optimus
2785 2420 2802 2448 ,
2828 2377 3101 2449 probitate
3138 2387 3192 2432 et
3228 2391 3332 2431 au-

1736 2472 1891 2529 dacia
1949 2472 2107 2552 valde
2154 2470 2441 2538 famosus;
2497 2469 2592 2542 qui
2639 2477 2798 2525 antea
2846 2468 3039 2524 relicto
3088 2467 3331 2523 exercitu

1736 2581 1863 2621 cum
1891 2567 1999 2623 illis
2038 2581 2180 2636 quos
2204 2580 2393 2621 secum
2423 2563 2612 2630 duxit,
2641 2562 2834 2618 urbem
2861 2604 2876 2629 ,
2923 2575 3089 2633 quam
3139 2560 3333 2616 dicunt

1738 2657 2010 2715 Tbarsum
2062 2658 2293 2726 Siliciaa,
2332 2673 2470 2713 ausu
2515 2672 2717 2728 magno
2750 2664 3000 2726 ceperat;
3037 2668 3205 2725 quam
3245 2659 3332 2709 ta-

1735 2766 1863 2807 men
1904 2749 2187 2808 Tancredo
2234 2750 2505 2806 violenter
2553 2747 2814 2815 abstulit,
2865 2745 2960 2817 qui
3005 2744 3123 2816 jam
3171 2744 3227 2799 in
3265 2759 3329 2800 ea

1735 2842 1989 2900 homines
2019 2859 2183 2911 suos,
2221 2840 2416 2898 Turcis
2440 2841 2493 2898 ei
2531 2838 3035 2906 consentientibus,
3066 2834 3324 2892 intromio

1734 2943 1902 2991 serat.
1954 2933 2178 2989 Relictis
2227 2933 2414 3004 itaque
2485 2931 2559 2987 ibi
2613 2929 2969 2996 custodibus,
3029 2926 3330 2982 Balduinus

1736 3026 1805 3083 ad
1827 3027 2131 3084 exercitum
2162 3025 2344 3082 rediit.
2378 3024 2565 3097 Itaque
2585 3022 2868 3081 conﬁdens
2906 3021 2962 3077 in
2991 3019 3248 3088 Domino,
3276 3025 3332 3074 et

1664 3150 1709 3212 ο
1739 3121 1795 3176 in
1815 3120 2001 3197 valere
2029 3135 2162 3189 suo,
2184 3119 2402 3192 collegit
2446 3134 2630 3176 secum
2657 3117 2858 3175 milites
2887 3130 3093 3188 paucos
3120 3156 3135 3183 ,
3158 3111 3330 3212 proli-

1737 3211 1952 3268 ciscens
1978 3227 2172 3268 versus
2199 3210 2533 3283 Euphratem
2557 3208 2806 3277 fluvium,
2837 3216 2891 3264 et
2914 3204 3329 3278 comprehendit

1737 3303 1813 3360 ibi
1850 3312 2033 3360 castra
2068 3303 2304 3377 plurima
2335 3310 2445 3359 tam
2480 3304 2535 3358 vi
2564 3316 2729 3375 quam
2760 3299 2999 3374 ingenio.
3030 3297 3177 3354 Inter
3204 3311 3330 3370 quas

1737 3410 1908 3450 unum
1949 3395 2091 3466 cepit
2134 3395 2498 3466 peroplimum
2526 3437 2542 3463 ,
2583 3394 2728 3466 quod
2765 3400 2996 3450 vocatur
3029 3389 3324 3446 Turbercs.

1736 3482 1855 3540 Hoc
1902 3485 2126 3555 paciﬁce
2183 3484 2540 3541 reddiderunt
2579 3483 2631 3538 ei
2681 3482 2777 3554 qui
2820 3483 2874 3538 in
2913 3496 2980 3537 eo
3007 3479 3328 3538 habitabas!

1735 3574 2014 3643 Armenii,
2044 3584 2097 3631 et
2144 3575 2249 3630 alia
2298 3573 2533 3646 plurima
2584 3574 2714 3629 huic
2761 3572 2996 3628 subdita.
3034 3566 3177 3626 Cum
3222 3584 3327 3624 au-

1736 3674 1847 3724 tem
1870 3665 2016 3723 fama
2052 3666 2121 3723 de
2149 3682 2216 3722 eo
2258 3666 2420 3737 longe
2453 3665 2668 3736 lateque
2706 3663 2823 3735 jam
2855 3659 3325 3726 circumvolasset,

1736 3758 1889 3814 misit
1902 3744 1977 3814 'ad
2010 3773 2136 3814 eum
2179 3756 2503 3829 legationem
2527 3756 2620 3827 qui
2650 3754 2901 3826 princeps
2935 3760 3054 3809 erat
3087 3751 3329 3808 civitatis

1737 3846 1927 3917 Roais,
1956 3850 2007 3905 id
2037 3857 2123 3905 est
2150 3848 2389 3913 Edessze,
2418 3862 2542 3918 qua:
2570 3846 2706 3903 satis
2733 3856 2818 3902 est
2844 3846 3147 3913 nominata,
3178 3852 3234 3901 et
3254 3844 3325 3901 de

1734 3939 1896 3996 bonis
1927 3948 2088 3996 terra:
2131 3937 2428 3995 uberrima.
2460 3936 2557 3993 Est
2585 3937 2674 3993 illa
2707 3937 2761 3992 in
2802 3934 3195 4007 Mesopotamia
3221 3932 3327 4009 Sy-

1734 4031 1852 4098 riae,
1876 4040 2029 4087 trans
2055 4030 2255 4086 ﬂumen
2281 4030 2598 4102 prmdictum
2623 4028 2954 4101 Euphratem
2986 4027 3175 4100 viginti
3207 4026 3325 4084 fere

1735 4121 2030 4186 milliariis,
2053 4130 2108 4178 et
2134 4122 2204 4178 ab
2233 4121 2526 4178 Antiochia
2561 4120 2774 4178 distans
2797 4119 2960 4192 quasi
2986 4128 3207 4177 centum
3237 4119 3326 4175 vel

1734 4214 1900 4286 paulo
1924 4213 2068 4285 plus.
2091 4212 2380 4270 Mandatus
2416 4222 2501 4269 est
2525 4213 2709 4283 itaque
2751 4209 3056 4269 Balduinus
3089 4219 3150 4269 ut
3195 4211 3328 4267 illuc

1735 4306 1860 4375 iret,
1899 4314 1955 4362 et
1994 4304 2337 4363 edicerentur
2366 4306 2598 4362 invicem
2643 4304 2840 4373 amici,
2882 4302 3127 4376 quandiu
3160 4302 3326 4359 ambo

1735 4398 1999 4466 viverent,
2039 4405 2303 4468 tanquam
2337 4404 2489 4468 pater
2516 4405 2572 4453 et
2598 4396 2766 4453 filius.
2795 4395 2951 4464 Quod
2977 4395 3024 4453 si
3052 4396 3165 4452 dux
3207 4394 3325 4466 ipse

1665 4495 1712 4556 ι)
1736 4490 2050 4548 Edessenus
2076 4488 2215 4547 forte
2237 4490 2434 4557 obiret,
2459 4489 2643 4545 statim
2671 4487 2990 4557 Balduinus,
3017 4504 3083 4545 ac
3105 4487 3154 4544 si
3179 4486 3324 4543 filius

1734 4582 1857 4654 ejus
1880 4592 2046 4650 esset,
2078 4583 2270 4638 urbem
2299 4589 2355 4637 et
2381 4589 2581 4637 terram
2615 4595 2795 4649 suam,
2839 4586 3325 4652 quantamcunque

1733 4674 2069 4746 possidebat,
2093 4674 2147 4728 in
2175 4672 2492 4729 haereditate
2512 4671 2836 4742 possideret.
2876 4668 2998 4726 Non
3038 4670 3185 4727 enim
3221 4670 3321 4726 ba-

1735 4764 1897 4820 bebat
1926 4764 2097 4819 filium
2134 4777 2236 4817 nec
2266 4761 2454 4816 tiliam.
2487 4759 2553 4816 Et
2577 4761 2841 4832 quoniam
2871 4776 2903 4816 a
2925 4757 3121 4815 Turcis
3144 4772 3202 4815 se
3224 4757 3323 4815 de-

1735 4853 1954 4911 fendere
1982 4870 2093 4909 non
2120 4862 2352 4925 poterat,
2379 4853 2597 4908 volebat
2619 4852 2842 4908 Graecus
2863 4852 2953 4907 ille
2975 4861 3031 4907 et
3051 4864 3111 4908 se
3133 4860 3188 4909 et
3208 4860 3293 4908 ter
3312 4881 3322 4893 -

1733 4963 1853 5005 ram
1876 4962 2032 5004 suam
2063 4948 2133 5004 ab
2154 4947 2275 5019 ipso
2298 4946 2565 5003 Balduino
2592 4945 2830 5014 defendi,
2853 4961 3016 5017 quem
3038 4956 3093 5003 et
3117 4946 3324 5004 milites

1734 5055 1867 5098 suos
1900 5040 2191 5097 bellatores
2213 5039 2497 5095 audiverat
2521 5054 2643 5093 esse
2666 5038 3047 5108 probissimos.
3085 5035 3201 5094 Hoc
3221 5053 3323 5093 au-

1732 5134 1867 5203 dito,
1890 5140 2180 5204 postquam
2206 5132 2368 5204 legati
2391 5130 2754 5203 jurejurando
2781 5128 3028 5186 fecerunt
3046 5146 3171 5185 eum
3194 5129 3328 5187 inde

1732 5226 2038 5291 credulum,
2062 5240 2186 5281 cum
2210 5224 2440 5279 minimo
2467 5224 2765 5279 exercitulo
2789 5238 2912 5291 suo,
2943 5222 3149 5279 scilicet
3167 5231 3323 5279 octo-

1732 5318 1884 5390 ginta
1925 5315 2225 5384 militibus,
2266 5330 2494 5387 pergens
2539 5316 2756 5372 transiit
2802 5315 3157 5386 Euphratem.
3199 5315 3324 5385 Quo

1730 5408 1987 5474 transito,
2017 5415 2178 5463 nocte
2209 5416 2322 5463 tota
2352 5422 2678 5479 perpropere
2706 5423 2875 5479 prope
2913 5418 3093 5466 castra
3129 5406 3324 5464 Sarra-

1732 5516 2017 5569 cenorum,
2062 5500 2193 5556 hinc
2223 5508 2278 5556 et
2306 5500 2431 5556 inde
2474 5501 2783 5573 linquentes
2812 5517 2875 5559 ea
2899 5544 2916 5570 ,
2946 5502 3105 5558 valde
3138 5500 3323 5574 pavidi

1730 5594 2096 5668 perreximus.
2138 5592 2296 5660 Quod
2327 5608 2451 5648 eum
2483 5592 2765 5649 audissent
2791 5592 2957 5651 Turci
2999 5594 3094 5666 qui
3134 5594 3190 5648 in
3223 5590 3324 5647 Sa-

1732 5692 1944 5742 mosate
1968 5684 2167 5755 oppido
2191 5682 2319 5740 forti
2344 5692 2520 5752 erant,
2560 5683 2790 5742 insidias
2815 5685 2974 5742 DODIS
3002 5685 3059 5740 in
3086 5684 3195 5750 via,
3223 5698 3324 5755 per

1731 5791 1900 5850 quam
1942 5774 2118 5835 ituros
2161 5792 2265 5835 nos
2307 5776 2707 5850 opinabantur,
2757 5777 3177 5848 prastenderunt.
3212 5772 3320 5830 Sed
