3804 6312
361 361 466 415 859

934 355 1030 416 ao
1063 341 1516 419 ceperamus
1555 354 1850 413 APPEND.
1892 353 1956 412 u.
1997 386 2067 395 -
2103 349 2376 414 nouum.
2417 351 2508 410 ne
2546 353 2772 412 nemo
2810 350 3061 412 saeuo.

3565 354 3662 412 8ιο

363 497 491 538 cum
537 488 700 536 nocte
745 476 851 534 alia
900 477 1124 548 quidam
1155 474 1449 531 Armenius
1495 473 1550 529 in
1593 473 1817 530 castello
1852 487 1955 528 suo
1983 479 2030 536 Α
2059 487 2253 528 eorum
2296 473 2390 528 diu
2442 473 2807 540 exstiterant,
2855 471 3003 528 Deus
3049 479 3235 528 tamen
3280 477 3484 528 cuna:
3531 485 3667 541 pra.

363 573 650 644 diligenter
671 587 773 627 nos
793 569 1101 642 hospitatus
1121 566 1333 635 fuisset,
1361 565 1670 622 intimatum
1697 574 1779 621 est
1800 564 1958 620 nobis

364 669 511 742 quod
541 670 612 724 ab
641 667 892 724 hostibus
936 667 1044 721 illis
1081 663 1467 720 insidiantibus
1502 675 1809 732 praecavere
1857 675 1959 716 nos

365 762 672 834 oportebat.
719 759 1063 830 Quapropter
1100 755 1294 811 diebus
1337 751 1551 808 duobus
1589 752 1698 807 illic
1745 749 1962 805 delitui-

366 871 510 910 mus.
555 852 659 909 Sed
691 868 814 908 cum
857 859 1063 905 tantam
1112 861 1320 902 moram
1369 844 1680 900 fastidirent
1729 843 1829 909 illi,
1873 842 1962 898 die

367 947 526 1003 tertia
575 945 758 1001 subito
811 937 1018 998 insulto
1060 941 1126 996 de
1173 941 1296 995 loco
1333 937 1677 994 insidia‘torio
1707 935 1963 1008 prosilie-

367 1049 518 1106 runt,
555 1047 608 1095 et
637 1047 762 1093 ante
811 1036 1116 1102 castellum,
1166 1034 1221 1088 in
1267 1047 1377 1104 quo
1412 1045 1654 1096 eramus,
1685 1028 1856 1098 signis
1882 1027 1964 1083 le-

364 1133 508 1186 vatis
535 1139 913 1194 accurrerunt,
941 1136 995 1182 et
1027 1125 1290 1198 prredam,
1321 1139 1487 1194 quam
1521 1122 1575 1176 in
1622 1120 1843 1192 pascuis
1886 1118 1961 1172 ibi

366 1224 862 1296 reperieruntante
905 1229 1261 1292 conspectum
1295 1229 1543 1273 nostrum
1585 1214 1959 1284 arripuerunt.

365 1319 475 1375 Nos
511 1327 695 1374 autem
731 1326 926 1374 contra
963 1331 1060 1371 eos
1091 1312 1322 1386 egressi,
1365 1311 1496 1381 quia
1527 1307 1682 1380 pauci
1721 1321 1964 1370 eramus,

363 1411 565 1468 bellare
595 1427 721 1468 cum
750 1411 828 1466 eis
871 1425 980 1464 non
1025 1406 1340 1478 quivimus;
1386 1403 1480 1474 qui
1522 1417 1646 1457 cum
1685 1400 1776 1454 nol
1800 1399 1846 1453 is
1879 1413 1970 1452 sa-

364 1497 529 1572 gittas
552 1499 736 1570 jacere
772 1503 1076 1566 cmperunt,
1113 1492 1325 1546 nullum
1364 1491 1430 1544 dc
1473 1488 1694 1554 nostris,
1739 1487 1969 1556 juvante

366 1590 498 1656 Deo,
532 1590 941 1647 saueiaverunt.
979 1586 1084 1658 lpsi
1126 1593 1307 1639 autem
1348 1599 1517 1636 unum
1558 1581 1624 1635 dc
1656 1579 1823 1635 sociis
1851 1579 1969 1634 suis

365 1684 840 1748 occisumlancca,
866 1681 918 1735 in
942 1694 1137 1750 campo
1161 1677 1522 1748 reliquerunt,
1552 1674 1712 1745 cujus
1740 1687 1965 1744 equum,

366 1776 463 1846 qui
515 1791 642 1830 eum
693 1773 983 1836 subvertit,
1035 1770 1278 1826 retinuit.
1329 1768 1485 1824 Tunc
1533 1767 1815 1832 abierunt;
1863 1781 1964 1819 nos

366 1875 553 1923 autem
585 1867 658 1922 ibi
704 1864 1093 1920 remansimus.
1131 1860 1392 1932 Sequenti
1440 1875 1570 1915 vero
1601 1859 1688 1914 die
1727 1857 1830 1912 iter
1866 1871 1967 1911 no-

368 1966 546 2013 strum
577 1956 998 2026 resumpsimus.
1033 1952 1392 2019 Miraremini,
1443 1968 1568 2007 cum
1611 1959 1740 2005 ante
1784 1957 1965 2005 castra

367 2050 758 2105 Armeniorum
817 2039 1206 2113 transiremus,
1257 2055 1313 2101 et
1359 2045 1519 2101 nobis
1567 2045 1786 2099 obviam
1836 2059 1964 2100 cum

367 2144 627 2200 crucibus
653 2135 718 2198 et
768 2141 980 2198 vexillis
1028 2157 1127 2211 pro
1171 2155 1358 2194 amore
1403 2137 1609 2193 Christi
1659 2135 1967 2191 humillime

367 2236 756 2308 procedebant,
785 2244 838 2292 et
877 2234 1040 2305 pedes
1067 2242 1288 2288 nostros
1317 2243 1371 2287 et
1401 2246 1614 2302 pannos
1640 2229 1958 2286 osculaban-

367 2339 479 2396 tur,
509 2345 575 2384 co
602 2329 746 2400 quod
773 2327 1060 2382 audierant
1090 2341 1189 2380 nos
1219 2340 1248 2379 a
1279 2323 1474 2380 Turcis
1499 2339 1594 2378 eos
1618 2322 1966 2386 defensuros,

368 2423 474 2478 sub
501 2437 737 2492 quorum
764 2419 897 2490 jugo
929 2418 1116 2473 tandiu
1147 2417 1393 2488 depressi
1425 2416 1663 2472 fuerant.
1708 2414 1967 2470 Perveni-

367 2531 494 2570 mus
523 2514 742 2569 tandem
793 2512 976 2579 Roais,
1024 2511 1116 2567 ubi
1163 2512 1420 2582 princeps
1461 2510 1613 2565 urbis
1651 2508 1966 2580 praedictus,

367 2615 422 2662 ct
450 2622 588 2660 uxor
625 2621 747 2668 sua,
779 2620 886 2658 una
919 2620 1044 2659 cum
1092 2603 1306 2657 civibus
1333 2602 1473 2667 suis,
1515 2602 1818 2675 gaudenter
1863 2617 1967 2658 nos

369 2706 751 2768 susceperunt,
780 2697 1006 2766 etquod
1038 2695 1308 2750 Balduino
1339 2695 1564 2766 polliciti
1599 2693 1840 2762 fuerant,
1878 2695 1966 2750 in-

369 2791 535 2845 dilatc
582 2789 1012 2859 compleverunt.
1051 2787 1301 2858 Cumque
1347 2804 1446 2858 per
1487 2787 1800 2858 quindecim
1849 2789 1968 2844 dies

369 2882 483 2937 illic
518 2896 729 2936 moram
763 2879 1108 2947 fecissemus,
1145 2880 1292 2934 cives
1323 2878 1476 2934 urbis
1508 2879 1811 2935 machinati
1839 2888 1970 2935 sunt

370 2972 672 3044 principem
706 2972 858 3026 illum
890 2971 1118 3027 sceleste
1152 2971 1423 3038 occidere,
1464 2981 1518 3027 et
1555 2970 1880 3027 Balduinum
1911 2971 1967 3026 in

371 3054 676 3136 palatio'ad
707 3064 1098 3120 dominandum
1131 3064 1448 3120 sublimare.
1497 3061 1634 3120 Odio
1663 3065 1808 3119 enim
1841 3079 1964 3118 eum

2062 564 2279 633 sciens,
2323 566 2484 622 nobis
2529 581 2626 622 eas
2671 565 2916 637 integras
2959 563 3279 631 reservavit,
3327 573 3392 618 ut
3435 578 3470 619 ι
3517 563 3672 620 nobis

2063 657 2396 728 quandoque
2426 657 2480 711 in
2515 656 2597 712 eis
2630 657 3018 712 honoraretur.
3061 655 3348 711 Tredecim
3389 653 3514 711 fere
3551 654 3670 709 mil—

2061 744 2238 801 liariis
2286 746 2454 801 distat
2495 761 2647 801 mare
2690 745 2760 800 ab
2799 745 3114 800 Antiochia.
3153 743 3229 800 Et
3273 744 3410 816 quia
3459 743 3674 800 πει-ως

2064 837 2264 894 fluvius
2289 838 2424 892 inibi
2453 853 2603 894 mare
2633 838 2846 906 incidit,
2871 853 2971 908 per
2999 836 3246 908 ejusdem
3273 837 3502 891 alveum
3533 835 3676 890 fluvii

2066 946 2245 1002 usque
2275 946 2443 1002 prope
2473 930 2822 986 Antiochiam
2855 945 3025 985 naves
3053 929 3121 985 de
3147 929 3474 1000 longinquis
3510 927 3678 997 parti—

2067 1024 2169 1081 bus
2201 1025 2359 1080 bonis
2389 1024 2604 1080 refertze
2633 1024 2892 1080 omnibus
2921 1023 3287 1079 deducuntur.
3329 1018 3536 1093 Itaque
3573 1031 3678 1075 tam

2067 1133 2163 1189 per
2191 1133 2344 1172 mare
2371 1133 2538 1188 quam
2582 1132 2682 1188 per
2722 1125 2927 1172 terram
2973 1115 3184 1170 munita
3211 1115 3402 1180 bonis,
3437 1114 3680 1168 abundat

2068 1210 2263 1266 civitas
2297 1209 2503 1266 divitiis
2545 1208 2908 1264 multimodis.
2955 1207 3239 1276 Principes
3281 1215 3475 1260 autem
3511 1206 3680 1260 nostri

2069 1318 2194 1358 cum
2234 1319 2353 1358 eam
2396 1301 2464 1357 ad
2508 1301 2836 1372 capiendum
2883 1308 2994 1355 tam
3039 1298 3312 1354 difﬁcilem
3355 1296 3679 1369 prospexis-

2070 1403 2211 1462 Sent,
2242 1393 2604 1464 jurejurando
2634 1391 3100 1447 confirmaverunt
3121 1374 3380 1444 invicem
3427 1403 3563 1443 eam
3593 1388 3682 1442 ob-

2071 1486 2286 1542 sidione
2315 1485 2593 1552 cohibere,
2625 1485 2820 1551 donec,
2858 1483 2968 1538 Deo
2995 1482 3356 1554 suffragante,
3388 1490 3492 1536 aut
3521 1481 3576 1534 vi
3599 1491 3680 1536 aut

2071 1587 2291 1659 ingenio
2325 1595 2551 1656 possent
2590 1601 2713 1640 eam
2754 1600 2972 1656 capere.
3018 1581 3160 1638 Tum
3203 1598 3338 1639 vero
3372 1583 3430 1638 in
3461 1581 3684 1638 ﬂumine

2071 1679 2335 1749 pracdicto
2366 1677 2694 1732 invenerunt
2721 1692 2908 1744 naves,
2939 1693 3066 1732 cum
3105 1676 3266 1746 juxta
3309 1675 3454 1730 illud
3503 1675 3686 1730 deam-

2075 1770 2353 1838 bularent,
2395 1785 2536 1840 quas
2565 1769 2866 1839 capientes,
2907 1776 3304 1838 coaptaverunt
3349 1765 3462 1821 sibi
3514 1765 3586 1821 de
3611 1767 3684 1820 eis

2072 1878 2243 1916 unum
2275 1869 2518 1932 pontem,
2553 1876 2650 1930 per
2688 1874 2853 1930 quem
2885 1867 3076 1930 postea
3107 1858 3458 1913 transierunt
3492 1857 3568 1912 ad
3597 1871 3683 1911 ne-

2070 1952 2217 2022 gotia
2258 1967 2358 2006 sua
2408 1951 2656 2007 facienda
2680 1993 2694 2018 ,
2741 1967 2867 2007 cum
2913 1961 3074 2007 antea
3107 1951 3450 2021 pedetentim
3487 1952 3684 2005 vadare

2069 2061 2168 2116 per
2207 2045 2410 2100 flumen
2453 2046 2599 2101 illico
2644 2061 2753 2100 non
2800 2045 3066 2101 valerent.
3120 2043 3225 2100 Sed
3268 2061 3404 2102 cum
3447 2043 3627 2100 Turci
3653 2061 3682 2100 ι

2068 2147 2221 2194 tanta
2251 2137 2601 2193 multitudine
2630 2135 2947 2192 Christiana
2978 2151 3037 2194 se
3073 2136 3314 2192 obsideri
3350 2137 3683 2208 circumspi-

2066 2240 2276 2298 cerent,
2309 2231 2566 2286 timentes
2593 2231 2740 2302 quod
2774 2229 3095 2286 nullomodo
3127 2230 3196 2284 ab
3222 2229 3304 2284 cis
3333 2230 3534 2284 excuti
3563 2245 3686 2300 pos-

2071 2329 2213 2390 sent,
2246 2323 2382 2377 inito
2409 2322 2641 2377 consilio
2672 2322 2932 2389 invicem,
2963 2321 3115 2376 misit
3143 2319 3462 2376 Gracianus
3495 2322 3684 2374 Antio.

2069 2415 2208 2471 chize
2257 2416 2561 2470 admiratus
2590 2415 2762 2470 lilium
2803 2432 2986 2481 suum,
3023 2414 3391 2470 Sansadolem
3439 2417 3683 2476 nomine,

2069 2507 2138 2562 ad
2199 2507 2521 2576 soldanum,
2573 2508 2680 2562 hoc
2728 2517 2814 2562 est
2858 2507 2924 2563 ad
2976 2507 3372 2578 imperatorem
3423 2507 3684 2571 Persidis,

2069 2612 2358 2674 precantes
2385 2612 2444 2658 ut
2471 2603 2551 2658 eis
2581 2601 2848 2658 citissime
2875 2611 3246 2667 succurreret,
3275 2602 3411 2672 quia
3443 2602 3504 2656 in
3539 2600 3677 2655 nullo

2070 2695 2178 2750 alio
2209 2711 2361 2764 spem
2389 2693 2577 2749 auxilii
2607 2694 2902 2760 habebant,
2927 2701 3124 2764 prmter
3150 2692 3482 2747 Mahumeth
3526 2693 3676 2747 advo-

2070 2797 2254 2845 catum
2287 2804 2499 2844 eorum.
2543 2786 2636 2842 Ille
2678 2797 2862 2842 autem
2895 2787 3022 2842 illuc
3051 2788 3134 2843 sic
3164 2786 3512 2851 destinatus,
3539 2786 3682 2859 lege.

2070 2881 2274 2937 tionem
2315 2895 2648 2954 perprOpere
2683 2880 2874 2950 gessit.
2919 2878 3024 2946 Qui
3073 2895 3204 2934 vero
3252 2887 3678 2944 remanserunt,

2071 2971 2454 3028 custodierunt
2484 2972 2697 3038 urbem,
2733 2971 2952 3027 interim
2983 2971 3254 3025 auxilium
3293 2970 3678 3041 praestolantes

2071 3065 2432 3132 mandatum,
2477 3073 2532 3120 et
2572 3073 2763 3120 contra
2807 3061 3053 3120 Francos
3101 3063 3306 3119 damna
3352 3063 3682 3119 multimoda

365 3155 667 3232 habebant.
703 3153 917 3210 Dictum
964 3165 1069 3221 est,
1105 3164 1158 3211 ct
1187 3154 1390 3211 factum
1419 3164 1522 3211 est.
1557 3153 1713 3211 Unde
1745 3155 1968 3211 Baldui-
1999 3198 2046 3259 C
2078 3156 2396 3230 frequenter
2440 3159 2740 3213 machinati
2778 3166 2928 3214 sunt.
2974 3156 3171 3213 Franci
3209 3173 3439 3228 quoque
3475 3157 3684 3213 callidi-

372 3263 480 3304 nus
501 3256 684 3304 tamen
714 3257 769 3304 ct
795 3249 880 3304 sui
910 3248 1064 3305 valde
1089 3248 1396 3306 contristati
1425 3258 1574 3317 sunt,
1608 3249 1737 3320 quia
1768 3265 1871 3321 pro
1903 3264 1969 3304 eo

373 3339 768 3412 indulgentiam
817 3342 1111 3413 impetrare
1163 3342 1547 3413 nequiverunt.
1596 3341 1735 3397 Cum
1783 3351 1968 3398 autem

373 3431 741 3503 principatum
772 3433 918 3488 illius
948 3434 1096 3488 dono
1125 3433 1329 3488 civium
1359 3432 1658 3490 Balduinus
1695 3436 1972 3507 suscepis-

375 3533 482 3592 set,
509 3527 762 3597 protinus
787 3526 1050 3582 advcrsus
1085 3525 1316 3593 Turcos,
1351 3527 1444 3598 qui
1486 3528 1538 3582 in
1584 3528 1762 3599 patria
1790 3537 1968 3595 erant,

374 3618 524 3674 litem
557 3619 807 3675 bellicam
854 3621 1044 3686 movit,
1088 3611 1228 3690 quos
1258 3621 1536 3676 multoties
1567 3621 1856 3677 vel'victos
1887 3621 1973 3676 vel

374 3709 591 3766 occisos
619 3712 916 3782 superavit.
949 3710 1194 3781 Contigit
1239 3721 1422 3767 tamen
1457 3713 1524 3768 dc
1559 3714 1762 3770 nostris
1789 3713 1974 3784 plures

375 3817 406 3858 a
435 3800 628 3858 Turcis
671 3803 1026 3873 interemptos
1072 3801 1264 3858 fuisse.
1314 3803 1426 3876 Ego
1474 3821 1603 3860 vero
1649 3797 1976 3861 Fulcherius

375 3893 754 3961 Carnotensis,
787 3897 1104 3967 capellanus
1132 3896 1306 3967 ipsius
1341 3897 1592 3952 Balduini
1624 3915 1796 3954 eram.
1837 3897 1974 3955 Volo

379 3997 561 4042 autem
603 3989 670 4043 de
708 3975 962 4044 exercitui
1000 3989 1094 4044 Dei
1133 4006 1445 4046 sermonem
1497 4008 1660 4064 quem
1709 3992 1975 4063 dereliqui

379 4095 680 4135 resumere.

987 4173 1218 4230 CAPUT
1260 4173 1368 4230 Vll.

454 4267 642 4322 Mense
684 4266 926 4334 Octobri,
971 4276 1336 4338 pervenerunt
1383 4267 1581 4322 Franci
1631 4268 1978 4324 Antiochiam

384 4357 578 4432 Syriae,
612 4358 834 4414 ﬂumine
873 4359 1105 4414 transito
1135 4360 1282 4429 quod
1311 4358 1570 4426 Fernum,
1599 4361 1683 4414 vel
1719 4359 1980 4415 Orontem

385 4451 692 4506 nominant.
721 4452 859 4506 Ante
889 4452 1080 4506 urbem
1113 4451 1270 4522 jussa
1311 4459 1442 4506 sunt
1475 4453 1710 4507 tentoria
1739 4453 1978 4518 extendi,

2077 3250 2174 3306 tati
2200 3267 2390 3307 eorum
2423 3268 2522 3323 pro
2546 3267 2709 3321 posse
2735 3250 3096 3306 obsistebant.
3122 3250 3374 3322 Contigit
3404 3251 3583 3316 cnim,
3608 3250 3687 3304 die

2075 3344 2337 3415 quadam,
2375 3344 2752 3416 septingentos
2812 3341 3023 3398 Tureos
3073 3343 3144 3398 ab
3193 3343 3276 3399 eis
3326 3344 3686 3415 interemptos

2073 3452 2217 3502 esse,
2249 3431 2302 3490 et
2329 3435 2459 3507 quia
2496 3435 2723 3490 Francis
2769 3434 2999 3489 insidias
3041 3443 3397 3505 paraverant,
3446 3435 3525 3488 ab
3551 3433 3678 3488 insi-

2075 3527 2355 3583 diantibus
2401 3525 2654 3580 similiter
2695 3525 2939 3595 superati
2985 3533 3135 3580 sunt.
3188 3522 3382 3581 Virtus
3411 3527 3566 3580 enim
3597 3523 3682 3578 Dei

2076 3635 2320 3691 praesens
2352 3617 2425 3673 ibi
2455 3616 2650 3674 adfuit.
2682 3615 2817 3672 Nam
2853 3617 3028 3673 nostri
3056 3631 3252 3673 onmes
3293 3618 3418 3672 sani
3451 3616 3682 3689 regress’

2078 3721 2228 3779 sunt,
2258 3720 2484 3783 excepto
2514 3727 2625 3766 uno
2651 3711 2720 3766 ab
2751 3710 2857 3766 illis
2884 3710 3152 3766 sauciato.
3184 3708 3334 3766 Ileu!
3385 3713 3596 3768 multos
3619 3711 3682 3765 de

2078 3804 2428 3870 Christianis,
2471 3803 2568 3875 qui
2614 3803 2670 3858 in
2714 3804 2851 3859 urbe
2901 3801 3409 3872 conversabantur,
3455 3806 3682 3872 scilicet,

2047 3969 2052 3972 _
2079 3898 2276 3964 Grazci,
2309 3894 2484 3969 Syris,
2516 3896 2791 3952 Armeniis
2814 3895 2980 3952 Turci
3030 3897 3184 3953 rabie
3208 3897 3546 3954 occidebant
3563 3913 3680 3970 per-

2081 3991 2240 4058 moti,
2269 3998 2322 4044 et
2360 3989 2613 4059 petrariis
2659 3997 2713 4044 et
2755 3987 3058 4044 fundibulis
3089 3989 3206 4046 suis
3235 3991 3421 4061 capita
3470 3993 3682 4047 oecis)-

2079 4101 2226 4150 rum,
2263 4082 2493 4138 Francis
2520 4083 2895 4148 cernentibus,
2928 4092 3083 4139 extra
3129 4099 3325 4140 muros
3371 4085 3676 4155 ejiciebant.

2081 4178 2200 4246 Qua
2230 4179 2297 4234 de
2324 4195 2383 4232 re
2414 4193 2548 4250 gens
2580 4185 2772 4233 nostra
2801 4177 2958 4233 valde
3000 4177 3349 4236 tristabatur.
3390 4178 3536 4234 0dio
3559 4179 3680 4250 qui-

2082 4275 2205 4329 dem
2232 4272 2580 4328 Christianos
2630 4271 2755 4325 illos
2802 4271 3098 4337 habebant,
3136 4271 3404 4342 quoniam
3448 4287 3520 4326 ne
3551 4271 3682 4324 forte

2083 4364 2327 4421 Francos
2362 4363 2755 4435 quoquomodo
2818 4363 3099 4417 munirent
3165 4363 3503 4418 metuebant.
3549 4361 3677 4416 Cum

2085 4467 2266 4514 autem
2298 4455 2617 4526 aliquandiu
2646 4453 2844 4509 Franci
2877 4455 3070 4510 urbem
3100 4453 3610 4516 circumsedissent,
3630 4462 3680 4506 ct

385 4544 528 4600 intra
559 4546 796 4616 primum
824 4545 892 4600 ab
923 4545 1056 4600 urbe
1078 4544 1332 4616 lapidem,
1367 4544 1459 4599 ubi
1485 4552 1671 4614 postea
1700 4551 1979 4600 certamen
2013 4555 2058 4608 D
2085 4549 2420 4621 provinciam
2457 4548 2671 4603 affinem
2715 4546 3035 4618 rapinantes
3080 4563 3182 4618 pro
3225 4547 3557 4602 victualibus
3585 4561 3674 4598 ne-

385 4637 687 4709 pessimum
718 4638 975 4710 utrinque
1012 4652 1253 4708 persaepe
1301 4636 1503 4698 factum
1535 4645 1640 4692 est.
1678 4635 1814 4692 Nam
1851 4654 1976 4694 cum

386 4726 454 4783 de
478 4728 695 4784 civitate
721 4727 886 4783 Turci
913 4728 1248 4802 prosilirent,
1281 4729 1484 4784 multos
1511 4728 1579 4783 de
1610 4730 1814 4786 nostris
1841 4730 1982 4786 occi-

385 4822 613 4891 debant;
657 4823 778 4878 vice
824 4834 1005 4878 tamen
1051 4822 1293 4889 reddita,
1341 4837 1400 4878 se
1436 4838 1656 4893 quoque
1693 4832 1981 4894 superatos

387 4917 663 4989 lugebant.
699 4916 795 4972 Est
823 4931 1018 4986 nempe
1053 4915 1345 4973 Antiochia
1387 4916 1582 4973 civitas
1629 4932 1828 4990 magna
1857 4932 1978 4972 am-

387 5007 528 5074 bitu,
565 5008 672 5064 situ
721 5006 900 5072 fortis,
948 5014 1003 5062 et
1030 5022 1188 5062 muro
1217 5006 1429 5074 valida;
1463 5022 1587 5077 qua:
1623 5015 1677 5062 et
1712 5007 1781 5061 ab
1811 5007 1984 5063 hosti-

388 5100 494 5156 bus
522 5099 763 5156 externis
792 5115 1073 5172 nunquam
1110 5099 1309 5170 poterit
1339 5099 1751 5169 comprehendi,
1780 5099 1824 5154 si
1861 5107 1984 5154 tan-

389 5200 506 5247 tum
536 5193 904 5247 inhabitantes
926 5207 1064 5263 pane
1093 5191 1290 5246 muniti
1316 5206 1440 5246 eam
1469 5189 1760 5246 defendere
1789 5193 1981 5248 voluc-

390 5283 521 5338 rint.
561 5283 763 5354 Estquc
796 5284 848 5338 in
884 5299 948 5339 ea
985 5283 1212 5340 basilica
1249 5299 1358 5338 una
1389 5283 1523 5339 satis
1549 5283 1880 5350 veneranda,
1925 5284 1981 5339 in

391 5374 600 5431 honore
627 5377 802 5431 sancti
831 5376 978 5432 Petri
1022 5377 1252 5446 apostoli
1299 5375 1568 5442 dedicata,
1619 5376 1713 5432 ubi
1758 5377 1897 5432 sedit
1928 5375 1981 5432 in

389 5465 674 5534 cathedra,
698 5467 752 5520 in
774 5466 1086 5537 episcopum
1115 5468 1462 5535 sublimatus,
1494 5477 1782 5540 postquam
1811 5484 1842 5523 a
1871 5467 1980 5525 Do-

390 5559 546 5616 mino
575 5559 943 5630 principatum
972 5559 1250 5628 Ecclesiae,
1295 5561 1538 5617 clavibus
1566 5563 1802 5632 acceptis
1828 5562 1981 5634 regni

392 5652 654 5716 caalestis,
696 5651 956 5722 suscepit.
1007 5650 1104 5708 Est
1147 5662 1200 5708 et
1245 5653 1415 5708 altera
1465 5653 1521 5708 in
1556 5654 1766 5710 honore
1811 5655 1982 5712 beatae

392 5742 578 5801 Maria:
607 5741 922 5799 fabrefacta.
957 5742 1206 5814 Suntque
1235 5745 1356 5800 alia:
1399 5744 1584 5815 plures
1613 5745 1856 5801 ecclesiae
1885 5746 1982 5802 de-

394 5847 580 5894 center
613 5836 949 5906 compositze.
973 5835 1104 5904 Quae
1134 5837 1388 5907 quamvis
1413 5837 1516 5894 sub
1543 5846 1808 5907 potestate
1836 5838 1965 5895 Tur-

2081 4642 2336 4700 ccssariis
2385 4641 2490 4698 sibi
2535 4640 2777 4712 undique
2819 4641 3224 4708 devastassent,
3274 4648 3328 4696 et
3377 4655 3568 4709 panem
3613 4637 3674 4692 ad

2042 4717 2052 4797 ί
2079 4733 2373 4792 emendum
2407 4749 2678 4804 nusquam
2727 4733 2975 4789 invenire
3019 4743 3282 4804 possent,
3325 4734 3554 4804 contigit
3583 4745 3673 4785 eos

2079 4825 2282 4882 famem
2312 4842 2565 4898 magnam
2595 4826 2888 4881 sustinere.
2923 4823 3079 4880 Unde
3109 4841 3308 4882 omnes
3337 4826 3491 4880 valde
3519 4826 3672 4878 deso-

2082 4917 2180 4973 lati
2212 4926 2362 4984 sunt,
2387 4925 2441 4972 et
2470 4916 2628 4972 multi
2653 4916 2886 4971 latenter
2904 4915 3289 4987 cegitaverunt
3314 4916 3385 4972 de
3407 4915 3670 4971 obsidione

2082 5008 2366 5080 aufugero,
2400 5009 2514 5064 sive
2539 5024 2637 5079 per
2662 5017 2887 5074 terram,
2917 5008 3033 5063 sive
3059 5023 3158 5080 per
3188 5023 3362 5064 mare.
3391 5007 3506 5062 Non
3531 5007 3668 5061 enim

2085 5102 2363 5158 habebant
2385 5102 2688 5174 quidquam
2720 5101 3004 5172 stipendii,
3038 5102 3185 5158 unde
3214 5102 3401 5158 vivere
3429 5110 3664 5173 possent:

2083 5211 2226 5266 quos
2262 5197 2427 5252 etiam
2466 5195 2754 5266 oportebat
2787 5195 2993 5251 victum
3045 5212 3208 5252 suum
3251 5197 3412 5268 longe
3443 5209 3668 5266 quam

2085 5302 2212 5342 cum
2247 5286 2449 5357 ingenti
2478 5287 2696 5352 timore,
2743 5285 3050 5357 elongando
3081 5301 3142 5341 se
3171 5286 3243 5340 ab
3270 5285 3543 5341 obsidione
3575 5291 3662 5335 aut

2085 5378 2450 5449 quadraginta
2487 5386 2581 5433 aut
2618 5377 2902 5450 sexaginta
2947 5377 3243 5443 milliariis,
3285 5377 3401 5444 ubi,
3441 5375 3662 5430 videlicet

2089 5471 2142 5525 in
2189 5472 2489 5536 montanis,
2523 5487 2554 5526 a
2585 5469 2781 5526 Turcis
2826 5471 3216 5526 insidiantibus
3263 5484 3493 5540 pera-cpe
3527 5465 3660 5520 occi-

2088 5560 2378 5616 debantur.
2430 5561 2558 5617 Haec
2604 5575 2788 5616 autem
2835 5561 3186 5617 incommoda
3217 5562 3528 5632 putabamus
3577 5555 3656 5608 sic

2086 5652 2316 5708 Francis
2339 5654 2638 5726 contigisse
2666 5639 2888 5724 propter
2910 5665 3130 5724 peccata
3155 5669 3280 5720 sua,
3302 5653 3489 5723 quibus
3511 5645 3652 5701 auiti

2086 5745 2623 5819 constringebantur,
2668 5756 2724 5802 et
2765 5747 2914 5818 quod
2962 5747 3152 5801 urbem
3191 5757 3300 5800 tam
3343 5747 3493 5813 longo
3521 5749 3650 5794 te-

2087 5853 2221 5909 pore
2249 5854 2443 5913 capere
2473 5856 2583 5896 non
2621 5847 2894 5912 poterant.
2925 5835 3061 5894 Nam
3092 5839 3316 5911 plurimi
3350 5847 3450 5892 tam
3473 5845 3646 5902 snper-
