3804 6312
81 356 170 414 8H

815 347 1188 407 FULCHEBH
1217 348 1525 417 CAllNOT.
1563 345 1744 406 IllST.
1786 345 2152 407 HlEROSOL.
2189 381 2260 394 --
2294 349 2424 406 LIB.
2457 349 2482 404 ι

3243 357 3362 416 εις

81 473 172 529 bize
193 483 355 542 quam
381 467 612 528 luxuria:
644 475 812 540 atque
843 467 1050 539 rapinze
1077 467 1422 524 immodestia
1461 465 1661 522 debili—
1690 467 1736 528 Α
1765 463 2016 531 audistis,
2053 465 2147 535 qui
2175 465 2244 521 ab
2265 463 2551 520 obsidione
2572 471 2684 521 tam
2699 461 2866 521 anxia
2889 479 2951 522 se
2979 479 3352 528 removerunt.

79 562 338 616 labantur.
391 557 534 614 Tum
579 557 811 628 proinde
858 555 1006 614 facto
1053 557 1285 613 «insilio
1310 599 1327 626 ,
1379 557 1661 628 eiecerunt

79 653 294 709 feminas
319 650 390 707 de
417 650 680 716 exercitu,
723 657 833 704 tam
863 649 1127 722 coniuges
1155 664 1323 719 quam
1351 647 1662 703 immerita-

75 753 172 809 tas,
191 758 276 809 ne,
301 741 536 796 luxuria:
560 739 819 796 sordibus
838 727 1200 809 coinquinati,
1219 737 1452 792 Domino
1467 736 1660 808 displi-

77 842 262 891 cerent.
295 831 406 888 Illae
432 847 563 888 vero
594 831 648 886 in
677 831 876 887 castris
905 830 1160 886 afﬁnibus
1181 825 1317 885 tunc
1344 829 1451 885 sibi
1479 823 1661 898 hospi—

77 929 138 982 tia
165 933 599 997 assumpserunt.
634 922 872 980 Desolati
916 923 1067 978 enim
1109 937 1304 978 omnes
1333 929 1512 988 erant,
1543 929 1657 975 tam

76 1019 202 1074 fame
229 1033 396 1090 quam
423 1017 720 1074 'occisione
747 1014 1092 1087 quotidiana,
1121 1023 1233 1070 tam
1264 1013 1461 1069 divites
1486 1027 1654 1083 quam

77 1127 343 1183 pauperes.
374 1109 445 1166 Et
475 1110 582 1166 nisi
608 1109 753 1166 Deus
783 1123 900 1176 eos,
933 1116 1198 1178 tanquam
1238 1106 1419 1162 bonus
1463 1113 1658 1176 pastor

74 1223 187 1262 oves
229 1221 393 1271 suas,
448 1203 715 1276 gregatim
759 1202 1192 1273 constringeret,
1233 1199 1434 1270 procul
1485 1198 1656 1254 dubio

75 1297 276 1351 omnino
304 1295 434 1350 inde
468 1293 812 1364 aufugerent,
843 1292 973 1348 licet
997 1291 1341 1347 obsidionem
1373 1288 1656 1360 iurassent

75 1385 428 1441 obtinendam.
460 1383 616 1439 Multi
660 1392 843 1439 tamen
889 1391 1114 1454 propter
1154 1381 1312 1454 panis
1356 1381 1657 1436 necessita-

80 1483 191 1540 tem,
219 1489 312 1545 per
339 1474 532 1546 plures
560 1473 678 1530 dies
705 1474 1024 1544 quaerebant
1052 1487 1148 1542 per
1177 1471 1400 1528 castella
1426 1471 1656 1541 propin-

75 1567 248 1636 quiora
276 1581 400 1637 quae
431 1566 607 1621 victui
637 1581 740 1621 suo
769 1573 927 1620 erant
953 1564 1285 1632 necessaria,
1323 1577 1425 1619 nec
1463 1574 1652 1634 postea

75 1668 384 1715 revertentes
416 1659 488 1714 ad
534 1659 869 1725 exercitum,
915 1657 1257 1714 obsidionem
1305 1657 1524 1728 penitus
1563 1658 1652 1714 di-

73 1752 354 1807 mittebant.
401 1749 564 1807 Tunc
608 1751 870 1823 temporis
900 1750 1141 1807 vidimus
1175 1763 1348 1806 unum
1386 1751 1644 1806 ruborem

1762 555 1868 612 Alii
1895 566 2116 628 propter
2162 565 2460 630 egestatem
2481 599 2495 624 ,
2522 557 2616 612 alii
2663 569 2886 628 propter
2911 557 3182 630 ignaviam
3207 603 3226 629 ,
3257 564 3353 619 alii

1763 661 1892 703 vero
1914 655 2136 718 propter
2177 648 2372 703 mortis
2398 646 2654 702 timorem
2676 687 2694 714 ,
2741 647 2998 718 primitus
3035 665 3301 720 pauperes
3329 695 3348 721 ,

1761 738 1956 794 deinde
1975 738 2294 809 locupletes.
2329 737 2486 794 Tunc
2517 736 2830 808 Stephanus
2863 754 3047 794 comes
3077 738 3352 800 Blesensis

1759 831 1830 885 ab
1849 831 2092 886 exercitu
2134 830 2408 897 discessit,
2446 839 2500 886 et
2529 845 2628 900 per
2669 845 2821 888 mare
2850 831 2906 886 in
2938 830 3229 888 Franciam
3265 849 3354 888 rc-

1758 922 2034 994 patriavit.
2071 921 2226 978 Unde
2255 923 2536 979 doluimus
2577 935 2790 988 omnes,
2815 925 3081 994 quoniam
3113 926 3196 980 vir
3230 935 3354 983 erat

1759 1015 2128 1087 probissimus
2161 1026 2216 1072 et
2256 1015 2416 1072 valde
2466 1015 2688 1072 nobilis.
2735 1014 2862 1083 Quo
2885 1018 3220 1086 discedente,
3260 1035 3346 1080 se-

1759 1108 1952 1180 quenti
1981 1107 2338 1174 discessionis
2365 1121 2480 1164 suae
2503 1108 2594 1166 die
2623 1109 2756 1166 urbs
2783 1108 3070 1168 Antiochia
3085 1121 3195 1176 rest
3235 1121 3350 1168 tra-

1755 1201 1888 1258 dita.
1940 1200 2000 1257 Si
2049 1205 2474 1272 perseverasset,
2518 1202 2756 1262 multum
2793 1202 2922 1260 inde
2961 1219 3088 1260 cum
3137 1207 3352 1264 caeteris

1757 1294 2036 1365 gauderet.
2070 1293 2279 1350 idcirco
2317 1294 2524 1350 factum
2553 1302 2640 1352 est
2664 1295 2842 1354 cilioe
2877 1295 2938 1359 in;
2967 1298 3342 1366 opprobrium.

1729 1379 1868 1441 'Nec
1891 1385 2118 1457 prodest
2151 1384 2412 1456 cuiquam
2450 1385 2664 1442 bonum
2687 1386 2926 1454 initium,
2971 1388 3030 1444 si-
3059 1388 3203 1452 ioue
3236 1405 3348 1444 non

1756 1478 1976 1534 ﬁnierit.
2023 1478 2083 1534 ln
2119 1479 2286 1535 rebus
2315 1483 2497 1534 autem
2529 1479 2790 1547 Domini,
2838 1497 2910 1540 eo
2933 1483 3103 1552 quod,
3128 1483 3350 1550 mentiri

1756 1570 1988 1637 nollem,
2031 1571 2340 1625 cavendum
2386 1579 2514 1635 est;
2550 1581 2624 1625 ne
2653 1569 2710 1628 in
2756 1570 3056 1641 aliquantis
3101 1571 3348 1640 devicm,

1755 1662 1925 1718 multa
1954 1661 2234 1718 brevrabo.
2255 1661 2340 1718 Ab
2355 1661 2484 1733 ipso
2507 1669 2700 1722 autem
2713 1677 2910 1720 mense
2929 1662 3173 1731 Octobri,
3198 1675 3350 1722 tran-

1755 1769 1950 1813 scursa
1999 1755 2182 1811 hieme
2225 1755 2507 1826 sequenti,
2539 1763 2595 1812 et
2634 1755 2832 1814 deinde
2885 1773 3058 1834 verno
3105 1767 3350 1830 tempore

76 1845 121 1899 in
149 1843 276 1900 celo
303 1844 642 1911 mirabilem,
671 1819 896 1914 insuper
926 1843 1203 1900 sensimus
1237 1849 1396 1898 terrae
1433 1852 1646 1898 motum
1685 1819 1730 1878 Β
1756 1861 1936 1919 usque
1972 1848 2104 1904 dum
2137 1819 2718 1910 snbintnret‘Jnnius
2768 1831 2998 1916 mensis,
3044 1819 3352 1906 urbis.ob-

75 1951 305 2008 magnum
332 1978 347 2004 ,
383 1937 484 2008 qui
527 1952 624 1993 ne:
675 1936 904 2007 pavidos
953 1935 1190 1991 reddidit
1231 1949 1446 1991 omnes.
1492 1934 1648 1992 Multi

71 2029 213 2084 etiam
239 2029 500 2086 viderunt
532 2029 810 2102 quoddam
843 2027 1064 2101 signum
1109 2027 1165 2084 in
1211 2027 1436 2084 modum
1465 2029 1649 2086 crucis

75 2122 361 2195 ﬁguratum,
394 2123 588 2181 colore
615 2124 930 2191 alburnum,
956 2137 1154 2180 versus
1193 2121 1460 2178 orientem
1499 2133 1649 2179 recto

74 2217 261 2275 tramite
293 2217 586 2276 incedens.

644 2308 876 2367 CAPUT
915 2308 1055 2366 Vill.

132 2398 272 2456 Anno
292 2409 482 2458 autem
519 2399 739 2458 Domini
767 2401 1062 2458 millesimo
1089 2400 1449 2474 nonagesimo
1491 2409 1646 2458 octa-

75 2505 147 2556 vo,
175 2502 453 2564 postquam
491 2493 586 2549 illa
612 2493 765 2566 regio
790 2493 1131 2550 Antiochena
1160 2495 1592 2566 circumquaque
1615 2509 1648 2550 a

74 2585 391 2641 multitudine
419 2585 606 2657 gentis
632 2595 838 2642 nostra:
858 2603 1086 2658 prorsus
1111 2587 1394 2644 devastata
1423 2586 1641 2655 fuisset,

76 2679 222 2750 magis
263 2678 558 2752 magisque
603 2679 844 2751 majores
887 2687 944 2736 et
989 2682 1234 2737 minores
1279 2679 1426 2736 fame
1472 2680 1645 2736 nimia

75 2771 226 2828 vexati
267 2780 414 2828 sunt.
491 2771 649 2828 Tunc
689 2771 931 2830 famelici
979 2773 1343 2830 comedebant
1392 2773 1646 2831 surculos

77 2859 292 2920 fabarnm
340 2865 396 2920 in
451 2865 608 2936 agris
655 2865 838 2921 adhuc
882 2866 1246 2922 crescentium
1270 2907 1287 2932 ,
1336 2852 1646 2936 herbasque

76 2954 390 3014 multimodas
417 2967 480 3014 et
511 2958 627 3014 sale
662 2957 1006 3024 inconditas;
1039 2958 1276 3014 carduos
1316 2958 1504 3025 etiam,
1547 2957 1644 3029 qui

77 3060 262 3120 propter
303 3052 586 3125 lignorum
625 3051 992 3108 deficientiam
1035 3067 1149 3110 non
1189 3052 1330 3108 bene
1361 3052 1502 3110 cocti
1537 3052 1644 3108 lin-

76 3157 187 3210 guas
230 3145 684 3202 manducantium
736 3144 1159 3216 depungebant,
1202 3161 1405 3216 equos,
1456 3145 1642 3201 asinos

76 3232 385 3304 camelosque
412 3276 428 3302 ,
490 3249 657 3290 canes
703 3233 867 3290 etiam
923 3244 979 3291 et
1023 3249 1232 3291 mures.
1288 3235 1644 3308 Pauperiores

74 3322 211 3379 etiam
247 3324 554 3382 bestiarum
595 3327 747 3383 coria
787 3329 1168 3396 comedebant,
1213 3337 1270 3385 et
1311 3329 1458 3400 quod
1489 3329 1644 3386 nefas

77 3416 350 3487 estdicere,
404 3435 604 3476 mures
645 3428 700 3476 et
730 3437 902 3494 grana
939 3421 997 3477 in
1043 3422 1379 3481 stercoribus
1407 3431 1638 3493 reperta.

76 3504 296 3580 Frigora,
341 3511 555 3584 ﬂagra,
605 3513 848 3581 calores,
897 3513 1112 3584 pluvias
1170 3513 1372 3570 densas
1420 3522 1644 3586 propter

77 3598 219 3658 Deum
245 3605 494 3676 perpessi
533 3613 680 3662 sunt.
714 3604 973 3662 Tentoria
1012 3607 1175 3662 etiam
1211 3607 1324 3678 iam
1355 3616 1515 3663 erant
1557 3609 1643 3662 in-

76 3702 301 3764 veterata,
336 3697 606 3754 imbrium
629 3697 1084 3754 inundationibus
1111 3697 1416 3770 putrefacta
1446 3707 1503 3755 et
1531 3699 1644 3757 dis-

75 3793 226 3854 rupta.
255 3785 370 3854 Qua
400 3787 478 3844 de
507 3803 594 3854 re,
627 3787 789 3843 multi
835 3804 1029 3845 eorum
1060 3791 1282 3846 nonnisi
1313 3792 1455 3847 coelo
1489 3800 1640 3863 tege-

78 3873 263 3934 bantur.
291 3878 486 3953 ltaque
529 3880 629 3949 illi,
677 3881 836 3953 quasi
866 3897 1064 3938 aurum
1097 3892 1178 3938 ter
1207 3883 1318 3954 igni
1349 3884 1638 3955 probatum

78 3976 347 4042 septiesque
375 3980 701 4046 purgatum,
728 3972 1054 4044 jamdudum
1085 3990 1116 4030 a
1141 3974 1396 4044 Domino,
1433 3984 1494 4031 ut
1520 3977 1639 4048 θρῖα

77 4073 177 4126 nor,
211 4065 498 4133 praeelecti,
533 4072 589 4122 et
616 4066 672 4121 in
703 4065 1014 4124 calamitate
1043 4075 1194 4124 tanta
1237 4069 1560 4137 examinati,
1608 4085 1640 4126 a

75 4154 279 4218 peccatis
303 4158 419 4216 suis
451 4157 672 4230 purgati
703 4167 850 4214 sunt.
885 4156 986 4213 Diu
1017 4159 1162 4214 enim
1191 4160 1565 4232 agonizantes,
1593 4161 1638 4216 si

75 4245 211 4302 etiam
235 4251 444 4321 gladius
473 4252 819 4322 percussoris
838 4267 950 4308 non
980 4251 1216 4319 deesset,
1241 4253 1489 4326 martyrii
1511 4269 1639 4310 cur.

77 4349 176 4392 sum
201 4343 349 4398 multi
384 4343 702 4400 voluntarie
731 4345 1118 4416 complessent.
1146 4345 1404 4402 Forsitan
1429 4363 1461 4402 a
1488 4337 1640 4419 iusto

76 4423 156 4484 Job
167 4434 379 4502 gratiam
405 4436 544 4492 tanti
561 4435 797 4508 exempli
826 4446 1200 4508 sumpserunt,
1216 4437 1310 4510 qui
1335 4439 1389 4493 in
1407 4447 1642 4496 tormen-

1749 1941 1892 1998 sidio
1936 1940 2272 2012 perduravit.
2326 1939 2606 1999 Multoties
2629 1953 2632 1956 ’
2657 1940 2881 2000 interim
2930 1942 3248 2000 invasioues
3295 1950 3350 2012 et

1747 2033 1956 2105 pralia,
1995 2033 2337 2105 insidiasque
2401 2033 2603 2092 Franci
2637 2041 2696 2089 et
2740 2032 2908 2092 Turci
2945 2034 3182 2090 invicem
3210 2047 3342 2106 ege-

1748 2134 1899 2182 runt.
1927 2124 2252 2192 Vincebant,
2285 2135 2340 2182 et
2368 2125 2750 2182 vincebantur.
2798 2123 2985 2182 Nostri
3016 2135 3200 2182 tamen
3243 2140 3347 2182 sae-

1749 2217 1876 2288 pius
1905 2233 2073 2289 quam
2114 2217 2196 2272 illi
2223 2217 2657 2289 triumphabant.
2701 2215 2883 2276 Semel
2909 2217 3140 2289 contigit
3166 2218 3347 2288 plero-

1747 2326 1886 2380 sque
1907 2310 1977 2367 de
1996 2309 2194 2367 Turcis
2218 2310 2276 2366 in
2298 2310 2505 2366 ﬂumen
2552 2307 2790 2366 Femum
2820 2308 3084 2382 fugiendo
3109 2310 3342 2379 cadere,

1747 2411 1803 2458 et
1823 2402 1878 2457 in
1903 2401 2022 2474 ipso
2050 2417 2264 2460 mersos
2291 2401 2585 2469 infeliciter
2605 2400 2852 2458 interire.
2896 2400 2990 2464 Cis
3020 2389 3260 2458 Fernum
3287 2409 3346 2468 et

1748 2494 1884 2551 citra
1907 2494 2166 2564 Fernum,
2191 2503 2422 2566 utraque
2445 2509 2583 2566 gens
2607 2494 2844 2552 invicem
2865 2494 3144 2550 bellabant
3173 2509 3340 2565 smpe.

1747 2585 1982 2644 Castella
2003 2587 2224 2658 quidem
2237 2594 2365 2642 ante
2386 2586 2578 2644 urbem
2597 2595 3029 2657 composuerunt
3047 2586 3341 2658 optimates

1748 2680 1943 2746 nostri,
1971 2679 2172 2750 quibus
2212 2687 2406 2750 postea
2444 2679 2658 2738 Turcos
2705 2677 2980 2750 frequenti
3013 2679 3343 2738 exitu'assi-

1745 2773 1961 2838 lientes,
2004 2773 2356 2828 vehementer
2394 2772 2779 2830 cohibuerunt.
2819 2769 2979 2828 Unde
3013 2771 3204 2828 bestiis
3245 2786 3341 2827 eo-

1746 2881 1870 2920 rum
1906 2880 2112 2935 pascua
2141 2879 2284 2936 saepe
2312 2863 2677 2920 abstulerunt.
2703 2850 2816 2921 Nec
2839 2865 2910 2922 ab
2937 2864 3184 2922 externis
3207 2848 3340 2936 pro-

1746 2955 1940 3014 vinciaa
1983 2956 2260 3012 Armeniis
2295 2955 2596 3028 quidquam
2643 2957 2870 3014 allatum
2909 2956 3032 3014 fuit.
3077 2956 3233 3029 Saepe
3257 2967 3340 3012 ta-

1741 3065 1873 3107 men
1899 3049 2004 3121 ipsi
2021 3048 2088 3104 ad
2101 3048 2405 3104 laedendum
2422 3056 2640 3106 nostros
2662 3050 3048 3120 procedebant.
3071 3049 3209 3106 Cum
3233 3065 3338 3108 au-
3358 3064 3374 3085 ν

1670 3184 1716 3248 c
1748 3152 1854 3200 tem
1875 3141 2084 3214 placuit
2105 3141 2342 3197 Domino
2361 3141 2604 3198 laborem
2616 3142 2806 3228 populi
2819 3141 2906 3199 sui
2927 3153 3334 3206 consummare,

1747 3234 1978 3293 forsitan
2008 3234 2263 3306 precibus
2291 3249 2482 3290 eorum
2516 3231 2789 3304 placatus,
2823 3233 2918 3306 qui
2941 3233 3188 3304 quotidie
3215 3247 3338 3304 pre.-

1745 3343 1840 3385 ces
1890 3327 2016 3384 inde
2059 3326 2334 3398 supplices
2384 3325 2440 3382 ei
2483 3323 2806 3393 fundebant,
2841 3325 3117 3385 concessit
3141 3323 3342 3395 pietate

1743 3434 1868 3488 sua,
1914 3435 2012 3492 per
2041 3418 2360 3475 earumdem
2405 3415 2714 3476 Turcornm
2742 3415 3013 3484 fraudem,
3043 3417 3339 3474 traditione

1743 3512 2084 3569 clandestina
2123 3511 2315 3567 urbem
2362 3511 2696 3568 Christianis
2743 3511 2918 3567 reddi.
2966 3509 3164 3568 Audite
3207 3525 3338 3580 ergo

1743 3603 1993 3660 fraudem
2024 3609 2080 3658 et
2101 3618 2208 3657 non
2244 3599 2514 3656 fraudem.

2351 3691 2580 3749 CAPUT
2640 3690 2732 3744 lX.

1813 3786 2082 3860 Apparuit
2117 3787 2271 3843 enim
2315 3785 2584 3841 Dominus
2631 3793 2817 3840 noster
2862 3781 3081 3838 cuidam
3123 3780 3339 3842 Turco.

1743 3881 1918 3954 gratia
1945 3895 2046 3937 sua
2100 3879 2422 3952 praelecto,
2451 3888 2506 3934 et
2541 3878 2681 3934 dixit
2706 3877 2756 3934 ci
2804 3894 2817 3932 :
2869 3895 2889 3927 ι
2923 3874 3336 3947 Expergiscere,

1741 3974 1838 4046 qui
1867 3973 2098 4030 dormis.
2133 3970 2348 4044 lmpero
2371 3972 2469 4028 tibi
2498 3981 2557 4028 ut
2584 3970 2784 4028 reddas
2813 3969 3164 4028 Antiochiam
3185 3969 3340 4026 Clari-

1741 4069 1958 4126 stianis.
1999 4087 2018 4121 ι
2045 4067 2277 4124 Miratus
2297 4073 2480 4123 autem
2507 4067 2616 4136 ille,
2639 4065 2912 4122 visionem
2939 4065 3088 4122 illam
3113 4063 3338 4120 silentio

1743 4163 1897 4220 texit.
1926 4162 2133 4218 lterum
2162 4168 2344 4217 autem
2371 4159 2627 4233 apparuit
2651 4159 2704 4216 ei
2736 4156 3043 4214 Dominus:
3088 4174 3106 4206 ι
3145 4153 3332 4210 Redde

1741 4259 1934 4313 urbem
1974 4255 2228 4323 Francis,
2265 4254 2483 4326 inquit;
2532 4267 2654 4308 sum
2701 4250 2901 4308 etenim
2929 4245 3206 4315 Christus,
3238 4247 3337 4317 qui

1742 4351 1848 4406 hoc
1867 4349 1965 4406 tibi
1999 4349 2187 4419 iubeo.
2227 4365 2245 4398 ι
2281 4345 2574 4402 Meditatus
2611 4353 2794 4400 autem
2840 4342 2931 4398 ille
2983 4355 3172 4398 secum
3203 4338 3340 4411 quid

1741 4444 1867 4500 inde
1900 4442 2147 4500 facturus
2169 4447 2335 4506 esset,
2363 4437 2497 4494 abiit
2525 4436 2591 4492 ad
2615 4434 2899 4490 dominum
2927 4449 3112 4501 suum,
3140 4432 3326 4487 Antio-

77 4527 134 4582 tis
150 4535 374 4604 corporis
405 4536 494 4592 sui
520 4537 762 4592 animam
809 4551 1074 4608 purgans,
1127 4535 1300 4592 Deum
1323 4551 1540 4608 semper
1583 4535 1637 4592 in
1672 4539 1717 4595 D
1739 4535 1878 4592 cbiae
1904 4533 2114 4590 scilicet
2142 4529 2468 4602 principem,
2500 4535 2556 4584 et
2575 4525 2846 4584 visionem
2891 4525 3042 4580 illam
3093 4523 3338 4579 innotuit

77 4631 228 4679 mente
263 4628 455 4683 tenuit.
497 4625 637 4682 Cum
666 4627 896 4699 paganis
931 4627 1166 4693 bellant,
1197 4635 1422 4698 propter
1457 4627 1628 4682 Deum

77 4709 311 4775 laborant.
339 4718 497 4777 Licet
523 4719 669 4776 Deus
695 4720 791 4790 qui
819 4727 1017 4776 cuneta
1041 4727 1210 4785 creat,
1235 4728 1416 4774 creata
1447 4718 1635 4774 mode-

77 4813 179 4874 rat,
208 4810 477 4869 moderata
508 4820 814 4882 sustentat,
869 4811 1074 4868 virtute
1123 4811 1428 4884 gubernat,
1460 4810 1636 4881 possit

78 4910 275 4972 quaeque
318 4907 435 4963 vult
469 4914 751 4962 momento
787 4915 898 4961 uno
927 4904 1232 4972 destruere,
1279 4903 1457 4960 sentio
1486 4902 1634 4974 quod

80 4993 270 5052 verbere
309 4997 750 5057 Christianorum
788 4998 982 5055 annuit
1006 5013 1252 5070 paganos
1287 4997 1360 5052 ita
1405 4996 1634 5065 subrui,

79 5085 158 5156 qui
181 5094 253 5145 tot
280 5093 616 5166 temporibus
661 5100 859 5149 cuncta
897 5105 1020 5164 qua:
1069 5090 1164 5149 Dei
1211 5103 1362 5157 sunt,
1410 5091 1638 5161 permit-

83 5181 203 5236 tente
224 5183 353 5255 ipso,
377 5187 556 5244 viliter
583 5185 1099 5259 pessumdederunt.
1132 5182 1479 5241 Christianos
1512 5183 1636 5256 qui-

83 5268 182 5326 dem
207 5277 269 5332 ab
290 5278 419 5350 ipsis
445 5279 646 5337 Turcis
695 5278 966 5352 permittit
993 5277 1169 5335 occidi
1210 5276 1281 5356 ad
1314 5275 1636 5334 salvationis

86 5375 417 5440 augmentum,
443 5372 654 5432 Tureos
699 5383 885 5431 autem
934 5371 1004 5428 ad
1042 5371 1356 5428 animarum
1401 5385 1630 5427 suarum

86 5451 460 5536 detrimentum;
493 5483 729 5540 quorum
771 5465 1045 5539 quosdam
1087 5473 1272 5520 tamen
1309 5461 1426 5536 iam
1463 5462 1629 5520 saluti

90 5549 477 5629 Prndestinatos,
506 5561 708 5632 placuit
747 5559 862 5617 Deo
887 5567 1020 5616 tunc
1050 5573 1080 5614 a
1111 5557 1490 5615 sacerdotibus
1526 5571 1629 5612 n06

91 5641 196 5732 stris
217 5643 484 5718 baptizari.
519 5652 662 5720 Quos
690 5654 831 5710 enim
867 5651 1294 5732 prpdestinavit,
1324 5651 1418 5706 Icos
1462 5659 1512 5706 et
1543 5665 1630 5704 ινσ-

95 5731 224 5799 εαυὶι,
247 5751 441 5796 necnon
473 5743 840 5814 magnificavit
863 5743 1041 5814 (flent.
1075 5759 1196 5810 vm,
1222 5741 1334 5814 50).
1363 5741 1503 5810 Quid
1528 5741 1630 5814 Igi-

1737 4626 1808 4682 ei.
1853 4623 1958 4679 Cui
2002 4621 2286 4694 respondit
2307 4619 2397 4676 ille
2439 4635 2452 4672 :
2511 4637 2530 4672 ι
2590 4615 2850 4688 Nunquid
2911 4613 3328 4686 pbantasmati,

1736 4719 1914 4785 brute,
1940 4715 2024 4772 vis
2045 4713 2290 4770 obedire?
2313 4732 2330 4764 ι
2362 4711 2831 4768 Reversusautcm
2855 4707 2966 4774 ille,
2986 4705 3334 4778 postmodum

1737 4810 1908 4868 siluit.
1953 4809 2058 4864 Cui
2101 4823 2325 4864 rursum
2375 4805 2643 4862 Dominus
2697 4801 2994 4874 apparuit,
3033 4798 3332 4867 inquiens:

1745 4923 1764 4957 ι
1801 4901 1914 4960 Cur
1937 4916 2050 4958 non
2094 4899 2324 4973 explesti
2351 4897 2500 4970 quod
2546 4896 2732 4968 iussi?
2758 4893 2878 4952 Non
2909 4900 2994 4950 est
3038 4891 3137 4947 tibi
3169 4889 3333 4947 haesi-

1739 4994 1995 5062 tandum;
2030 5008 2158 5050 nam
2197 4981 2427 5065 qui‘boc
2471 4989 2686 5060 impero
2737 4987 3005 5042 Dominus
3049 4999 3176 5042 sum
3207 4996 3332 5039 om-

1744 5090 1919 5146 nium.
1967 5105 1986 5142 ι
2035 5085 2129 5144 ille
2155 5095 2338 5142 autem
2373 5099 2486 5140 non
2514 5081 2752 5152 amplius
2784 5078 3064 5147 dubitans,
3091 5075 3332 5150 pruden-

1739 5194 1821 5241 ter
1841 5197 1968 5246 cum
1999 5182 2132 5238 viris
2169 5179 2377 5236 nostris
2399 5187 2530 5234 tunc
2555 5176 2666 5248 egit
2689 5183 2750 5234 ut
2775 5173 2879 5232 sub
2900 5170 3329 5230 machinationis

1739 5291 1855 5333 sua:
1875 5273 2058 5331 studio
2084 5271 2274 5328 urbem
2303 5269 2635 5340 acciperent.
2661 5265 2782 5336 Quo
2803 5265 3110 5338 prolocuto,
3136 5272 3194 5322 et
3218 5263 3331 5321 ﬁlio

1738 5384 1842 5427 suo
1865 5366 2093 5424 Francis
2113 5365 2244 5420 dato
2266 5362 2478 5428 obside,
2503 5359 2730 5418 domino
2753 5359 2964 5416 scilicet
2983 5355 3330 5422 Boamundo,

1735 5469 1896 5518 nocte
1941 5457 2178 5531 quadam
2211 5471 2311 5528 per
2347 5456 2528 5512 scalas
2565 5454 2636 5510 de
2658 5451 2882 5510 chordis
2915 5449 3090 5508 factas
3134 5447 3332 5522 viginti

1736 5556 1803 5612 de
1817 5551 2112 5610 elientibus
2133 5547 2447 5619 nostrisper
2467 5546 2614 5604 muri
2629 5559 2907 5606 summum
2927 5541 3248 5600 intromisit.
3263 5537 3333 5596 Et

1736 5663 1846 5704 non
1860 5659 2014 5702 mora
2034 5643 2197 5711 facta,
2222 5642 2407 5700 statim
2429 5649 2589 5712 porta
2603 5649 2790 5712 aperta
2799 5647 2904 5696 est.
2919 5634 3116 5712 Franci
3131 5647 3326 5691 omnes

1735 5749 2025 5812 praeparat:
2081 5738 2526 5794 civitatemsunt
2555 5731 2810 5806 ingressi.
2848 5729 2915 5786 Et
2956 5743 3053 5800 per
3090 5725 3330 5784 chordas

98 5823 193 5876 tur?
217 5825 369 5886 Fuere
389 5836 601 5902 quidem
637 5835 709 5891 ’de
741 5837 944 5892 nostris
975 5838 1245 5905 nonnulli,
1279 5846 1338 5892 ut
1373 5837 1628 5908 superius
1730 5835 1844 5905 iam
1900 5830 2226 5900 introierant
2263 5826 2626 5900 quadraginta
2679 5824 2909 5886 milites,
2949 5821 3046 5891 qui
3089 5817 3334 5892 quadra-,-

363 5925 626 5989 Ρηιιοι..
673 5926 853 6007 CLV,

2932 5911 3011 5972 2'1
