  <div class='ocr_page' id='page_1' title='image "/cluster/home/n/w/nwhite01/storage/ocr_20150623/155/hvd.32044015473838/427.png"; bbox 0 0 3850 6310; ppageno 0'>
   <div class='ocr_carea' id='block_1_1' title="bbox 505 292 611 352">
    <p class='ocr_par' dir='ltr' id='par_1_1' title="bbox 505 292 611 352">
     <span class='ocr_line' id='line_1_1' title="bbox 505 292 611 352; baseline -0.028 0"><span class='ocrx_word' id='word_1_1' title='bbox 505 292 611 352; x_wconf 68' lang='grc' dir='ltr'>8ῑό</span> 
     </span>
    </p>
   </div>
   <div class='ocr_carea' id='block_1_2' title="bbox 1073 287 3176 351">
    <p class='ocr_par' dir='ltr' id='par_1_2' title="bbox 1073 287 3176 351">
     <span class='ocr_line' id='line_1_2' title="bbox 1073 287 3176 351; baseline 0.001 -5"><span class='ocrx_word' id='word_1_2' title='bbox 1073 292 1164 346; x_wconf 80' lang='lat' dir='ltr'><strong>AD</strong></span> <span class='ocrx_word' id='word_1_3' title='bbox 1199 289 1646 349; x_wconf 77' lang='lat' dir='ltr'><strong>GODEFRIDUM</strong></span> <span class='ocrx_word' id='word_1_4' title='bbox 1689 289 1977 344; x_wconf 79' lang='lat' dir='ltr'><strong>APPEND.</strong></span> <span class='ocrx_word' id='word_1_5' title='bbox 2020 287 2084 342; x_wconf 90' lang='lat' dir='ltr'><strong>II.</strong></span> <span class='ocrx_word' id='word_1_6' title='bbox 2128 319 2194 328; x_wconf 89' lang='lat'><strong>—-</strong></span> <span class='ocrx_word' id='word_1_7' title='bbox 2236 289 2503 350; x_wconf 60' lang='lat' dir='ltr'><strong>llO&#39;NUM.</strong></span> <span class='ocrx_word' id='word_1_8' title='bbox 2544 291 2633 343; x_wconf 70' lang='lat' dir='ltr'><strong>DF.</strong></span> <span class='ocrx_word' id='word_1_9' title='bbox 2672 293 2893 346; x_wconf 69' lang='grc' dir='ltr'><strong>ΒΜ,ιο</strong></span> <span class='ocrx_word' id='word_1_10' title='bbox 2934 291 3176 351; x_wconf 77' lang='lat' dir='ltr'><strong>SACRO.</strong></span> 
     </span>
    </p>
   </div>
   <div class='ocr_carea' id='block_1_3' title="bbox 3631 315 3705 375">
    <p class='ocr_par' dir='ltr' id='par_1_3' title="bbox 3631 315 3705 375">
     <span class='ocr_line' id='line_1_3' title="bbox 3631 315 3705 375; baseline 0.068 -5"><span class='ocrx_word' id='word_1_11' title='bbox 3631 315 3705 375; x_wconf 58' lang='lat' dir='ltr'>8H</span> 
     </span>
    </p>
   </div>
   <div class='ocr_carea' id='block_1_4' title="bbox 503 401 3707 482">
    <p class='ocr_par' dir='ltr' id='par_1_4' title="bbox 503 401 3707 482">
     <span class='ocr_line' id='line_1_4' title="bbox 503 401 3707 482; baseline 0.001 -16"><span class='ocrx_word' id='word_1_12' title='bbox 503 411 651 482; x_wconf 78' lang='lat' dir='ltr'><strong>ginta</strong></span> <span class='ocrx_word' id='word_1_13' title='bbox 702 408 846 463; x_wconf 82' lang='lat' dir='ltr'><strong>illico</strong></span> <span class='ocrx_word' id='word_1_14' title='bbox 881 401 1230 462; x_wconf 71' lang='lat' dir='ltr'><strong>inVcnerunt.</strong></span> <span class='ocrx_word' id='word_1_15' title='bbox 1262 407 1336 461; x_wconf 92' lang='lat' dir='ltr'><strong>ibi</strong></span> <span class='ocrx_word' id='word_1_16' title='bbox 1377 405 1605 470; x_wconf 85' lang='lat' dir='ltr'><strong>Turcos,</strong></span> <span class='ocrx_word' id='word_1_17' title='bbox 1658 403 1825 458; x_wconf 89' lang='lat' dir='ltr'><strong>trium</strong></span> <span class='ocrx_word' id='word_1_18' title='bbox 1857 402 2089 458; x_wconf 90' lang='lat' dir='ltr'><strong>turrium</strong></span> <span class='ocrx_word' id='word_1_19' title='bbox 2123 406 2168 466; x_wconf 74' lang='grc' dir='ltr'><strong>Α</strong></span> <span class='ocrx_word' id='word_1_20' title='bbox 2200 403 2437 457; x_wconf 80' lang='lat' dir='ltr'><strong>mundus</strong></span> <span class='ocrx_word' id='word_1_21' title='bbox 2485 403 2672 457; x_wconf 84' lang='lat' dir='ltr'><strong>tandiu</strong></span> <span class='ocrx_word' id='word_1_22' title='bbox 2722 403 2867 456; x_wconf 83' lang='lat' dir='ltr'><strong>illam</strong></span> <span class='ocrx_word' id='word_1_23' title='bbox 2899 406 3158 470; x_wconf 89' lang='lat' dir='ltr'><strong>servavit,</strong></span> <span class='ocrx_word' id='word_1_24' title='bbox 3207 402 3377 461; x_wconf 90' lang='lat' dir='ltr'><strong>donec</strong></span> <span class='ocrx_word' id='word_1_25' title='bbox 3412 420 3521 463; x_wconf 85' lang='lat' dir='ltr'><strong>eam</strong></span> <span class='ocrx_word' id='word_1_26' title='bbox 3571 417 3707 469; x_wconf 74' lang='lat' dir='ltr'><strong>nescio</strong></span> 
     </span>
    </p>
   </div>
   <div class='ocr_carea' id='block_1_5' title="bbox 501 494 2089 571">
    <p class='ocr_par' dir='ltr' id='par_1_5' title="bbox 501 494 2089 571">
     <span class='ocr_line' id='line_1_5' title="bbox 501 494 2089 571; baseline -0.002 -18"><span class='ocrx_word' id='word_1_27' title='bbox 501 502 780 568; x_wconf 70' lang='lat' dir='ltr'><strong>custodes,</strong></span> <span class='ocrx_word' id='word_1_28' title='bbox 817 516 958 571; x_wconf 88' lang='lat' dir='ltr'><strong>quos</strong></span> <span class='ocrx_word' id='word_1_29' title='bbox 997 499 1334 556; x_wconf 88' lang='lat' dir='ltr'><strong>occiderunt.</strong></span> <span class='ocrx_word' id='word_1_30' title='bbox 1384 497 1538 553; x_wconf 88' lang='lat' dir='ltr'><strong>Tunc</strong></span> <span class='ocrx_word' id='word_1_31' title='bbox 1585 496 1694 551; x_wconf 90' lang='lat' dir='ltr'><strong>alta</strong></span> <span class='ocrx_word' id='word_1_32' title='bbox 1723 509 1856 551; x_wconf 89' lang='lat' dir='ltr'><strong>voce</strong></span> <span class='ocrx_word' id='word_1_33' title='bbox 1890 494 2089 550; x_wconf 80' lang='lat' dir='ltr'><strong>Franci</strong></span> 
     </span>
    </p>
   </div>
   <div class='ocr_carea' id='block_1_6' title="bbox 503 586 2084 654">
    <p class='ocr_par' dir='ltr' id='par_1_6' title="bbox 503 586 2084 654">
     <span class='ocr_line' id='line_1_6' title="bbox 503 586 2084 654; baseline -0.006 -3"><span class='ocrx_word' id='word_1_34' title='bbox 503 611 698 651; x_wconf 85' lang='lat' dir='ltr'><strong>omnes</strong></span> <span class='ocrx_word' id='word_1_35' title='bbox 748 592 916 650; x_wconf 81' lang='lat' dir='ltr'><strong>simul</strong></span> <span class='ocrx_word' id='word_1_36' title='bbox 943 593 1388 648; x_wconf 77' lang='lat' dir='ltr'><strong>exclamaverunt</strong></span> <span class='ocrx_word' id='word_1_37' title='bbox 1417 606 1432 644; x_wconf 88' lang='lat'><strong>:</strong></span> <span class='ocrx_word' id='word_1_38' title='bbox 1458 589 1602 644; x_wconf 77' lang='lat' dir='ltr'><strong>Deus</strong></span> <span class='ocrx_word' id='word_1_39' title='bbox 1627 603 1727 643; x_wconf 81' lang='lat' dir='ltr'><strong>nec</strong></span> <span class='ocrx_word' id='word_1_40' title='bbox 1750 603 1913 654; x_wconf 71' lang='lat' dir='ltr'><strong>vum,</strong></span> <span class='ocrx_word' id='word_1_41' title='bbox 1937 586 2084 642; x_wconf 75' lang='lat' dir='ltr'><strong>Deus</strong></span> 
     </span>
    </p>
   </div>
   <div class='ocr_carea' id='block_1_7' title="bbox 503 682 2088 754">
    <p class='ocr_par' dir='ltr' id='par_1_7' title="bbox 503 682 2088 754">
     <span class='ocr_line' id='line_1_7' title="bbox 503 682 2088 754; baseline -0.005 -11"><span class='ocrx_word' id='word_1_42' title='bbox 503 704 603 744; x_wconf 82' lang='lat' dir='ltr'><strong>noc</strong></span> <span class='ocrx_word' id='word_1_43' title='bbox 625 703 789 743; x_wconf 72' lang='lat' dir='ltr'><strong>vum.</strong></span> <span class='ocrx_word' id='word_1_44' title='bbox 826 685 943 742; x_wconf 82' lang='lat' dir='ltr'><strong>Hoc</strong></span> <span class='ocrx_word' id='word_1_45' title='bbox 969 694 1086 741; x_wconf 88' lang='lat' dir='ltr'><strong>erat</strong></span> <span class='ocrx_word' id='word_1_46' title='bbox 1118 683 1265 739; x_wconf 89' lang='lat' dir='ltr'><strong>enim</strong></span> <span class='ocrx_word' id='word_1_47' title='bbox 1289 684 1506 754; x_wconf 85' lang='lat' dir='ltr'><strong>signum</strong></span> <span class='ocrx_word' id='word_1_48' title='bbox 1535 682 1952 738; x_wconf 75' lang='lat' dir='ltr'><strong>exclamationis</strong></span> <span class='ocrx_word' id='word_1_49' title='bbox 1986 695 2088 736; x_wconf 39' lang='lat' dir='ltr'><strong>nos</strong></span> 
     </span>
    </p>
   </div>
   <div class='ocr_carea' id='block_1_8' title="bbox 501 773 2091 848">
    <p class='ocr_par' dir='ltr' id='par_1_8' title="bbox 501 773 2091 848">
     <span class='ocr_line' id='line_1_8' title="bbox 501 773 2091 848; baseline -0.007 -11"><span class='ocrx_word' id='word_1_50' title='bbox 501 791 651 848; x_wconf 67' lang='lat' dir='ltr'><strong>straa,</strong></span> <span class='ocrx_word' id='word_1_51' title='bbox 677 794 802 835; x_wconf 92' lang='lat' dir='ltr'><strong>cum</strong></span> <span class='ocrx_word' id='word_1_52' title='bbox 851 776 1056 848; x_wconf 90' lang='lat' dir='ltr'><strong>aliquid</strong></span> <span class='ocrx_word' id='word_1_53' title='bbox 1078 777 1145 831; x_wconf 89' lang='lat' dir='ltr'><strong>de</strong></span> <span class='ocrx_word' id='word_1_54' title='bbox 1166 775 1386 846; x_wconf 87' lang='lat' dir='ltr'><strong>negotio</strong></span> <span class='ocrx_word' id='word_1_55' title='bbox 1425 783 1618 829; x_wconf 83' lang='lat' dir='ltr'><strong>nostro</strong></span> <span class='ocrx_word' id='word_1_56' title='bbox 1653 786 1816 845; x_wconf 88' lang='lat' dir='ltr'><strong>agere</strong></span> <span class='ocrx_word' id='word_1_57' title='bbox 1862 773 2091 828; x_wconf 87' lang='lat' dir='ltr'><strong>voleba-</strong></span> 
     </span>
    </p>
   </div>
   <div class='ocr_carea' id='block_1_9' title="bbox 501 864 2090 938">
    <p class='ocr_par' dir='ltr' id='par_1_9' title="bbox 501 864 2090 938">
     <span class='ocr_line' id='line_1_9' title="bbox 501 864 2090 938; baseline -0.007 -11"><span class='ocrx_word' id='word_1_58' title='bbox 501 887 646 927; x_wconf 89' lang='lat' dir='ltr'><strong>mus.</strong></span> <span class='ocrx_word' id='word_1_59' title='bbox 675 870 796 938; x_wconf 92' lang='lat' dir='ltr'><strong>Quo</strong></span> <span class='ocrx_word' id='word_1_60' title='bbox 842 868 1050 934; x_wconf 88' lang='lat' dir='ltr'><strong>audito,</strong></span> <span class='ocrx_word' id='word_1_61' title='bbox 1095 864 1261 920; x_wconf 88' lang='lat' dir='ltr'><strong>Turci</strong></span> <span class='ocrx_word' id='word_1_62' title='bbox 1299 878 1493 920; x_wconf 88' lang='lat' dir='ltr'><strong>omnes</strong></span> <span class='ocrx_word' id='word_1_63' title='bbox 1529 864 1884 919; x_wconf 81' lang='lat' dir='ltr'><strong>vehementer</strong></span> <span class='ocrx_word' id='word_1_64' title='bbox 1915 870 2090 917; x_wconf 68' lang='lat' dir='ltr'><strong>extero</strong></span> 
     </span>
    </p>
   </div>
   <div class='ocr_carea' id='block_1_10' title="bbox 500 954 2085 1030">
    <p class='ocr_par' dir='ltr' id='par_1_10' title="bbox 500 954 2085 1030">
     <span class='ocr_line' id='line_1_10' title="bbox 500 954 2085 1030; baseline -0.006 -10"><span class='ocrx_word' id='word_1_65' title='bbox 500 965 594 1020; x_wconf 89' lang='lat' dir='ltr'><strong>riti</strong></span> <span class='ocrx_word' id='word_1_66' title='bbox 622 971 768 1020; x_wconf 90' lang='lat' dir='ltr'><strong>sunt.</strong></span> <span class='ocrx_word' id='word_1_67' title='bbox 796 963 1009 1016; x_wconf 85' lang='lat' dir='ltr'><strong>Aurora</strong></span> <span class='ocrx_word' id='word_1_68' title='bbox 1037 958 1239 1030; x_wconf 84' lang='lat' dir='ltr'><strong>quippe</strong></span> <span class='ocrx_word' id='word_1_69' title='bbox 1279 956 1588 1013; x_wconf 86' lang='lat' dir='ltr'><strong>albescente</strong></span> <span class='ocrx_word' id='word_1_70' title='bbox 1611 999 1627 1024; x_wconf 95' lang='lat'><strong>,</strong></span> <span class='ocrx_word' id='word_1_71' title='bbox 1663 956 1855 1011; x_wconf 83' lang='lat' dir='ltr'><strong>urbem</strong></span> <span class='ocrx_word' id='word_1_72' title='bbox 1885 954 2085 1011; x_wconf 85' lang='lat' dir='ltr'><strong>Franci</strong></span> 
     </span>
    </p>
   </div>
   <div class='ocr_carea' id='block_1_11' title="bbox 2193 495 3708 568">
    <p class='ocr_par' dir='ltr' id='par_1_11' title="bbox 2193 495 3708 568">
     <span class='ocr_line' id='line_1_11' title="bbox 2193 495 3708 568; baseline 0.009 -18"><span class='ocrx_word' id='word_1_73' title='bbox 2193 511 2304 567; x_wconf 94' lang='lat' dir='ltr'><strong>quo</strong></span> <span class='ocrx_word' id='word_1_74' title='bbox 2330 505 2528 552; x_wconf 92' lang='lat' dir='ltr'><strong>eventu</strong></span> <span class='ocrx_word' id='word_1_75' title='bbox 2557 496 2812 568; x_wconf 85' lang='lat' dir='ltr'><strong>perdidit.</strong></span> <span class='ocrx_word' id='word_1_76' title='bbox 2849 495 3008 554; x_wconf 89' lang='lat' dir='ltr'><strong>Nunc</strong></span> <span class='ocrx_word' id='word_1_77' title='bbox 3027 507 3211 553; x_wconf 88' lang='lat' dir='ltr'><strong>autem</strong></span> <span class='ocrx_word' id='word_1_78' title='bbox 3235 498 3304 554; x_wconf 87' lang='lat' dir='ltr'><strong>ad</strong></span> <span class='ocrx_word' id='word_1_79' title='bbox 3329 509 3508 557; x_wconf 56' lang='lat' dir='ltr'><strong>eastern</strong></span> <span class='ocrx_word' id='word_1_80' title='bbox 3536 503 3708 563; x_wconf 74' lang='lat' dir='ltr'><strong>dimissa</strong></span> 
     </span>
    </p>
   </div>
   <div class='ocr_carea' id='block_1_12' title="bbox 2193 600 2458 646">
    <p class='ocr_par' dir='ltr' id='par_1_12' title="bbox 2193 600 2458 646">
     <span class='ocr_line' id='line_1_12' title="bbox 2193 600 2458 646; baseline 0.008 -2"><span class='ocrx_word' id='word_1_81' title='bbox 2193 600 2458 646; x_wconf 86' lang='lat' dir='ltr'><strong>revertar.</strong></span> 
     </span>
    </p>
   </div>
   <div class='ocr_carea' id='block_1_13' title="bbox 2797 676 3152 739">
    <p class='ocr_par' dir='ltr' id='par_1_13' title="bbox 2797 676 3152 739">
     <span class='ocr_line' id='line_1_13' title="bbox 2797 676 3152 739; baseline -0.003 0"><span class='ocrx_word' id='word_1_82' title='bbox 2797 676 3029 739; x_wconf 83' lang='lat' dir='ltr'><strong>CAPUT</strong></span> <span class='ocrx_word' id='word_1_83' title='bbox 3056 682 3152 738; x_wconf 80' lang='lat' dir='ltr'><strong>XI.</strong></span> 
     </span>
    </p>
   </div>
   <div class='ocr_carea' id='block_1_14' title="bbox 2263 771 3710 846">
    <p class='ocr_par' dir='ltr' id='par_1_14' title="bbox 2263 771 3710 846">
     <span class='ocr_line' id='line_1_14' title="bbox 2263 771 3710 846; baseline 0.008 -18"><span class='ocrx_word' id='word_1_84' title='bbox 2263 772 2512 844; x_wconf 85' lang='lat' dir='ltr'><strong>Cumque</strong></span> <span class='ocrx_word' id='word_1_85' title='bbox 2537 773 2824 830; x_wconf 82' lang='lat' dir='ltr'><strong>Antiochia</strong></span> <span class='ocrx_word' id='word_1_86' title='bbox 2852 776 3046 832; x_wconf 85' lang='lat' dir='ltr'><strong>civitas</strong></span> <span class='ocrx_word' id='word_1_87' title='bbox 3069 783 3228 846; x_wconf 88' lang='lat' dir='ltr'><strong>capta</strong></span> <span class='ocrx_word' id='word_1_88' title='bbox 3256 771 3463 846; x_wconf 77' lang='lat' dir='ltr'><strong>fuisset,</strong></span> <span class='ocrx_word' id='word_1_89' title='bbox 3484 787 3535 834; x_wconf 87' lang='lat' dir='ltr'><strong>ut</strong></span> <span class='ocrx_word' id='word_1_90' title='bbox 3553 780 3710 840; x_wconf 85' lang='lat' dir='ltr'><strong>dictum</strong></span> 
     </span>
    </p>
   </div>
   <div class='ocr_carea' id='block_1_15' title="bbox 2191 867 3713 937">
    <p class='ocr_par' dir='ltr' id='par_1_15' title="bbox 2191 867 3713 937">
     <span class='ocr_line' id='line_1_15' title="bbox 2191 867 3713 937; baseline 0.007 -15"><span class='ocrx_word' id='word_1_91' title='bbox 2191 874 2296 932; x_wconf 84' lang='lat' dir='ltr'><strong>est,</strong></span> <span class='ocrx_word' id='word_1_92' title='bbox 2326 867 2576 937; x_wconf 86' lang='lat' dir='ltr'><strong>sequenti</strong></span> <span class='ocrx_word' id='word_1_93' title='bbox 2597 867 2688 923; x_wconf 90' lang='lat' dir='ltr'><strong>die</strong></span> <span class='ocrx_word' id='word_1_94' title='bbox 2710 867 3016 925; x_wconf 88' lang='lat' dir='ltr'><strong>Turcorum</strong></span> <span class='ocrx_word' id='word_1_95' title='bbox 3045 870 3341 926; x_wconf 91' lang='lat' dir='ltr'><strong>multitudo</strong></span> <span class='ocrx_word' id='word_1_96' title='bbox 3361 868 3713 933; x_wconf 79' lang='lat' dir='ltr'><strong>innumerabilis</strong></span> 
     </span>
    </p>
   </div>
   <div class='ocr_carea' id='block_1_16' title="bbox 2192 959 3712 1034">
    <p class='ocr_par' dir='ltr' id='par_1_16' title="bbox 2192 959 3712 1034">
     <span class='ocr_line' id='line_1_16' title="bbox 2192 959 3712 1034; baseline 0.007 -20"><span class='ocrx_word' id='word_1_97' title='bbox 2192 959 2337 1014; x_wconf 91' lang='lat' dir='ltr'><strong>circa</strong></span> <span class='ocrx_word' id='word_1_98' title='bbox 2355 960 2605 1016; x_wconf 87' lang='lat' dir='ltr'><strong>eamdem</strong></span> <span class='ocrx_word' id='word_1_99' title='bbox 2627 960 2821 1016; x_wconf 86' lang='lat' dir='ltr'><strong>urbem</strong></span> <span class='ocrx_word' id='word_1_100' title='bbox 2846 961 3192 1017; x_wconf 87' lang='lat' dir='ltr'><strong>obsidionem</strong></span> <span class='ocrx_word' id='word_1_101' title='bbox 3216 977 3587 1034; x_wconf 84' lang='lat' dir='ltr'><strong>opposuerunt.</strong></span> <span class='ocrx_word' id='word_1_102' title='bbox 3614 967 3712 1026; x_wconf 72' lang='lat' dir='ltr'><strong>Nam</strong></span> 
     </span>
    </p>
   </div>
   <div class='ocr_carea' id='block_1_17' title="bbox 2191 1051 3711 1128">
    <p class='ocr_par' dir='ltr' id='par_1_17' title="bbox 2191 1051 3711 1128">
     <span class='ocr_line' id='line_1_17' title="bbox 2191 1051 3711 1128; baseline 0.006 -22"><span class='ocrx_word' id='word_1_103' title='bbox 2191 1051 2463 1119; x_wconf 87' lang='lat' dir='ltr'><strong>soltanus,</strong></span> <span class='ocrx_word' id='word_1_104' title='bbox 2503 1068 2599 1107; x_wconf 78' lang='lat' dir='ltr'><strong>rex</strong></span> <span class='ocrx_word' id='word_1_105' title='bbox 2640 1053 2848 1108; x_wconf 86' lang='lat' dir='ltr'><strong>scilicet</strong></span> <span class='ocrx_word' id='word_1_106' title='bbox 2892 1052 3183 1128; x_wconf 85' lang='lat' dir='ltr'><strong>Persarum</strong></span> <span class='ocrx_word' id='word_1_107' title='bbox 3208 1094 3224 1120; x_wconf 89' lang='lat'><strong>,</strong></span> <span class='ocrx_word' id='word_1_108' title='bbox 3260 1056 3400 1109; x_wconf 88' lang='lat' dir='ltr'><strong>unde</strong></span> <span class='ocrx_word' id='word_1_109' title='bbox 3434 1057 3538 1126; x_wconf 86' lang='lat' dir='ltr'><strong>jam</strong></span> <span class='ocrx_word' id='word_1_110' title='bbox 3566 1076 3711 1128; x_wconf 85' lang='lat' dir='ltr'><strong>parum</strong></span> 
     </span>
    </p>
   </div>
   <div class='ocr_carea' id='block_1_18' title="bbox 2191 1143 3712 1218">
    <p class='ocr_par' dir='ltr' id='par_1_18' title="bbox 2191 1143 3712 1218">
     <span class='ocr_line' id='line_1_18' title="bbox 2191 1143 3712 1218; baseline 0.007 -20"><span class='ocrx_word' id='word_1_111' title='bbox 2191 1143 2452 1213; x_wconf 62' lang='lat' dir='ltr'><strong>praefatus</strong></span> <span class='ocrx_word' id='word_1_112' title='bbox 2483 1160 2628 1213; x_wconf 91' lang='lat' dir='ltr'><strong>sum,</strong></span> <span class='ocrx_word' id='word_1_113' title='bbox 2664 1145 2844 1202; x_wconf 81' lang='lat' dir='ltr'><strong>habita</strong></span> <span class='ocrx_word' id='word_1_114' title='bbox 2876 1146 3149 1218; x_wconf 81' lang='lat' dir='ltr'><strong>legatione</strong></span> <span class='ocrx_word' id='word_1_115' title='bbox 3177 1148 3326 1218; x_wconf 87' lang='lat' dir='ltr'><strong>quod</strong></span> <span class='ocrx_word' id='word_1_116' title='bbox 3365 1148 3548 1204; x_wconf 82' lang='lat' dir='ltr'><strong>Franci</strong></span> <span class='ocrx_word' id='word_1_117' title='bbox 3575 1154 3712 1209; x_wconf 34' lang='lat' dir='ltr'><strong>Antio.</strong></span> 
     </span>
    </p>
   </div>
   <div class='ocr_carea' id='block_1_19' title="bbox 2191 1235 3713 1312">
    <p class='ocr_par' dir='ltr' id='par_1_19' title="bbox 2191 1235 3713 1312">
     <span class='ocr_line' id='line_1_19' title="bbox 2191 1235 3713 1312; baseline 0.005 -20"><span class='ocrx_word' id='word_1_118' title='bbox 2191 1235 2373 1292; x_wconf 90' lang='lat' dir='ltr'><strong>chiam</strong></span> <span class='ocrx_word' id='word_1_119' title='bbox 2426 1237 2775 1306; x_wconf 84' lang='lat' dir='ltr'><strong>obsidebant,</strong></span> <span class='ocrx_word' id='word_1_120' title='bbox 2831 1239 3206 1311; x_wconf 75' lang='lat' dir='ltr'><strong>statim&#39;gente</strong></span> <span class='ocrx_word' id='word_1_121' title='bbox 3233 1241 3404 1295; x_wconf 87' lang='lat' dir='ltr'><strong>multa</strong></span> <span class='ocrx_word' id='word_1_122' title='bbox 3446 1243 3713 1312; x_wconf 78' lang='lat' dir='ltr'><strong>coadunata,</strong></span> 
     </span>
    </p>
   </div>
   <div class='ocr_carea' id='block_1_20' title="bbox 2191 1328 3714 1404">
    <p class='ocr_par' dir='ltr' id='par_1_20' title="bbox 2191 1328 3714 1404">
     <span class='ocr_line' id='line_1_20' title="bbox 2191 1328 3714 1404; baseline 0.006 -20"><span class='ocrx_word' id='word_1_123' title='bbox 2191 1337 2380 1384; x_wconf 88' lang='lat' dir='ltr'><strong>contra</strong></span> <span class='ocrx_word' id='word_1_124' title='bbox 2426 1328 2670 1386; x_wconf 89' lang='lat' dir='ltr'><strong>Francos</strong></span> <span class='ocrx_word' id='word_1_125' title='bbox 2719 1331 3024 1387; x_wconf 80' lang='lat' dir='ltr'><strong>exercitum</strong></span> <span class='ocrx_word' id='word_1_126' title='bbox 3056 1347 3218 1389; x_wconf 84' lang='lat' dir='ltr'><strong>suum</strong></span> <span class='ocrx_word' id='word_1_127' title='bbox 3251 1332 3420 1387; x_wconf 86' lang='lat' dir='ltr'><strong>misit.</strong></span> <span class='ocrx_word' id='word_1_128' title='bbox 3467 1333 3616 1404; x_wconf 85' lang='lat' dir='ltr'><strong>Cujus</strong></span> <span class='ocrx_word' id='word_1_129' title='bbox 3642 1337 3714 1393; x_wconf 89' lang='lat' dir='ltr'><strong>fuit</strong></span> 
     </span>
    </p>
   </div>
   <div class='ocr_carea' id='block_1_21' title="bbox 2189 1417 3714 1492">
    <p class='ocr_par' dir='ltr' id='par_1_21' title="bbox 2189 1417 3714 1492">
     <span class='ocr_line' id='line_1_21' title="bbox 2189 1417 3714 1492; baseline 0.007 -20"><span class='ocrx_word' id='word_1_130' title='bbox 2189 1417 2498 1489; x_wconf 84' lang='lat' dir='ltr'><strong>Corbagath</strong></span> <span class='ocrx_word' id='word_1_131' title='bbox 2521 1418 2632 1474; x_wconf 78' lang='lat' dir='ltr'><strong>dux</strong></span> <span class='ocrx_word' id='word_1_132' title='bbox 2649 1427 2704 1474; x_wconf 91' lang='lat' dir='ltr'><strong>et</strong></span> <span class='ocrx_word' id='word_1_133' title='bbox 2745 1420 3072 1476; x_wconf 83' lang='lat' dir='ltr'><strong>admiratus.</strong></span> <span class='ocrx_word' id='word_1_134' title='bbox 3098 1420 3166 1475; x_wconf 81' lang='lat' dir='ltr'><strong>lli</strong></span> <span class='ocrx_word' id='word_1_135' title='bbox 3191 1421 3415 1492; x_wconf 89' lang='lat' dir='ltr'><strong>quidem</strong></span> <span class='ocrx_word' id='word_1_136' title='bbox 3437 1433 3552 1479; x_wconf 85' lang='lat' dir='ltr'><strong>ante</strong></span> <span class='ocrx_word' id='word_1_137' title='bbox 3573 1426 3714 1483; x_wconf 81' lang='lat' dir='ltr'><strong>urbem</strong></span> 
     </span>
    </p>
   </div>
   <div class='ocr_carea' id='block_1_22' title="bbox 2190 1509 3717 1584">
    <p class='ocr_par' dir='ltr' id='par_1_22' title="bbox 2190 1509 3717 1584">
     <span class='ocr_line' id='line_1_22' title="bbox 2190 1509 3717 1584; baseline 0.008 -20"><span class='ocrx_word' id='word_1_138' title='bbox 2190 1509 2464 1576; x_wconf 88' lang='lat' dir='ltr'><strong>Edissam,</strong></span> <span class='ocrx_word' id='word_1_139' title='bbox 2494 1511 2588 1565; x_wconf 91' lang='lat' dir='ltr'><strong>ubi</strong></span> <span class='ocrx_word' id='word_1_140' title='bbox 2619 1519 2751 1566; x_wconf 91' lang='lat' dir='ltr'><strong>tunc</strong></span> <span class='ocrx_word' id='word_1_141' title='bbox 2789 1510 3092 1568; x_wconf 87' lang='lat' dir='ltr'><strong>Balduinus</strong></span> <span class='ocrx_word' id='word_1_142' title='bbox 3133 1519 3271 1579; x_wconf 86' lang='lat' dir='ltr'><strong>erat,</strong></span> <span class='ocrx_word' id='word_1_143' title='bbox 3299 1528 3397 1584; x_wconf 89' lang='lat' dir='ltr'><strong>per</strong></span> <span class='ocrx_word' id='word_1_144' title='bbox 3427 1523 3530 1569; x_wconf 88' lang='lat' dir='ltr'><strong>tres</strong></span> <span class='ocrx_word' id='word_1_145' title='bbox 3563 1516 3717 1576; x_wconf 57' lang='lat' dir='ltr'><strong>beblo:</strong></span> 
     </span>
    </p>
   </div>
   <div class='ocr_carea' id='block_1_23' title="bbox 2191 1602 3716 1678">
    <p class='ocr_par' dir='ltr' id='par_1_23' title="bbox 2191 1602 3716 1678">
     <span class='ocr_line' id='line_1_23' title="bbox 2191 1602 3716 1678; baseline 0.007 -22"><span class='ocrx_word' id='word_1_146' title='bbox 2191 1602 2383 1658; x_wconf 83' lang='lat' dir='ltr'><strong>madas</strong></span> <span class='ocrx_word' id='word_1_147' title='bbox 2413 1602 2706 1658; x_wconf 90' lang='lat' dir='ltr'><strong>stationem</strong></span> <span class='ocrx_word' id='word_1_148' title='bbox 2742 1604 3004 1670; x_wconf 68' lang='lat' dir='ltr'><strong>fecerant,</strong></span> <span class='ocrx_word' id='word_1_149' title='bbox 3027 1605 3121 1660; x_wconf 80' lang='lat' dir='ltr'><strong>sed</strong></span> <span class='ocrx_word' id='word_1_150' title='bbox 3152 1605 3286 1660; x_wconf 86' lang='lat' dir='ltr'><strong>nihil</strong></span> <span class='ocrx_word' id='word_1_151' title='bbox 3319 1606 3392 1660; x_wconf 91' lang='lat' dir='ltr'><strong>ibi</strong></span> <span class='ocrx_word' id='word_1_152' title='bbox 3413 1607 3716 1678; x_wconf 59' lang='lat' dir='ltr'><strong>proficientes,</strong></span> 
     </span>
    </p>
   </div>
   <div class='ocr_carea' id='block_1_24' title="bbox 2190 1695 3718 1766">
    <p class='ocr_par' dir='ltr' id='par_1_24' title="bbox 2190 1695 3718 1766">
     <span class='ocr_line' id='line_1_24' title="bbox 2190 1695 3718 1766; baseline 0.006 -18"><span class='ocrx_word' id='word_1_153' title='bbox 2190 1695 2536 1751; x_wconf 87' lang='lat' dir='ltr'><strong>Antiochiam</strong></span> <span class='ocrx_word' id='word_1_154' title='bbox 2583 1707 3046 1766; x_wconf 75' lang='lat' dir='ltr'><strong>properaverant,</strong></span> <span class='ocrx_word' id='word_1_155' title='bbox 3079 1697 3144 1752; x_wconf 88' lang='lat' dir='ltr'><strong>ad</strong></span> <span class='ocrx_word' id='word_1_156' title='bbox 3175 1700 3592 1755; x_wconf 61' lang='lat' dir='ltr'><strong>succurrendum</strong></span> <span class='ocrx_word' id='word_1_157' title='bbox 3617 1701 3718 1757; x_wconf 80' lang='lat' dir='ltr'><strong>Gra-</strong></span> 
     </span>
    </p>
   </div>
   <div class='ocr_carea' id='block_1_25' title="bbox 2193 1785 3719 1854">
    <p class='ocr_par' dir='ltr' id='par_1_25' title="bbox 2193 1785 3719 1854">
     <span class='ocr_line' id='line_1_25' title="bbox 2193 1785 3719 1854; baseline 0.004 -12"><span class='ocrx_word' id='word_1_158' title='bbox 2193 1787 2362 1842; x_wconf 87' lang='lat' dir='ltr'><strong>tiano.</strong></span> <span class='ocrx_word' id='word_1_159' title='bbox 2387 1785 2599 1854; x_wconf 85' lang='lat' dir='ltr'><strong>Quibus</strong></span> <span class='ocrx_word' id='word_1_160' title='bbox 2619 1787 2773 1854; x_wconf 83' lang='lat' dir='ltr'><strong>visis,</strong></span> <span class='ocrx_word' id='word_1_161' title='bbox 2807 1803 2914 1842; x_wconf 92' lang='lat' dir='ltr'><strong>non</strong></span> <span class='ocrx_word' id='word_1_162' title='bbox 2963 1789 3146 1843; x_wconf 87' lang='lat' dir='ltr'><strong>minus</strong></span> <span class='ocrx_word' id='word_1_163' title='bbox 3175 1789 3341 1844; x_wconf 88' lang='lat' dir='ltr'><strong>solito</strong></span> <span class='ocrx_word' id='word_1_164' title='bbox 3365 1789 3553 1844; x_wconf 86' lang='lat' dir='ltr'><strong>iterum</strong></span> <span class='ocrx_word' id='word_1_165' title='bbox 3572 1790 3719 1848; x_wconf 72' lang='lat' dir='ltr'><strong>Franci</strong></span> 
     </span>
    </p>
   </div>
   <div class='ocr_carea' id='block_1_26' title="bbox 2190 1877 3720 1952">
    <p class='ocr_par' dir='ltr' id='par_1_26' title="bbox 2190 1877 3720 1952">
     <span class='ocr_line' id='line_1_26' title="bbox 2190 1877 3720 1952; baseline 0.003 -16"><span class='ocrx_word' id='word_1_166' title='bbox 2190 1879 2421 1936; x_wconf 86' lang='lat' dir='ltr'><strong>desolati</strong></span> <span class='ocrx_word' id='word_1_167' title='bbox 2449 1887 2597 1934; x_wconf 90' lang='lat' dir='ltr'><strong>sunt.</strong></span> <span class='ocrx_word' id='word_1_168' title='bbox 2631 1877 2860 1949; x_wconf 87' lang='lat' dir='ltr'><strong>Propter</strong></span> <span class='ocrx_word' id='word_1_169' title='bbox 2906 1889 3126 1950; x_wconf 85' lang='lat' dir='ltr'><strong>peccata</strong></span> <span class='ocrx_word' id='word_1_170' title='bbox 3155 1882 3306 1935; x_wconf 88' lang='lat' dir='ltr'><strong>enim</strong></span> <span class='ocrx_word' id='word_1_171' title='bbox 3354 1897 3452 1936; x_wconf 82' lang='lat' dir='ltr'><strong>sua</strong></span> <span class='ocrx_word' id='word_1_172' title='bbox 3499 1899 3634 1952; x_wconf 67' lang='lat' dir='ltr'><strong>poena</strong></span> <span class='ocrx_word' id='word_1_173' title='bbox 3660 1897 3720 1940; x_wconf 85' lang='lat' dir='ltr'><strong>est</strong></span> 
     </span>
    </p>
   </div>
   <div class='ocr_carea' id='block_1_27' title="bbox 2189 1969 3720 2045">
    <p class='ocr_par' dir='ltr' id='par_1_27' title="bbox 2189 1969 3720 2045">
     <span class='ocr_line' id='line_1_27' title="bbox 2189 1969 3720 2045; baseline 0.003 -17"><span class='ocrx_word' id='word_1_174' title='bbox 2189 1971 2270 2028; x_wconf 90' lang='lat' dir='ltr'><strong>eis</strong></span> <span class='ocrx_word' id='word_1_175' title='bbox 2291 1971 2587 2042; x_wconf 85' lang='lat' dir='ltr'><strong>duplicata.</strong></span> <span class='ocrx_word' id='word_1_176' title='bbox 2614 1969 2750 2026; x_wconf 85' lang='lat' dir='ltr'><strong>Nam</strong></span> <span class='ocrx_word' id='word_1_177' title='bbox 2779 1987 2907 2026; x_wconf 90' lang='lat' dir='ltr'><strong>cum</strong></span> <span class='ocrx_word' id='word_1_178' title='bbox 2946 1972 3222 2028; x_wconf 88' lang='lat' dir='ltr'><strong>civitatem</strong></span> <span class='ocrx_word' id='word_1_179' title='bbox 3255 1974 3486 2045; x_wconf 83' lang='lat' dir='ltr'><strong>ingrcssi</strong></span> <span class='ocrx_word' id='word_1_180' title='bbox 3511 1974 3720 2044; x_wconf 70' lang='lat' dir='ltr'><strong>fuissent,</strong></span> 
     </span>
    </p>
   </div>
   <div class='ocr_carea' id='block_1_28' title="bbox 2189 2062 3721 2140">
    <p class='ocr_par' dir='ltr' id='par_1_28' title="bbox 2189 2062 3721 2140">
     <span class='ocr_line' id='line_1_28' title="bbox 2189 2062 3721 2140; baseline 0.001 -19"><span class='ocrx_word' id='word_1_181' title='bbox 2189 2063 2481 2121; x_wconf 78' lang='lat' dir='ltr'><strong>confestim</strong></span> <span class='ocrx_word' id='word_1_182' title='bbox 2507 2079 2634 2119; x_wconf 89' lang='lat' dir='ltr'><strong>cum</strong></span> <span class='ocrx_word' id='word_1_183' title='bbox 2665 2062 2888 2120; x_wconf 80' lang='lat' dir='ltr'><strong>feminis</strong></span> <span class='ocrx_word' id='word_1_184' title='bbox 2908 2063 3192 2136; x_wconf 79' lang='lat' dir='ltr'><strong>exlegibus</strong></span> <span class='ocrx_word' id='word_1_185' title='bbox 3219 2067 3613 2123; x_wconf 89' lang='lat' dir='ltr'><strong>concubuerunt</strong></span> <span class='ocrx_word' id='word_1_186' title='bbox 3633 2071 3721 2140; x_wconf 77' lang='lat' dir='ltr'><strong>plu-</strong></span> 
     </span>
    </p>
   </div>
   <div class='ocr_carea' id='block_1_29' title="bbox 2189 2154 3722 2237">
    <p class='ocr_par' dir='ltr' id='par_1_29' title="bbox 2189 2154 3722 2237">
     <span class='ocr_line' id='line_1_29' title="bbox 2189 2154 3722 2237; baseline 0.002 -24"><span class='ocrx_word' id='word_1_187' title='bbox 2189 2173 2278 2213; x_wconf 78' lang='lat' dir='ltr'><strong>res</strong></span> <span class='ocrx_word' id='word_1_188' title='bbox 2304 2173 2370 2213; x_wconf 86' lang='lat' dir='ltr'><strong>ex</strong></span> <span class='ocrx_word' id='word_1_189' title='bbox 2395 2157 2494 2213; x_wconf 91' lang='lat' dir='ltr'><strong>eis.</strong></span> <span class='ocrx_word' id='word_1_190' title='bbox 2536 2154 2691 2212; x_wconf 89' lang='lat' dir='ltr'><strong>Tunc</strong></span> <span class='ocrx_word' id='word_1_191' title='bbox 2715 2157 2941 2228; x_wconf 88' lang='lat' dir='ltr'><strong>insuper</strong></span> <span class='ocrx_word' id='word_1_192' title='bbox 2971 2157 3207 2229; x_wconf 87' lang='lat' dir='ltr'><strong>ingressi</strong></span> <span class='ocrx_word' id='word_1_193' title='bbox 3240 2168 3370 2237; x_wconf 83' lang='lat' dir='ltr'><strong>sunt</strong></span> <span class='ocrx_word' id='word_1_194' title='bbox 3399 2160 3574 2216; x_wconf 81' lang='lat' dir='ltr'><strong>urbem</strong></span> <span class='ocrx_word' id='word_1_195' title='bbox 3599 2179 3722 2217; x_wconf 79' lang='lat' dir='ltr'><strong>sexa-</strong></span> 
     </span>
    </p>
   </div>
   <div class='ocr_carea' id='block_1_30' title="bbox 2189 2251 3722 2325">
    <p class='ocr_par' dir='ltr' id='par_1_30' title="bbox 2189 2251 3722 2325">
     <span class='ocr_line' id='line_1_30' title="bbox 2189 2251 3722 2325; baseline 0.003 -19"><span class='ocrx_word' id='word_1_196' title='bbox 2189 2251 2340 2325; x_wconf 84' lang='lat' dir='ltr'><strong>ginta</strong></span> <span class='ocrx_word' id='word_1_197' title='bbox 2362 2251 2476 2308; x_wconf 89' lang='lat' dir='ltr'><strong>fere</strong></span> <span class='ocrx_word' id='word_1_198' title='bbox 2505 2252 2675 2308; x_wconf 89' lang='lat' dir='ltr'><strong>illia</strong></span> <span class='ocrx_word' id='word_1_199' title='bbox 2710 2251 3017 2321; x_wconf 85' lang='lat' dir='ltr'><strong>Turcorum</strong></span> <span class='ocrx_word' id='word_1_200' title='bbox 3043 2269 3143 2324; x_wconf 91' lang='lat' dir='ltr'><strong>per</strong></span> <span class='ocrx_word' id='word_1_201' title='bbox 3177 2264 3425 2311; x_wconf 89' lang='lat' dir='ltr'><strong>castrum</strong></span> <span class='ocrx_word' id='word_1_202' title='bbox 3456 2256 3672 2320; x_wconf 83' lang='lat' dir='ltr'><strong>sublime,</strong></span> <span class='ocrx_word' id='word_1_203' title='bbox 3699 2273 3722 2310; x_wconf 66' lang='grc' dir='ltr'>ε</span> 
     </span>
    </p>
   </div>
   <div class='ocr_carea' id='block_1_31' title="bbox 2188 2344 3725 2416">
    <p class='ocr_par' dir='ltr' id='par_1_31' title="bbox 2188 2344 3725 2416">
     <span class='ocr_line' id='line_1_31' title="bbox 2188 2344 3725 2416; baseline 0 -16"><span class='ocrx_word' id='word_1_204' title='bbox 2188 2352 2342 2415; x_wconf 84' lang='lat' dir='ltr'><strong>parte</strong></span> <span class='ocrx_word' id='word_1_205' title='bbox 2367 2344 2522 2415; x_wconf 86' lang='lat' dir='ltr'><strong>rupis</strong></span> <span class='ocrx_word' id='word_1_206' title='bbox 2555 2345 2749 2414; x_wconf 67' lang='lat' dir='ltr'><strong>celsae;</strong></span> <span class='ocrx_word' id='word_1_207' title='bbox 2775 2345 2870 2416; x_wconf 92' lang='lat' dir='ltr'><strong>qui</strong></span> <span class='ocrx_word' id='word_1_208' title='bbox 2897 2353 3120 2400; x_wconf 88' lang='lat' dir='ltr'><strong>nostros</strong></span> <span class='ocrx_word' id='word_1_209' title='bbox 3146 2346 3610 2402; x_wconf 87' lang='lat' dir='ltr'><strong>vehementissime</strong></span> <span class='ocrx_word' id='word_1_210' title='bbox 3629 2362 3725 2401; x_wconf 83' lang='lat' dir='ltr'><strong>crc-</strong></span> 
     </span>
    </p>
   </div>
   <div class='ocr_carea' id='block_1_32' title="bbox 2187 2435 3723 2505">
    <p class='ocr_par' dir='ltr' id='par_1_32' title="bbox 2187 2435 3723 2505">
     <span class='ocr_line' id='line_1_32' title="bbox 2187 2435 3723 2505; baseline 0.001 -13"><span class='ocrx_word' id='word_1_211' title='bbox 2187 2435 2304 2492; x_wconf 89' lang='lat' dir='ltr'><strong>bris</strong></span> <span class='ocrx_word' id='word_1_212' title='bbox 2335 2436 2715 2493; x_wconf 86' lang='lat' dir='ltr'><strong>invasionibus</strong></span> <span class='ocrx_word' id='word_1_213' title='bbox 2736 2444 3179 2493; x_wconf 88' lang='lat' dir='ltr'><strong>coarctaverunt.</strong></span> <span class='ocrx_word' id='word_1_214' title='bbox 3212 2437 3319 2494; x_wconf 87' lang='lat' dir='ltr'><strong>Sed</strong></span> <span class='ocrx_word' id='word_1_215' title='bbox 3346 2455 3456 2496; x_wconf 68' lang='lat' dir='ltr'><strong>nm</strong></span> <span class='ocrx_word' id='word_1_216' title='bbox 3477 2438 3569 2495; x_wconf 90' lang='lat' dir='ltr'><strong>fuit</strong></span> <span class='ocrx_word' id='word_1_217' title='bbox 3586 2454 3723 2505; x_wconf 82' lang='lat' dir='ltr'><strong>mora,</strong></span> 
     </span>
    </p>
   </div>
   <div class='ocr_carea' id='block_1_33' title="bbox 2187 2527 3727 2600">
    <p class='ocr_par' dir='ltr' id='par_1_33' title="bbox 2187 2527 3727 2600">
     <span class='ocr_line' id='line_1_33' title="bbox 2187 2527 3727 2600; baseline 0.003 -18"><span class='ocrx_word' id='word_1_218' title='bbox 2187 2542 2390 2598; x_wconf 87' lang='lat' dir='ltr'><strong>pavore</strong></span> <span class='ocrx_word' id='word_1_219' title='bbox 2431 2528 2680 2598; x_wconf 86' lang='lat' dir='ltr'><strong>percussi</strong></span> <span class='ocrx_word' id='word_1_220' title='bbox 2715 2545 2939 2600; x_wconf 71' lang='lat' dir='ltr'><strong>magno,</strong></span> <span class='ocrx_word' id='word_1_221' title='bbox 2997 2527 3145 2586; x_wconf 87' lang='lat' dir='ltr'><strong>foras</strong></span> <span class='ocrx_word' id='word_1_222' title='bbox 3183 2530 3256 2591; x_wconf 22' lang='lat' dir='ltr'><strong>ad,</strong></span> <span class='ocrx_word' id='word_1_223' title='bbox 3300 2531 3621 2588; x_wconf 89' lang='lat' dir='ltr'><strong>obsidionem</strong></span> <span class='ocrx_word' id='word_1_224' title='bbox 3660 2547 3727 2586; x_wconf 84' lang='lat' dir='ltr'><strong>re-</strong></span> 
     </span>
    </p>
   </div>
   <div class='ocr_carea' id='block_1_34' title="bbox 2187 2619 3726 2692">
    <p class='ocr_par' dir='ltr' id='par_1_34' title="bbox 2187 2619 3726 2692">
     <span class='ocr_line' id='line_1_34' title="bbox 2187 2619 3726 2692; baseline 0.003 -17"><span class='ocrx_word' id='word_1_225' title='bbox 2187 2620 2316 2677; x_wconf 90' lang='lat' dir='ltr'><strong>licta</strong></span> <span class='ocrx_word' id='word_1_226' title='bbox 2355 2619 2493 2675; x_wconf 88' lang='lat' dir='ltr'><strong>urbe</strong></span> <span class='ocrx_word' id='word_1_227' title='bbox 2541 2621 2816 2677; x_wconf 80' lang='lat' dir='ltr'><strong>exierunt.</strong></span> <span class='ocrx_word' id='word_1_228' title='bbox 2866 2621 3067 2678; x_wconf 84' lang='lat' dir='ltr'><strong>Franci</strong></span> <span class='ocrx_word' id='word_1_229' title='bbox 3117 2632 3302 2679; x_wconf 88' lang='lat' dir='ltr'><strong>autem</strong></span> <span class='ocrx_word' id='word_1_230' title='bbox 3357 2623 3567 2692; x_wconf 87' lang='lat' dir='ltr'><strong>inclusi,</strong></span> <span class='ocrx_word' id='word_1_231' title='bbox 3615 2625 3726 2679; x_wconf 82' lang='lat' dir='ltr'><strong>ultra</strong></span> 
     </span>
    </p>
   </div>
   <div class='ocr_carea' id='block_1_35' title="bbox 2185 2713 3728 2785">
    <p class='ocr_par' dir='ltr' id='par_1_35' title="bbox 2185 2713 3728 2785">
     <span class='ocr_line' id='line_1_35' title="bbox 2185 2713 3728 2785; baseline 0.001 -17"><span class='ocrx_word' id='word_1_232' title='bbox 2185 2729 2350 2785; x_wconf 89' lang='lat' dir='ltr'><strong>quam</strong></span> <span class='ocrx_word' id='word_1_233' title='bbox 2375 2713 2524 2770; x_wconf 64' lang='lat' dir='ltr'><strong>cedi</strong></span> <span class='ocrx_word' id='word_1_234' title='bbox 2550 2722 2730 2785; x_wconf 86' lang='lat' dir='ltr'><strong>potest</strong></span> <span class='ocrx_word' id='word_1_235' title='bbox 2751 2725 3136 2771; x_wconf 90' lang='lat' dir='ltr'><strong>remanserunt</strong></span> <span class='ocrx_word' id='word_1_236' title='bbox 3156 2717 3328 2772; x_wconf 84' lang='lat' dir='ltr'><strong>anxii.</strong></span> <span class='ocrx_word' id='word_1_237' title='bbox 3363 2715 3561 2773; x_wconf 87' lang='lat' dir='ltr'><strong>Interea</strong></span> <span class='ocrx_word' id='word_1_238' title='bbox 3579 2727 3728 2772; x_wconf 77' lang='lat' dir='ltr'><strong>tamen</strong></span> 
     </span>
    </p>
   </div>
   <div class='ocr_carea' id='block_1_36' title="bbox 2185 2805 3723 2880">
    <p class='ocr_par' dir='ltr' id='par_1_36' title="bbox 2185 2805 3723 2880">
     <span class='ocr_line' id='line_1_36' title="bbox 2185 2805 3723 2880; baseline -0.001 -17"><span class='ocrx_word' id='word_1_239' title='bbox 2185 2820 2381 2863; x_wconf 74' lang='lat' dir='ltr'><strong>eorum</strong></span> <span class='ocrx_word' id='word_1_240' title='bbox 2410 2823 2518 2863; x_wconf 91' lang='lat' dir='ltr'><strong>non</strong></span> <span class='ocrx_word' id='word_1_241' title='bbox 2542 2807 2833 2863; x_wconf 90' lang='lat' dir='ltr'><strong>immemor</strong></span> <span class='ocrx_word' id='word_1_242' title='bbox 2859 2805 3006 2864; x_wconf 89' lang='lat' dir='ltr'><strong>Deus</strong></span> <span class='ocrx_word' id='word_1_243' title='bbox 3032 2808 3286 2878; x_wconf 87' lang='lat' dir='ltr'><strong>pluribus</strong></span> <span class='ocrx_word' id='word_1_244' title='bbox 3316 2825 3478 2880; x_wconf 77' lang='lat' dir='ltr'><strong>saepe,</strong></span> <span class='ocrx_word' id='word_1_245' title='bbox 3503 2810 3633 2880; x_wconf 86' lang='lat' dir='ltr'><strong>quod</strong></span> <span class='ocrx_word' id='word_1_246' title='bbox 3655 2809 3723 2863; x_wconf 85' lang='lat' dir='ltr'><strong>di-</strong></span> 
     </span>
    </p>
   </div>
   <div class='ocr_carea' id='block_1_37' title="bbox 500 1045 2091 1128">
    <p class='ocr_par' dir='ltr' id='par_1_37' title="bbox 500 1045 2091 1128">
     <span class='ocr_line' id='line_1_37' title="bbox 500 1045 2091 1128; baseline -0.008 -16"><span class='ocrx_word' id='word_1_247' title='bbox 500 1071 728 1128; x_wconf 90' lang='lat' dir='ltr'><strong>prorsus</strong></span> <span class='ocrx_word' id='word_1_248' title='bbox 756 1054 1017 1124; x_wconf 87' lang='lat' dir='ltr'><strong>impetere</strong></span> <span class='ocrx_word' id='word_1_249' title='bbox 1052 1057 1355 1121; x_wconf 64' lang='lat' dir='ltr'><strong>coeperunt.</strong></span> <span class='ocrx_word' id='word_1_250' title='bbox 1398 1047 1648 1119; x_wconf 88' lang='lat' dir='ltr'><strong>Cumque</strong></span> <span class='ocrx_word' id='word_1_251' title='bbox 1679 1045 1847 1102; x_wconf 91' lang='lat' dir='ltr'><strong>Turci</strong></span> <span class='ocrx_word' id='word_1_252' title='bbox 1895 1046 2091 1116; x_wconf 89' lang='lat' dir='ltr'><strong>primi-</strong></span> 
     </span>
    </p>
   </div>
   <div class='ocr_carea' id='block_1_38' title="bbox 499 1138 2090 1211">
    <p class='ocr_par' dir='ltr' id='par_1_38' title="bbox 499 1138 2090 1211">
     <span class='ocr_line' id='line_1_38' title="bbox 499 1138 2090 1211; baseline -0.005 -9"><span class='ocrx_word' id='word_1_253' title='bbox 499 1157 589 1202; x_wconf 87' lang='lat' dir='ltr'><strong>tus</strong></span> <span class='ocrx_word' id='word_1_254' title='bbox 616 1145 875 1201; x_wconf 72' lang='lat' dir='ltr'><strong>vexillum</strong></span> <span class='ocrx_word' id='word_1_255' title='bbox 895 1141 1207 1198; x_wconf 90' lang='lat' dir='ltr'><strong>Boamundi</strong></span> <span class='ocrx_word' id='word_1_256' title='bbox 1229 1140 1608 1197; x_wconf 84' lang='lat' dir='ltr'><strong>rubicundum</strong></span> <span class='ocrx_word' id='word_1_257' title='bbox 1631 1140 1746 1211; x_wconf 89' lang='lat' dir='ltr'><strong>jam</strong></span> <span class='ocrx_word' id='word_1_258' title='bbox 1775 1139 1829 1194; x_wconf 93' lang='lat' dir='ltr'><strong>in</strong></span> <span class='ocrx_word' id='word_1_259' title='bbox 1851 1138 2090 1196; x_wconf 88' lang='lat' dir='ltr'><strong>sublime</strong></span> 
     </span>
    </p>
   </div>
   <div class='ocr_carea' id='block_1_39' title="bbox 496 1235 2092 1310">
    <p class='ocr_par' dir='ltr' id='par_1_39' title="bbox 496 1235 2092 1310">
     <span class='ocr_line' id='line_1_39' title="bbox 496 1235 2092 1310; baseline -0.005 -16"><span class='ocrx_word' id='word_1_260' title='bbox 496 1238 774 1310; x_wconf 88' lang='lat' dir='ltr'><strong>displieari</strong></span> <span class='ocrx_word' id='word_1_261' title='bbox 811 1237 1137 1309; x_wconf 89' lang='lat' dir='ltr'><strong>aspicerent,</strong></span> <span class='ocrx_word' id='word_1_262' title='bbox 1167 1244 1224 1292; x_wconf 88' lang='lat' dir='ltr'><strong>et</strong></span> <span class='ocrx_word' id='word_1_263' title='bbox 1249 1235 1542 1291; x_wconf 88' lang='lat' dir='ltr'><strong>tumultum</strong></span> <span class='ocrx_word' id='word_1_264' title='bbox 1577 1241 1791 1288; x_wconf 90' lang='lat' dir='ltr'><strong>tantum</strong></span> <span class='ocrx_word' id='word_1_265' title='bbox 1818 1241 1982 1303; x_wconf 90' lang='lat' dir='ltr'><strong>atque</strong></span> <span class='ocrx_word' id='word_1_266' title='bbox 2010 1239 2092 1286; x_wconf 91' lang='lat' dir='ltr'><strong>tot</strong></span> 
     </span>
    </p>
   </div>
   <div class='ocr_carea' id='block_1_40' title="bbox 495 1323 2090 1400">
    <p class='ocr_par' dir='ltr' id='par_1_40' title="bbox 495 1323 2090 1400">
     <span class='ocr_line' id='line_1_40' title="bbox 495 1323 2090 1400; baseline -0.004 -14"><span class='ocrx_word' id='word_1_267' title='bbox 495 1329 756 1386; x_wconf 88' lang='lat' dir='ltr'><strong>cornibus</strong></span> <span class='ocrx_word' id='word_1_268' title='bbox 778 1328 836 1384; x_wconf 90' lang='lat' dir='ltr'><strong>in</strong></span> <span class='ocrx_word' id='word_1_269' title='bbox 864 1328 1012 1384; x_wconf 89' lang='lat' dir='ltr'><strong>muri</strong></span> <span class='ocrx_word' id='word_1_270' title='bbox 1039 1327 1194 1400; x_wconf 89' lang='lat' dir='ltr'><strong>apice</strong></span> <span class='ocrx_word' id='word_1_271' title='bbox 1223 1326 1472 1382; x_wconf 89' lang='lat' dir='ltr'><strong>Francos</strong></span> <span class='ocrx_word' id='word_1_272' title='bbox 1501 1339 1720 1391; x_wconf 87' lang='lat' dir='ltr'><strong>sonare,</strong></span> <span class='ocrx_word' id='word_1_273' title='bbox 1743 1332 1799 1380; x_wconf 90' lang='lat' dir='ltr'><strong>et</strong></span> <span class='ocrx_word' id='word_1_274' title='bbox 1819 1339 1915 1394; x_wconf 89' lang='lat' dir='ltr'><strong>per</strong></span> <span class='ocrx_word' id='word_1_275' title='bbox 1941 1323 2090 1379; x_wconf 86' lang='lat' dir='ltr'><strong>vicos</strong></span> 
     </span>
    </p>
   </div>
   <div class='ocr_carea' id='block_1_41' title="bbox 493 1407 2090 1488">
    <p class='ocr_par' dir='ltr' id='par_1_41' title="bbox 493 1407 2090 1488">
     <span class='ocr_line' id='line_1_41' title="bbox 493 1407 2090 1488; baseline -0.005 -10"><span class='ocrx_word' id='word_1_276' title='bbox 493 1431 552 1478; x_wconf 76' lang='lat' dir='ltr'><strong>et</strong></span> <span class='ocrx_word' id='word_1_277' title='bbox 578 1437 768 1478; x_wconf 90' lang='lat' dir='ltr'><strong>muros</strong></span> <span class='ocrx_word' id='word_1_278' title='bbox 788 1421 955 1478; x_wconf 91' lang='lat' dir='ltr'><strong>nudis</strong></span> <span class='ocrx_word' id='word_1_279' title='bbox 982 1421 1210 1477; x_wconf 90' lang='lat' dir='ltr'><strong>ensibus</strong></span> <span class='ocrx_word' id='word_1_280' title='bbox 1243 1433 1343 1476; x_wconf 87' lang='lat' dir='ltr'><strong>eos</strong></span> <span class='ocrx_word' id='word_1_281' title='bbox 1372 1418 1482 1474; x_wconf 86' lang='lat' dir='ltr'><strong>late</strong></span> <span class='ocrx_word' id='word_1_282' title='bbox 1508 1417 1840 1482; x_wconf 90' lang='lat' dir='ltr'><strong>discurrere,</strong></span> <span class='ocrx_word' id='word_1_283' title='bbox 1868 1407 1924 1472; x_wconf 81' lang='lat' dir='ltr'><strong>et</strong></span> <span class='ocrx_word' id='word_1_284' title='bbox 1953 1431 2090 1488; x_wconf 88' lang='lat' dir='ltr'><strong>gen-</strong></span> 
     </span>
    </p>
   </div>
   <div class='ocr_carea' id='block_1_42' title="bbox 497 1509 2086 1581">
    <p class='ocr_par' dir='ltr' id='par_1_42' title="bbox 497 1509 2086 1581">
     <span class='ocr_line' id='line_1_42' title="bbox 497 1509 2086 1581; baseline -0.004 -11"><span class='ocrx_word' id='word_1_285' title='bbox 497 1526 605 1572; x_wconf 89' lang='lat' dir='ltr'><strong>tem</strong></span> <span class='ocrx_word' id='word_1_286' title='bbox 651 1531 808 1572; x_wconf 90' lang='lat' dir='ltr'><strong>suam</strong></span> <span class='ocrx_word' id='word_1_287' title='bbox 859 1515 1116 1571; x_wconf 85' lang='lat' dir='ltr'><strong>ferociter</strong></span> <span class='ocrx_word' id='word_1_288' title='bbox 1166 1513 1416 1570; x_wconf 91' lang='lat' dir='ltr'><strong>occidere</strong></span> <span class='ocrx_word' id='word_1_289' title='bbox 1451 1531 1464 1567; x_wconf 91' lang='lat'><strong>:</strong></span> <span class='ocrx_word' id='word_1_290' title='bbox 1501 1509 1864 1581; x_wconf 78' lang='lat' dir='ltr'><strong>obstupefacti</strong></span> <span class='ocrx_word' id='word_1_291' title='bbox 1909 1509 2086 1574; x_wconf 85' lang='lat' dir='ltr'><strong>valde,</strong></span> 
     </span>
    </p>
   </div>
   <div class='ocr_carea' id='block_1_43' title="bbox 493 1603 2085 1679">
    <p class='ocr_par' dir='ltr' id='par_1_43' title="bbox 493 1603 2085 1679">
     <span class='ocr_line' id='line_1_43' title="bbox 493 1603 2085 1679; baseline -0.006 -14"><span class='ocrx_word' id='word_1_292' title='bbox 493 1617 551 1665; x_wconf 88' lang='lat' dir='ltr'><strong>et</strong></span> <span class='ocrx_word' id='word_1_293' title='bbox 576 1609 680 1665; x_wconf 88' lang='lat' dir='ltr'><strong>hac</strong></span> <span class='ocrx_word' id='word_1_294' title='bbox 700 1617 758 1666; x_wconf 93' lang='lat' dir='ltr'><strong>et</strong></span> <span class='ocrx_word' id='word_1_295' title='bbox 779 1607 904 1664; x_wconf 90' lang='lat' dir='ltr'><strong>illae</strong></span> <span class='ocrx_word' id='word_1_296' title='bbox 916 1607 1106 1679; x_wconf 80' lang='lat' dir='ltr'><strong>fugere</strong></span> <span class='ocrx_word' id='word_1_297' title='bbox 1127 1615 1428 1678; x_wconf 67' lang='lat' dir='ltr'><strong>coeperunt.</strong></span> <span class='ocrx_word' id='word_1_298' title='bbox 1454 1603 1533 1661; x_wconf 90' lang='lat' dir='ltr'><strong>De</strong></span> <span class='ocrx_word' id='word_1_299' title='bbox 1554 1604 1754 1675; x_wconf 86' lang='lat' dir='ltr'><strong>quibus</strong></span> <span class='ocrx_word' id='word_1_300' title='bbox 1781 1603 1936 1658; x_wconf 89' lang='lat' dir='ltr'><strong>multi</strong></span> <span class='ocrx_word' id='word_1_301' title='bbox 1961 1609 2085 1657; x_wconf 81' lang='lat' dir='ltr'><strong>mox</strong></span> 
     </span>
    </p>
   </div>
   <div class='ocr_carea' id='block_1_44' title="bbox 495 1693 2087 1771">
    <p class='ocr_par' dir='ltr' id='par_1_44' title="bbox 495 1693 2087 1771">
     <span class='ocr_line' id='line_1_44' title="bbox 495 1693 2087 1771; baseline -0.005 -13"><span class='ocrx_word' id='word_1_302' title='bbox 495 1701 666 1758; x_wconf 90' lang='lat' dir='ltr'><strong>occisi</strong></span> <span class='ocrx_word' id='word_1_303' title='bbox 690 1699 934 1769; x_wconf 87' lang='lat' dir='ltr'><strong>fuerunt,</strong></span> <span class='ocrx_word' id='word_1_304' title='bbox 954 1699 1251 1771; x_wconf 87' lang='lat' dir='ltr'><strong>pluresque</strong></span> <span class='ocrx_word' id='word_1_305' title='bbox 1279 1697 1542 1769; x_wconf 89' lang='lat' dir='ltr'><strong>fugiendo</strong></span> <span class='ocrx_word' id='word_1_306' title='bbox 1569 1696 1623 1751; x_wconf 93' lang='lat' dir='ltr'><strong>in</strong></span> <span class='ocrx_word' id='word_1_307' title='bbox 1645 1703 1911 1762; x_wconf 90' lang='lat' dir='ltr'><strong>castrum,</strong></span> <span class='ocrx_word' id='word_1_308' title='bbox 1939 1693 2087 1766; x_wconf 89' lang='lat' dir='ltr'><strong>quod</strong></span> 
     </span>
    </p>
   </div>
   <div class='ocr_carea' id='block_1_45' title="bbox 498 1787 2087 1864">
    <p class='ocr_par' dir='ltr' id='par_1_45' title="bbox 498 1787 2087 1864">
     <span class='ocr_line' id='line_1_45' title="bbox 498 1787 2087 1864; baseline -0.001 -18"><span class='ocrx_word' id='word_1_309' title='bbox 498 1793 555 1847; x_wconf 90' lang='lat' dir='ltr'><strong>in</strong></span> <span class='ocrx_word' id='word_1_310' title='bbox 582 1807 720 1864; x_wconf 90' lang='lat' dir='ltr'><strong>rupe</strong></span> <span class='ocrx_word' id='word_1_311' title='bbox 741 1791 888 1848; x_wconf 90' lang='lat' dir='ltr'><strong>celsa</strong></span> <span class='ocrx_word' id='word_1_312' title='bbox 909 1799 995 1848; x_wconf 90' lang='lat' dir='ltr'><strong>est</strong></span> <span class='ocrx_word' id='word_1_313' title='bbox 1008 1792 1198 1859; x_wconf 88' lang='lat' dir='ltr'><strong>situm,</strong></span> <span class='ocrx_word' id='word_1_314' title='bbox 1226 1805 1287 1846; x_wconf 91' lang='lat' dir='ltr'><strong>se</strong></span> <span class='ocrx_word' id='word_1_315' title='bbox 1314 1789 1751 1846; x_wconf 90' lang='lat' dir='ltr'><strong>intromiserunt.</strong></span> <span class='ocrx_word' id='word_1_316' title='bbox 1772 1787 1935 1844; x_wconf 86' lang='lat' dir='ltr'><strong>Plebs</strong></span> <span class='ocrx_word' id='word_1_317' title='bbox 1955 1803 2087 1844; x_wconf 90' lang='lat' dir='ltr'><strong>vero</strong></span> 
     </span>
    </p>
   </div>
   <div class='ocr_carea' id='block_1_46' title="bbox 496 1881 2085 1956">
    <p class='ocr_par' dir='ltr' id='par_1_46' title="bbox 496 1881 2085 1956">
     <span class='ocr_line' id='line_1_46' title="bbox 496 1881 2085 1956; baseline -0.002 -17"><span class='ocrx_word' id='word_1_318' title='bbox 496 1892 686 1941; x_wconf 82' lang='lat' dir='ltr'><strong>rostra</strong></span> <span class='ocrx_word' id='word_1_319' title='bbox 703 1892 923 1952; x_wconf 90' lang='lat' dir='ltr'><strong>cuncta,</strong></span> <span class='ocrx_word' id='word_1_320' title='bbox 941 1899 1064 1956; x_wconf 81' lang='lat' dir='ltr'><strong>quae</strong></span> <span class='ocrx_word' id='word_1_321' title='bbox 1083 1883 1141 1938; x_wconf 91' lang='lat' dir='ltr'><strong>in</strong></span> <span class='ocrx_word' id='word_1_322' title='bbox 1165 1883 1306 1940; x_wconf 89' lang='lat' dir='ltr'><strong>vicis</strong></span> <span class='ocrx_word' id='word_1_323' title='bbox 1333 1891 1429 1938; x_wconf 90' lang='lat' dir='ltr'><strong>aut</strong></span> <span class='ocrx_word' id='word_1_324' title='bbox 1449 1881 1707 1938; x_wconf 87' lang='lat' dir='ltr'><strong>domibus</strong></span> <span class='ocrx_word' id='word_1_325' title='bbox 1736 1881 2085 1948; x_wconf 90' lang='lat' dir='ltr'><strong>invenerunt,</strong></span> 
     </span>
    </p>
   </div>
   <div class='ocr_carea' id='block_1_47' title="bbox 497 1973 2087 2046">
    <p class='ocr_par' dir='ltr' id='par_1_47' title="bbox 497 1973 2087 2046">
     <span class='ocr_line' id='line_1_47' title="bbox 497 1973 2087 2046; baseline -0.001 -16"><span class='ocrx_word' id='word_1_326' title='bbox 497 1977 856 2032; x_wconf 88' lang='lat' dir='ltr'><strong>immoderate</strong></span> <span class='ocrx_word' id='word_1_327' title='bbox 881 1984 1316 2046; x_wconf 88' lang='lat' dir='ltr'><strong>assumpserunt.</strong></span> <span class='ocrx_word' id='word_1_328' title='bbox 1347 1975 1416 2030; x_wconf 82' lang='lat' dir='ltr'><strong>At</strong></span> <span class='ocrx_word' id='word_1_329' title='bbox 1439 1973 1951 2045; x_wconf 67' lang='lat' dir='ltr'><strong>milites“probitatis</strong></span> <span class='ocrx_word' id='word_1_330' title='bbox 1979 1973 2087 2029; x_wconf 82' lang='lat' dir='ltr'><strong>mi-</strong></span> 
     </span>
    </p>
   </div>
   <div class='ocr_carea' id='block_1_48' title="bbox 496 2068 2084 2140">
    <p class='ocr_par' dir='ltr' id='par_1_48' title="bbox 496 2068 2084 2140">
     <span class='ocr_line' id='line_1_48' title="bbox 496 2068 2084 2140; baseline 0.001 -18"><span class='ocrx_word' id='word_1_331' title='bbox 496 2070 671 2125; x_wconf 83' lang='lat' dir='ltr'><strong>litiam</strong></span> <span class='ocrx_word' id='word_1_332' title='bbox 698 2079 1011 2138; x_wconf 87' lang='lat' dir='ltr'><strong>tenuerunt,</strong></span> <span class='ocrx_word' id='word_1_333' title='bbox 1035 2068 1248 2126; x_wconf 91' lang='lat' dir='ltr'><strong>Turcos</strong></span> <span class='ocrx_word' id='word_1_334' title='bbox 1276 2070 1656 2140; x_wconf 89' lang='lat' dir='ltr'><strong>persequendo</strong></span> <span class='ocrx_word' id='word_1_335' title='bbox 1683 2076 1737 2124; x_wconf 90' lang='lat' dir='ltr'><strong>et</strong></span> <span class='ocrx_word' id='word_1_336' title='bbox 1765 2069 2084 2124; x_wconf 89' lang='lat' dir='ltr'><strong>occidendo.</strong></span> 
     </span>
    </p>
   </div>
   <div class='ocr_carea' id='block_1_49' title="bbox 495 2160 2088 2230">
    <p class='ocr_par' dir='ltr' id='par_1_49' title="bbox 495 2160 2088 2230">
     <span class='ocr_line' id='line_1_49' title="bbox 495 2160 2088 2230; baseline 0.001 -14"><span class='ocrx_word' id='word_1_337' title='bbox 495 2160 652 2220; x_wconf 81' lang='lat' dir='ltr'><strong>Tunc</strong></span> <span class='ocrx_word' id='word_1_338' title='bbox 702 2163 1005 2220; x_wconf 82' lang='lat' dir='ltr'><strong>admiratus</strong></span> <span class='ocrx_word' id='word_1_339' title='bbox 1064 2163 1402 2230; x_wconf 82' lang='lat' dir='ltr'><strong>Antiochiae,</strong></span> <span class='ocrx_word' id='word_1_340' title='bbox 1439 2163 1652 2219; x_wconf 84' lang='lat' dir='ltr'><strong>scilicet</strong></span> <span class='ocrx_word' id='word_1_341' title='bbox 1681 2161 2016 2228; x_wconf 83' lang='lat' dir='ltr'><strong>Gratianus,</strong></span> <span class='ocrx_word' id='word_1_342' title='bbox 2054 2177 2088 2218; x_wconf 92' lang='lat' dir='ltr'><strong>a</strong></span> 
     </span>
    </p>
   </div>
   <div class='ocr_carea' id='block_1_50' title="bbox 495 2253 2088 2326">
    <p class='ocr_par' dir='ltr' id='par_1_50' title="bbox 495 2253 2088 2326">
     <span class='ocr_line' id='line_1_50' title="bbox 495 2253 2088 2326; baseline 0.001 -19"><span class='ocrx_word' id='word_1_343' title='bbox 495 2254 702 2310; x_wconf 81' lang='lat' dir='ltr'><strong>rustico</strong></span> <span class='ocrx_word' id='word_1_344' title='bbox 722 2255 960 2326; x_wconf 87' lang='lat' dir='ltr'><strong>quodam</strong></span> <span class='ocrx_word' id='word_1_345' title='bbox 987 2255 1248 2310; x_wconf 83' lang='lat' dir='ltr'><strong>Armenio</strong></span> <span class='ocrx_word' id='word_1_346' title='bbox 1284 2253 1498 2326; x_wconf 90' lang='lat' dir='ltr'><strong>fugiens</strong></span> <span class='ocrx_word' id='word_1_347' title='bbox 1520 2254 1822 2310; x_wconf 89' lang='lat' dir='ltr'><strong>decollatus</strong></span> <span class='ocrx_word' id='word_1_348' title='bbox 1848 2262 1954 2310; x_wconf 89' lang='lat' dir='ltr'><strong>est.</strong></span> <span class='ocrx_word' id='word_1_349' title='bbox 1979 2253 2088 2322; x_wconf 86' lang='lat' dir='ltr'><strong>Qui</strong></span> 
     </span>
    </p>
   </div>
   <div class='ocr_carea' id='block_1_51' title="bbox 493 2345 1802 2418">
    <p class='ocr_par' dir='ltr' id='par_1_51' title="bbox 493 2345 1802 2418">
     <span class='ocr_line' id='line_1_51' title="bbox 493 2345 1802 2418; baseline 0 -17"><span class='ocrx_word' id='word_1_350' title='bbox 493 2354 656 2416; x_wconf 89' lang='lat' dir='ltr'><strong>caput</strong></span> <span class='ocrx_word' id='word_1_351' title='bbox 688 2346 998 2403; x_wconf 88' lang='lat' dir='ltr'><strong>abscissum</strong></span> <span class='ocrx_word' id='word_1_352' title='bbox 1022 2345 1253 2403; x_wconf 89' lang='lat' dir='ltr'><strong>Francis</strong></span> <span class='ocrx_word' id='word_1_353' title='bbox 1279 2363 1407 2402; x_wconf 82' lang='lat' dir='ltr'><strong>mox</strong></span> <span class='ocrx_word' id='word_1_354' title='bbox 1444 2347 1628 2403; x_wconf 86' lang='lat' dir='ltr'><strong>attulit</strong></span> <span class='ocrx_word' id='word_1_355' title='bbox 1662 2347 1802 2418; x_wconf 85' lang='lat' dir='ltr'><strong>ejus.</strong></span> 
     </span>
    </p>
   </div>
   <div class='ocr_carea' id='block_1_52' title="bbox 1092 2437 1435 2494">
    <p class='ocr_par' dir='ltr' id='par_1_52' title="bbox 1092 2437 1435 2494">
     <span class='ocr_line' id='line_1_52' title="bbox 1092 2437 1435 2494; baseline 0 0"><span class='ocrx_word' id='word_1_356' title='bbox 1092 2437 1325 2494; x_wconf 84' lang='lat' dir='ltr'><strong>CAPUT</strong></span> <span class='ocrx_word' id='word_1_357' title='bbox 1365 2438 1435 2494; x_wconf 84' lang='lat' dir='ltr'><strong>X.</strong></span> 
     </span>
    </p>
   </div>
   <div class='ocr_carea' id='block_1_53' title="bbox 563 2528 2086 2603">
    <p class='ocr_par' dir='ltr' id='par_1_53' title="bbox 563 2528 2086 2603">
     <span class='ocr_line' id='line_1_53' title="bbox 563 2528 2086 2603; baseline 0.003 -19"><span class='ocrx_word' id='word_1_358' title='bbox 563 2528 804 2602; x_wconf 78' lang='lat' dir='ltr'><strong>Contigit</strong></span> <span class='ocrx_word' id='word_1_359' title='bbox 827 2537 1031 2600; x_wconf 86' lang='lat' dir='ltr'><strong>autem,</strong></span> <span class='ocrx_word' id='word_1_360' title='bbox 1061 2539 1352 2602; x_wconf 88' lang='lat' dir='ltr'><strong>postquam</strong></span> <span class='ocrx_word' id='word_1_361' title='bbox 1377 2531 1572 2587; x_wconf 88' lang='lat' dir='ltr'><strong>civitas</strong></span> <span class='ocrx_word' id='word_1_362' title='bbox 1595 2539 1752 2602; x_wconf 88' lang='lat' dir='ltr'><strong>capta</strong></span> <span class='ocrx_word' id='word_1_363' title='bbox 1773 2540 1876 2601; x_wconf 87' lang='lat' dir='ltr'><strong>est,</strong></span> <span class='ocrx_word' id='word_1_364' title='bbox 1892 2547 1923 2587; x_wconf 90' lang='lat' dir='ltr'><strong>a</strong></span> <span class='ocrx_word' id='word_1_365' title='bbox 1954 2547 2086 2603; x_wconf 91' lang='lat' dir='ltr'><strong>quo-</strong></span> 
     </span>
    </p>
   </div>
   <div class='ocr_carea' id='block_1_54' title="bbox 491 2613 2084 2695">
    <p class='ocr_par' dir='ltr' id='par_1_54' title="bbox 491 2613 2084 2695">
     <span class='ocr_line' id='line_1_54' title="bbox 491 2613 2084 2695; baseline 0.005 -19"><span class='ocrx_word' id='word_1_366' title='bbox 491 2621 616 2676; x_wconf 89' lang='lat' dir='ltr'><strong>dam</strong></span> <span class='ocrx_word' id='word_1_367' title='bbox 648 2613 871 2678; x_wconf 85' lang='lat' dir='ltr'><strong>homine</strong></span> <span class='ocrx_word' id='word_1_368' title='bbox 899 2623 1148 2679; x_wconf 86' lang='lat' dir='ltr'><strong>lanceam</strong></span> <span class='ocrx_word' id='word_1_369' title='bbox 1178 2623 1622 2680; x_wconf 87' lang='lat' dir='ltr'><strong>unam&#39;inveniri</strong></span> <span class='ocrx_word' id='word_1_370' title='bbox 1661 2639 1828 2695; x_wconf 89' lang='lat' dir='ltr'><strong>quam</strong></span> <span class='ocrx_word' id='word_1_371' title='bbox 1889 2625 1946 2680; x_wconf 90' lang='lat' dir='ltr'><strong>in</strong></span> <span class='ocrx_word' id='word_1_372' title='bbox 1989 2640 2084 2684; x_wconf 85' lang='lat' dir='ltr'><strong>ec-</strong></span> 
     </span>
    </p>
   </div>
   <div class='ocr_carea' id='block_1_55' title="bbox 490 2704 2086 2787">
    <p class='ocr_par' dir='ltr' id='par_1_55' title="bbox 490 2704 2086 2787">
     <span class='ocr_line' id='line_1_55' title="bbox 490 2704 2086 2787; baseline 0.004 -19"><span class='ocrx_word' id='word_1_373' title='bbox 490 2704 664 2769; x_wconf 15' lang='lat' dir='ltr'><strong>clesia‘</strong></span> <span class='ocrx_word' id='word_1_374' title='bbox 680 2714 823 2771; x_wconf 86' lang='lat' dir='ltr'><strong>beati</strong></span> <span class='ocrx_word' id='word_1_375' title='bbox 845 2715 1080 2786; x_wconf 87' lang='lat' dir='ltr'><strong>apostoli</strong></span> <span class='ocrx_word' id='word_1_376' title='bbox 1110 2715 1255 2771; x_wconf 88' lang='lat' dir='ltr'><strong>Petri</strong></span> <span class='ocrx_word' id='word_1_377' title='bbox 1278 2714 1426 2772; x_wconf 90' lang='lat' dir='ltr'><strong>fossa</strong></span> <span class='ocrx_word' id='word_1_378' title='bbox 1457 2717 1628 2771; x_wconf 90' lang='lat' dir='ltr'><strong>humo</strong></span> <span class='ocrx_word' id='word_1_379' title='bbox 1650 2726 1923 2787; x_wconf 87' lang='lat' dir='ltr'><strong>repertam</strong></span> <span class='ocrx_word' id='word_1_380' title='bbox 1947 2759 1964 2785; x_wconf 94' lang='lat'><strong>,</strong></span> <span class='ocrx_word' id='word_1_381' title='bbox 1994 2734 2086 2775; x_wconf 77' lang='lat' dir='ltr'><strong>as-</strong></span> 
     </span>
    </p>
   </div>
   <div class='ocr_carea' id='block_1_56' title="bbox 491 2803 2084 2878">
    <p class='ocr_par' dir='ltr' id='par_1_56' title="bbox 491 2803 2084 2878">
     <span class='ocr_line' id='line_1_56' title="bbox 491 2803 2084 2878; baseline 0.002 -20"><span class='ocrx_word' id='word_1_382' title='bbox 491 2803 776 2860; x_wconf 82' lang='lat' dir='ltr'><strong>severabat</strong></span> <span class='ocrx_word' id='word_1_383' title='bbox 797 2819 921 2860; x_wconf 87' lang='lat' dir='ltr'><strong>esse</strong></span> <span class='ocrx_word' id='word_1_384' title='bbox 947 2805 1099 2860; x_wconf 91' lang='lat' dir='ltr'><strong>illam</strong></span> <span class='ocrx_word' id='word_1_385' title='bbox 1153 2805 1221 2860; x_wconf 92' lang='lat' dir='ltr'><strong>de</strong></span> <span class='ocrx_word' id='word_1_386' title='bbox 1243 2820 1352 2876; x_wconf 91' lang='lat' dir='ltr'><strong>qua</strong></span> <span class='ocrx_word' id='word_1_387' title='bbox 1382 2803 1664 2878; x_wconf 78' lang='lat' dir='ltr'><strong>Longinus</strong></span> <span class='ocrx_word' id='word_1_388' title='bbox 1686 2806 1831 2862; x_wconf 91' lang='lat' dir='ltr'><strong>latus</strong></span> <span class='ocrx_word' id='word_1_389' title='bbox 1864 2807 2084 2862; x_wconf 89' lang='lat' dir='ltr'><strong>Domini</strong></span> 
     </span>
    </p>
   </div>
   <div class='ocr_carea' id='block_1_57' title="bbox 488 2893 3729 2973">
    <p class='ocr_par' dir='ltr' id='par_1_57' title="bbox 488 2893 3729 2973">
     <span class='ocr_line' id='line_1_57' title="bbox 488 2893 3729 2973; baseline 0.002 -24"><span class='ocrx_word' id='word_1_390' title='bbox 488 2893 809 2964; x_wconf 83' lang='lat' dir='ltr'><strong>perforavit.</strong></span> <span class='ocrx_word' id='word_1_391' title='bbox 845 2895 1042 2952; x_wconf 77' lang='lat' dir='ltr'><strong>Aiebat</strong></span> <span class='ocrx_word' id='word_1_392' title='bbox 1061 2897 1207 2953; x_wconf 91' lang='lat' dir='ltr'><strong>enim</strong></span> <span class='ocrx_word' id='word_1_393' title='bbox 1250 2913 1284 2952; x_wconf 89' lang='lat' dir='ltr'><strong>a</strong></span> <span class='ocrx_word' id='word_1_394' title='bbox 1326 2905 1518 2954; x_wconf 86' lang='lat' dir='ltr'><strong>sancto</strong></span> <span class='ocrx_word' id='word_1_395' title='bbox 1566 2898 1790 2954; x_wconf 84' lang='lat' dir='ltr'><strong>Andrea</strong></span> <span class='ocrx_word' id='word_1_396' title='bbox 1834 2899 2084 2970; x_wconf 91' lang='lat' dir='ltr'><strong>apostolo</strong></span> <span class='ocrx_word' id='word_1_397' title='bbox 2162 2899 2290 2956; x_wconf 61' lang='lat' dir='ltr'><strong>&#39;ctis</strong></span> <span class='ocrx_word' id='word_1_398' title='bbox 2316 2899 2680 2970; x_wconf 76' lang='lat' dir='ltr'><strong>affirmabant,</strong></span> <span class='ocrx_word' id='word_1_399' title='bbox 2715 2901 2990 2973; x_wconf 88' lang='lat' dir='ltr'><strong>apparuit,</strong></span> <span class='ocrx_word' id='word_1_400' title='bbox 3021 2901 3116 2972; x_wconf 93' lang='lat' dir='ltr'><strong>qui</strong></span> <span class='ocrx_word' id='word_1_401' title='bbox 3140 2901 3500 2958; x_wconf 89' lang='lat' dir='ltr'><strong>eonfortando</strong></span> <span class='ocrx_word' id='word_1_402' title='bbox 3525 2919 3607 2958; x_wconf 88' lang='lat' dir='ltr'><strong>eos</strong></span> <span class='ocrx_word' id='word_1_403' title='bbox 3625 2918 3729 2973; x_wconf 82' lang='lat' dir='ltr'><strong>pm-</strong></span> 
     </span>
    </p>
   </div>
   <div class='ocr_carea' id='block_1_58' title="bbox 489 2987 3727 3067">
    <p class='ocr_par' dir='ltr' id='par_1_58' title="bbox 489 2987 3727 3067">
     <span class='ocr_line' id='line_1_58' title="bbox 489 2987 3727 3067; baseline 0.002 -25"><span class='ocrx_word' id='word_1_404' title='bbox 489 2988 793 3043; x_wconf 87' lang='lat' dir='ltr'><strong>revelatum</strong></span> <span class='ocrx_word' id='word_1_405' title='bbox 835 2987 944 3043; x_wconf 83' lang='lat' dir='ltr'><strong>hoc</strong></span> <span class='ocrx_word' id='word_1_406' title='bbox 991 3003 1115 3045; x_wconf 90' lang='lat' dir='ltr'><strong>esse</strong></span> <span class='ocrx_word' id='word_1_407' title='bbox 1157 2989 1282 3045; x_wconf 87' lang='lat' dir='ltr'><strong>sibi.</strong></span> <span class='ocrx_word' id='word_1_408' title='bbox 1317 2988 1543 3046; x_wconf 81' lang='lat' dir='ltr'><strong>Visione</strong></span> <span class='ocrx_word' id='word_1_409' title='bbox 1586 2998 1642 3046; x_wconf 90' lang='lat' dir='ltr'><strong>et</strong></span> <span class='ocrx_word' id='word_1_410' title='bbox 1675 2991 1976 3047; x_wconf 88' lang='lat' dir='ltr'><strong>monitione</strong></span> <span class='ocrx_word' id='word_1_411' title='bbox 2012 2991 2084 3048; x_wconf 89' lang='lat' dir='ltr'><strong>ab</strong></span> <span class='ocrx_word' id='word_1_412' title='bbox 2184 2991 2436 3048; x_wconf 87' lang='lat' dir='ltr'><strong>mittebat</strong></span> <span class='ocrx_word' id='word_1_413' title='bbox 2459 2993 2722 3064; x_wconf 89' lang='lat' dir='ltr'><strong>populum</strong></span> <span class='ocrx_word' id='word_1_414' title='bbox 2757 2993 2827 3048; x_wconf 90' lang='lat' dir='ltr'><strong>ad</strong></span> <span class='ocrx_word' id='word_1_415' title='bbox 2855 3009 3100 3064; x_wconf 51' lang='lat' dir='ltr'><strong>praesens</strong></span> <span class='ocrx_word' id='word_1_416' title='bbox 3145 2994 3378 3050; x_wconf 91' lang='lat' dir='ltr'><strong>victoria</strong></span> <span class='ocrx_word' id='word_1_417' title='bbox 3403 2996 3727 3067; x_wconf 78' lang='lat' dir='ltr'><strong>gaudendum.</strong></span> 
     </span>
    </p>
   </div>
   <div class='ocr_carea' id='block_1_59' title="bbox 489 3073 3164 3170">
    <p class='ocr_par' dir='ltr' id='par_1_59' title="bbox 489 3073 3164 3170">
     <span class='ocr_line' id='line_1_59' title="bbox 489 3073 3164 3170; baseline 0.001 -34"><span class='ocrx_word' id='word_1_418' title='bbox 489 3080 614 3152; x_wconf 77' lang='lat' dir='ltr'><strong>ipso</strong></span> <span class='ocrx_word' id='word_1_419' title='bbox 635 3079 884 3151; x_wconf 86' lang='lat' dir='ltr'><strong>apostolo</strong></span> <span class='ocrx_word' id='word_1_420' title='bbox 907 3073 986 3136; x_wconf 82' lang='lat' dir='ltr'><strong>ter</strong></span> <span class='ocrx_word' id='word_1_421' title='bbox 1006 3080 1085 3136; x_wconf 85' lang='lat' dir='ltr'><strong>illi</strong></span> <span class='ocrx_word' id='word_1_422' title='bbox 1110 3080 1275 3150; x_wconf 89' lang='lat' dir='ltr'><strong>facta,</strong></span> <span class='ocrx_word' id='word_1_423' title='bbox 1307 3081 1443 3139; x_wconf 91' lang='lat' dir='ltr'><strong>fodit</strong></span> <span class='ocrx_word' id='word_1_424' title='bbox 1471 3083 1662 3139; x_wconf 87' lang='lat' dir='ltr'><strong>subter</strong></span> <span class='ocrx_word' id='word_1_425' title='bbox 1684 3084 2076 3155; x_wconf 88' lang='lat' dir='ltr'><strong>pavimentum,</strong></span> <span class='ocrx_word' id='word_1_426' title='bbox 2107 3105 2153 3170; x_wconf 70' lang='grc' dir='ltr'>ο</span> <span class='ocrx_word' id='word_1_427' title='bbox 2189 3113 2193 3118; x_wconf 65' lang='grc' dir='ltr'>τ</span> <span class='ocrx_word' id='word_1_428' title='bbox 2785 3081 3016 3139; x_wconf 79' lang='lat' dir='ltr'><strong>CAPUT</strong></span> <span class='ocrx_word' id='word_1_429' title='bbox 3046 3082 3164 3140; x_wconf 79' lang='grc' dir='ltr'><strong>ΧΠ.</strong></span> 
     </span>
    </p>
   </div>
   <div class='ocr_carea' id='block_1_60' title="bbox 489 3171 3730 3248">
    <p class='ocr_par' dir='ltr' id='par_1_60' title="bbox 489 3171 3730 3248">
     <span class='ocr_line' id='line_1_60' title="bbox 489 3171 3730 3248; baseline 0 -21"><span class='ocrx_word' id='word_1_430' title='bbox 489 3171 588 3227; x_wconf 87' lang='lat' dir='ltr'><strong>ubi</strong></span> <span class='ocrx_word' id='word_1_431' title='bbox 624 3186 722 3242; x_wconf 78' lang='lat' dir='ltr'><strong>per</strong></span> <span class='ocrx_word' id='word_1_432' title='bbox 749 3171 1020 3228; x_wconf 89' lang='lat' dir='ltr'><strong>visionem</strong></span> <span class='ocrx_word' id='word_1_433' title='bbox 1060 3173 1110 3228; x_wconf 92' lang='lat' dir='ltr'><strong>ei</strong></span> <span class='ocrx_word' id='word_1_434' title='bbox 1158 3182 1532 3230; x_wconf 89' lang='lat' dir='ltr'><strong>monstratum</strong></span> <span class='ocrx_word' id='word_1_435' title='bbox 1564 3173 1763 3242; x_wconf 84' lang='lat' dir='ltr'><strong>fuerat,</strong></span> <span class='ocrx_word' id='word_1_436' title='bbox 1788 3184 1844 3231; x_wconf 90' lang='lat' dir='ltr'><strong>et</strong></span> <span class='ocrx_word' id='word_1_437' title='bbox 1873 3176 2075 3234; x_wconf 90' lang='lat' dir='ltr'><strong>invenit</strong></span> <span class='ocrx_word' id='word_1_438' title='bbox 2253 3175 2408 3232; x_wconf 91' lang='lat' dir='ltr'><strong>Tunc</strong></span> <span class='ocrx_word' id='word_1_439' title='bbox 2428 3175 2629 3232; x_wconf 86' lang='lat' dir='ltr'><strong>clerico</strong></span> <span class='ocrx_word' id='word_1_440' title='bbox 2651 3176 2871 3232; x_wconf 90' lang='lat' dir='ltr'><strong>cuidam</strong></span> <span class='ocrx_word' id='word_1_441' title='bbox 2893 3191 2991 3246; x_wconf 90' lang='lat' dir='ltr'><strong>pro</strong></span> <span class='ocrx_word' id='word_1_442' title='bbox 3018 3177 3216 3232; x_wconf 85' lang='lat' dir='ltr'><strong>timore</strong></span> <span class='ocrx_word' id='word_1_443' title='bbox 3245 3176 3443 3233; x_wconf 89' lang='lat' dir='ltr'><strong>mortis</strong></span> <span class='ocrx_word' id='word_1_444' title='bbox 3467 3174 3730 3248; x_wconf 79' lang='lat' dir='ltr'><strong>aufugie:.tl</strong></span> 
     </span>
    </p>
   </div>
   <div class='ocr_carea' id='block_1_61' title="bbox 483 3264 3732 3339">
    <p class='ocr_par' dir='ltr' id='par_1_61' title="bbox 483 3264 3732 3339">
     <span class='ocr_line' id='line_1_61' title="bbox 483 3264 3732 3339; baseline 0 -17"><span class='ocrx_word' id='word_1_445' title='bbox 483 3265 735 3322; x_wconf 87' lang='lat' dir='ltr'><strong>lanceam</strong></span> <span class='ocrx_word' id='word_1_446' title='bbox 795 3264 1059 3322; x_wconf 69' lang='lat' dir='ltr'><strong>fallaciter</strong></span> <span class='ocrx_word' id='word_1_447' title='bbox 1092 3268 1423 3323; x_wconf 90' lang='lat' dir='ltr'><strong>occultatam</strong></span> <span class='ocrx_word' id='word_1_448' title='bbox 1447 3266 1701 3323; x_wconf 89' lang='lat' dir='ltr'><strong>forsitan.</strong></span> <span class='ocrx_word' id='word_1_449' title='bbox 1733 3266 1885 3324; x_wconf 85' lang='lat' dir='ltr'><strong>Hanc</strong></span> <span class='ocrx_word' id='word_1_450' title='bbox 1905 3267 2078 3324; x_wconf 88' lang='lat' dir='ltr'><strong>visio-</strong></span> <span class='ocrx_word' id='word_1_451' title='bbox 2181 3269 2433 3339; x_wconf 87' lang='lat' dir='ltr'><strong>apparuit</strong></span> <span class='ocrx_word' id='word_1_452' title='bbox 2467 3267 2759 3336; x_wconf 88' lang='lat' dir='ltr'><strong>Dominus,</strong></span> <span class='ocrx_word' id='word_1_453' title='bbox 2790 3267 3048 3338; x_wconf 90' lang='lat' dir='ltr'><strong>inquiens</strong></span> <span class='ocrx_word' id='word_1_454' title='bbox 3091 3284 3105 3320; x_wconf 90' lang='lat'><strong>:</strong></span> <span class='ocrx_word' id='word_1_455' title='bbox 3163 3287 3182 3320; x_wconf 74' lang='grc' dir='ltr'>ι</span> <span class='ocrx_word' id='word_1_456' title='bbox 3232 3265 3375 3335; x_wconf 90' lang='lat' dir='ltr'><strong>Quo,</strong></span> <span class='ocrx_word' id='word_1_457' title='bbox 3409 3268 3586 3335; x_wconf 85' lang='lat' dir='ltr'><strong>frater,</strong></span> <span class='ocrx_word' id='word_1_458' title='bbox 3622 3284 3732 3338; x_wconf 65' lang='lat' dir='ltr'><strong>pr.»-</strong></span> 
     </span>
    </p>
   </div>
   <div class='ocr_carea' id='block_1_62' title="bbox 488 3357 3734 3435">
    <p class='ocr_par' dir='ltr' id='par_1_62' title="bbox 488 3357 3734 3435">
     <span class='ocr_line' id='line_1_62' title="bbox 488 3357 3734 3435; baseline -0.001 -20"><span class='ocrx_word' id='word_1_459' title='bbox 488 3376 615 3416; x_wconf 86' lang='lat' dir='ltr'><strong>ncm</strong></span> <span class='ocrx_word' id='word_1_460' title='bbox 639 3362 941 3432; x_wconf 88' lang='lat' dir='ltr'><strong>propalavit</strong></span> <span class='ocrx_word' id='word_1_461' title='bbox 978 3361 1236 3432; x_wconf 87' lang='lat' dir='ltr'><strong>primitus</strong></span> <span class='ocrx_word' id='word_1_462' title='bbox 1265 3361 1521 3432; x_wconf 89' lang='lat' dir='ltr'><strong>episcopo</strong></span> <span class='ocrx_word' id='word_1_463' title='bbox 1557 3359 1816 3416; x_wconf 89' lang='lat' dir='ltr'><strong>Podiensi</strong></span> <span class='ocrx_word' id='word_1_464' title='bbox 1837 3370 1891 3417; x_wconf 88' lang='lat' dir='ltr'><strong>et</strong></span> <span class='ocrx_word' id='word_1_465' title='bbox 1931 3359 2080 3435; x_wconf 82' lang='lat' dir='ltr'><strong>Ray-</strong></span> <span class='ocrx_word' id='word_1_466' title='bbox 2179 3359 2359 3414; x_wconf 87' lang='lat' dir='ltr'><strong>tendis</strong></span> <span class='ocrx_word' id='word_1_467' title='bbox 2376 3357 2785 3428; x_wconf 81' lang='lat' dir='ltr'><strong>iter?—Fugio,</strong></span> <span class='ocrx_word' id='word_1_468' title='bbox 2808 3357 3182 3428; x_wconf 70' lang='lat' dir='ltr'><strong>irespondit,¢</strong></span> <span class='ocrx_word' id='word_1_469' title='bbox 3204 3375 3272 3414; x_wconf 87' lang='lat' dir='ltr'><strong>ne</strong></span> <span class='ocrx_word' id='word_1_470' title='bbox 3296 3357 3734 3427; x_wconf 68' lang='lat' dir='ltr'><strong>infortunatuspe-</strong></span> 
     </span>
    </p>
   </div>
   <div class='ocr_carea' id='block_1_63' title="bbox 485 3449 3729 3525">
    <p class='ocr_par' dir='ltr' id='par_1_63' title="bbox 485 3449 3729 3525">
     <span class='ocr_line' id='line_1_63' title="bbox 485 3449 3729 3525; baseline -0.003 -15"><span class='ocrx_word' id='word_1_471' title='bbox 485 3455 694 3510; x_wconf 89' lang='lat' dir='ltr'><strong>mundo</strong></span> <span class='ocrx_word' id='word_1_472' title='bbox 733 3455 941 3510; x_wconf 90' lang='lat' dir='ltr'><strong>comiti.</strong></span> <span class='ocrx_word' id='word_1_473' title='bbox 977 3453 1134 3522; x_wconf 84' lang='lat' dir='ltr'><strong>Quod</strong></span> <span class='ocrx_word' id='word_1_474' title='bbox 1179 3464 1359 3511; x_wconf 88' lang='lat' dir='ltr'><strong>tamen</strong></span> <span class='ocrx_word' id='word_1_475' title='bbox 1390 3454 1686 3525; x_wconf 89' lang='lat' dir='ltr'><strong>episcopus</strong></span> <span class='ocrx_word' id='word_1_476' title='bbox 1729 3452 1927 3510; x_wconf 88' lang='lat' dir='ltr'><strong>falsum</strong></span> <span class='ocrx_word' id='word_1_477' title='bbox 1953 3469 2078 3512; x_wconf 86' lang='lat' dir='ltr'><strong>esse</strong></span> <span class='ocrx_word' id='word_1_478' title='bbox 2178 3466 2349 3507; x_wconf 85' lang='lat' dir='ltr'><strong>ream.</strong></span> <span class='ocrx_word' id='word_1_479' title='bbox 2381 3449 2472 3506; x_wconf 90' lang='lat' dir='ltr'><strong>Sic</strong></span> <span class='ocrx_word' id='word_1_480' title='bbox 2493 3449 2712 3523; x_wconf 89' lang='lat' dir='ltr'><strong>fugiunt</strong></span> <span class='ocrx_word' id='word_1_481' title='bbox 2728 3450 3239 3520; x_wconf 88' lang='lat' dir='ltr'><strong>multi,pereantne</strong></span> <span class='ocrx_word' id='word_1_482' title='bbox 3263 3467 3442 3506; x_wconf 58' lang='lat' dir='ltr'><strong>morte</strong></span> <span class='ocrx_word' id='word_1_483' title='bbox 3469 3450 3729 3522; x_wconf 56' lang='lat' dir='ltr'><strong>maligna.</strong></span> 
     </span>
    </p>
   </div>
   <div class='ocr_carea' id='block_1_64' title="bbox 2120 1754 2163 1814">
    <p class='ocr_par' dir='ltr' id='par_1_64' title="bbox 2120 1754 2163 1814">
     <span class='ocr_line' id='line_1_64' title="bbox 2120 1754 2163 1814; baseline 0 0"><span class='ocrx_word' id='word_1_484' title='bbox 2120 1754 2163 1814; x_wconf 85' lang='grc' dir='ltr'><strong><em>Β</em></strong></span> 
     </span>
    </p>
   </div>
   <div class='ocr_carea' id='block_1_65' title="bbox 488 3543 2078 3616">
    <p class='ocr_par' dir='ltr' id='par_1_65' title="bbox 488 3543 2078 3616">
     <span class='ocr_line' id='line_1_65' title="bbox 488 3543 2078 3616; baseline 0.001 -18"><span class='ocrx_word' id='word_1_485' title='bbox 488 3545 719 3613; x_wconf 85' lang='lat' dir='ltr'><strong>putavit,</strong></span> <span class='ocrx_word' id='word_1_486' title='bbox 741 3559 925 3603; x_wconf 90' lang='lat' dir='ltr'><strong>comes</strong></span> <span class='ocrx_word' id='word_1_487' title='bbox 952 3561 1082 3601; x_wconf 88' lang='lat' dir='ltr'><strong>vero</strong></span> <span class='ocrx_word' id='word_1_488' title='bbox 1120 3543 1480 3616; x_wconf 84' lang='lat' dir='ltr'><strong>Raymundus</strong></span> <span class='ocrx_word' id='word_1_489' title='bbox 1507 3559 1698 3600; x_wconf 88' lang='lat' dir='ltr'><strong>verum</strong></span> <span class='ocrx_word' id='word_1_490' title='bbox 1735 3559 1858 3600; x_wconf 90' lang='lat' dir='ltr'><strong>esse</strong></span> <span class='ocrx_word' id='word_1_491' title='bbox 1889 3560 2078 3616; x_wconf 88' lang='lat' dir='ltr'><strong>spera-</strong></span> 
     </span>
    </p>
   </div>
   <div class='ocr_carea' id='block_1_66' title="bbox 485 3635 2073 3708">
    <p class='ocr_par' dir='ltr' id='par_1_66' title="bbox 485 3635 2073 3708">
     <span class='ocr_line' id='line_1_66' title="bbox 485 3635 2073 3708; baseline 0.003 -19"><span class='ocrx_word' id='word_1_492' title='bbox 485 3637 582 3690; x_wconf 88' lang='lat' dir='ltr'><strong>vit.</strong></span> <span class='ocrx_word' id='word_1_493' title='bbox 611 3635 717 3692; x_wconf 89' lang='lat' dir='ltr'><strong>Sed</strong></span> <span class='ocrx_word' id='word_1_494' title='bbox 751 3653 876 3692; x_wconf 90' lang='lat' dir='ltr'><strong>cum</strong></span> <span class='ocrx_word' id='word_1_495' title='bbox 905 3637 985 3692; x_wconf 92' lang='lat' dir='ltr'><strong>sic</strong></span> <span class='ocrx_word' id='word_1_496' title='bbox 1015 3646 1226 3707; x_wconf 90' lang='lat' dir='ltr'><strong>reperta</strong></span> <span class='ocrx_word' id='word_1_497' title='bbox 1264 3635 1477 3704; x_wconf 88' lang='lat' dir='ltr'><strong>fuisset,</strong></span> <span class='ocrx_word' id='word_1_498' title='bbox 1523 3645 1578 3692; x_wconf 92' lang='lat' dir='ltr'><strong>et</strong></span> <span class='ocrx_word' id='word_1_499' title='bbox 1625 3636 1808 3692; x_wconf 92' lang='lat' dir='ltr'><strong>omnis</strong></span> <span class='ocrx_word' id='word_1_500' title='bbox 1836 3636 2073 3708; x_wconf 87' lang='lat' dir='ltr'><strong>populus</strong></span> 
     </span>
    </p>
   </div>
   <div class='ocr_carea' id='block_1_67' title="bbox 488 3727 2073 3802">
    <p class='ocr_par' dir='ltr' id='par_1_67' title="bbox 488 3727 2073 3802">
     <span class='ocr_line' id='line_1_67' title="bbox 488 3727 2073 3802; baseline 0.003 -22"><span class='ocrx_word' id='word_1_501' title='bbox 488 3727 656 3783; x_wconf 89' lang='lat' dir='ltr'><strong>Deum</strong></span> <span class='ocrx_word' id='word_1_502' title='bbox 697 3728 978 3785; x_wconf 84' lang='lat' dir='ltr'><strong>exsultans</strong></span> <span class='ocrx_word' id='word_1_503' title='bbox 1017 3729 1412 3802; x_wconf 81' lang='lat' dir='ltr'><strong>glorificasset,</strong></span> <span class='ocrx_word' id='word_1_504' title='bbox 1466 3739 1521 3785; x_wconf 91' lang='lat' dir='ltr'><strong>et</strong></span> <span class='ocrx_word' id='word_1_505' title='bbox 1550 3745 1645 3801; x_wconf 91' lang='lat' dir='ltr'><strong>per</strong></span> <span class='ocrx_word' id='word_1_506' title='bbox 1687 3739 1907 3786; x_wconf 90' lang='lat' dir='ltr'><strong>centum</strong></span> <span class='ocrx_word' id='word_1_507' title='bbox 1956 3729 2073 3800; x_wconf 83' lang='lat' dir='ltr'><strong>jam</strong></span> 
     </span>
    </p>
   </div>
   <div class='ocr_carea' id='block_1_68' title="bbox 484 3817 2073 3892">
    <p class='ocr_par' dir='ltr' id='par_1_68' title="bbox 484 3817 2073 3892">
     <span class='ocr_line' id='line_1_68' title="bbox 484 3817 2073 3892; baseline 0.001 -20"><span class='ocrx_word' id='word_1_508' title='bbox 484 3817 600 3874; x_wconf 85' lang='lat' dir='ltr'><strong>fere</strong></span> <span class='ocrx_word' id='word_1_509' title='bbox 625 3818 740 3874; x_wconf 90' lang='lat' dir='ltr'><strong>dies</strong></span> <span class='ocrx_word' id='word_1_510' title='bbox 769 3819 838 3874; x_wconf 91' lang='lat' dir='ltr'><strong>ab</strong></span> <span class='ocrx_word' id='word_1_511' title='bbox 862 3819 1120 3873; x_wconf 88' lang='lat' dir='ltr'><strong>omnibus</strong></span> <span class='ocrx_word' id='word_1_512' title='bbox 1145 3819 1198 3873; x_wconf 89' lang='lat' dir='ltr'><strong>in</strong></span> <span class='ocrx_word' id='word_1_513' title='bbox 1223 3819 1572 3875; x_wconf 88' lang='lat' dir='ltr'><strong>veneratione</strong></span> <span class='ocrx_word' id='word_1_514' title='bbox 1609 3835 1806 3892; x_wconf 87' lang='lat' dir='ltr'><strong>magna</strong></span> <span class='ocrx_word' id='word_1_515' title='bbox 1837 3819 2073 3875; x_wconf 76' lang='lat' dir='ltr'><strong>habere«</strong></span> 
     </span>
    </p>
   </div>
   <div class='ocr_carea' id='block_1_69' title="bbox 483 3911 2071 3986">
    <p class='ocr_par' dir='ltr' id='par_1_69' title="bbox 483 3911 2071 3986">
     <span class='ocr_line' id='line_1_69' title="bbox 483 3911 2071 3986; baseline 0.003 -22"><span class='ocrx_word' id='word_1_516' title='bbox 483 3920 594 3978; x_wconf 90' lang='lat' dir='ltr'><strong>tur,</strong></span> <span class='ocrx_word' id='word_1_517' title='bbox 624 3920 678 3967; x_wconf 92' lang='lat' dir='ltr'><strong>et</strong></span> <span class='ocrx_word' id='word_1_518' title='bbox 702 3926 733 3967; x_wconf 87' lang='lat' dir='ltr'><strong>a</strong></span> <span class='ocrx_word' id='word_1_519' title='bbox 761 3913 961 3968; x_wconf 86' lang='lat' dir='ltr'><strong>comite</strong></span> <span class='ocrx_word' id='word_1_520' title='bbox 987 3911 1312 3984; x_wconf 81' lang='lat' dir='ltr'><strong>Raymundo</strong></span> <span class='ocrx_word' id='word_1_521' title='bbox 1338 3913 1573 3986; x_wconf 84' lang='lat' dir='ltr'><strong>gloriose</strong></span> <span class='ocrx_word' id='word_1_522' title='bbox 1604 3923 1949 3982; x_wconf 89' lang='lat' dir='ltr'><strong>tractaretur;</strong></span> <span class='ocrx_word' id='word_1_523' title='bbox 1973 3913 2071 3984; x_wconf 91' lang='lat' dir='ltr'><strong>qui</strong></span> 
     </span>
    </p>
   </div>
   <div class='ocr_carea' id='block_1_70' title="bbox 482 4003 2068 4074">
    <p class='ocr_par' dir='ltr' id='par_1_70' title="bbox 482 4003 2068 4074">
     <span class='ocr_line' id='line_1_70' title="bbox 482 4003 2068 4074; baseline 0.002 -17"><span class='ocrx_word' id='word_1_524' title='bbox 482 4003 649 4057; x_wconf 87' lang='lat' dir='ltr'><strong>etiam</strong></span> <span class='ocrx_word' id='word_1_525' title='bbox 683 4003 1014 4059; x_wconf 86' lang='lat' dir='ltr'><strong>oblationem</strong></span> <span class='ocrx_word' id='word_1_526' title='bbox 1044 4019 1076 4058; x_wconf 91' lang='lat' dir='ltr'><strong>a</strong></span> <span class='ocrx_word' id='word_1_527' title='bbox 1121 4004 1326 4074; x_wconf 88' lang='lat' dir='ltr'><strong>populo</strong></span> <span class='ocrx_word' id='word_1_528' title='bbox 1365 4004 1434 4060; x_wconf 89' lang='lat' dir='ltr'><strong>ad</strong></span> <span class='ocrx_word' id='word_1_529' title='bbox 1465 4005 1712 4062; x_wconf 90' lang='lat' dir='ltr'><strong>lanceam</strong></span> <span class='ocrx_word' id='word_1_530' title='bbox 1753 4006 1946 4061; x_wconf 86' lang='lat' dir='ltr'><strong>devote</strong></span> <span class='ocrx_word' id='word_1_531' title='bbox 1986 4004 2068 4060; x_wconf 89' lang='lat' dir='ltr'><strong>fa-</strong></span> 
     </span>
    </p>
   </div>
   <div class='ocr_carea' id='block_1_71' title="bbox 483 4097 2065 4169">
    <p class='ocr_par' dir='ltr' id='par_1_71' title="bbox 483 4097 2065 4169">
     <span class='ocr_line' id='line_1_71' title="bbox 483 4097 2065 4169; baseline 0.001 -18"><span class='ocrx_word' id='word_1_532' title='bbox 483 4105 628 4151; x_wconf 87' lang='lat' dir='ltr'><strong>ctam</strong></span> <span class='ocrx_word' id='word_1_533' title='bbox 657 4097 841 4168; x_wconf 81' lang='lat' dir='ltr'><strong>egenis</strong></span> <span class='ocrx_word' id='word_1_534' title='bbox 870 4112 1012 4167; x_wconf 75' lang='lat' dir='ltr'><strong>szepe</strong></span> <span class='ocrx_word' id='word_1_535' title='bbox 1041 4097 1434 4166; x_wconf 89' lang='lat' dir='ltr'><strong>distribuerat,</strong></span> <span class='ocrx_word' id='word_1_536' title='bbox 1465 4098 1596 4169; x_wconf 90' lang='lat' dir='ltr'><strong>quia</strong></span> <span class='ocrx_word' id='word_1_537' title='bbox 1630 4099 1878 4154; x_wconf 87' lang='lat' dir='ltr'><strong>lanceam</strong></span> <span class='ocrx_word' id='word_1_538' title='bbox 1914 4097 2065 4153; x_wconf 90' lang='lat' dir='ltr'><strong>illam</strong></span> 
     </span>
    </p>
   </div>
   <div class='ocr_carea' id='block_1_72' title="bbox 484 4188 2065 4262">
    <p class='ocr_par' dir='ltr' id='par_1_72' title="bbox 484 4188 2065 4262">
     <span class='ocr_line' id='line_1_72' title="bbox 484 4188 2065 4262; baseline 0.004 -19"><span class='ocrx_word' id='word_1_539' title='bbox 484 4189 841 4256; x_wconf 87' lang='lat' dir='ltr'><strong>custodiebat,</strong></span> <span class='ocrx_word' id='word_1_540' title='bbox 866 4188 1006 4244; x_wconf 92' lang='lat' dir='ltr'><strong>forte</strong></span> <span class='ocrx_word' id='word_1_541' title='bbox 1039 4191 1267 4262; x_wconf 82' lang='lat' dir='ltr'><strong>contigit</strong></span> <span class='ocrx_word' id='word_1_542' title='bbox 1289 4191 1611 4262; x_wconf 88' lang='lat' dir='ltr'><strong>episcopum</strong></span> <span class='ocrx_word' id='word_1_543' title='bbox 1642 4190 1816 4258; x_wconf 70' lang='lat' dir='ltr'><strong>Bai-aa,</strong></span> <span class='ocrx_word' id='word_1_544' title='bbox 1844 4199 1899 4246; x_wconf 92' lang='lat' dir='ltr'><strong>et</strong></span> <span class='ocrx_word' id='word_1_545' title='bbox 1926 4191 2065 4250; x_wconf 88' lang='lat' dir='ltr'><strong>alios</strong></span> 
     </span>
    </p>
   </div>
   <div class='ocr_carea' id='block_1_73' title="bbox 480 4281 2064 4353">
    <p class='ocr_par' dir='ltr' id='par_1_73' title="bbox 480 4281 2064 4353">
     <span class='ocr_line' id='line_1_73' title="bbox 480 4281 2064 4353; baseline 0.004 -20"><span class='ocrx_word' id='word_1_546' title='bbox 480 4281 936 4351; x_wconf 82' lang='lat' dir='ltr'><strong>quamplurimos,</strong></span> <span class='ocrx_word' id='word_1_547' title='bbox 972 4291 1083 4336; x_wconf 90' lang='lat' dir='ltr'><strong>tam</strong></span> <span class='ocrx_word' id='word_1_548' title='bbox 1111 4283 1342 4339; x_wconf 88' lang='lat' dir='ltr'><strong>clericos</strong></span> <span class='ocrx_word' id='word_1_549' title='bbox 1382 4299 1550 4353; x_wconf 88' lang='lat' dir='ltr'><strong>quam</strong></span> <span class='ocrx_word' id='word_1_550' title='bbox 1576 4283 1776 4350; x_wconf 90' lang='lat' dir='ltr'><strong>laicos,</strong></span> <span class='ocrx_word' id='word_1_551' title='bbox 1806 4283 2064 4340; x_wconf 67' lang='lat' dir='ltr'><strong>haesitare</strong></span> 
     </span>
    </p>
   </div>
   <div class='ocr_carea' id='block_1_74' title="bbox 480 4377 2056 4446">
    <p class='ocr_par' dir='ltr' id='par_1_74' title="bbox 480 4377 2056 4446">
     <span class='ocr_line' id='line_1_74' title="bbox 480 4377 2056 4446; baseline 0.002 -17"><span class='ocrx_word' id='word_1_552' title='bbox 480 4377 624 4446; x_wconf 86' lang='lat' dir='ltr'><strong>quod</strong></span> <span class='ocrx_word' id='word_1_553' title='bbox 647 4393 753 4430; x_wconf 91' lang='lat' dir='ltr'><strong>non</strong></span> <span class='ocrx_word' id='word_1_554' title='bbox 779 4385 924 4432; x_wconf 86' lang='lat' dir='ltr'><strong>esset</strong></span> <span class='ocrx_word' id='word_1_555' title='bbox 953 4377 1039 4431; x_wconf 88' lang='lat' dir='ltr'><strong>illa</strong></span> <span class='ocrx_word' id='word_1_556' title='bbox 1091 4377 1370 4431; x_wconf 87' lang='lat' dir='ltr'><strong>Dominica</strong></span> <span class='ocrx_word' id='word_1_557' title='bbox 1407 4378 1595 4431; x_wconf 82' lang='lat' dir='ltr'><strong>lancea</strong></span> <span class='ocrx_word' id='word_1_558' title='bbox 1631 4391 1754 4446; x_wconf 70' lang='lat' dir='ltr'><strong>quae</strong></span> <span class='ocrx_word' id='word_1_559' title='bbox 1801 4377 2056 4446; x_wconf 86' lang='lat' dir='ltr'><strong>speraba-</strong></span> 
     </span>
    </p>
   </div>
   <div class='ocr_carea' id='block_1_75' title="bbox 2176 3539 3734 3614">
    <p class='ocr_par' dir='ltr' id='par_1_75' title="bbox 2176 3539 3734 3614">
     <span class='ocr_line' id='line_1_75' title="bbox 2176 3539 3734 3614; baseline -0.003 -15"><span class='ocrx_word' id='word_1_560' title='bbox 2176 3541 2278 3599; x_wconf 89' lang='lat' dir='ltr'><strong>Cui</strong></span> <span class='ocrx_word' id='word_1_561' title='bbox 2309 3541 2578 3598; x_wconf 92' lang='lat' dir='ltr'><strong>Dominus</strong></span> <span class='ocrx_word' id='word_1_562' title='bbox 2607 3542 2684 3596; x_wconf 89' lang='lat' dir='ltr'><strong>ait</strong></span> <span class='ocrx_word' id='word_1_563' title='bbox 2713 3558 2726 3596; x_wconf 88' lang='lat'><strong>:</strong></span> <span class='ocrx_word' id='word_1_564' title='bbox 2763 3560 2782 3594; x_wconf 74' lang='grc' dir='ltr'><strong><em>ι</em></strong></span> <span class='ocrx_word' id='word_1_565' title='bbox 2820 3539 2897 3597; x_wconf 87' lang='lat' dir='ltr'><strong>Ne</strong></span> <span class='ocrx_word' id='word_1_566' title='bbox 2925 3540 3127 3614; x_wconf 84' lang='lat' dir='ltr'><strong>fugias,</strong></span> <span class='ocrx_word' id='word_1_567' title='bbox 3145 3541 3238 3596; x_wconf 91' lang='lat' dir='ltr'><strong>sed</strong></span> <span class='ocrx_word' id='word_1_568' title='bbox 3255 3541 3389 3597; x_wconf 87' lang='lat' dir='ltr'><strong>vade</strong></span> <span class='ocrx_word' id='word_1_569' title='bbox 3407 3551 3568 3607; x_wconf 88' lang='lat' dir='ltr'><strong>retro,</strong></span> <span class='ocrx_word' id='word_1_570' title='bbox 3593 3551 3642 3595; x_wconf 72' lang='lat' dir='ltr'><strong>et</strong></span> <span class='ocrx_word' id='word_1_571' title='bbox 3661 3542 3734 3594; x_wconf 83' lang='lat' dir='ltr'><strong>dic.</strong></span> 
     </span>
    </p>
   </div>
   <div class='ocr_carea' id='block_1_76' title="bbox 2175 3632 3736 3706">
    <p class='ocr_par' dir='ltr' id='par_1_76' title="bbox 2175 3632 3736 3706">
     <span class='ocr_line' id='line_1_76' title="bbox 2175 3632 3736 3706; baseline -0.002 -16"><span class='ocrx_word' id='word_1_572' title='bbox 2175 3635 2389 3690; x_wconf 66' lang='lat' dir='ltr'><strong>caeteris</strong></span> <span class='ocrx_word' id='word_1_573' title='bbox 2416 3634 2565 3706; x_wconf 84' lang='lat' dir='ltr'><strong>quod</strong></span> <span class='ocrx_word' id='word_1_574' title='bbox 2596 3634 2652 3689; x_wconf 94' lang='lat' dir='ltr'><strong>in</strong></span> <span class='ocrx_word' id='word_1_575' title='bbox 2677 3634 2868 3706; x_wconf 72' lang='lat' dir='ltr'><strong>praelia</strong></span> <span class='ocrx_word' id='word_1_576' title='bbox 2889 3649 3016 3689; x_wconf 90' lang='lat' dir='ltr'><strong>cum</strong></span> <span class='ocrx_word' id='word_1_577' title='bbox 3039 3634 3148 3690; x_wconf 85' lang='lat' dir='ltr'><strong>illis</strong></span> <span class='ocrx_word' id='word_1_578' title='bbox 3181 3633 3372 3690; x_wconf 90' lang='lat' dir='ltr'><strong>adero.</strong></span> <span class='ocrx_word' id='word_1_579' title='bbox 3407 3632 3537 3688; x_wconf 84' lang='lat' dir='ltr'><strong>Nam</strong></span> <span class='ocrx_word' id='word_1_580' title='bbox 3567 3633 3736 3687; x_wconf 85' lang='lat' dir='ltr'><strong>matris</strong></span> 
     </span>
    </p>
   </div>
   <div class='ocr_carea' id='block_1_77' title="bbox 2174 3727 3736 3802">
    <p class='ocr_par' dir='ltr' id='par_1_77' title="bbox 2174 3727 3736 3802">
     <span class='ocr_line' id='line_1_77' title="bbox 2174 3727 3736 3802; baseline -0.004 -16"><span class='ocrx_word' id='word_1_581' title='bbox 2174 3745 2312 3786; x_wconf 63' lang='lat' dir='ltr'><strong>mea:</strong></span> <span class='ocrx_word' id='word_1_582' title='bbox 2344 3729 2592 3800; x_wconf 89' lang='lat' dir='ltr'><strong>placatus</strong></span> <span class='ocrx_word' id='word_1_583' title='bbox 2640 3730 2896 3802; x_wconf 88' lang='lat' dir='ltr'><strong>precibus</strong></span> <span class='ocrx_word' id='word_1_584' title='bbox 2918 3771 2935 3797; x_wconf 92' lang='lat'><strong>,</strong></span> <span class='ocrx_word' id='word_1_585' title='bbox 2989 3730 3335 3800; x_wconf 90' lang='lat' dir='ltr'><strong>propitiabor</strong></span> <span class='ocrx_word' id='word_1_586' title='bbox 3362 3729 3466 3785; x_wconf 91' lang='lat' dir='ltr'><strong>eis.</strong></span> <span class='ocrx_word' id='word_1_587' title='bbox 3499 3728 3602 3784; x_wconf 87' lang='lat' dir='ltr'><strong>Sed</strong></span> <span class='ocrx_word' id='word_1_588' title='bbox 3627 3727 3736 3799; x_wconf 84' lang='lat' dir='ltr'><strong>quia</strong></span> 
     </span>
    </p>
   </div>
   <div class='ocr_carea' id='block_1_78' title="bbox 2173 3819 3737 3893">
    <p class='ocr_par' dir='ltr' id='par_1_78' title="bbox 2173 3819 3737 3893">
     <span class='ocr_line' id='line_1_78' title="bbox 2173 3819 3737 3893; baseline -0.003 -17"><span class='ocrx_word' id='word_1_589' title='bbox 2173 3830 2558 3893; x_wconf 85' lang='lat' dir='ltr'><strong>peccaverunt,</strong></span> <span class='ocrx_word' id='word_1_590' title='bbox 2587 3819 2701 3877; x_wconf 91' lang='lat' dir='ltr'><strong>fere</strong></span> <span class='ocrx_word' id='word_1_591' title='bbox 2735 3821 3036 3892; x_wconf 90' lang='lat' dir='ltr'><strong>perierunt.</strong></span> <span class='ocrx_word' id='word_1_592' title='bbox 3073 3821 3158 3876; x_wconf 87' lang='lat' dir='ltr'><strong>Sit</strong></span> <span class='ocrx_word' id='word_1_593' title='bbox 3187 3830 3372 3877; x_wconf 90' lang='lat' dir='ltr'><strong>autem</strong></span> <span class='ocrx_word' id='word_1_594' title='bbox 3418 3837 3544 3893; x_wconf 82' lang='lat' dir='ltr'><strong>spes</strong></span> <span class='ocrx_word' id='word_1_595' title='bbox 3565 3833 3737 3875; x_wconf 82' lang='lat' dir='ltr'><strong>eorum</strong></span> 
     </span>
    </p>
   </div>
   <div class='ocr_carea' id='block_1_79' title="bbox 2168 3911 3737 3986">
    <p class='ocr_par' dir='ltr' id='par_1_79' title="bbox 2168 3911 3737 3986">
     <span class='ocr_line' id='line_1_79' title="bbox 2168 3911 3737 3986; baseline -0.003 -18"><span class='ocrx_word' id='word_1_596' title='bbox 2168 3914 2228 3969; x_wconf 89' lang='lat' dir='ltr'><strong>in</strong></span> <span class='ocrx_word' id='word_1_597' title='bbox 2259 3930 2346 3970; x_wconf 91' lang='lat' dir='ltr'><strong>me</strong></span> <span class='ocrx_word' id='word_1_598' title='bbox 2368 3912 2547 3981; x_wconf 89' lang='lat' dir='ltr'><strong>firma,</strong></span> <span class='ocrx_word' id='word_1_599' title='bbox 2592 3922 2647 3969; x_wconf 90' lang='lat' dir='ltr'><strong>et</strong></span> <span class='ocrx_word' id='word_1_600' title='bbox 2676 3911 2876 3968; x_wconf 89' lang='lat' dir='ltr'><strong>faciam</strong></span> <span class='ocrx_word' id='word_1_601' title='bbox 2924 3927 3020 3969; x_wconf 91' lang='lat' dir='ltr'><strong>eos</strong></span> <span class='ocrx_word' id='word_1_602' title='bbox 3053 3913 3109 3968; x_wconf 92' lang='lat' dir='ltr'><strong>in</strong></span> <span class='ocrx_word' id='word_1_603' title='bbox 3138 3911 3352 3970; x_wconf 88' lang='lat' dir='ltr'><strong>Turcos</strong></span> <span class='ocrx_word' id='word_1_604' title='bbox 3403 3914 3737 3986; x_wconf 65' lang='lat' dir='ltr'><strong>triumphans.</strong></span> 
     </span>
    </p>
   </div>
   <div class='ocr_carea' id='block_1_80' title="bbox 2170 4004 3738 4077">
    <p class='ocr_par' dir='ltr' id='par_1_80' title="bbox 2170 4004 3738 4077">
     <span class='ocr_line' id='line_1_80' title="bbox 2170 4004 3738 4077; baseline -0.004 -15"><span class='ocrx_word' id='word_1_605' title='bbox 2170 4006 2496 4075; x_wconf 69' lang='lat' dir='ltr'><strong>Paeniteant,</strong></span> <span class='ocrx_word' id='word_1_606' title='bbox 2527 4014 2582 4062; x_wconf 88' lang='lat' dir='ltr'><strong>et</strong></span> <span class='ocrx_word' id='word_1_607' title='bbox 2609 4005 2745 4062; x_wconf 87' lang='lat' dir='ltr'><strong>salvi</strong></span> <span class='ocrx_word' id='word_1_608' title='bbox 2780 4005 2930 4062; x_wconf 85' lang='lat' dir='ltr'><strong>fient.</strong></span> <span class='ocrx_word' id='word_1_609' title='bbox 2969 4004 3240 4062; x_wconf 87' lang='lat' dir='ltr'><strong>Dominus</strong></span> <span class='ocrx_word' id='word_1_610' title='bbox 3270 4021 3420 4072; x_wconf 89' lang='lat' dir='ltr'><strong>sum,</strong></span> <span class='ocrx_word' id='word_1_611' title='bbox 3442 4007 3534 4077; x_wconf 89' lang='lat' dir='ltr'><strong>qui</strong></span> <span class='ocrx_word' id='word_1_612' title='bbox 3565 4007 3738 4075; x_wconf 80' lang='lat' dir='ltr'><strong>loquor</strong></span> 
     </span>
    </p>
   </div>
   <div class='ocr_carea' id='block_1_81' title="bbox 2170 4095 3739 4168">
    <p class='ocr_par' dir='ltr' id='par_1_81' title="bbox 2170 4095 3739 4168">
     <span class='ocr_line' id='line_1_81' title="bbox 2170 4095 3739 4168; baseline -0.004 -13"><span class='ocrx_word' id='word_1_613' title='bbox 2170 4107 2374 4156; x_wconf 88' lang='lat' dir='ltr'><strong>tecum.</strong></span> <span class='ocrx_word' id='word_1_614' title='bbox 2411 4117 2430 4151; x_wconf 74' lang='grc' dir='ltr'><strong><em>ι</em></strong></span> <span class='ocrx_word' id='word_1_615' title='bbox 2462 4095 2588 4154; x_wconf 81' lang='lat' dir='ltr'><strong>Mox</strong></span> <span class='ocrx_word' id='word_1_616' title='bbox 2617 4097 2709 4153; x_wconf 91' lang='lat' dir='ltr'><strong>ille</strong></span> <span class='ocrx_word' id='word_1_617' title='bbox 2747 4112 3036 4166; x_wconf 89' lang='lat' dir='ltr'><strong>reversus,</strong></span> <span class='ocrx_word' id='word_1_618' title='bbox 3093 4098 3243 4168; x_wconf 89' lang='lat' dir='ltr'><strong>quod</strong></span> <span class='ocrx_word' id='word_1_619' title='bbox 3284 4099 3446 4155; x_wconf 87' lang='lat' dir='ltr'><strong>scivit</strong></span> <span class='ocrx_word' id='word_1_620' title='bbox 3491 4099 3739 4154; x_wconf 86' lang='lat' dir='ltr'><strong>narravit.</strong></span> 
     </span>
    </p>
   </div>
   <div class='ocr_carea' id='block_1_82' title="bbox 2751 4187 3150 4248">
    <p class='ocr_par' dir='ltr' id='par_1_82' title="bbox 2751 4187 3150 4248">
     <span class='ocr_line' id='line_1_82' title="bbox 2751 4187 3150 4248; baseline 0.008 -3"><span class='ocrx_word' id='word_1_621' title='bbox 2751 4187 2984 4246; x_wconf 80' lang='lat' dir='ltr'><strong>CAPUT</strong></span> <span class='ocrx_word' id='word_1_622' title='bbox 3010 4189 3150 4248; x_wconf 81' lang='lat' dir='ltr'><strong>XIII.</strong></span> 
     </span>
    </p>
   </div>
   <div class='ocr_carea' id='block_1_83' title="bbox 2239 4280 3744 4355">
    <p class='ocr_par' dir='ltr' id='par_1_83' title="bbox 2239 4280 3744 4355">
     <span class='ocr_line' id='line_1_83' title="bbox 2239 4280 3744 4355; baseline -0.002 -19"><span class='ocrx_word' id='word_1_623' title='bbox 2239 4280 2449 4337; x_wconf 87' lang='lat' dir='ltr'><strong>Interea</strong></span> <span class='ocrx_word' id='word_1_624' title='bbox 2485 4281 2616 4338; x_wconf 92' lang='lat' dir='ltr'><strong>dum</strong></span> <span class='ocrx_word' id='word_1_625' title='bbox 2659 4282 2846 4352; x_wconf 90' lang='lat' dir='ltr'><strong>plures</strong></span> <span class='ocrx_word' id='word_1_626' title='bbox 2870 4291 3038 4338; x_wconf 91' lang='lat' dir='ltr'><strong>noctu</strong></span> <span class='ocrx_word' id='word_1_627' title='bbox 3092 4299 3190 4355; x_wconf 90' lang='lat' dir='ltr'><strong>per</strong></span> <span class='ocrx_word' id='word_1_628' title='bbox 3219 4283 3457 4340; x_wconf 87' lang='lat' dir='ltr'><strong>chordas</strong></span> <span class='ocrx_word' id='word_1_629' title='bbox 3490 4283 3560 4338; x_wconf 91' lang='lat' dir='ltr'><strong>de</strong></span> <span class='ocrx_word' id='word_1_630' title='bbox 3600 4295 3744 4338; x_wconf 90' lang='lat' dir='ltr'><strong>muro</strong></span> 
     </span>
    </p>
   </div>
   <div class='ocr_carea' id='block_1_84' title="bbox 2167 4373 3745 4447">
    <p class='ocr_par' dir='ltr' id='par_1_84' title="bbox 2167 4373 3745 4447">
     <span class='ocr_line' id='line_1_84' title="bbox 2167 4373 3745 4447; baseline -0.003 -16"><span class='ocrx_word' id='word_1_631' title='bbox 2167 4375 2497 4432; x_wconf 75' lang='lat' dir='ltr'><strong>descendere</strong></span> <span class='ocrx_word' id='word_1_632' title='bbox 2521 4375 2804 4443; x_wconf 88' lang='lat' dir='ltr'><strong>volebant,</strong></span> <span class='ocrx_word' id='word_1_633' title='bbox 2857 4383 2913 4430; x_wconf 92' lang='lat' dir='ltr'><strong>et</strong></span> <span class='ocrx_word' id='word_1_634' title='bbox 2959 4374 3170 4447; x_wconf 85' lang='lat' dir='ltr'><strong>fugere,</strong></span> <span class='ocrx_word' id='word_1_635' title='bbox 3217 4378 3481 4447; x_wconf 88' lang='lat' dir='ltr'><strong>quoniam</strong></span> <span class='ocrx_word' id='word_1_636' title='bbox 3535 4373 3745 4444; x_wconf 81' lang='lat' dir='ltr'><strong>contigit</strong></span> 
     </span>
    </p>
   </div>
   <div class='ocr_carea' id='block_1_85' title="bbox 478 4461 3745 4538">
    <p class='ocr_par' dir='ltr' id='par_1_85' title="bbox 478 4461 3745 4538">
     <span class='ocr_line' id='line_1_85' title="bbox 478 4461 3745 4538; baseline 0.001 -14"><span class='ocrx_word' id='word_1_637' title='bbox 478 4481 591 4537; x_wconf 92' lang='lat' dir='ltr'><strong>tur,</strong></span> <span class='ocrx_word' id='word_1_638' title='bbox 629 4473 720 4526; x_wconf 86' lang='lat' dir='ltr'><strong>sed</strong></span> <span class='ocrx_word' id='word_1_639' title='bbox 748 4473 915 4527; x_wconf 89' lang='lat' dir='ltr'><strong>altera</strong></span> <span class='ocrx_word' id='word_1_640' title='bbox 949 4481 1068 4527; x_wconf 89' lang='lat' dir='ltr'><strong>erat</strong></span> <span class='ocrx_word' id='word_1_641' title='bbox 1102 4471 1170 4526; x_wconf 88' lang='lat' dir='ltr'><strong>ab</strong></span> <span class='ocrx_word' id='word_1_642' title='bbox 1200 4471 1422 4526; x_wconf 88' lang='lat' dir='ltr'><strong>homine</strong></span> <span class='ocrx_word' id='word_1_643' title='bbox 1467 4469 1561 4523; x_wconf 89' lang='lat' dir='ltr'><strong>illo</strong></span> <span class='ocrx_word' id='word_1_644' title='bbox 1597 4469 1796 4524; x_wconf 88' lang='lat' dir='ltr'><strong>stolido</strong></span> <span class='ocrx_word' id='word_1_645' title='bbox 1838 4468 2062 4526; x_wconf 87' lang='lat' dir='ltr'><strong>fraudu-</strong></span> <span class='ocrx_word' id='word_1_646' title='bbox 2096 4461 2138 4516; x_wconf 86' lang='lat' dir='ltr'><strong>D</strong></span> <span class='ocrx_word' id='word_1_647' title='bbox 2166 4468 2351 4524; x_wconf 87' lang='lat' dir='ltr'><strong>multis</strong></span> <span class='ocrx_word' id='word_1_648' title='bbox 2383 4468 2486 4523; x_wconf 87' lang='lat' dir='ltr'><strong>hoc</strong></span> <span class='ocrx_word' id='word_1_649' title='bbox 2512 4466 2652 4534; x_wconf 89' lang='lat' dir='ltr'><strong>fieri,</strong></span> <span class='ocrx_word' id='word_1_650' title='bbox 2677 4467 2773 4538; x_wconf 90' lang='lat' dir='ltr'><strong>qui</strong></span> <span class='ocrx_word' id='word_1_651' title='bbox 2806 4465 3284 4524; x_wconf 89' lang='lat' dir='ltr'><strong>formidabantvel</strong></span> <span class='ocrx_word' id='word_1_652' title='bbox 3318 4469 3499 4525; x_wconf 89' lang='lat' dir='ltr'><strong>inedia</strong></span> <span class='ocrx_word' id='word_1_653' title='bbox 3532 4469 3619 4524; x_wconf 91' lang='lat' dir='ltr'><strong>vel</strong></span> <span class='ocrx_word' id='word_1_654' title='bbox 3642 4467 3745 4538; x_wconf 74' lang='lat' dir='ltr'><strong>gla-</strong></span> 
     </span>
    </p>
   </div>
   <div class='ocr_carea' id='block_1_86' title="bbox 478 4559 3747 4634">
    <p class='ocr_par' dir='ltr' id='par_1_86' title="bbox 478 4559 3747 4634">
     <span class='ocr_line' id='line_1_86' title="bbox 478 4559 3747 4634; baseline -0.002 -18"><span class='ocrx_word' id='word_1_655' title='bbox 478 4563 651 4617; x_wconf 84' lang='lat' dir='ltr'><strong>lenter</strong></span> <span class='ocrx_word' id='word_1_656' title='bbox 687 4574 917 4634; x_wconf 86' lang='lat' dir='ltr'><strong>reperta.</strong></span> <span class='ocrx_word' id='word_1_657' title='bbox 957 4564 1303 4633; x_wconf 80' lang='lat' dir='ltr'><strong>Quapmpter</strong></span> <span class='ocrx_word' id='word_1_658' title='bbox 1327 4562 1560 4616; x_wconf 87' lang='lat' dir='ltr'><strong>consilio</strong></span> <span class='ocrx_word' id='word_1_659' title='bbox 1586 4560 1741 4626; x_wconf 90' lang='lat' dir='ltr'><strong>inito,</strong></span> <span class='ocrx_word' id='word_1_660' title='bbox 1775 4571 1900 4631; x_wconf 86' lang='lat' dir='ltr'><strong>post</strong></span> <span class='ocrx_word' id='word_1_661' title='bbox 1931 4577 2060 4632; x_wconf 80' lang='lat' dir='ltr'><strong>sup—</strong></span> <span class='ocrx_word' id='word_1_662' title='bbox 2169 4560 2260 4615; x_wconf 92' lang='lat' dir='ltr'><strong>dio</strong></span> <span class='ocrx_word' id='word_1_663' title='bbox 2289 4560 2483 4630; x_wconf 88' lang='lat' dir='ltr'><strong>perire,</strong></span> <span class='ocrx_word' id='word_1_664' title='bbox 2516 4559 2714 4614; x_wconf 91' lang='lat' dir='ltr'><strong>iterum</strong></span> <span class='ocrx_word' id='word_1_665' title='bbox 2758 4559 2933 4615; x_wconf 87' lang='lat' dir='ltr'><strong>astitit</strong></span> <span class='ocrx_word' id='word_1_666' title='bbox 2972 4560 3191 4615; x_wconf 90' lang='lat' dir='ltr'><strong>cuidam</strong></span> <span class='ocrx_word' id='word_1_667' title='bbox 3214 4561 3570 4617; x_wconf 90' lang='lat' dir='ltr'><strong>descendenti</strong></span> <span class='ocrx_word' id='word_1_668' title='bbox 3595 4559 3747 4614; x_wconf 74' lang='lat' dir='ltr'><strong>frater</strong></span> 
     </span>
    </p>
   </div>
   <div class='ocr_carea' id='block_1_87' title="bbox 477 4651 3751 4725">
    <p class='ocr_par' dir='ltr' id='par_1_87' title="bbox 477 4651 3751 4725">
     <span class='ocr_line' id='line_1_87' title="bbox 477 4651 3751 4725; baseline -0.001 -17"><span class='ocrx_word' id='word_1_669' title='bbox 477 4655 822 4724; x_wconf 88' lang='lat' dir='ltr'><strong>plicationem</strong></span> <span class='ocrx_word' id='word_1_670' title='bbox 850 4654 1042 4725; x_wconf 87' lang='lat' dir='ltr'><strong>jejunii</strong></span> <span class='ocrx_word' id='word_1_671' title='bbox 1090 4654 1352 4719; x_wconf 88' lang='lat' dir='ltr'><strong>triduani,</strong></span> <span class='ocrx_word' id='word_1_672' title='bbox 1394 4668 1519 4706; x_wconf 91' lang='lat' dir='ltr'><strong>cum</strong></span> <span class='ocrx_word' id='word_1_673' title='bbox 1554 4662 1758 4706; x_wconf 87' lang='lat' dir='ltr'><strong>struem</strong></span> <span class='ocrx_word' id='word_1_674' title='bbox 1788 4653 2058 4724; x_wconf 86' lang='lat' dir='ltr'><strong>lignorum</strong></span> <span class='ocrx_word' id='word_1_675' title='bbox 2167 4653 2411 4724; x_wconf 85' lang='lat' dir='ltr'><strong>ejusdem</strong></span> <span class='ocrx_word' id='word_1_676' title='bbox 2431 4654 2545 4724; x_wconf 88' lang='lat' dir='ltr'><strong>jam</strong></span> <span class='ocrx_word' id='word_1_677' title='bbox 2560 4663 2831 4722; x_wconf 88' lang='lat' dir='ltr'><strong>mortuus,</strong></span> <span class='ocrx_word' id='word_1_678' title='bbox 2855 4653 3010 4710; x_wconf 91' lang='lat' dir='ltr'><strong>aiens</strong></span> <span class='ocrx_word' id='word_1_679' title='bbox 3037 4652 3088 4708; x_wconf 88' lang='lat' dir='ltr'><strong>ei</strong></span> <span class='ocrx_word' id='word_1_680' title='bbox 3118 4672 3172 4710; x_wconf 75' lang='grc' dir='ltr'><strong>ει</strong></span> <span class='ocrx_word' id='word_1_681' title='bbox 3195 4653 3340 4722; x_wconf 91' lang='lat' dir='ltr'><strong>Quo,</strong></span> <span class='ocrx_word' id='word_1_682' title='bbox 3366 4652 3558 4723; x_wconf 86' lang='lat' dir='ltr'><strong>frater,</strong></span> <span class='ocrx_word' id='word_1_683' title='bbox 3586 4651 3751 4724; x_wconf 74' lang='lat' dir='ltr'><strong>fugis?</strong></span> 
     </span>
    </p>
   </div>
   <div class='ocr_carea' id='block_1_88' title="bbox 476 4744 3746 4818">
    <p class='ocr_par' dir='ltr' id='par_1_88' title="bbox 476 4744 3746 4818">
     <span class='ocr_line' id='line_1_88' title="bbox 476 4744 3746 4818; baseline -0.002 -14"><span class='ocrx_word' id='word_1_684' title='bbox 476 4748 531 4804; x_wconf 87' lang='lat' dir='ltr'><strong>in</strong></span> <span class='ocrx_word' id='word_1_685' title='bbox 555 4748 735 4806; x_wconf 78' lang='lat' dir='ltr'><strong>medio</strong></span> <span class='ocrx_word' id='word_1_686' title='bbox 760 4747 939 4817; x_wconf 89' lang='lat' dir='ltr'><strong>campi</strong></span> <span class='ocrx_word' id='word_1_687' title='bbox 964 4745 1073 4818; x_wconf 90' lang='lat' dir='ltr'><strong>igni</strong></span> <span class='ocrx_word' id='word_1_688' title='bbox 1106 4745 1482 4800; x_wconf 87' lang='lat' dir='ltr'><strong>accendissent</strong></span> <span class='ocrx_word' id='word_1_689' title='bbox 1502 4744 1658 4813; x_wconf 85' lang='lat' dir='ltr'><strong>juxta</strong></span> <span class='ocrx_word' id='word_1_690' title='bbox 1683 4753 1926 4800; x_wconf 88' lang='lat' dir='ltr'><strong>castrum</strong></span> <span class='ocrx_word' id='word_1_691' title='bbox 1957 4745 2060 4798; x_wconf 89' lang='lat' dir='ltr'><strong>Ar-</strong></span> <span class='ocrx_word' id='word_1_692' title='bbox 2167 4745 2353 4812; x_wconf 79' lang='lat' dir='ltr'><strong>llesta,</strong></span> <span class='ocrx_word' id='word_1_693' title='bbox 2387 4761 2452 4801; x_wconf 93' lang='lat' dir='ltr'><strong>ne</strong></span> <span class='ocrx_word' id='word_1_694' title='bbox 2483 4745 2697 4814; x_wconf 87' lang='lat' dir='ltr'><strong>timeas,</strong></span> <span class='ocrx_word' id='word_1_695' title='bbox 2734 4745 3000 4817; x_wconf 90' lang='lat' dir='ltr'><strong>quoniam</strong></span> <span class='ocrx_word' id='word_1_696' title='bbox 3026 4744 3298 4802; x_wconf 91' lang='lat' dir='ltr'><strong>Dominus</strong></span> <span class='ocrx_word' id='word_1_697' title='bbox 3329 4747 3439 4803; x_wconf 90' lang='lat' dir='ltr'><strong>erit</strong></span> <span class='ocrx_word' id='word_1_698' title='bbox 3469 4747 3746 4802; x_wconf 82' lang='lat' dir='ltr'><strong>vobiscum</strong></span> 
     </span>
    </p>
   </div>
   <div class='ocr_carea' id='block_1_89' title="bbox 473 4836 3751 4914">
    <p class='ocr_par' dir='ltr' id='par_1_89' title="bbox 473 4836 3751 4914">
     <span class='ocr_line' id='line_1_89' title="bbox 473 4836 3751 4914; baseline -0.001 -22"><span class='ocrx_word' id='word_1_699' title='bbox 473 4843 720 4911; x_wconf 74' lang='lat' dir='ltr'><strong>charum,</strong></span> <span class='ocrx_word' id='word_1_700' title='bbox 775 4839 922 4914; x_wconf 77' lang='lat' dir='ltr'><strong>quod</strong></span> <span class='ocrx_word' id='word_1_701' title='bbox 959 4847 1092 4892; x_wconf 91' lang='lat' dir='ltr'><strong>tunc</strong></span> <span class='ocrx_word' id='word_1_702' title='bbox 1131 4836 1416 4892; x_wconf 87' lang='lat' dir='ltr'><strong>obsidione</strong></span> <span class='ocrx_word' id='word_1_703' title='bbox 1469 4836 1812 4903; x_wconf 90' lang='lat' dir='ltr'><strong>coercebant,</strong></span> <span class='ocrx_word' id='word_1_704' title='bbox 1861 4846 2057 4893; x_wconf 86' lang='lat' dir='ltr'><strong>octavo</strong></span> <span class='ocrx_word' id='word_1_705' title='bbox 2165 4839 2219 4893; x_wconf 90' lang='lat' dir='ltr'><strong>in</strong></span> <span class='ocrx_word' id='word_1_706' title='bbox 2243 4839 2429 4908; x_wconf 66' lang='lat' dir='ltr'><strong>praelio</strong></span> <span class='ocrx_word' id='word_1_707' title='bbox 2450 4846 2656 4907; x_wconf 87' lang='lat' dir='ltr'><strong>vestro,</strong></span> <span class='ocrx_word' id='word_1_708' title='bbox 2679 4846 2735 4894; x_wconf 93' lang='lat' dir='ltr'><strong>et</strong></span> <span class='ocrx_word' id='word_1_709' title='bbox 2755 4839 3002 4895; x_wconf 90' lang='lat' dir='ltr'><strong>consocii</strong></span> <span class='ocrx_word' id='word_1_710' title='bbox 3030 4839 3200 4895; x_wconf 89' lang='lat' dir='ltr'><strong>vestri</strong></span> <span class='ocrx_word' id='word_1_711' title='bbox 3221 4839 3320 4910; x_wconf 92' lang='lat' dir='ltr'><strong>qui</strong></span> <span class='ocrx_word' id='word_1_712' title='bbox 3341 4839 3401 4894; x_wconf 92' lang='lat' dir='ltr'><strong>in</strong></span> <span class='ocrx_word' id='word_1_713' title='bbox 3434 4839 3545 4896; x_wconf 88' lang='lat' dir='ltr'><strong>hoc</strong></span> <span class='ocrx_word' id='word_1_714' title='bbox 3567 4839 3751 4894; x_wconf 85' lang='lat' dir='ltr'><strong>itinere</strong></span> 
     </span>
    </p>
   </div>
   <div class='ocr_carea' id='block_1_90' title="bbox 472 4928 3752 5008">
    <p class='ocr_par' dir='ltr' id='par_1_90' title="bbox 472 4928 3752 5008">
     <span class='ocr_line' id='line_1_90' title="bbox 472 4928 3752 5008; baseline -0.002 -16"><span class='ocrx_word' id='word_1_715' title='bbox 472 4953 658 4994; x_wconf 90' lang='lat' dir='ltr'><strong>mense</strong></span> <span class='ocrx_word' id='word_1_716' title='bbox 688 4945 812 5008; x_wconf 90' lang='lat' dir='ltr'><strong>post</strong></span> <span class='ocrx_word' id='word_1_717' title='bbox 837 4931 1184 4990; x_wconf 85' lang='lat' dir='ltr'><strong>Antiochiam</strong></span> <span class='ocrx_word' id='word_1_718' title='bbox 1223 4936 1464 4999; x_wconf 89' lang='lat' dir='ltr'><strong>captam,</strong></span> <span class='ocrx_word' id='word_1_719' title='bbox 1493 4928 1876 4984; x_wconf 88' lang='lat' dir='ltr'><strong>benedictione</strong></span> <span class='ocrx_word' id='word_1_720' title='bbox 1905 4929 2056 5000; x_wconf 90' lang='lat' dir='ltr'><strong>judi-</strong></span> <span class='ocrx_word' id='word_1_721' title='bbox 2156 4933 2272 5004; x_wconf 88' lang='lat' dir='ltr'><strong>jam</strong></span> <span class='ocrx_word' id='word_1_722' title='bbox 2311 4948 2408 4987; x_wconf 89' lang='lat' dir='ltr'><strong>vos</strong></span> <span class='ocrx_word' id='word_1_723' title='bbox 2438 4940 2611 4988; x_wconf 89' lang='lat' dir='ltr'><strong>morte</strong></span> <span class='ocrx_word' id='word_1_724' title='bbox 2645 4941 3090 5002; x_wconf 90' lang='lat' dir='ltr'><strong>antecesserunt,</strong></span> <span class='ocrx_word' id='word_1_725' title='bbox 3133 4943 3331 4990; x_wconf 89' lang='lat' dir='ltr'><strong>contra</strong></span> <span class='ocrx_word' id='word_1_726' title='bbox 3362 4933 3583 4990; x_wconf 91' lang='lat' dir='ltr'><strong>Turcos</strong></span> <span class='ocrx_word' id='word_1_727' title='bbox 3617 4933 3752 4988; x_wconf 82' lang='lat' dir='ltr'><strong>vobi-</strong></span> 
     </span>
    </p>
   </div>
   <div class='ocr_carea' id='block_1_91' title="bbox 469 5020 3752 5099">
    <p class='ocr_par' dir='ltr' id='par_1_91' title="bbox 469 5020 3752 5099">
     <span class='ocr_line' id='line_1_91' title="bbox 469 5020 3752 5099; baseline 0.002 -26"><span class='ocrx_word' id='word_1_728' title='bbox 469 5030 593 5084; x_wconf 78' lang='lat' dir='ltr'><strong>ciali</strong></span> <span class='ocrx_word' id='word_1_729' title='bbox 615 5045 776 5099; x_wconf 75' lang='lat' dir='ltr'><strong>super</strong></span> <span class='ocrx_word' id='word_1_730' title='bbox 800 5028 980 5098; x_wconf 73' lang='lat' dir='ltr'><strong>ignem</strong></span> <span class='ocrx_word' id='word_1_731' title='bbox 1005 5026 1072 5080; x_wconf 80' lang='lat' dir='ltr'><strong>ab</strong></span> <span class='ocrx_word' id='word_1_732' title='bbox 1094 5021 1367 5092; x_wconf 78' lang='lat' dir='ltr'><strong>episcopis</strong></span> <span class='ocrx_word' id='word_1_733' title='bbox 1387 5020 1550 5087; x_wconf 80' lang='lat' dir='ltr'><strong>facta,</strong></span> <span class='ocrx_word' id='word_1_734' title='bbox 1579 5021 1828 5076; x_wconf 89' lang='lat' dir='ltr'><strong>inventor</strong></span> <span class='ocrx_word' id='word_1_735' title='bbox 1852 5023 2055 5078; x_wconf 62' lang='lat' dir='ltr'><strong>lanceae</strong></span> <span class='ocrx_word' id='word_1_736' title='bbox 2156 5040 2314 5080; x_wconf 87' lang='lat' dir='ltr'><strong>scum</strong></span> <span class='ocrx_word' id='word_1_737' title='bbox 2343 5025 2758 5095; x_wconf 71' lang='lat' dir='ltr'><strong>praeliabuntur.</strong></span> <span class='ocrx_word' id='word_1_738' title='bbox 2801 5044 2820 5080; x_wconf 84' lang='grc'>›</span> <span class='ocrx_word' id='word_1_739' title='bbox 2851 5025 3080 5083; x_wconf 85' lang='lat' dir='ltr'><strong>Miratus</strong></span> <span class='ocrx_word' id='word_1_740' title='bbox 3124 5035 3309 5083; x_wconf 83' lang='lat' dir='ltr'><strong>autem</strong></span> <span class='ocrx_word' id='word_1_741' title='bbox 3337 5027 3431 5083; x_wconf 91' lang='lat' dir='ltr'><strong>ille</strong></span> <span class='ocrx_word' id='word_1_742' title='bbox 3464 5029 3638 5084; x_wconf 85' lang='lat' dir='ltr'><strong>verba</strong></span> <span class='ocrx_word' id='word_1_743' title='bbox 3667 5027 3752 5081; x_wconf 85' lang='lat' dir='ltr'><strong>de-</strong></span> 
     </span>
    </p>
   </div>
   <div class='ocr_carea' id='block_1_92' title="bbox 463 5113 3748 5190">
    <p class='ocr_par' dir='ltr' id='par_1_92' title="bbox 463 5113 3748 5190">
     <span class='ocr_line' id='line_1_92' title="bbox 463 5113 3748 5190; baseline -0.001 -17"><span class='ocrx_word' id='word_1_744' title='bbox 463 5135 563 5190; x_wconf 87' lang='lat' dir='ltr'><strong>per</strong></span> <span class='ocrx_word' id='word_1_745' title='bbox 608 5119 846 5174; x_wconf 89' lang='lat' dir='ltr'><strong>medium</strong></span> <span class='ocrx_word' id='word_1_746' title='bbox 891 5117 1009 5190; x_wconf 83' lang='lat' dir='ltr'><strong>rOgi</strong></span> <span class='ocrx_word' id='word_1_747' title='bbox 1039 5113 1374 5170; x_wconf 78' lang='lat' dir='ltr'><strong>flammantis</strong></span> <span class='ocrx_word' id='word_1_748' title='bbox 1425 5113 1569 5168; x_wconf 90' lang='lat' dir='ltr'><strong>ultro</strong></span> <span class='ocrx_word' id='word_1_749' title='bbox 1597 5113 1852 5168; x_wconf 90' lang='lat' dir='ltr'><strong>celeriter</strong></span> <span class='ocrx_word' id='word_1_750' title='bbox 1893 5125 2051 5169; x_wconf 89' lang='lat' dir='ltr'><strong>tran-</strong></span> <span class='ocrx_word' id='word_1_751' title='bbox 2157 5113 2352 5182; x_wconf 89' lang='lat' dir='ltr'><strong>functi,</strong></span> <span class='ocrx_word' id='word_1_752' title='bbox 2386 5114 2465 5169; x_wconf 89' lang='lat' dir='ltr'><strong>ire</strong></span> <span class='ocrx_word' id='word_1_753' title='bbox 2488 5115 2690 5171; x_wconf 90' lang='lat' dir='ltr'><strong>desiit:</strong></span> <span class='ocrx_word' id='word_1_754' title='bbox 2729 5125 2784 5172; x_wconf 91' lang='lat' dir='ltr'><strong>et</strong></span> <span class='ocrx_word' id='word_1_755' title='bbox 2808 5118 2954 5188; x_wconf 90' lang='lat' dir='ltr'><strong>quod</strong></span> <span class='ocrx_word' id='word_1_756' title='bbox 2993 5118 3203 5172; x_wconf 87' lang='lat' dir='ltr'><strong>audivit</strong></span> <span class='ocrx_word' id='word_1_757' title='bbox 3236 5119 3455 5174; x_wconf 68' lang='lat' dir='ltr'><strong>caeteris</strong></span> <span class='ocrx_word' id='word_1_758' title='bbox 3484 5119 3748 5175; x_wconf 85' lang='lat' dir='ltr'><strong>recitavit.</strong></span> 
     </span>
    </p>
   </div>
   <div class='ocr_carea' id='block_1_93' title="bbox 463 5201 2049 5274">
    <p class='ocr_par' dir='ltr' id='par_1_93' title="bbox 463 5201 2049 5274">
     <span class='ocr_line' id='line_1_93' title="bbox 463 5201 2049 5274; baseline -0.004 -10"><span class='ocrx_word' id='word_1_759' title='bbox 463 5210 714 5264; x_wconf 87' lang='lat' dir='ltr'><strong>smeavit.</strong></span> <span class='ocrx_word' id='word_1_760' title='bbox 739 5207 861 5273; x_wconf 88' lang='lat' dir='ltr'><strong>Quo</strong></span> <span class='ocrx_word' id='word_1_761' title='bbox 889 5215 1184 5274; x_wconf 88' lang='lat' dir='ltr'><strong>transacto,</strong></span> <span class='ocrx_word' id='word_1_762' title='bbox 1214 5206 1368 5261; x_wconf 84' lang='lat' dir='ltr'><strong>illum</strong></span> <span class='ocrx_word' id='word_1_763' title='bbox 1401 5201 1678 5258; x_wconf 86' lang='lat' dir='ltr'><strong>hominem</strong></span> <span class='ocrx_word' id='word_1_764' title='bbox 1703 5202 1864 5274; x_wconf 89' lang='lat' dir='ltr'><strong>quasi</strong></span> <span class='ocrx_word' id='word_1_765' title='bbox 1894 5218 2049 5258; x_wconf 91' lang='lat' dir='ltr'><strong>reum</strong></span> 
     </span>
    </p>
   </div>
   <div class='ocr_carea' id='block_1_94' title="bbox 461 5297 2046 5365">
    <p class='ocr_par' dir='ltr' id='par_1_94' title="bbox 461 5297 2046 5365">
     <span class='ocr_line' id='line_1_94' title="bbox 461 5297 2046 5365; baseline -0.002 -11"><span class='ocrx_word' id='word_1_766' title='bbox 461 5301 519 5355; x_wconf 90' lang='lat' dir='ltr'><strong>in</strong></span> <span class='ocrx_word' id='word_1_767' title='bbox 555 5311 679 5355; x_wconf 89' lang='lat' dir='ltr'><strong>cute</strong></span> <span class='ocrx_word' id='word_1_768' title='bbox 709 5297 943 5355; x_wconf 86' lang='lat' dir='ltr'><strong>flammis</strong></span> <span class='ocrx_word' id='word_1_769' title='bbox 969 5310 1274 5357; x_wconf 88' lang='lat' dir='ltr'><strong>crematum</strong></span> <span class='ocrx_word' id='word_1_770' title='bbox 1308 5297 1590 5365; x_wconf 87' lang='lat' dir='ltr'><strong>viderunt,</strong></span> <span class='ocrx_word' id='word_1_771' title='bbox 1619 5305 1673 5352; x_wconf 92' lang='lat' dir='ltr'><strong>et</strong></span> <span class='ocrx_word' id='word_1_772' title='bbox 1703 5297 1758 5352; x_wconf 92' lang='lat' dir='ltr'><strong>in</strong></span> <span class='ocrx_word' id='word_1_773' title='bbox 1795 5297 2046 5352; x_wconf 86' lang='lat' dir='ltr'><strong>interiori</strong></span> 
     </span>
    </p>
   </div>
   <div class='ocr_carea' id='block_1_95' title="bbox 458 5387 2046 5463">
    <p class='ocr_par' dir='ltr' id='par_1_95' title="bbox 458 5387 2046 5463">
     <span class='ocr_line' id='line_1_95' title="bbox 458 5387 2046 5463; baseline -0.001 -18"><span class='ocrx_word' id='word_1_774' title='bbox 458 5403 617 5463; x_wconf 83' lang='lat' dir='ltr'><strong>parte</strong></span> <span class='ocrx_word' id='word_1_775' title='bbox 637 5391 884 5462; x_wconf 84' lang='lat' dir='ltr'><strong>corporis</strong></span> <span class='ocrx_word' id='word_1_776' title='bbox 923 5392 1112 5448; x_wconf 63' lang='lat' dir='ltr'><strong>Iasum</strong></span> <span class='ocrx_word' id='word_1_777' title='bbox 1140 5395 1281 5449; x_wconf 88' lang='lat' dir='ltr'><strong>mori</strong></span> <span class='ocrx_word' id='word_1_778' title='bbox 1312 5394 1717 5451; x_wconf 68' lang='lat' dir='ltr'><strong>intellexerunt.</strong></span> <span class='ocrx_word' id='word_1_779' title='bbox 1767 5387 1925 5458; x_wconf 87' lang='lat' dir='ltr'><strong>Quod</strong></span> <span class='ocrx_word' id='word_1_780' title='bbox 1964 5389 2046 5445; x_wconf 92' lang='lat' dir='ltr'><strong>rei</strong></span> 
     </span>
    </p>
   </div>
   <div class='ocr_carea' id='block_1_96' title="bbox 459 5480 2045 5557">
    <p class='ocr_par' dir='ltr' id='par_1_96' title="bbox 459 5480 2045 5557">
     <span class='ocr_line' id='line_1_96' title="bbox 459 5480 2045 5557; baseline 0.003 -23"><span class='ocrx_word' id='word_1_781' title='bbox 459 5480 641 5536; x_wconf 77' lang='lat' dir='ltr'><strong>exitus</strong></span> <span class='ocrx_word' id='word_1_782' title='bbox 668 5483 1022 5552; x_wconf 87' lang='lat' dir='ltr'><strong>monstravit,</strong></span> <span class='ocrx_word' id='word_1_783' title='bbox 1043 5485 1290 5554; x_wconf 84' lang='lat' dir='ltr'><strong>cumdie</strong></span> <span class='ocrx_word' id='word_1_784' title='bbox 1319 5485 1648 5543; x_wconf 82' lang='lat' dir='ltr'><strong>duodecimo</strong></span> <span class='ocrx_word' id='word_1_785' title='bbox 1678 5481 1800 5552; x_wconf 88' lang='lat' dir='ltr'><strong>ipso</strong></span> <span class='ocrx_word' id='word_1_786' title='bbox 1842 5498 2045 5557; x_wconf 82' lang='lat' dir='ltr'><strong>angore</strong></span> 
     </span>
    </p>
   </div>
   <div class='ocr_carea' id='block_1_97' title="bbox 454 5567 2042 5638">
    <p class='ocr_par' dir='ltr' id='par_1_97' title="bbox 454 5567 2042 5638">
     <span class='ocr_line' id='line_1_97' title="bbox 454 5567 2042 5638; baseline 0.004 -14"><span class='ocrx_word' id='word_1_787' title='bbox 454 5569 618 5626; x_wconf 81' lang='lat' dir='ltr'><strong>obiit.</strong></span> <span class='ocrx_word' id='word_1_788' title='bbox 658 5567 725 5624; x_wconf 84' lang='lat' dir='ltr'><strong>Et</strong></span> <span class='ocrx_word' id='word_1_789' title='bbox 763 5569 894 5638; x_wconf 89' lang='lat' dir='ltr'><strong>quia</strong></span> <span class='ocrx_word' id='word_1_790' title='bbox 919 5573 989 5628; x_wconf 91' lang='lat' dir='ltr'><strong>ob</strong></span> <span class='ocrx_word' id='word_1_791' title='bbox 1031 5573 1296 5631; x_wconf 84' lang='lat' dir='ltr'><strong>honorem</strong></span> <span class='ocrx_word' id='word_1_792' title='bbox 1342 5574 1439 5632; x_wconf 91' lang='lat' dir='ltr'><strong>Dei</strong></span> <span class='ocrx_word' id='word_1_793' title='bbox 1467 5587 1522 5632; x_wconf 89' lang='lat' dir='ltr'><strong>et</strong></span> <span class='ocrx_word' id='word_1_794' title='bbox 1551 5588 1799 5633; x_wconf 80' lang='lat' dir='ltr'><strong>amorem</strong></span> <span class='ocrx_word' id='word_1_795' title='bbox 1847 5588 2042 5630; x_wconf 91' lang='lat' dir='ltr'><strong>omnes</strong></span> 
     </span>
    </p>
   </div>
   <div class='ocr_carea' id='block_1_98' title="bbox 452 5659 2043 5740">
    <p class='ocr_par' dir='ltr' id='par_1_98' title="bbox 452 5659 2043 5740">
     <span class='ocr_line' id='line_1_98' title="bbox 452 5659 2043 5740; baseline 0.007 -29"><span class='ocrx_word' id='word_1_796' title='bbox 452 5659 694 5713; x_wconf 83' lang='lat' dir='ltr'><strong>lanceam</strong></span> <span class='ocrx_word' id='word_1_797' title='bbox 728 5665 968 5719; x_wconf 91' lang='lat' dir='ltr'><strong>venerati</strong></span> <span class='ocrx_word' id='word_1_798' title='bbox 998 5664 1234 5736; x_wconf 88' lang='lat' dir='ltr'><strong>fuerant,</strong></span> <span class='ocrx_word' id='word_1_799' title='bbox 1268 5668 1373 5724; x_wconf 88' lang='lat' dir='ltr'><strong>hoc</strong></span> <span class='ocrx_word' id='word_1_800' title='bbox 1391 5669 1601 5740; x_wconf 90' lang='lat' dir='ltr'><strong>judicio</strong></span> <span class='ocrx_word' id='word_1_801' title='bbox 1640 5673 1884 5739; x_wconf 83' lang='lat' dir='ltr'><strong>peracto,</strong></span> <span class='ocrx_word' id='word_1_802' title='bbox 1911 5665 2043 5722; x_wconf 89' lang='lat' dir='ltr'><strong>facti</strong></span> 
     </span>
    </p>
   </div>
   <div class='ocr_carea' id='block_1_99' title="bbox 458 5751 2038 5824">
    <p class='ocr_par' dir='ltr' id='par_1_99' title="bbox 458 5751 2038 5824">
     <span class='ocr_line' id='line_1_99' title="bbox 458 5751 2038 5824; baseline 0.008 -20"><span class='ocrx_word' id='word_1_803' title='bbox 458 5751 744 5824; x_wconf 88' lang='lat' dir='ltr'><strong>increduli,</strong></span> <span class='ocrx_word' id='word_1_804' title='bbox 776 5756 1076 5816; x_wconf 81' lang='lat' dir='ltr'><strong>contristati</strong></span> <span class='ocrx_word' id='word_1_805' title='bbox 1104 5769 1233 5816; x_wconf 91' lang='lat' dir='ltr'><strong>sunt</strong></span> <span class='ocrx_word' id='word_1_806' title='bbox 1259 5760 1434 5820; x_wconf 78' lang='lat' dir='ltr'><strong>valde.</strong></span> <span class='ocrx_word' id='word_1_807' title='bbox 1465 5760 1663 5819; x_wconf 87' lang='lat' dir='ltr'><strong>Comes</strong></span> <span class='ocrx_word' id='word_1_808' title='bbox 1689 5771 1875 5822; x_wconf 83' lang='lat' dir='ltr'><strong>tamen</strong></span> <span class='ocrx_word' id='word_1_809' title='bbox 1907 5757 2038 5816; x_wconf 79' lang='lat' dir='ltr'><strong>Bai--</strong></span> 
     </span>
    </p>
   </div>
   <div class='ocr_carea' id='block_1_100' title="bbox 2740 5207 3151 5265">
    <p class='ocr_par' dir='ltr' id='par_1_100' title="bbox 2740 5207 3151 5265">
     <span class='ocr_line' id='line_1_100' title="bbox 2740 5207 3151 5265; baseline 0 -1"><span class='ocrx_word' id='word_1_810' title='bbox 2740 5207 2971 5264; x_wconf 83' lang='lat' dir='ltr'><strong>CAPUT</strong></span> <span class='ocrx_word' id='word_1_811' title='bbox 3009 5209 3151 5265; x_wconf 80' lang='lat' dir='ltr'><strong>XIV.</strong></span> 
     </span>
    </p>
   </div>
   <div class='ocr_carea' id='block_1_101' title="bbox 2228 5297 3742 5378">
    <p class='ocr_par' dir='ltr' id='par_1_101' title="bbox 2228 5297 3742 5378">
     <span class='ocr_line' id='line_1_101' title="bbox 2228 5297 3742 5378; baseline 0 -24"><span class='ocrx_word' id='word_1_812' title='bbox 2228 5297 2332 5354; x_wconf 91' lang='lat' dir='ltr'><strong>Sed</strong></span> <span class='ocrx_word' id='word_1_813' title='bbox 2357 5315 2481 5378; x_wconf 86' lang='lat' dir='ltr'><strong>cum</strong></span> <span class='ocrx_word' id='word_1_814' title='bbox 2513 5299 2714 5371; x_wconf 90' lang='lat' dir='ltr'><strong>placuit</strong></span> <span class='ocrx_word' id='word_1_815' title='bbox 2760 5299 2992 5356; x_wconf 91' lang='lat' dir='ltr'><strong>Domino</strong></span> <span class='ocrx_word' id='word_1_816' title='bbox 3033 5302 3208 5357; x_wconf 90' lang='lat' dir='ltr'><strong>labori</strong></span> <span class='ocrx_word' id='word_1_817' title='bbox 3255 5301 3604 5359; x_wconf 89' lang='lat' dir='ltr'><strong>famulorum</strong></span> <span class='ocrx_word' id='word_1_818' title='bbox 3631 5319 3742 5359; x_wconf 65' lang='lat' dir='ltr'><strong>suo</strong></span> 
     </span>
    </p>
   </div>
   <div class='ocr_carea' id='block_1_102' title="bbox 2150 5392 3752 5466">
    <p class='ocr_par' dir='ltr' id='par_1_102' title="bbox 2150 5392 3752 5466">
     <span class='ocr_line' id='line_1_102' title="bbox 2150 5392 3752 5466; baseline 0.001 -19"><span class='ocrx_word' id='word_1_819' title='bbox 2150 5407 2276 5447; x_wconf 91' lang='lat' dir='ltr'><strong>rum</strong></span> <span class='ocrx_word' id='word_1_820' title='bbox 2323 5392 2486 5448; x_wconf 85' lang='lat' dir='ltr'><strong>ﬁnem</strong></span> <span class='ocrx_word' id='word_1_821' title='bbox 2526 5393 2679 5462; x_wconf 91' lang='lat' dir='ltr'><strong>dare,</strong></span> <span class='ocrx_word' id='word_1_822' title='bbox 2727 5393 2821 5466; x_wconf 85' lang='lat' dir='ltr'><strong>qui</strong></span> <span class='ocrx_word' id='word_1_823' title='bbox 2858 5395 3023 5451; x_wconf 81' lang='lat' dir='ltr'><strong>etiam</strong></span> <span class='ocrx_word' id='word_1_824' title='bbox 3068 5410 3331 5466; x_wconf 89' lang='lat' dir='ltr'><strong>angorem</strong></span> <span class='ocrx_word' id='word_1_825' title='bbox 3383 5398 3752 5452; x_wconf 77' lang='lat' dir='ltr'><strong>tantimoduni</strong></span> 
     </span>
    </p>
   </div>
   <div class='ocr_carea' id='block_1_103' title="bbox 2150 5481 3752 5560">
    <p class='ocr_par' dir='ltr' id='par_1_103' title="bbox 2150 5481 3752 5560">
     <span class='ocr_line' id='line_1_103' title="bbox 2150 5481 3752 5560; baseline 0.002 -22"><span class='ocrx_word' id='word_1_826' title='bbox 2150 5481 2386 5554; x_wconf 90' lang='lat' dir='ltr'><strong>amplius</strong></span> <span class='ocrx_word' id='word_1_827' title='bbox 2406 5483 2639 5539; x_wconf 84' lang='lat' dir='ltr'><strong>tolerare</strong></span> <span class='ocrx_word' id='word_1_828' title='bbox 2668 5500 2776 5540; x_wconf 88' lang='lat' dir='ltr'><strong>non</strong></span> <span class='ocrx_word' id='word_1_829' title='bbox 2803 5495 3075 5556; x_wconf 81' lang='lat' dir='ltr'><strong>poterant,</strong></span> <span class='ocrx_word' id='word_1_830' title='bbox 3129 5496 3230 5542; x_wconf 85' lang='lat' dir='ltr'><strong>nec</strong></span> <span class='ocrx_word' id='word_1_831' title='bbox 3283 5487 3402 5558; x_wconf 89' lang='lat' dir='ltr'><strong>jam</strong></span> <span class='ocrx_word' id='word_1_832' title='bbox 3451 5490 3752 5560; x_wconf 82' lang='lat' dir='ltr'><strong>quidquam</strong></span> 
     </span>
    </p>
   </div>
   <div class='ocr_carea' id='block_1_104' title="bbox 2149 5573 3754 5656">
    <p class='ocr_par' dir='ltr' id='par_1_104' title="bbox 2149 5573 3754 5656">
     <span class='ocr_line' id='line_1_104' title="bbox 2149 5573 3754 5656; baseline 0.004 -27"><span class='ocrx_word' id='word_1_833' title='bbox 2149 5573 2412 5631; x_wconf 88' lang='lat' dir='ltr'><strong>habentes</strong></span> <span class='ocrx_word' id='word_1_834' title='bbox 2465 5576 2612 5646; x_wconf 93' lang='lat' dir='ltr'><strong>quod</strong></span> <span class='ocrx_word' id='word_1_835' title='bbox 2665 5578 3034 5646; x_wconf 66' lang='lat' dir='ltr'><strong>comederezit,</strong></span> <span class='ocrx_word' id='word_1_836' title='bbox 3085 5578 3231 5635; x_wconf 89' lang='lat' dir='ltr'><strong>unde</strong></span> <span class='ocrx_word' id='word_1_837' title='bbox 3276 5589 3392 5636; x_wconf 79' lang='lat' dir='ltr'><strong>tam</strong></span> <span class='ocrx_word' id='word_1_838' title='bbox 3439 5584 3553 5654; x_wconf 90' lang='lat' dir='ltr'><strong>ipsi</strong></span> <span class='ocrx_word' id='word_1_839' title='bbox 3593 5601 3754 5656; x_wconf 85' lang='lat' dir='ltr'><strong>quam</strong></span> 
     </span>
    </p>
   </div>
   <div class='ocr_carea' id='block_1_105' title="bbox 2145 5667 3754 5738">
    <p class='ocr_par' dir='ltr' id='par_1_105' title="bbox 2145 5667 3754 5738">
     <span class='ocr_line' id='line_1_105' title="bbox 2145 5667 3754 5738; baseline 0.001 -15"><span class='ocrx_word' id='word_1_840' title='bbox 2145 5667 2273 5738; x_wconf 86' lang='lat' dir='ltr'><strong>equi</strong></span> <span class='ocrx_word' id='word_1_841' title='bbox 2303 5682 2496 5722; x_wconf 88' lang='lat' dir='ltr'><strong>eorum</strong></span> <span class='ocrx_word' id='word_1_842' title='bbox 2519 5668 2725 5724; x_wconf 86' lang='lat' dir='ltr'><strong>debiles</strong></span> <span class='ocrx_word' id='word_1_843' title='bbox 2753 5669 2918 5725; x_wconf 84' lang='lat' dir='ltr'><strong>nimis</strong></span> <span class='ocrx_word' id='word_1_844' title='bbox 2949 5679 3106 5726; x_wconf 79' lang='lat' dir='ltr'><strong>erant</strong></span> <span class='ocrx_word' id='word_1_845' title='bbox 3126 5713 3140 5738; x_wconf 97' lang='lat'><strong>,</strong></span> <span class='ocrx_word' id='word_1_846' title='bbox 3174 5674 3600 5730; x_wconf 87' lang='lat' dir='ltr'><strong>constituerunt</strong></span> <span class='ocrx_word' id='word_1_847' title='bbox 3623 5676 3754 5730; x_wconf 88' lang='lat' dir='ltr'><strong>invi-</strong></span> 
     </span>
    </p>
   </div>
   <div class='ocr_carea' id='block_1_106' title="bbox 2101 5758 3755 5842">
    <p class='ocr_par' dir='ltr' id='par_1_106' title="bbox 2101 5758 3755 5842">
     <span class='ocr_line' id='line_1_106' title="bbox 2101 5758 3755 5842; baseline 0.004 -27"><span class='ocrx_word' id='word_1_848' title='bbox 2101 5840 2103 5842; x_wconf 11' lang='lat'>.</span> <span class='ocrx_word' id='word_1_849' title='bbox 2146 5775 2263 5816; x_wconf 84' lang='lat' dir='ltr'><strong>cem</strong></span> <span class='ocrx_word' id='word_1_850' title='bbox 2305 5758 2424 5814; x_wconf 88' lang='lat' dir='ltr'><strong>fieri</strong></span> <span class='ocrx_word' id='word_1_851' title='bbox 2444 5760 2756 5819; x_wconf 87' lang='lat' dir='ltr'><strong>triduanum</strong></span> <span class='ocrx_word' id='word_1_852' title='bbox 2785 5761 3055 5834; x_wconf 89' lang='lat' dir='ltr'><strong>jejunium</strong></span> <span class='ocrx_word' id='word_1_853' title='bbox 3080 5779 3207 5819; x_wconf 88' lang='lat' dir='ltr'><strong>cum</strong></span> <span class='ocrx_word' id='word_1_854' title='bbox 3237 5767 3503 5836; x_wconf 84' lang='lat' dir='ltr'><strong>precibus</strong></span> <span class='ocrx_word' id='word_1_855' title='bbox 3537 5777 3592 5826; x_wconf 87' lang='lat' dir='ltr'><strong>et</strong></span> <span class='ocrx_word' id='word_1_856' title='bbox 3621 5769 3755 5825; x_wconf 55' lang='lat' dir='ltr'><strong>eleec</strong></span> 
     </span>
    </p>
   </div>
  </div>
