3850 6310
143 383 226 438 διδ

139 586 522 660 supplicantibus
571 586 1006 656 propitiaretur.-
1042 583 1266 640 Interim
1326 600 1458 640 vero
1510 593 1672 654 capto

137 680 343 744 consilio,
389 679 787 734 mandaverunt
832 677 1026 734 Turcis
1064 693 1159 749 per
1207 677 1432 733 Petrum
1477 693 1671 748 quem-

136 776 232 830 dam
253 771 552 836 Eremitam,
589 771 739 841 quod
772 769 877 826 nisi
909 779 1130 834 terram,
1182 785 1306 840 quae
1340 768 1672 825 Christianis

135 864 390 937 pertinebat
416 863 483 918 ab
511 863 667 928 olim,
696 862 934 932 quietam
963 863 1044 918 eis
1075 862 1432 929 dimitterent,
1466 861 1553 917 die
1583 876 1670 917 se-

132 956 416 1030 quenti.sine
439 955 607 1010 dubio
644 955 844 1010 bellum
893 964 1084 1010 contra
1121 970 1218 1010 eos
1257 954 1477 1009 inirent.
1509 953 1670 1020 Quod

131 1047 316 1104 sialiter
335 1045 448 1100 fieri
473 1045 674 1100 vellent
701 1054 795 1101 aut
821 1061 918 1115 per
943 1045 1187 1115 quinque
1208 1053 1304 1100 aut
1325 1062 1422 1115 per
1453 1046 1666 1114 decem,

130 1142 326 1210 siveper
349 1139 534 1211 viginti
563 1139 647 1194 vel
679 1147 899 1194 centum
935 1138 1134 1198 milites
1165 1139 1236 1193 ab
1258 1148 1492 1210 utraque
1513 1151 1668 1210 parte

128 1235 292 1288 electos
315 1232 456 1286 fieret
480 1231 704 1298 bellum,
734 1246 805 1286 ne
851 1230 1067 1286 cunctis
1110 1231 1277 1286 simul
1307 1232 1662 1300 bellantibus,

127 1323 371 1378 multitudo
397 1323 639 1394 gentium
668 1332 1014 1391 moveretur;
1037 1332 1093 1378 et
1112 1339 1348 1395 quorum
1377 1341 1508 1396 pars
1530 1326 1668 1382 alte-

125 1433 218 1472 ram
243 1425 522 1486 superaret,
562 1417 752 1471 urbem
785 1424 842 1471 et
874 1433 1104 1487 regnum
1145 1419 1342 1473 merito
1371 1419 1662 1489 acciperet.

123 1511 212 1566 lloc
236 1511 529 1565 mandatum
549 1514 653 1574 est,
677 1510 772 1564 sed
793 1525 1120 1565 concessum
1147 1526 1178 1564 a
1208 1509 1404 1566 Turcis
1428 1521 1660 1566 nonest.

121 1603 170 1657 Et
194 1603 302 1672 quia
335 1603 484 1656 multi
518 1611 696 1665 erant,
719 1609 777 1657 et
806 1602 966 1672 equis
991 1602 1210 1668 muniti,
1234 1610 1520 1672 propterea
1549 1603 1666 1657 vin-

120 1711 217 1750 cere
244 1695 526 1766 putabant;
573 1694 988 1750 aestimabantur
1009 1693 1232 1764 quidem
1267 1709 1500 1750 numero
1537 1709 1664 1749 sex-

118 1788 231 1843 conti
279 1787 549 1858 sexaginta
591 1787 785 1853 millia,
815 1795 930 1841 tam
981 1786 1195 1856 equites
1221 1801 1388 1856 quam
1427 1786 1658 1858 pedites.

118 1879 306 1936 Nostros
331 1895 454 1936 vero
495 1880 700 1935 milites
725 1879 974 1935 sciebant
1005 1878 1144 1934 ellici
1174 1879 1402 1949 pedites,
1429 1879 1656 1947 debiles,

116 1989 360 2043 pauperes.
404 1971 678 2044 Regresso
727 1981 911 2027 autem
959 1971 1123 2028 Petro
1179 1972 1378 2042 legato,
1412 1973 1658 2028 redditur

116 2080 413 2135 responsum.
447 2063 568 2131 Quo
592 2064 800 2130 audito,
828 2071 1161 2134 paraverunt
1183 2079 1241 2119 se
1264 2062 1460 2118 Franci
1485 2064 1657 2118 armis

113 2156 164 2209 ad
201 2155 559 2224 praeliandum,
600 2155 740 2211 nihil
790 2155 1127 2220 haesitantes,
1187 2155 1284 2209 sed
1332 2154 1387 2208 in
1420 2153 1655 2209 Domino

114 2265 231 2318 spem
252 2267 400 2305 suam
426 2251 646 2322 penitus
685 2259 974 2321 ponentes.
1020 2247 1304 2319 Principes
1347 2246 1652 2304 Turcorum

111 2342 236 2395 multi
280 2349 449 2408 erant,
497 2357 641 2412 quos
687 2341 990 2396 admiratus
1039 2339 1530 2410 praanominabant.
1586 2338 1653 2396 Hi

111 2442 211 2486 sunt
245 2451 257 2486 :
285 2433 610 2503 Corbagath,
658 2431 990 2496 Meleducac,
1025 2430 1439 2496 Amirsoliman,
1472 2429 1654 2485 Amir—

108 2525 342 2600 solcndas,
405 2523 809 2595 Amirhegibbe,
865 2523 1307 2590 Amirmazoane,
1373 2522 1650 2580 Amirma-

109 2618 334 2684 hummet,
398 2616 681 2683 Caraiath,
751 2615 1147 2682 Coteloseniar,
1198 2614 1648 2687 Mergascotelon,

106 2707 288 2774 Baldus,
302 2706 681 2779 Boelquenari,
700 2707 968 2778 Boldagis,
986 2705 1318 2773 Amirrilias,
1331 2705 1648 2773 Gcrsaslan,

103 2800 353 2871 Gigrcmis,
378 2801 728 2872 Amirgogus,
768 2799 1068 2864 Artubech,
1109 2797 1428 2864 Amirdalis,
1467 2795 1652 2852 Amir-

103 2908 249 2959 more,
273 2893 678 2960 Amircharaor,
705 2901 761 2948 et
785 2890 943 2946 multi
991 2889 1103 2946 alii.
1145 2889 1487 2945 Francorum
1517 2905 1648 2946 vero

101 2985 352 3053 optimates
420 2986 511 3042 isti
558 2985 817 3040 aderant:
874 2981 1032 3054 Hugo
1074 2981 1325 3054 Magnus,
1376 2981 1649 3040 Robertus

101 3075 434 3134 Northmania:
459 3094 666 3146 comes,
691 3077 965 3134 Robertus
995 3079 1191 3134 comes
1212 3077 1504 3145 Flandriae,
1534 3077 1646 3134 dux

100 3170 405 3238 Godefridus,
461 3188 648 3229 comes
717 3169 1124 3244 Raymundus,-
1165 3169 1540 3238 Boamundus,
1571 3179 1648 3226 et

97 3261 223 3315 multi
249 3263 453 3319 nobiles
479 3263 591 3318 alii.
624 3247 1089 3318 Benedicat‘Deus
1113 3261 1357 3316 animam
1385 3261 1645 3317 Ademari

99 3350 345 3410 Podiensis
367 3354 632 3426 episwpi,
674 3355 791 3426 qui,
823 3362 883 3410 ut
905 3354 989 3409 vir
1023 3353 1382 3424 apostolicus,
1412 3353 1646 3425 benigne

96 3459 276 3514 semper
294 3447 557 3517 populum
581 3445 949 3512 confortabat,
985 3455 1039 3501 et
1065 3446 1119 3500 in
1149 3444 1382 3502 Domino
1413 3446 1643 3501 robora-

96 3534 182 3589 bat.
209 3535 248 3590 0
279 3538 370 3608 pia
425 3554 514 3594 res
543 3539 556 3592 l
587 3536 835 3593 Iusserat
877 3537 993 3608 ipse
1031 3552 1259 3607 vespere
1300 3536 1644 3608 praecedente

92 3637 268 3684 cunctae
298 3629 511 3685 militiae
542 3628 639 3684 Dei
679 3629 974 3696 exercitus,
1019 3628 1123 3684 sub
1151 3628 1330 3684 edicto
1359 3643 1641 3698 praecone-

92 3716 174 3780 rio,
199 3728 252 3772 ut
277 3719 662 3789 unusquisque
695 3733 796 3788 pro
838 3732 1000 3788 posse
1028 3732 1130 3773 suo
1163 3715 1231 3771 de
1255 3731 1473 3771 annona
1504 3717 1632 3772 nite-

91 3817 214 3863 retur
251 3809 599 3880 przebendam
639 3823 783 3880 equo
839 3823 941 3865 suo
981 3807 1318 3880 impendere,
1360 3823 1430 3863 ne
1474 3807 1528 3862 in
1554 3805 1643 3863 die

87 3900 294 3956 crastino
317 3901 510 3957 subter
534 3899 865 3972 cquitantes,
891 3899 1026 3955 hora
1049 3899 1244 3955 bellica
1269 3899 1475 3955 debiles
1498 3897 1642 3956 fame

88 3989 361 4048 deﬁcerent.
383 3991 615 4049 Iussum
642 4003 748 4060 est,
773 4001 829 4048 et
862 3991 1066 4048 factum
1105 4000 1210 4048 est.
1241 3990 1413 4064 Igitur
1435 3991 1502 4047 ad
1527 3992 1642 4048 bel-

86 4080 176 4137 lum
203 4085 277 4140 sic
303 4085 515 4156 paratis
540 4086 819 4152 omnibus,
853 4083 1107 4140 exierunt
1132 4083 1201 4140 de
1235 4082 1454 4140 civitate
1484 4099 1639 4140 sum-

88 4189 158 4229 mo
193 4192 365 4245 mane,
412 4179 562 4249 quod
603 4193 658 4233 tv
696 4175 816 4232 Kal.
863 4174 994 4232 Julii
1035 4184 1166 4232 tunc
1196 4175 1399 4244 evenit,
1428 4174 1640 4232 vexillis

85 4269 487 4334 pmcedentibus
531 4283 815 4325 scararum
857 4276 912 4324 et
932 4268 1198 4334 acierum,
1223 4266 1516 4338 separatim
1543 4282 1640 4338 per

84 4369 294 4417 catenas
315 4372 371 4418 et
400 4363 701 4434 phalanges
735 4360 1120 4418 convenienter
1143 4358 1466 4431 divisarum.
1496 4357 1640 4414 inter

85 4466 200 4520 quos
231 4455 544 4511 sacerdotes
580 4453 718 4509 albis
759 4452 946 4508 amicti
966 4449 1309 4506 vestimentis
1335 4461 1512 4517 erant,
1541 4449 1635 4521 qui

1673 3213 1715 3270 C

835 370 1208 433 'FULCHERII
1245 372 1545 432 CARNOT.
1589 371 1768 429 HIST.

143 495 364 568 niosynis,
411 504 471 550 ut
518 494 627 552 illis
667 495 1072 566 pmnitentibus,
1107 504 1162 550 et
1199 495 1432 552 Domino
1481 495 1673 550 devote
1698 495 1750 556 Α
1777 494 1917 562 Quid
1962 503 2162 570 putas?
2194 523 2211 555 ι
2268 504 2567 576 Respondit

1810 374 2176 436 HIEROSOL.
2216 413 2282 422 —-
2320 382 2447 440 LIB.
2488 382 2526 438 Ι.
3261 395 3367 452 848

2617 525 2630 561 :
2676 529 2690 558 ι
2741 508 2947 565 Bellum
2973 528 3114 580 reor,
3165 518 3367 588 inquit,

1778 589 1874 644 sed
1901 591 2081 648 adhuc
2104 595 2382 665 paulisper
2399 598 2669 667 opperire.
2709 599 2875 671 Signa
2899 617 3021 673 quae
3043 622 3209 663 cerno
3230 626 3367 680 quo~

1776 693 1900 732 rum
1931 691 2060 736 sunt
2083 697 2191 738 non
2238 685 2451 756 ignoro.
2505 707 2524 738 ι
2564 684 2766 744 Iterum
2807 693 3162 751 consnderans
3189 707 3368 753 atten-

1774 770 1905 838 tius,
1942 775 2198 844 cognovit
2221 778 2480 834 vexillum
2508 782 2751 853 episcopi
2778 782 3064 842 Podiens’s
3091 804 3218 844 cum
3247 799 3366 846 tur-

1774 877 1862 940 ma
1898 865 2057 919 tertia
2074 869 2393 936 procedens.

1773 972 2017 1048 Longius
2045 979 2191 1036 haud
2218 993 2447 1053 restant,
2479 986 2787 1062 Corbagath
2814 1001 2945 1048 tunc
2979 995 3055 1050 ait
3084 996 3175 1051 ille
3206 1015 3221 1053 :

1777 1067 1910 1161 ς-Εη
1934 1065 2132 1128 Franci
2165 1076 2413 1146 veniunt,
2439 1079 2522 1135 vel
2546 1098 2692 1138 nunc
2711 1083 2858 1156 fuge,
2882 1086 2966 1142 vel
2995 1087 3131 1143 bene
3156 1103 3360 1161 pugna.

1768 1157 1907 1216 Nam
1930 1162 2150 1236 signum
2172 1167 2330 1224 video
2357 1173 2540 1244 magni
2567 1177 2874 1245 praecedere
2897 1194 3071 1250 papaa.

1767 1272 1836 1330 Et
1880 1290 2020 1347 quos
2063 1279 2376 1340 aestimabas
2404 1283 2518 1356 jam
2560 1290 2784 1345 omnino
2814 1293 3171 1362 supplarwtari,
3202 1296 3362 1354 hodie

1766 1367 1962 1425 timeas
1992 1370 2062 1426 ab
2089 1372 2172 1428 eis
2202 1378 2470 1445 superari.
2497 1398 2516 1430 ι
2541 1377 2847 1454 Corbagath
2876 1384 3013 1440 dixit
3041 1403 3054 1440 :
3089 1404 3108 1439 ι
3149 1386 3360 1445 Mittam

1767 1459 1835 1515 ad
1875 1461 2138 1531 Francos,
2189 1475 2252 1520 ut
2285 1469 2432 1538 quod
2466 1470 2719 1528 hesterna
2749 1475 2836 1530 die
2885 1476 3020 1532 mihi
3065 1479 3361 1536 mandave-

1765 1561 1916 1619 runt,
1949 1554 2107 1610 hodie
2135 1559 2455 1615 concedam.
2498 1581 2516 1613 ι
2549 1563 2846 1620 Amirdalis
2889 1567 3026 1623 dixit
3054 1586 3068 1624 :
3128 1591 3146 1620 ‹
3181 1570 3360 1629 Tarde

1765 1645 1982 1702 locutus
2004 1663 2084 1703 es.
2125 1668 2143 1700 ι
2172 1650 2426 1706 Attamen
2457 1653 2509 1707 id
2544 1657 2821 1714 mandavit
2847 1677 2862 1724 ;
2910 1661 3005 1714 sed
3031 1663 3177 1732 quod
3204 1680 3359 1734 quae-

1764 1735 1912 1804 sivit,
1944 1753 2054 1792 non
2103 1739 2434 1810 impetravit,
2482 1743 2781 1802 Amirdalis
2823 1757 3005 1805 autem
3033 1767 3161 1807 mox
3186 1754 3256 1809 ab
3290 1770 3358 1809 eo

1762 1825 2072 1897 discedens,
2106 1846 2308 1902 equum
2338 1837 2480 1891 ursit
2507 1838 2833 1895 calcaribus.

1831 1943 2047 2029 Cogitat
2071 1947 2340 2029 aufugiat,
2378 1952 2561 2008 socios
2585 1961 2768 2029 tamen
2791 1951 3058 2029 admonet
3088 1955 3224 2029 ipse,

1830 2013 2067 2072 Fortiter
2103 2023 2162 2074 ut
2191 2013 2432 2092 p'ugn'ent
2455 2039 2670 2091 omnes,
2693 2025 3013 2098 jaciantque
3039 2013 3286 2101 sagittas.

1758 2127 1897 2185 Ecce
1926 2129 2084 2203 Ilugo
2118 2131 2366 2206 Magnus,
2405 2145 2569 2208 atque
2595 2137 2870 2196 Robertus
2910 2139 3348 2212 Northmannus,

1756 2229 1811 2277 et
1841 2237 2028 2280 comes
2056 2223 2432 2283 Flandriensrs
2468 2245 2523 2284 1n
2548 2230 2725 2300 prima
2755 2231 2872 2287 acie
2902 2233 3186 2289 constituti
3218 2245 3352 2293 sunt

1753 2313 2058 2372 invasores.
2088 2315 2146 2373 ln
2173 2320 2412 2375 secunda
2439 2329 2621 2377 autem
2669 2323 2780 2378 dux
2829 2323 3157 2382 Godefridus
3211 2344 3335 2384 cum

1753 2406 2072 2466 Alemannis
2095 2419 2151 2466 et
2177 2410 2706 2486 Lotharingensibus
2729 2415 3060 2473 subsecutus
3089 2427 3192 2474 est.
3215 2418 3352 2478 Post

1753 2500 1854 2557 hos
1877 2501 2170 2573 episcopus
2197 2502 2503 2573 Podiensis,
2536 2513 2590 2561 et
2611 2495 2742 2577 gens
2774 2506 3082 2579 Raymundi
3109 2511 3348 2580 comitis,

1751 2592 2032 2652 Cascones
2060 2604 2115 2652 et
2135 2595 2505 2654 Provinciales
2546 2598 2906 2656 incesserunt.
2958 2599 3078 2672 ipse
3101 2616 3232 2660 vero
3254 2617 3351 2664 cev

1752 2703 1868 2744 mes
1899 2689 1955 2743 in
1979 2689 2113 2745 urbe
2163 2691 2428 2746 remansit
2476 2691 2544 2746 ad
2594 2692 3013 2748 custodiendum
3059 2709 3201 2750 eam.
3237 2691 3347 2753 P7-

1749 2787 2011 2837 stremam
2041 2783 2242 2854 quippe
2285 2791 2561 2840 catervam
2601 2783 2956 2844 Boamundus
2985 2787 3214 2844 solerter
3242 2787 3348 2844 mi-

1750 2872 1917 2928 navit.
1979 2872 2143 2929 Turci
2189 2884 2372 2930 autem
2414 2891 2541 2933 cum
2584 2879 3034 2937 considerasseut
3073 2897 3144 2938 an
3190 2881 3345 2938 omni.

1748 2965 1991 3020 exercitu
2027 2964 2369 3023 Francorum
2398 2983 2458 3024 se
2501 2969 2707 3041 impetu
2755 2969 3107 3028 ferocissimo
3136 2973 3340 3041 invadi,

1749 3057 1985 3126 sparsim
2017 3058 2270 3128 prosilire
2309 3068 2365 3116 et
2394 3060 2578 3132 jacere
2623 3063 2854 3136 sagittas
2906 3057 3209 3136 cmperunt.
3238 3064 3344 3122 Sed

1749 3148 1999 3205 immisso
2048 3151 2246 3208 timore
2296 3151 2514 3208 Domini
2562 3169 2729 3226 super
2775 3171 2892 3224 eos,
2931 3171 2998 3212 ac
3031 3157 3079 3212 si
3121 3151 3343 3228 repente

1751 3247 1898 3297 totus
1930 3243 2170 3299 mundus
2209 3260 2374 3316 super
2399 3260 2494 3302 eos
2543 3255 2755 3315 rueret,
2792 3244 2977 3320 fugam
3009 3264 3201 3305 omnes
3231 3250 3338 3305 im-

1741 3333 2088 3404 moderatam
2127 3345 2375 3408 egerunt,
2415 3346 2472 3394 et
2501 3355 2532 3394 a
2555 3338 2785 3396 Francis
2833 3356 2934 3412 pro
2957 3357 3120 3412 posse
3144 3358 3338 3398 eorum

1746 3426 2020 3500 fugientes
2047 3426 2218 3500 fugati
2247 3439 2395 3486 sunt.
2432 3427 2540 3488 Sed
2562 3433 2692 3504 quia
2729 3449 2937 3504 paucos
2958 3450 3131 3507 equos
3164 3435 3336 3492 habe-

1743 3519 1878 3576 bant
1905 3529 1959 3575 et
1986 3520 2131 3577 fame
2158 3523 2384 3590 debiles,
2417 3541 2523 3581 non
2548 3533 2817 3596 quantum
2853 3535 3129 3598 oporteret
3153 3528 3218 3583 de
3241 3545 3338 3599 pa-

1743 3615 1901 3685 ganis
1925 3615 2306 3684 retinuerunt;
2341 3619 2571 3674 tentoria
2607 3629 2788 3675 autem
2815 3635 3004 3676 eorum
3028 3629 3223 3682 cuncta
3249 3637 3339 3676 res

1744 3714 2084 3762 manserunt.
2117 3705 2195 3762 De
2227 3707 2391 3763 rebus
2417 3723 2636 3779 quoque
2677 3725 2867 3765 eorum
2899 3710 3335 3767 multiformibus

1744 3798 1799 3852 in
1811 3798 2018 3855 eisdem
2030 3798 2280 3855 tentoriis
2291 3801 2652 3871 reperierunt,
2671 3816 2867 3857 aurum
2883 3803 3111 3870 scilicet,
3132 3819 3328 3875 argen-

1743 3901 1882 3960 tum,
1909 3891 2094 3963 pallia,
2137 3891 2476 3961 indumenta,
2508 3895 2784 3962 utensilia,
2827 3903 2882 3952 et
2913 3903 3107 3951 caetera
3136 3897 3332 3964 multa,

1742 3999 1868 4056 qua:
1903 3983 2058 4039 valde
2083 3983 2258 4039 timidi
2288 3999 2386 4055 per
2415 3998 2639 4054 campos
2667 3985 2902 4056 sparsim
2935 3985 3215 4058 fugiendo,
3242 3988 3329 4043 vel

1740 4075 2105 4141 dimittebant,
2129 4075 2216 4131 vel
2250 4074 2547 4145 jaciebant,
2589 4075 2841 4131 videlicet
2885 4093 3078 4148 equos,
3125 4079 3329 4145 mulos,

1741 4168 2002 4235 camelos,
2036 4176 2091 4223 et
2123 4167 2332 4234 asinos,
2361 4168 2684 4240 galerosque
2712 4169 2973 4239 optimos,
3017 4186 3202 4238 arcus,
3239 4188 3331 4228 sa-

1741 4261 1905 4333 gittas
1943 4275 2069 4317 cum
2112 4260 2406 4331 pharetris.
2437 4260 2600 4332 Fugit
2633 4259 2943 4333 Corbagath
2986 4277 3148 4319 cervo
3175 4263 3329 4320 velo-

1741 4357 1880 4422 cius,
1908 4355 2001 4426 qui
2032 4354 2198 4410 minis
2227 4363 2283 4410 et
2309 4354 2473 4410 dictis
2493 4362 2602 4409 tam
2633 4353 2767 4409 feris
2785 4354 3030 4412 Francos
3061 4356 3177 4426 jam
3203 4371 3327 4428 per-

1741 4459 1884 4514 saepe
1911 4444 2206 4500 occiderat.
2258 4441 2365 4498 Sed
2395 4458 2494 4498 cur
2540 4441 2680 4515 fugit
2723 4444 2817 4514 qui
2869 4452 3078 4500 tantam
3109 4455 3326 4517 gentem

85 4559 165 4612 pro
188 4549 380 4618 populo
401 4557 604 4603 cuncto
629 4546 861 4603 Domino
885 4545 1062 4601 ﬂendo
1085 4544 1410 4616 psallebant,
1437 4552 1492 4599 et
1521 4561 1638 4616 pre-
1668 4573 1712 4630 ο
1739 4535 1991 4630 habebat,
2008 4544 2073 4630 et
2103 4536 2426 4630 equisgbene
2472 4536 2741 4630 munitam
2765 4538 2788 4590 ?
2827 4535 3099 4604 Quoniam
3133 4548 3325 4595 contra

77 4653 152 4694 ωε
175 4641 500 4712 multiplices
556 4640 829 4696 mentibus
879 4639 1090 4695 devotis
1131 4637 1449 4692 fundebant.
1497 4636 1635 4691 Tum
1671 4628 1688 4630 ⁷
1741 4629 1912 4684 Deum
1937 4628 2139 4685 bellare
2164 4628 2474 4696 nitebatur;
2499 4628 2659 4700 cujus
2684 4645 2939 4700 pompam
2965 4639 3019 4684 et
3034 4630 3324 4686 arbitrium

76 4731 265 4798 quidam
297 4731 540 4800 Turcus,
587 4730 882 4786 Amirdalis
911 4730 1156 4797 nomine,
1207 4729 1397 4784 militia
1424 4729 1637 4800 probis-

75 4821 251 4890 simus,
293 4841 425 4881 cum
474 4823 696 4880 vidisset
762 4832 976 4893 gentem
1019 4812 1263 4878 nostram
1305 4831 1495 4878 contra
1540 4837 1636 4877 eos

73 4913 216 4983 signis
235 4916 430 4974 levatis
457 4916 538 4972 sic
563 4915 948 4988 egredientem,
979 4914 1211 4969 miratus
1239 4922 1322 4970 est
1342 4913 1632 4969 vehemen-

72 5013 151 5060 ter.
175 5006 236 5063 Et
253 5026 379 5066 cum
405 5011 563 5082 signa
581 5025 868 5082 procerum
896 5018 1212 5066 nostrorum
1237 5009 1481 5076 vidisset,
1501 5024 1628 5078 qua:

71 5096 314 5167 sigillatim
336 5103 728 5174 cognoscebat,
753 5101 882 5172 quia
909 5100 967 5155 in
993 5100 1283 5156 Antiochia
1311 5099 1626 5155 conversari

68 5190 263 5260 solebat,
283 5195 539 5266 praelium
584 5211 714 5249 mox
754 5193 872 5250 fore
898 5204 1054 5250 ratus
1099 5204 1201 5250 est.
1235 5193 1391 5260 Quod
1439 5194 1624 5249 statim

67 5277 340 5356 Corbagath
365 5286 643 5342 admirato
664 5285 860 5357 majori
889 5285 1177 5342 intimavit.
1209 5305 1228 5338 ‹
1251 5285 1392 5353 Quid
1417 5287 1626 5342 scaccis

70 5369 224 5431 ludis?
249 5376 329 5433 En
373 5378 575 5434 Franci
619 5379 863 5434 veniunt.
900 5399 918 5432 ι
954 5377 1058 5434 Cui
1103 5378 1424 5449 respondit:
1463 5397 1481 5430 α
1522 5377 1624 5433 Ve-

66 5465 263 5525 niuutne
331 5472 401 5527 ad
466 5471 819 5528 bellandum?
875 5490 894 5524 ι
931 5470 1234 5542 Respondit
1277 5470 1619 5526 Amirdalis:

71 5572 86 5603 σ
113 5556 287 5616 Adhuc
316 5561 516 5632 ignoro
541 5579 554 5613 :
589 5559 686 5616 sed
709 5570 959 5631 exspecta
974 5575 1290 5632 parumper.
1322 5580 1341 5611 ι
1371 5560 1622 5632 Cumque

65 5653 230 5702 lterum
255 5651 531 5722 prospicit
553 5649 752 5706 vexilla
771 5651 1074 5722 principum
1094 5659 1408 5708 nostrorum
1436 5653 1623 5708 altrin-

66 5751 197 5796 secus
239 5743 492 5799 ordinate
537 5740 804 5813 praeferri,
843 5752 897 5800 et
941 5743 1088 5800 acies
1117 5743 1320 5801 divisas
1367 5745 1621 5799 decenter

67 5833 310 5907 subsequi,
364 5837 566 5891 iterum
629 5835 701 5888 ait
746 5835 1044 5908 Corbagath
1092 5857 1104 5891 :
1149 5857 1167 5891 ι
1220 5835 1358 5893 Ecce
1398 5836 1613 5912 Franci.

1735 4722 2076 4794 prospiciens
2105 4719 2393 4790 Dominus,
2417 4722 2646 4778 omnino
2685 4725 2940 4778 cassavit.
2988 4720 3099 4778 Nec
3137 4731 3321 4778 tamen

1733 4814 1982 4884 permisit
2007 4829 2134 4870 eum
2175 4813 2233 4869 in
2280 4827 2478 4870 manus
2526 4812 2865 4869 Francorum
2912 4813 3171 4881 incidere,
3219 4829 3321 4871 nec

1733 4907 1934 4962 milites
1963 4922 2116 4974 suos,
2149 4907 2277 4978 quia
2303 4907 2546 4978 quotidie
2570 4923 2678 4962 non
2710 4923 2769 4962 se
2807 4907 3092 4962 ulciscitur
3116 4907 3184 4962 de
3208 4908 3319 4962 ini-

1732 5000 1892 5056 micis
1939 4999 2075 5056 suis.
2133 4999 2200 5054 Et
2248 5001 2511 5072 quoniam
2549 5013 2721 5068 equos
2769 4999 3041 5054 habebant
3078 4999 3316 5069 veloces,

1731 5092 2040 5163 effugerunt
2063 5111 2078 5161 ;
2101 5093 2363 5148 lentiores
2389 5107 2520 5147 vero
2551 5092 2754 5147 nostris
2782 5091 3007 5147 Francis
3033 5107 3316 5149 remanse-

1730 5196 1877 5242 runt.
1906 5185 2059 5241 Multi
2094 5195 2274 5240 autem
2304 5201 2370 5240 ex
2403 5183 2484 5240 eis
2510 5193 2563 5238 et
2591 5184 2658 5238 de
2687 5183 2957 5254 peditibus
2993 5181 3315 5243 Sarraccnis

1728 5278 1923 5351 gladiis
1953 5277 2258 5334 detruncati
2291 5285 2438 5332 sunt.
2477 5275 2550 5330 De
2573 5276 2778 5331 nostris
2805 5284 2986 5330 autem
3018 5277 3178 5348 pauci
3198 5279 3315 5335 laesi

1729 5381 1877 5428 sunt.
1906 5371 2162 5426 Feminas
2201 5384 2329 5425 vero
2356 5370 2409 5423 in
2437 5368 2688 5424 tentoriis
2708 5384 2896 5423 eorum
2925 5369 3177 5427 inventas
3196 5373 3314 5442 gla-

1725 5464 1818 5519 dio
1845 5461 2252 5517 interfecerunt.
2300 5459 2456 5516 Tunc
2501 5475 2694 5515 omnes
2737 5474 2870 5516 voce
2925 5460 3311 5518 exsultationis

1724 5554 1895 5610 Deum
1923 5552 2336 5620 benedixi-erunt,
2365 5560 2420 5607 et
2453 5551 2913 5623 glorificaverunt,
2946 5552 3042 5622 qui
3078 5553 3136 5608 in
3158 5560 3310 5607 tanta

1723 5646 2046 5703 necessitate
2070 5643 2278 5715 positos
2303 5653 2357 5700 et
2376 5644 2670 5712 anxietate,
2699 5643 2920 5700 dextera
2953 5644 3171 5715 pietatis
3193 5658 3308 5700 sua

1721 5747 2002 5810 sperantes
2026 5737 2080 5792 in
2113 5752 2191 5802 se,
2219 5738 2289 5793 ab
2329 5738 2579 5793 hostibus
2605 5747 2718 5792 tam
2763 5735 3010 5791 trucibus
3034 5736 3302 5790 liberave-

1720 5841 1824 5888 rat.
1859 5831 2044 5910 Sedet
2087 5829 2221 5900 ipsis
2265 5829 2513 5897 devictis,
2567 5823 3302 5912 Liumphazorcsindcwfacti
