3850 6310
490 387 594 443 857

1059 375 1148 430 AD
1185 365 1636 430 GODEFRIDUM
1674 360 1964 418 APPEND.
2005 359 2068 416 ll.
2110 390 2178 400 -—-
2217 355 2488 414 NONUM.
2529 353 2616 410 DE
2653 349 2874 409 BELLO
2915 345 3161 408 SACRO.
3613 353 3696 413 ω

492 499 890 577 gloriabantur.
922 491 999 548 De
1025 504 1261 561 quorum
1295 487 1459 543 etiam
1494 480 1802 538 substantia
1831 476 2076 548 locuple-
2106 471 2152 537 Α
2178 483 2326 531 ctum
2358 481 2604 530 castrum
2629 470 2923 540 plusquam
2949 477 3170 524 centum
3207 480 3397 522 eorum
3429 467 3606 526 militet
3636 472 3702 528 in-

489 571 574 650 tes
611 587 809 654 effecti,
842 584 908 640 ad
934 583 1124 639 urbem
1163 577 1393 651 regressi
1419 582 1548 676 sunt
1577 571 1824 644 iocundi.

498 724 640 780 Urbs
668 735 794 778 cum
831 726 986 789 capta
1014 713 1116 770 fuit
1146 721 1254 768 tam
1291 709 1488 782 nobilis
1515 705 1877 772 Antiochcna,

494 815 767 873 Undecies
791 819 1032 874 centum,
1057 807 1115 862 si
1147 795 1421 858 subtrahis
1455 800 1579 872 inde
1605 799 1689 853 bis
1718 810 1912 863 unum,

493 906 653 961 Tunc
689 912 770 959 tot
801 909 956 957 erant
979 895 1108 952 anni
1133 892 1350 949 Domini
1378 891 1445 945 de
1476 889 1692 960 Virgine
1713 886 1849 941 nati.

498 997 614 1053 Sub
638 991 868 1067 geminis
892 986 1132 1043 thbus
1161 998 1287 1039 cum
1322 982 1410 1038 bis
1434 980 1622 1036 novies
1644 977 1747 1033 fuit
1768 985 1942 1031 ortus.

489 1132 650 1186 Tunc
685 1123 948 1195 temporis
997 1120 1136 1176 obiit
1175 1118 1482 1175 Ademarus
1513 1115 1822 1186 episwpus,
1849 1109 2081 1184 Kalend.

493 1223 703 1279 scilicet
729 1215 985 1288 Augusti,
1011 1213 1171 1284 cujus
1189 1211 1372 1268 anima
1397 1209 1581 1281 quiete
1604 1208 1839 1280 potiatur
1858 1212 2082 1260 interna.

493 1311 561 1368 Et
591 1321 722 1366 tunc
769 1306 926 1378 ilugo
955 1304 1196 1374 Magnus
1237 1298 1775 1370 Constantinopolim
1817 1309 2085 1352 concessu

490 1405 726 1462 heroum
755 1400 912 1469 abiit,
939 1397 1134 1454 deinde
1156 1395 1213 1450 in
1237 1393 1551 1450 Franciam.

1101 1526 1333 1586 CAPUT
1357 1525 1479 1581 XV.

571 1671 667 1727 llis
699 1669 867 1742 gestis
902 1665 1180 1731 omnibus,
1224 1662 1424 1734 inclyta
1455 1658 1764 1731 principum
1793 1666 1972 1712 turma
2001 1664 2073 1710 to-

497 1766 611 1820 tius
634 1761 911 1818 exercitus
931 1757 1220 1828 epistolam
1265 1754 1409 1809 hanc
1451 1751 1699 1808 Romano
1725 1747 1967 1821 pontiﬁci
2002 1745 2088 1802 di-

2181 574 2496 631 traverunt;
2530 579 2595 619 ac
2623 577 2722 633 per
2748 569 2962 632 portam
2993 560 3171 630 ipsius
3189 559 3358 616 castri
3389 558 3454 614 ad
3479 561 3700 620 civitatem

2181 659 2283 717 sub
2305 669 2485 714 castro
2520 656 2895 722 constitutam,
2929 649 3092 709 nobis
3131 653 3351 723 illisque
3391 666 3702 726 communem,

2182 754 2488 824 irrumpere
2527 749 2837 805 voluerunt.
2871 745 2984 802 Nos
3013 754 3196 801 autem
3225 745 3280 800 in
3303 745 3414 800 alio
3432 755 3599 801 monte
3619 751 3704 802 exi-

2183 852 2388 900 Stentes
2422 837 2526 913 ipsi
2551 849 2735 896 castro
2763 839 3036 909 opposito,
3065 838 3214 892 viam
3279 835 3421 890 inter
3448 845 3706 908 ,utrumque

2183 932 2483 990 exercitum
2511 931 2579 986 ad
2609 930 2885 986 civitatem
2907 927 3356 992 descendentem,
3378 940 3444 980 ne
3468 925 3562 994 ipsi
3594 928 3708 983 nobis

2185 1026 2359 1080 multo
2385 1025 2569 1094 plures
2606 1023 2994 1092 irrumperent,
3017 1017 3412 1083 custodientes,
3441 1026 3493 1070 et
3521 1017 3643 1072 intus
3673 1030 3711 1074 ct

2184 1127 2341 1174 extra
2365 1125 2524 1172 nocte
2549 1122 2604 1170 et
2625 1112 2716 1169 die
2747 1113 3034 1177 bellantes,
3062 1118 3251 1180 portas
3284 1107 3455 1163 castri
3485 1106 3548 1161 ad
3569 1109 3713 1162 civita-

2189 1221 2296 1266 tem
2339 1207 2731 1265 descendentes
2759 1205 3066 1270 intrare,.et
3086 1201 3358 1256 adcastra
3410 1199 3713 1268 compulimus

2188 1315 2453 1358 remeare.
2466 1302 2617 1356 Cum
2641 1310 2776 1369 ergo
2788 1295 3055 1350 vidissent
3071 1293 3219 1365 quod
3242 1308 3311 1348 ex
3339 1291 3428 1346 illa
3450 1301 3588 1361 parte
3612 1290 3713 1345 nihil

2189 1409 2386 1449 nocere
2414 1391 2743 1463 potuissent,
2791 1389 2865 1444 ita
2918 1401 3022 1442 nos
3049 1403 3116 1442 ex
3143 1384 3300 1441 omni
3348 1392 3496 1454 parte
3529 1384 3713 1438 circuie-

2192 1495 2341 1553 runt,
2393 1483 2541 1556 quod
2574 1483 2707 1538 nulli
2735 1497 2802 1537 ex
2836 1480 3042 1536 nostris
3077 1479 3176 1545 ire,
3208 1477 3293 1532 vel
3343 1476 3413 1531 ad
3459 1491 3553 1531 nos
3576 1491 3717 1531 ventre

2188 1586 2508 1650 potuerunt.
2553 1574 2674 1643 Qua
2712 1575 2781 1629 de
2810 1587 2868 1628 re
2899 1573 2973 1628 ita
3007 1570 3242 1627 desolati
3277 1579 3332 1624 et
3355 1567 3533 1623 afﬂicti
3571 1581 3717 1624 omnes

2191 1671 2418 1738 luimus,
2449 1668 2594 1740 quod
2645 1666 2789 1721 fame
2823 1674 2879 1721 et
2901 1663 3092 1720 multis
3140 1661 3414 1733 angustiis
3455 1660 3718 1726 morientes,

2190 1779 2364 1836 equos
2411 1775 2466 1818 et
2513 1760 2699 1816 asinos
2746 1766 2972 1814 nostros
3029 1755 3316 1811 famelicos
3367 1751 3719 1816 interﬁcientts,

500 1861 764 1912 rexerunt
789 1870 802 1906 :
834 1869 853 1903 ι
891 1825 1125 1905 Ι)οῇιίηο
1148 1852 1340 1902 sancto
1364 1858 1430 1899 ac
1455 1841 1755 1898 venerabili
1802 1854 1955 1910 papas
1975 1835 2090 1893 Un-
2122 1825 2167 1885 Β
2193 1825 2350 1914 ,ηὐιιί
2375 1863 2626 1911 nostrum
2653 1851 3033 1908 comederunt.
3068 1847 3177 1904 sed
3203 1847 3445 1913 interim,
3465 1844 3721 1900 οιεωεηιίε.

498 1963 656 2014 ιλκο,
678 1944 1026 2008 Βολιιυθωυε,
1061 1945 1116 1995 et
1155 1937 1482 1992 Rtvuusnus
1515 1931 1706 1988 Sancti
1749 1929 1952 2004 .lEgidii
1999 1943 2093 1985 co-

503 2019 643 2104 mes,
693 2036 1039 2092 Gonsrumus
1086 2030 1197 2085 dux
1234 2025 1630 2089 Lothariensis,
1673 2032 1730 2079 et
1768 2022 2094 2078 Rorssnrus

503 2144 688 2186 comes
715 2121 1146 2189 Northmannite,
1189 2119 1519 2175 Rorssnrus
1554 2114 1973 2170 Flandrensium
2001 2126 2095 2169 eos

501 2237 641 2287 mes,
664 2227 718 2275 et
738 2216 1078 2273 Eusncmus
1102 2227 1289 2268 comes
1315 2209 1578 2276 Bolonize,
1610 2206 1873 2285 Salutem,
1900 2214 1952 2260 et
1970 2203 2095 2260 ﬁde-

501 2315 575 2368 lia
606 2309 850 2377 servitia,
875 2315 932 2363 et
959 2313 1018 2361 ut
1056 2304 1154 2360 ﬁlii
1176 2317 1280 2360 suo
1309 2301 1451 2374 patri
1499 2295 1770 2373 spirituali
1817 2311 2004 2352 veram
2038 2296 2094 2350 in

501 2403 725 2462 Christo
751 2401 1170 2473 subiectionem.
1205 2397 1474 2454 Volumus
1495 2410 1690 2450 omnes
1729 2402 1784 2448 et
1812 2391 2094 2448 desidera—

503 2514 630 2553 mus
655 2505 845 2552 notum
871 2493 988 2551 ﬁeri
1012 2493 1192 2561 vobis,
1223 2505 1390 2562 quam
1420 2502 1618 2560 magna
1661 2484 1756 2541 Dei
1781 2483 2097 2540 misericor-

505 2591 616 2658 dia,
645 2601 923 2661 quamque
940 2584 1353 2642 evidentissima
1383 2581 1502 2652 ejus
1525 2578 1858 2636 adminiculo
1882 2591 1911 2630 a
1937 2574 2095 2630 nobis

506 2689 664 2752 capta
703 2687 789 2735 est
830 2676 1142 2744 Antiochia,
1172 2681 1229 2731 et
1271 2671 1458 2741 Turci,
1499 2670 1595 2742 qui
1642 2668 1815 2725 multa
1861 2665 2098 2722 Domino

509 2783 698 2829 nostro
725 2769 856 2828 Jesu
884 2769 1181 2826 intulerant
1205 2764 1523 2838 opprobria,
1564 2762 1709 2834 capti
1737 2768 1791 2816 et
1825 2757 2096 2814 interfecti

510 2871 641 2920 sunt
664 2882 679 2932 ;
705 2871 761 2919 et
781 2875 885 2918 nos
924 2856 1406 2932 Hierosolymitani
1443 2854 1573 2909 Jesu
1610 2850 1814 2908 Christi
1837 2850 2096 2923 iniuriam

509 2958 716 3014 summi
741 2955 840 3012 Dei
864 2953 1266 3009 vindicavimus
1290 2968 1304 3019 ;
1329 2959 1384 3006 et
1412 2961 1535 3016 nos,
1581 2947 1675 3018 qui
1707 2941 1915 3000 Tureos
1945 2943 2098 3015 prius

511 3050 923 3115 obsederamus,
953 3046 1190 3119 qualiter
1221 3052 1412 3115 postea
1433 3057 1464 3095 a
1485 3037 1680 3095 Turcis
1702 3038 1768 3094 de
1793 3033 2098 3115 Corozana,

511 3155 568 3203 et
599 3141 962 3208 Hierusalem,
1003 3148 1059 3194 et
1098 3134 1387 3202 Damasco,
1440 3132 1734 3202 multisque
1773 3127 1894 3184 aliis
1940 3126 2100 3184 terris

512 3232 857 3289 venientibus
882 3228 1096 3286 obsessi
1125 3227 1330 3282 fuimus
1359 3244 1374 3294 ;
1405 3233 1460 3281 et
1481 3220 1757 3296 quomodo
1782 3219 1912 3276 Jesu
1940 3219 2102 3275 Chri-

513 3326 584 3383 sti
625 3322 1001 3380 misericordia
1048 3319 1268 3377 liberati
1312 3331 1526 3374 sumus.
1557 3315 1698 3372 Cum
1750 3314 1916 3387 igitur
1943 3313 2101 3383 capta

511 3417 732 3473 Nicaena
755 3416 868 3484 illa,
896 3413 1196 3470 maximam
1227 3409 1632 3466 multitudinem
1666 3405 1993 3472 Turcorum,
2025 3403 2102 3459 si-

513 3519 608 3567 cut
634 3509 886 3575 audistis,
909 3507 964 3561 in
996 3504 1224 3561 Kalend.
1247 3502 1378 3558 Julii
1403 3501 1562 3557 nobis
1585 3501 1800 3556 obviam
1831 3499 1886 3553 in
1909 3510 2102 3567 campo

513 3601 706 3656 florido
724 3599 1138 3664 devicissemus,
1169 3605 1223 3652 et
1246 3595 1400 3650 illum
1424 3609 1683 3664 magnum
1709 3591 2101 3662 Solymannum

515 3692 936 3764 fugavissemus,
985 3689 1212 3759 suisque
1253 3684 1513 3742 omnibus
1550 3693 1606 3740 et
1650 3692 1798 3739 terra
1846 3691 1900 3737 et
1937 3681 2102 3737 rebus

515 3781 1000 3852 exspoliassemus,
1033 3778 1301 3849 acquisita
1343 3784 1397 3832 et
1432 3775 1714 3847 paciﬁcata
1758 3781 1869 3828 tota
1896 3770 2100 3827 Roma-

515 3875 628 3940 nia,
657 3874 726 3929 ad
757 3872 1116 3928 obsidendum
1155 3868 1502 3926 Antiochiam
1541 3867 1813 3922 venimus.
1845 3864 2018 3935 Cujus
2044 3864 2102 3919 in

516 3965 803 4021 obsidione
825 3965 997 4019 multa
1023 3963 1166 4018 mala
1187 3961 1430 4034 perpessi
1459 3975 1674 4025 sumus,
1700 3967 1817 4013 tum
1848 3956 1918 4012 de
1946 3955 2103 4012 bellis

513 4054 876 4109 ﬁnitimorum
923 4051 1228 4108 Turcorum
1278 4060 1332 4107 et
1368 4064 1703 4122 paganorum
1745 4047 1800 4102 in
1849 4062 1952 4102 nos
1989 4055 2102 4101 tam

517 4149 830 4218 frequenter
855 4155 909 4201 et
933 4145 1153 4218 cupiose
1199 4144 1546 4211 irruentium,
1575 4151 1637 4198 ut
1680 4141 1864 4197 verius
1889 4140 2101 4195 dicere-

517 4254 644 4294 mur
662 4238 876 4294 obsessi
907 4238 976 4294 ab
1004 4238 1084 4294 eis
1105 4253 1245 4309 quos
1270 4238 1325 4291 in
1371 4234 1660 4290 Antiochia
1686 4233 2099 4288 obsederamus.

517 4329 1077 4400 Tandem,superatis
1123 4329 1380 4385 omnibus
1423 4327 1602 4393 bellis,
1633 4340 1702 4380 ex
1749 4337 1941 4379 eorum
1970 4337 2100 4393 pro-

517 4439 677 4495 spero
692 4433 889 4479 eventu
909 4422 1043 4478 ﬁdes
1065 4421 1377 4477 Christiana
1403 4420 1638 4474 exaltata
1659 4424 1762 4483 est,
1792 4416 1898 4471 hoc
1918 4415 2099 4471 modo.

2193 1951 2332 2006 sima
2395 1947 2491 2003 Dei
2539 1942 2935 2015 omnipotentis
2987 1939 3366 1996 misericordia
3391 1937 3545 1992 nobis
3567 1936 3723 1991 subve-

2193 2041 2397 2107 niente,
2427 2047 2483 2094 et
2509 2053 2609 2108 pro
2633 2037 2795 2092 nobis
2828 2035 3112 2106 vigilante,
3142 2033 3390 2087 lanceam
3416 2027 3723 2090 Dominicam,

2193 2146 2301 2202 qua
2326 2129 2638 2185 Salvatoris
2668 2127 2842 2183 nostri
2866 2127 3009 2181 latus
3039 2121 3272 2195 Longini
3311 2119 3556 2175 manibus
3587 2115 3726 2187 perio-

2194 2231 2374 2278 ratum
2401 2221 2525 2288 fuit,
2567 2232 2760 2276 sancto
2796 2217 3013 2274 Andrea
3051 2214 3301 2288 apostolo
3332 2210 3544 2269 cuidam
3566 2207 3727 2262 famulo

2194 2313 2292 2370 Dei
2331 2322 2414 2370 ter
2458 2313 2754 2379 revelante,
2803 2311 2987 2367 locum
3021 2309 3190 2365 etiam
3215 2307 3310 2362 ubi
3353 2305 3536 2360 lancea
3558 2301 3730 2372 iacebat

2193 2405 2627 2470 demonstrante,
2650 2401 2704 2457 in
2748 2401 2981 2458 ecclesia
3034 2398 3181 2455 beati
3230 2395 3379 2452 Petri
3412 2391 3729 2464 apostolorum

2193 2495 2457 2567 principis
2508 2493 2841 2548 invenimus.
2909 2489 3084 2562 Cuius
3138 2488 3476 2556 inventione,
3543 2484 3733 2554 aliisque

2195 2587 2387 2644 multis
2405 2586 2604 2643 divinis
2624 2583 3050 2640 revelationibus
3078 2583 3152 2637 ita
3182 2579 3473 2638 confortati
3501 2589 3553 2636 et
3581 2593 3733 2635 corro-

2196 2677 2374 2735 borati
2405 2676 2634 2743 fuimus,
2672 2687 2735 2731 ut
2754 2675 2852 2746 qui
2879 2683 3042 2730 antea
3072 2673 3264 2730 amicti
3293 2682 3350 2728 et
3377 2671 3548 2744 pavidi
3591 2668 3735 2726 lucra.

2195 2785 2342 2837 mus,
2378 2778 2511 2824 tunc
2552 2767 2623 2824 ad
2655 2768 3012 2839 przeliandum
3047 2767 3402 2826 audacissini
3445 2763 3739 2836 proram.

2196 2861 2386 2932 mique
2417 2859 2511 2914 alii
2551 2859 2692 2914 alios
2743 2857 3120 2914 hortabamur.
3151 2855 3352 2914 Tribus
3389 2856 3552 2927 igitur
3569 2853 3735 2908 bellio—

2196 2954 2377 3010 madis
2415 2961 2469 3010 ct
2509 2962 2760 3026 quatuor.
2779 2952 2976 3010 diebus
2999 2952 3232 3016 obsessi.
3259 2951 3317 3006 in
3345 2950 3528 3024 vigilia
3559 2956 3739 3020 aposto-

2199 3046 2379 3102 lorum
2405 3043 2551 3102 Petri
2573 3054 2629 3102 et
2650 3043 2804 3100 Pauli
2831 3044 2890 3099 in
2914 3041 3026 3099 Deo
3046 3041 3406 3110 conﬁdentes,
3435 3041 3502 3098 de
3523 3038 3734 3096 omniin:

2127 3176 2173 3238 Ο
2201 3135 2589 3208 iniquitatibus
2623 3135 2829 3192 uostris
2873 3132 3135 3201 confessi,
3171 3142 3360 3205 portas
3401 3131 3622 3188 civitatis
3643 3144 3738 3185 cun

2198 3230 2354 3286 omni
2395 3238 2585 3285 nostro
2640 3227 2838 3284 bellico
2883 3235 3151 3299 apparatu
3210 3226 3513 3292 exivimus;
3563 3231 3616 3280 et
3656 3231 3741 3276 tam

2196 3323 2364 3394 pauci
2387 3337 2630 3389 eramus,
2665 3321 2814 3393 quod
2843 3322 2950 3392 ipsi
2973 3337 3076 3378 nos
3097 3337 3210 3377 non
3246 3332 3437 3377 contra
3463 3333 3558 3376 eos
3575 3331 3744 3388 pigm-

2201 3429 2284 3482 re,
2318 3413 2415 3470 sed
2463 3413 2654 3486 fugere
2691 3412 3056 3468 afﬁrmabant.
3101 3411 3270 3468 Nobis
3313 3420 3498 3468 autem
3532 3408 3745 3466 omnibus

2197 3506 2426 3576 paratis,
2451 3515 2507 3560 et
2533 3515 2645 3560 tam
2675 3505 2917 3576 peditum
2951 3520 3118 3575 quam
3157 3504 3396 3559 militum
3440 3502 3597 3558 certis
3625 3498 3746 3554 ordio

2197 3598 2366 3652 nibus
2385 3595 2685 3666 dispositis,
2712 3595 2805 3650 ubi
2834 3595 3009 3666 maior
3030 3611 3223 3651 eorum
3244 3595 3422 3651 virtus
3449 3602 3504 3650 et
3525 3589 3748 3648 fertitudo

2203 3700 2320 3746 erat
2342 3689 2600 3744 audacter
2635 3689 3047 3758 requisivimus,
3092 3703 3219 3744 cum
3250 3688 3442 3743 lancea
3485 3685 3748 3747 Dominica,

2202 3791 2256 3837 et
2281 3781 2457 3853 prima
2480 3780 2606 3835 belli
2631 3781 2866 3835 statione
2892 3778 3081 3850 fugere
3100 3793 3199 3835 eos
3229 3778 3536 3849 coegimus.
3565 3775 3750 3846 lpsiauo

2204 3881 2337 3942 tem,
2360 3881 2422 3928 ut
2448 3887 2568 3928 mos
2592 3887 2784 3927 eorum
2830 3879 2936 3938 est,
2969 3871 3212 3942 undique
3247 3886 3308 3926 se
3337 3869 3638 3941 dispergere
3662 3879 3752 3921 ctr-

2198 3975 2430 4039 perunt;
2479 3965 2799 4036 occupando
2835 3966 3007 4022 colles
3039 3974 3096 4021 et
3121 3965 3262 4031 vias,
3289 3963 3604 4034 ubicunque
3628 3967 3754 4030 pote-

2199 4068 2330 4114 rant
2363 4072 2466 4114 nos
2493 4071 2688 4130 gyrare
2713 4055 3026 4112 voluerunt.
3062 4054 3154 4110 Sic
3176 4055 3327 4110 enim
3358 4070 3463 4110 nos
3485 4067 3665 4108 omnes
3687 4050 3754 4103 in-

2203 4149 2452 4204 terﬁcere
2491 4155 2844 4218 putaverunt.
2875 4143 2982 4201 Sed
3012 4145 3172 4200 nobis
3201 4144 3394 4201 multis
3422 4143 3578 4200 bellis
3597 4149 3755 4198 contra

2203 4257 2399 4298 eorum
2427 4240 2754 4297 calliditates
2789 4246 2846 4294 et
2880 4237 3100 4310 ingenia
3145 4236 3380 4304 edoctis,
3422 4236 3592 4308 gratia
3619 4232 3759 4288 Deiel

2203 4334 2582 4392 misericordia
2615 4334 2689 4389 ita
2717 4332 2992 4398 subvenit,
3026 4340 3088 4386 ut
3115 4330 3212 4401 qui
3253 4329 3577 4401 paucissimi
3602 4327 3663 4382 ad
3682 4339 3758 4380 eo-

2203 4443 2327 4484 rum
2341 4425 2803 4497 eomparationem
2817 4439 3061 4491 eramus,
3076 4438 3269 4479 omnes
3285 4421 3477 4478 illosin
3490 4435 3652 4476 unum
3662 4433 3762 4474 coe-

515 4517 632 4588 Ego
663 4515 1036 4583 Boamundus,
1090 4513 1452 4570 conventione
1504 4510 1648 4566 facta
1695 4524 1821 4565 cum
1862 4509 2094 4580 quodam

2207 4519 2407 4590 gimus,
2438 4526 2494 4572 et
2519 4525 2760 4583 coactos,
2784 4515 3008 4571 dextera
3031 4515 3127 4570 Dei
3157 4515 3447 4571 nobiscum
3472 4513 3759 4574 dimicante,

517 4608 721 4676 Turco,
750 4610 846 4680 qui
895 4608 1070 4678 ipsam
1116 4607 1252 4661 mihi
1302 4601 1527 4659 tradidit
1576 4603 1872 4670 civitatem,
1925 4601 2103 4657 scalas

518 4709 644 4756 ante
671 4701 816 4756 diem
851 4713 1047 4769 parum
1104 4711 1266 4751 muro
1301 4693 1536 4764 applicui
1566 4711 1581 4760 ;
1607 4700 1665 4747 et
1719 4693 1800 4748 sic
1829 4691 2103 4748 civitatem

517 4801 678 4848 antea
717 4789 940 4846 Christo
990 4787 1336 4844 resistentem
1377 4801 1438 4841 ιιι
1486 4781 1670 4840 Nonas
1714 4781 1844 4839 Julii
1889 4783 2103 4854 accepi-

516 4899 664 4952 mus,
691 4891 746 4940 et
790 4881 1113 4938 Gratianum
1153 4880 1328 4950 ipsius
1367 4877 1602 4935 civitatis
1655 4885 1946 4951 tyrannum
1975 4891 2103 4933 cum

515 4974 708 5030 multis
779 4988 1006 5029 suorum
1069 4970 1333 5025 militibus
1398 4967 1790 5025 interfecimus.
1865 4968 2100 5024 Eorum-

519 5084 628 5140 que
695 5081 941 5133 uxores,
993 5064 1134 5119 ﬁlios
1201 5079 1266 5120 ac
1323 5062 1559 5120 familias
1583 5059 1608 5131 ,'
1664 5079 1792 5119 eum
1854 5079 1992 5119 auro
2049 5073 2105 5120 et

516 5167 765 5230 argento,
797 5165 851 5212 et
870 5156 1127 5211 omnibus
1148 5170 1338 5211 eorum
1361 5157 1822 5227 possessionibus,
1868 5156 2100 5212 retinui-

515 5264 667 5305 mus.
693 5246 950 5322 Castrum
986 5255 1172 5303 autem
1222 5247 1645 5304 Antiochianutn
1679 5264 1709 5303 a
1735 5247 1932 5304 Turcis
1967 5264 2102 5319 prae-

518 5339 793 5396 munitum
841 5339 1042 5395 habere
1068 5353 1177 5394 non
1200 5339 1499 5410 potuimus.
1537 5339 1644 5394 Sed
1672 5354 1799 5394 cum
1821 5339 1877 5394 in
1902 5340 2101 5395 crasti-

517 5447 654 5487 num
684 5443 926 5487 castrum
956 5431 1136 5503 ipsum
1165 5432 1385 5504 aggredi
1406 5432 1798 5500 voluissemus,
1830 5431 2099 5487 inﬁnitam

518 5522 825 5578 Turcorum
863 5523 1292 5591 multitudinem,
1342 5537 1510 5594 quam
1560 5524 1749 5579 multis
1797 5523 1992 5578 diebus
2030 5521 2099 5578 ad

519 5605 897 5672 debellandum
947 5617 1234 5674 nobiscum
1282 5623 1569 5672 venturam
1628 5624 1783 5670 extra
1823 5615 2100 5670 civitatem

519 5716 1055 5780 exspectaveramus,
1089 5726 1187 5781 per
1211 5724 1434 5780 campos
1480 5721 1673 5764 omnes
1701 5707 2100 5763 discurrentem

521 5803 779 5862 vidimus.
832 5803 936 5873 Qui
965 5805 1054 5863 die
1081 5806 1242 5866 tertia
1280 5821 1381 5862 nos
1432 5804 1786 5872 obsederunt,
1828 5811 1882 5860 et
1905 5804 2101 5874 praedi-

1338 5898 1427 5904 __.-._
1437 5897 1486 5904 .—
1517 5896 1543 5902 -
1553 5894 1684 5903 .-.ο

2204 4609 2415 4682 fugere,
2448 4619 2504 4665 et
2526 4620 2706 4665 castra
2734 4623 2864 4664 cum
2905 4607 3164 4663 omnibus
3191 4622 3314 4677 quae
3334 4607 3394 4664 in
3420 4607 3619 4662 castris
3633 4610 3763 4660 erant

2199 4701 2516 4770 relinquere
2559 4697 2947 4768 compulimus.
3003 4696 3216 4763 Quibus
3263 4695 3527 4763 devictis,
3575 4704 3763 4762 totaque

2201 4792 2293 4848 die
2315 4790 2536 4862 fugatis,
2560 4798 2614 4845 et
2638 4789 2827 4844 multis
2869 4803 3062 4843 eorum
3095 4786 3342 4842 millibus
3362 4784 3680 4850 interfectis,
3709 4778 3765 4835 ad

2201 4885 2481 4940 civitatem
2523 4883 2631 4940 laeti
2659 4892 2715 4938 et
2752 4883 2954 4939 hilares
2987 4883 3374 4938 remeavimus.
3415 4879 3669 4938 Castrum
3693 4892 3766 4932 au-

2201 4983 2314 5032 tem
2343 4976 2718 5047 supradictum
2764 4975 3068 5030 admiratus
3103 4974 3349 5045 quidam,
3374 4974 3471 5045 qui
3494 4973 3554 5029 in
3580 4984 3646 5029 eo
3671 4977 3767 5025 erat

2203 5079 2330 5121 cum
2367 5067 2515 5121 mille
2529 5065 2867 5133 hominibus,
2888 5064 3209 5121 Boamundo
3245 5079 3305 5120 se
3331 5064 3598 5132 reddidit,
3618 5070 3670 5120 et
3690 5074 3767 5132 per

2201 5157 2378 5228 ipsius
2412 5173 2638 5213 manum
2679 5156 3010 5214 Christianae
3040 5172 3100 5213 se
3143 5156 3266 5212 ﬁdei
3295 5156 3634 5212 unanimiter
3660 5151 3768 5210 Sub-

2196 5249 2428 5321 iugavit.
2467 5248 2656 5321 Itaque
2691 5249 2959 5306 Dominus
2989 5260 3174 5306 noster
3220 5248 3385 5307 Iesus
3427 5249 3681 5306 Christus
3701 5256 3769 5302 to-

2201 5351 2314 5397 tam
2345 5342 2697 5400 Antiochiam
2741 5342 3004 5400 Bomante
3053 5342 3304 5414 religioni
3329 5358 3396 5399 ac
3421 5342 3556 5400 ﬁdei
3589 5338 3768 5402 tum

2199 5435 2365 5506 pavit.
2403 5433 2630 5504 Verum,
2659 5435 2792 5507 quia
2837 5436 2978 5492 solet
3013 5447 3234 5506 semper
3281 5435 3518 5507 aliquid.
3537 5445 3770 5494 nestum

2200 5525 2528 5582 intervenire
2577 5527 2718 5584 latis
2757 5527 2945 5596 rebus,
2991 5527 3082 5582 ille
3134 5525 3428 5584 Podiensis
3479 5527 3770 5598 episcopus.

2201 5635 2363 5691 quem
2408 5629 2564 5675 tuum
2616 5620 2886 5676 vicarium
2935 5620 3096 5676 nobis
3133 5619 3524 5690 comiseras,
3577 5626 3774 5691 peracto

2201 5709 2344 5766 bello
2372 5711 2428 5765 in
2457 5725 2571 5782 quo
2597 5711 2830 5767 honeste
2857 5710 2981 5778 fuit,
3007 5718 3063 5767 et
3090 5710 3377 5782 paciﬁcata
3409 5712 3654 5776 civitate,
3667 5705 3766 5763 ιιι

2202 5803 2714 5876 Augustimortuus
2742 5812 2844 5862 est.
2867 5801 3024 5860 Nunc
3051 5817 3201 5877 ergo,
3241 5803 3338 5860 ﬁlii
3376 5805 3461 5863 tui
3495 5805 3772 5878 commisso
