3850 6310
150 369 242 428 us
859 365 1230 426 rULannn
1267 366 1569 425 canum.
1601 367 1792 435 ,msr.
1831 358 2308 432 nisnosoL.”:
2341 377 2472 434 un.
3253 381 3361 442 sso

150 497 284 562 Ριιΐε
313 484 500 550 orbi“.
531 484 631 540 tibi
660 483 925 556 ερίτὶιιιθιὶ
958 485 1100 555 Patri
1128 492 1315 541 nostro
1341 483 1686 551 mandamIIS.
1719 487 1765 546 A
1792 487 2044 556 protrita,
2075 488 2427 547 Boamundus
2459 489 2806 546 Antiochiam
2831 495 3118 565 remeavit;
3155 497 3224 554 de
3249 515 3362 570 qua

148 588 200 635 ut
214 579 298 649 qui
319 577 454 631 hanc
476 575 622 630 viam
654 575 940 644 incmpisti,
975 585 1030 630 et
1055 575 1400 631 sermonibus
1436 574 1547 631 tuis
1581 589 1682 631 nos
1785 586 1916 633 tunc
1951 579 2199 636 homines
2239 581 2546 654 Raymundi
2584 583 2820 651 comitis,
2863 599 3003 657 quos
3057 586 3131 643 ibi
3175 591 3359 659 posuit

143 686 332 735 omnes,
358 678 412 723 et
434 675 610 723 terras
638 677 874 733 nostras,
903 675 958 722 et
991 667 1252 738 quidquid
1280 667 1336 722 in
1361 667 1522 722 terris
1541 676 1678 733 erat,
1781 670 2048 739 portionis
2085 687 2199 728 sua:
2237 674 2514 742 custodes,
2572 674 2889 730 climinavit.
2949 675 3124 742 Quam
3166 681 3358 737 urbem

142 763 422 830 relinquere
469 757 668 825 fecisti,
728 766 782 814 et
815 773 1005 814 cruces
1051 757 1347 828 bajulando
1397 755 1680 812 Christum

141 853 276 921 sequi
324 849 641 920 praecepisti,
693 857 746 905 et
791 847 1159 905 Christianum
1201 864 1399 904 nomen
1442 849 1681 905 exaltare

138 941 518 1008 commonuisti,
554 942 874 1012 eomplendo
907 956 1030 1012 quae
1064 942 1316 997 hortatus
1359 957 1420 998 es
1463 943 1531 998 ad
1555 958 1677 1008 nos,

137 1033 320 1100 venias,
342 1041 770 1104 et‘quoscunque
796 1033 1000 1103 poteris
1027 1041 1279 1089 uttecum
1295 1034 1515 1090 veniant
1545 1035 1678 1091 sub-

135 1140 355 1180 moneas.
399 1123 534 1179 Hinc
591 1123 734 1179 enim
783 1122 1154 1180 Christianum
1206 1140 1405 1181 nomen
1445 1125 1680 1195 sumpsit

133 1218 412 1273 exordium.
436 1215 893 1288 Nam,postquam
934 1217 1129 1274 beatus
1156 1217 1352 1274 Petrus
1398 1219 1457 1274 in
1492 1219 1678 1276 cathe-

130 1309 216 1364 dra
239 1325 397 1380 quam
431 1309 672 1380 quotidie
705 1310 982 1366 cernimus
1010 1311 1414 1368 inthronizatus
1445 1309 1570 1379 fuit,
1599 1309 1676 1368 illi

129 1403 209 1473 qui
230 1402 372 1472 prius
394 1401 731 1458 vocabantur
761 1400 990 1469 Galilaei,
1020 1403 1261 1474 primum
1299 1402 1428 1457 hinc
1446 1411 1501 1457 et
1526 1401 1676 1474 prin--
1751 1443 1770 1473 η
1985 1445 1988 1452 .
2237 1449 2243 1480 ε

126 1493 348 1563 cipaliter
375 1493 552 1547 vocati
575 1501 704 1548 sunt
741 1491 1059 1549 Christiani.
1087 1492 1227 1562 Quid
1267 1492 1433 1564 igitur
1457 1491 1513 1548 in
1543 1491 1675 1556 orbe
1846 1493 2004 1550 Anno
2043 1502 2228 1552 autem
2266 1495 2556 1568 millesimo
2590 1497 2943 1568 nonagesimo
2980 1513 3126 1556 nono
3160 1499 3228 1555 ab
3265 1497 3350 1554 ln-

126 1588 302 1643 rectius
326 1601 446 1642 esse
477 1586 692 1642 videtur
715 1601 884 1658 quam
914 1595 976 1642 ut
1002 1595 1081 1653 tu,
1111 1585 1206 1656 qui
1248 1593 1401 1656 pater
1429 1592 1482 1640 et
1512 1595 1674 1660 caput
1775 1586 2091 1644 carnatione
2117 1585 2355 1664 Domini,
2377 1567 2602 1657 profecti
2632 1567 2761 1644 sunt
2782 1589 2846 1644 ad
2877 1597 3119 1645 castrum
3140 1589 3349 1645 Archas

124 1679 422 1737 Christiana
459 1679 738 1750 religionis
755 1679 967 1748 existis,
991 1679 1060 1736 ad
1087 1679 1277 1734 urbem
1318 1678 1672 1753 principalem
1753 1681 2002 1748 ,dictum,
2040 1680 2110 1736 ad
2142 1681 2382 1737 radicem
2405 1679 2597 1750 Libani
2640 1680 2826 1748 situm,
2850 1682 2994 1752 quod
3033 1691 3254 1754 propter
3273 1681 3350 1739 si-

123 1771 462 1841 etcapitalem
501 1770 807 1832 Christiani-
835 1772 1074 1842 nominis
1107 1771 1323 1838 venias,
1371 1759 1447 1840 et'
1470 1771 1669 1828 bellum
1704 1783 1892 1844 _.tum
1926 1773 2032 1830 loci
2073 1771 2268 1829 fortem
2296 1773 2366 1828 ad
2393 1773 2714 1844 capiendum
2751 1782 2834 1830 est
2875 1773 3248 1830 dillicillimum
3280 1775 3349 1829 ab

121 1834 420 1934 quod-tuum
457 1871 550 1924 est
585 1879 654 1919 ex
691 1872 785 1920 tua
803 1907 816 1932 κ
830 1834 1327 1934 ιίᾲτιείοοιιϐεἱειξξ
1365 1835 1477 1919 Nos
1525 1862 1671 1919 enim
1699 1834 2028 1932 Bhostibus
2062 1863 2322 1920 externis.
2547 1864 2713 1934 quod,
2756 1864 2811 1918 in
2857 1863 3220 1921 tabernaculis
3249 1865 3350 1920 ho-

123 1954 302 2012 ‘l‘urcos
325 1962 379 2010 et
401 1968 646 2026 paganos
665 1955 1130 2025 expugnavimus;
1159 1953 1442 2010 haereticos
1455 1962 1669 2028 autem,
1774 1953 1976 2024 spitati,
2023 1969 2116 2024 per
2152 1954 2394 2028 quinque
2425 1952 2539 2008 fere
2586 1954 2916 2025 septimanas
2953 1953 3258 2010 astiterunt.
3288 1953 3352 2008 ﬂ-

120 2046 327 2114 Graecos,
346 2055 403 2102 et
415 2046 712 2114 Armenes,
738 2047 925 2120 Syr-os,
951 2046 1336 2120 Jacobitasque
1361 2063 1673 2119 expugnare
1749 2044 1865 2104 .lud
1885 2045 2146 2117 oppidum
2167 2045 2614 2117 antiquissimum
2661 2046 2903 2102 condidit
2938 2048 3180 2102 Araceus
3205 2045 3350 2102 Cha-

99 2137 459 2208 nequivimus.
503 2137 824 2198 Mandamus
871 2139 1037 2208 igitur
1067 2146 1122 2194 et
1159 2137 1543 2204 remandamns
1575 2138 1669 2196 tibi
1747 2151 1912 2196 _uaan
1951 2137 2118 2202 filius,
2150 2144 2211 2192 ut
2235 2136 2450 2208 legitur.
2503 2134 2624 2192 Dux
2673 2146 2853 2194 autem
2913 2137 3260 2205 Godcfridus,
3293 2148 3347 2194 et

1779 771 1968 830 postea
1993 778 2118 818 cum
2148 772 2260 820 tota
2285 766 2563 836 provincia
2595 767 2857 837 possedit.
2885 767 3078 824 Aiebat
3099 771 3242 826 enim
3264 787 3360 844 per

1779 851 2212 922 prolocutionem
2238 871 2396 911 suam
2420 865 2475 912 et
2497 859 2996 915 machinamentum
3023 875 3144 917 eam
3183 863 3355 918 tradi-

1779 949 1891 996 tam
1946 941 2135 999 fuisse.
2184 943 2384 1002 Comes
2431 962 2562 1003 vero
2633 946 3010 1021 Raymundus,
3035 950 3225 1020 juncto
3252 951 3356 1006 sibi

1781 1031 2064 1088 Tancredo
2107 1035 2408 1106 inemptum
2442 1038 2552 1114 iter:
2578 1040 2771 1096 tenuit.
2830 1040 2936 1098 Sed
2986 1051 3041 1098 et
3086 1042 3356 1098 Robertus

1777 1119 2205 1194 Northmannus,
2237 1129 2331 1198 qui
2371 1129 2459 1185 die
2489 1133 2728 1188 secundo
2764 1133 3090 1190 discesserat
3121 1150 3151 1190 a
3177 1134 3353 1189 Marra

1755 1215 1915 1276 _urbe
1965 1232 2133 1288 quam
2168 1228 2444 1290 ceperant,
2495 1220 2671 1276 eidem
2726 1224 2989 1279 exercitui
3030 1232 3353 1298 aggregatus

1751 1315 1878 1473 ζέει
1985 1445 1988 1452 .
2069 1381 2074 1384 ’
2237 1357 2588 1481 ,ἐῶιιυτ
2619 1402 2780 1462 xvn.

120 2229 569 2294 hoc,cbarissimo
596 2228 746 2286 Patri
787 2238 1001 2296 nostro,
1041 2241 1101 2287 ut
1141 2239 1199 2287 tu
1237 2229 1399 2287 Pater
1427 2239 1481 2287 et
1506 2240 1671 2302 caput

119 2321 172 2376 ad
193 2331 288 2376 tua:
305 2321 654 2392 paternitatis
689 2321 869 2380 locum
901 2322 1108 2389 venias,
1135 2331 1191 2378 et
1218 2322 1313 2394 qui
1349 2323 1493 2378 beati
1523 2323 1667 2378 Petri

94 2428 166 2474 _es
211 2413 465 2482 vicarius,
499 2413 556 2470 in
577 2413 840 2470 cathedra
889 2414 1012 2486 ejus
1032 2414 1244 2482 sedeas,
1282 2422 1337 2470 et
1376 2429 1478 2472 nos
1525 2413 1668 2472 filios

91 2514 219 2561 ωε
255 2504 308 2560 in
351 2505 616 2562 omnibus
645 2513 791 2561 recte
836 2505 1063 2577 agendis
1099 2505 1412 2563 obedientes
1441 2506 1664 2574 habeas,

91 2602 158 2649 .et
188 2610 366 2650 omnes
405 2595 647 2652 haereses
697 2597 1076 2668 cujuscunque
1123 2596 1337 2670 generis
1387 2596 1517 2664 sint,
1574 2605 1666 2653 tua

113 2687 403 2744 auctoritate
431 2696 496 2743 et
521 2696 712 2746 nostra
731 2688 932 2744 virtute
954 2688 1198 2746 eradices
1229 2697 1282 2745 et
1306 2690 1578 2746 destruas.
1598 2689 1666 2745 Et

113 2779 178 2833 sic
193 2779 472 2834 nobiscum
506 2779 652 2836 viam
703 2778 831 2836 Jesu
863 2779 1067 2838 Christi
1097 2796 1129 2836 a
1161 2781 1320 2838 nobis
1349 2782 1661 2852 incazptam,

112 2880 154 2926 et
167 2887 196 2925 a
214 2881 262 2928 te
279 2873 662 2942 praedicatam,
681 2881 871 2944 portas
899 2872 1064 2928 etiam
1085 2871 1374 2944 utriusque
1404 2871 1663 2929 Hierusa-

113 2963 198 3019 lem
246 2965 399 3021 nobis
447 2965 690 3035 aperias,
723 2975 778 3021 et
811 2965 1121 3039 sepulcrum
1156 2965 1376 3022 Domini
1403 2967 1659 3036 liberum,

111 3061 248 3124 atque
265 3053 647 3112 Christianum
671 3071 872 3112 nomen
895 3071 1061 3130 super
1089 3072 1255 3116 omne
1281 3072 1480 3114 nomen
1508 3059 1660 3117 exal-

1772 2225 2040 2284 Robertus
2075 2227 2344 2284 Flandrizn
2389 2242 2593 2294 comes,
2621 2243 2732 2283 non
2776 2229 2948 2284 multo
2981 2238 3104 2299 post
3132 2229 3344 2285 exerci-

1769 2328 1886 2375 tum
1921 2320 2075 2375 illum
2115 2318 2392 2376 subsecuti
2431 2327 2580 2375 sunt.
2613 2317 2718 2386 Qui
2742 2329 3034 2390 antequam
3067 2320 3196 2376 illuc
3222 2335 3347 2390 per-

1747 2413 2066 2482 .venissent,
2092 2413 2360 2470 Gibellum
2385 2421 2628 2470 castrum
2653 2412 2926 2484 quoddam
2968 2413 3344 2468 nominatissi-

1767 2521 1920 2561 mum
1940 2505 2222 2562 obsidione
2250 2505 2604 2561 vallaverant.
2635 2503 2739 2560 Sed
2776 2503 3044 2576 legatione
3086 2504 3154 2559 ab
3187 2519 3345 2560 excr-

1747 2601 1880 2668 Icitu
1907 2600 2111 2667 habita,
2133 2608 2193 2656 ut
2212 2599 2292 2655 eis
2321 2597 2516 2654 festiue
2557 2605 2940 2654 succurrerent
2973 2606 3164 2652 contra
3201 2595 3341 2651 Tur-

1767 2706 1880 2756 cos,
1903 2706 2042 2761 quos
2071 2691 2138 2747 ad
2160 2689 2360 2746 bellum
2405 2688 2810 2759 exspectabant,
2834 2687 3122 2745 confestim
3155 2687 3338 2743 Cibel-

1744 2781 1878 2847 ,lum
1909 2782 2254 2849 dimiserunt,
2281 2789 2335 2838 et
2355 2779 2423 2837 ad
2445 2781 2721 2852 negotium
2747 2782 3066 2836 mandatum
3111 2780 3343 2852 profecti

1763 2881 1912 2929 sunt.
1941 2871 2022 2928 Ad
2047 2888 2188 2944 quos
2226 2888 2351 2928 cum
2384 2871 2776 2946 pervenissent,
2808 2887 2933 2928 cum
2961 2872 3041 2928 eis
3064 2873 3340 2939 sederunt,

1742 2964 1863 3028 _sed
1899 2963 2122 3032 bellum,
2170 2963 2318 3036 quod
2360 2961 2501 3020 forte
2542 2963 2828 3034 putabant,
2863 2979 2971 3018 non
3007 2963 3337 3019 habuerunt.

1741 3054 1823 3130 tiu
1860 3055 1950 3110 illa
1992 3064 2172 3112 tamen
2225 3054 2530 3123 obsidione,
2561 3055 2815 3111 Anscllus
2851 3055 2918 3111 de
2949 3053 3339 3120 Ribotimontc,

110 3153 255 3202 tatam
293 3145 491 3206 facias.
531 3145 592 3206 Si
620 3149 766 3206 enim
795 3148 868 3206 ad
906 3165 1009 3208 nos
1040 3151 1276 3218 veneris,
1306 3159 1362 3208 et
1382 3151 1530 3209 viam
1565 3167 1662 3224 per
1685 3148 1919 3234 Cpmiles
1967 3155 2246 3215 strenuus,
2283 3147 2395 3204 ictu
2433 3147 2628 3218 lapidis
2656 3147 2879 3202 interiit.
2925 3145 3081 3203 Tunc
3137 3157 3338 3212 autem,

109 3245 152 3292 te
172 3237 451 3309 inceptam
482 3240 769 3311 nobiscum
791 3240 1104 3316 perfeceris,
1125 3251 1274 3300 totus
1299 3245 1536 3300 mundus
1562 3245 1661 3314 tibi

108 3329 337 3386 obediens
362 3330 497 3386 erit.
528 3330 683 3398 Quod
728 3332 846 3404 ipse
883 3342 936 3390 te
965 3332 1144 3391 facere
1193 3334 1379 3403 faciat,
1410 3335 1506 3408 qui
1528 3336 1660 3394 vivit

106 3427 150 3472 et
167 3428 338 3494 regnat
359 3419 517 3480 Deus
543 3422 600 3479 in
623 3423 821 3480 sarcula
847 3426 1192 3483 saeculorum.
1217 3427 1409 3484 Amen.
1437 3446 1486 3498 ι,

669 3514 900 3572 CAPUT
923 3517 1063 3574 XVI.

159 3601 283 3660 Cum
331 3603 489 3678 apud
520 3605 868 3666 Antiochiam
905 3625 1002 3680 per
1037 3618 1273 3682 quatuor
1310 3627 1526 3668 menses
1555 3615 1655 3668 viri

105 3695 250 3750 nostri
285 3712 412 3752 cum
453 3697 620 3769 equis
654 3699 791 3768 suis,
827 3701 1013 3771 requie
1040 3711 1095 3757 et
1115 3701 1298 3758 edulio
1339 3701 1549 3768 refecti,
1578 3702 1658 3758 vi-

104 3800 180 3841 res
196 3787 450 3858 pristinas
480 3791 926 3861 resumpsissent,
973 3793 1065 3863 qui
1117 3801 1208 3866 tot.
1243 3792 1434 3848 diebus
1473 3793 1657 3867 labore

104 3874 282 3950 fatigati
303 3878 550 3952 fuerant,
581 3896 709 3952 pars
739 3898 846 3954 una
878 3883 1152 3940 exercitus
1178 3893 1396 3954 sumpto
1423 3884 1656 3940 consilio

105 3967 288 4039 Syriam
314 3970 578 4034 adierunt
608 3973 942 4041 interiorem,
969 3975 1340 4032 desiderantes
1382 3976 1655 4032 tramitem

102 4059 635 4137 liiercsolymitanum
665 4066 900 4136 amplius
930 4066 1175 4122 dilatare.
1199 4067 1258 4123 ln
1283 4083 1394 4138 quo
1414 4069 1654 4126 exercitu

100 4149 425 4212 Boamundus
449 4165 507 4211 et
529 4155 884 4230 Raymundus
914 4173 1118 4223 comes,
1150 4161 1386 4229 majores
1409 4160 1650 4218 fuerunt.

98 4242 183 4296 Alii
209 4245 350 4299 enim
383 4246 671 4318 principes
712 4249 768 4303 in
803 4250 1051 4319 partibus
1082 4250 1442 4308 Autiochenis
1475 4254 1655 4308 adhuc

101 4335 454 4392 morabantur.
490 4337 600 4395 Sed
631 4339 669 4396 ii
698 4341 808 4396 due
836 4357 962 4406 eum
1002 4352 1158 4414 gente
1188 4359 1286 4398 sua
1308 4343 1447 4400 duas
1469 4347 1652 4414 urbes,

97 4424 267 4484 Raram
303 4430 586 4500 videlicet,
617 4441 670 4488 et
694 4432 922 4500 Maram,
981 4452 1192 4504 magna:
1237 4437 1522 4506 probitatis
1571 4439 1653 4496 in-

1764 3239 1910 3297 facto
1960 3239 2194 3296 invicem
2251 3239 2504 3306 consilio,
2553 3239 2911 3296 decreverunt
2961 3239 3129 3309 quod,
3161 3239 3207 3294 si
3237 3239 3339 3293 ali-

1741 3331 2006 3404 ,quandiu
2030 3331 2106 3388 ibi
2131 3347 2340 3387 moram
2371 3330 2599 3387 fecerint
2623 3339 2677 3387 ct
2703 3341 2946 3388 castrum
2979 3331 3109 3386 illud
3144 3347 3338 3401 capere

1760 3439 1868 3480 non
1929 3423 2187 3496 poterint,
2233 3423 2619 3480 detrimentum
2678 3422 3097 3493 trrecuperabile
3125 3415 3342 3478 cunctis

1759 3513 1884 3570 inde
1919 3514 2156 3581 eveniet;
2192 3513 2489 3584 dicuntque
2529 3528 2706 3585 Opera:
2746 3515 2981 3584 pretium
3019 3529 3142 3570 esse
3173 3523 3233 3568 ut
3253 3513 3337 3568 di-

1759 3605 1925 3661 missa
1952 3604 2236 3661 obsidione
2277 3604 2477 3660 vadant
2513 3620 2612 3677 per
2635 3605 2780 3661 viam
2819 3620 2983 3675 quam
3013 3604 3340 3660 commercio

1757 3702 2032 3766 expertem
2082 3704 2337 3764 noscunt,
2388 3694 2518 3750 dum
2575 3695 2754 3750 adhuc
2801 3704 3011 3766 tempus
3045 3695 3338 3750 messionis

1758 3802 1852 3856 eos
1879 3786 2311 3860 Hierosolymam
2340 3787 2512 3842 ituros
2533 3795 2833 3858 exspectat,
2871 3797 2923 3844 et
2944 3787 3073 3842 dum
3112 3786 3331 3852 iverint,

1757 3876 1824 3932 de
1859 3891 2038 3933 messe
2061 3877 2305 3948 undique
2333 3893 2363 3932 a
2393 3875 2624 3932 Domino
2660 3877 2763 3933 sibi
2793 3884 3096 3950 praeparata
3125 3878 3330 3943 vivant,

1757 3979 1810 4026 et
1835 3971 1927 4025 tali
1956 3969 2222 4041 stipendio
2244 3969 2438 4042 adjuti,
2468 3970 2535 4026 ad
2561 3970 2742 4026 locum
2779 3970 3329 4036 desideratissimum,

1734 4053 1988 4118 ‘Domino
2034 4062 2286 4130 ducente,
2328 4063 2665 4133 perveniant.
2710 4061 2800 4118 Sic
2844 4062 3124 4118 laudatum
3147 4072 3248 4131 est,
3281 4071 3336 4117 et

1757 4151 1960 4209 factum
2005 4163 2104 4210 est.
2134 4152 2407 4210 Tentoriis
2443 4164 2574 4209 tunc
2627 4154 2888 4222 collectis,
2941 4155 3043 4209 iter
3091 4163 3333 4227 agentes,

1756 4239 2088 4300 transierunt
2119 4241 2312 4310 urbem
2336 4244 2628 4316 Tripolim;
2659 4243 2766 4316 qua
2798 4246 3025 4301 transita
3044 4245 3200 4316 juxta
3237 4243 3334 4299 Gi-

1755 4336 1954 4395 beilum
1992 4327 2232 4394 castrum
2265 4345 2601 4396 meaverunt.
2647 4331 2851 4409 Aprilis
2875 4345 2992 4393 erat
3028 4337 3253 4414 mensis,
3282 4345 3360 4392 et.

1739 4423 1864 4504 jam
1908 4429 1974 4485 de
2014 4429 2283 4485 messibus
2305 4429 2580 4486 vivebant.
2626 4425 2781 4485 Ultra
2828 4429 3024 4488 deinde
3060 4429 3333 4500 progressi

97 4521 294 4578 vasione
317 4524 876 4596 comprehenderunt.
916 4525 1094 4582 Priori
1134 4544 1368 4599 quarum
1393 4529 1656 4586 citissime
1689 4513 1733 4568 θ
1759 4521 1906 4576 haud
1945 4522 2104 4593 longe
2128 4523 2196 4577 ab
2219 4522 2351 4576 urbe
2379 4512 2579 4578 Βένυῐο
2609 4523 2955 4592 ῑνθηείθηιοεν
3011 4521 3336 4576 invenem!"

97 4621 254 4681 capta,
279 4623 333 4670 et
358 4615 514 4671 caede
537 4615 735 4672 civium
761 4633 988 4696 prorsus
1012 4619 1358 4690 depopulata,
1380 4622 1659 4693 raptisque

96 4705 324 4762 omnibus
370 4724 504 4780 quae
547 4707 602 4763 in
648 4724 712 4765 ea
756 4710 1114 4784 reperierunt,
1187 4713 1371 4769 festini
1429 4716 1654 4771 alteram

93 4797 337 4856 adierunt.
371 4799 480 4855 Ubi
507 4800 789 4858 obsidione
815 4818 914 4874 per
937 4803 1127 4876 viginti
1157 4805 1273 4861 dies
1305 4817 1542 4876 peracta,
1573 4807 1656 4864 fa-

94 4901 214 4944 mem
239 4891 470 4947 nimiam
493 4893 715 4964 pertulit
735 4910 867 4965 gens
897 4906 1104 4952 nostra.
1133 4895 1323 4952 Dicere
1353 4899 1652 4968 perhorreo

94 4979 216 5046 quod
237 4980 496 5054 plerique
523 4995 792 5052 nostrum,
814 4988 1120 5058 exasperati
1157 4986 1316 5044 famis
1352 4990 1522 5057 rabie,
1559 4991 1654 5046 ab-

94 5070 346 5128 sciderunt
372 5073 446 5128 de
471 5074 691 5132 natibus
716 5073 1002 5132 Sarraceni
1034 5079 1148 5150 jam
1178 5081 1382 5138 mortui
1415 5080 1651 5138 frustum

94 5173 261 5230 unum,
303 5163 393 5219 vel
447 5165 581 5220 duo.
621 5165 740 5232 Quo
779 5182 973 5237 parum
994 5179 1200 5238 assato,
1249 5170 1654 5226 manducabant

71 5263 171 5318 ore
199 5251 336 5306 diro.
366 5251 564 5323 itaque
605 5256 728 5325 plus
760 5265 1077 5318 obsessores
1117 5276 1282 5332 quam
1312 5261 1524 5318 obsessi
1551 5278 1650 5317 an-

93 5335 354 5404 gebantur.
393 5337 608 5395 Interea
655 5344 924 5401 machinis
962 5347 1122 5402 factis
1164 5357 1216 5404 et
1241 5348 1459 5404 tandem
1493 5363 1652 5403 muro

92 5421 330 5509 a‘lmotis,
376 5444 594 5501 magna:
641 5433 964 5492 audacitatis
1029 5438 1262 5503 assultu,
1321 5437 1653 5509 suffragante

93 5507 206 5584 Deo,
227 5533 322 5588 per
351 5521 510 5576 muri
548 5521 825 5595 fastigium
859 5524 1056 5584 Franci
1101 5544 1160 5584 se
1203 5528 1648 5595 intromiserunt;

73 5605 170 5688 [qui
207 5604 291 5662 die
332 5607 432 5663 illo
476 5623 642 5681 atque
693 5615 936 5683 sequenti
989 5626 1218 5673 cunctos
1255 5617 1589 5674 Sarracenos
1617 5637 1648 5675 a

93 5694 263 5766 majori
305 5714 494 5771 usque
523 5699 606 5756 ad
642 5701 923 5761 minimum
981 5708 1317 5773 occiderunt,
1373 5718 1650 5780 totamque

94 5785 431 5846 sui-stantiam
481 5807 680 5847 eorum
719 5794 814 5849 sibi
849 5798 1211 5871 arripuerunt.
1282 5799 1421 5856 Urbe
1466 5802 1647 5871 itaque

1758 4623 1881 4682 post
1901 4627 2020 4666 eam
2044 4612 2232 4667 urbem
2266 4608 2450 4680 aliam,
2484 4607 2650 4684 quam
2683 4607 2914 4682 legimus
2948 4611 3203 4667 Sidonem
3233 4625 3333 4664 vo-

1756 4703 1952 4758 cabulo
2004 4704 2226 4772 dictam,
2261 4687 2491 4760 interra
2551 4702 2844 4771 Pheniciaz,
2889 4717 3053 4773 quam
3093 4700 3336 4758 condidit

1760 4795 1928 4851 Sidon
1963 4796 2107 4852 filius
2135 4795 2416 4862 Chanaan,
2447 4812 2477 4851 a
2509 4812 2619 4868 quo
2655 4794 2916 4861 Sidones;
2967 4792 3183 4860 exinde,
3228 4791 3329 4846 Sa-

1755 4899 1960 4959 reptnm
1991 4888 2246 4944 Sidonias.
2292 4888 2498 4943 Dehinc
2539 4887 2862 4943 invenerunt
2899 4885 3102 4958 Tyrum
3143 4883 3305 4939 civita

1757 4987 1864 5034 tem
1899 4980 2276 5050 pemptimam,
2310 4980 2453 5034 unde
2476 4977 2578 5033 fuit
2603 4978 2941 5048 Apollonius,
2974 4977 3042 5032 de
3064 4991 3173 5047 quo
3193 4975 3330 5045 legi-

1758 5079 1847 5124 tur
1873 5067 1927 5140 (1
1955 5068 2296 5136 Machab,m,
2328 5068 2436 5140 lO).
2463 5067 2539 5124 De
2560 5069 2645 5124 his
2664 5069 2827 5124 etiam
2853 5067 3066 5122 duabus
3095 5082 3330 5136 evange-

1755 5159 1879 5214 lista
1905 5169 2102 5214 sonat:
2140 5158 2204 5214 In
2234 5169 2408 5228 partes
2455 5157 2581 5229 Tyri
2622 5169 2670 5214 et
2723 5157 2936 5213 Sidonis
2983 5155 3200 5230 (Matth.
3236 5175 3328 5232 xv,

1756 5252 1868 5322 Si).
1893 5251 2050 5307 Nune
2075 5260 2257 5307 autem
2284 5251 2522 5323 regionis
2553 5251 2744 5306 incola:
2772 5251 3008 5320 priorem
3042 5249 3328 5322 Sagittam,

1754 5343 1980 5399 alteram
2033 5358 2162 5398 vero
2209 5341 2314 5396 Sur
2352 5342 2654 5396 nominant.
2693 5339 2829 5396 Nam
2885 5339 3147 5397 Hebraice
3193 5341 3334 5398 Soor

1755 5437 1972 5500 dicitur,
2007 5444 2060 5489 ct
2084 5443 2167 5490 est
2195 5435 2250 5488 in
2281 5443 2425 5490 sorte
2458 5433 2785 5506 Nephtalim.
2813 5434 2945 5491 Post
2973 5437 3073 5492 has
3101 5435 3333 5492 transie-

1754 5535 1882 5600 runt
1903 5525 2317 5594 Ptolemaidam,
2338 5542 2492 5597 prius
2518 5527 2705 5583 Achon
2734 5527 2974 5602 dictam;
3003 5544 3167 5600 quam
3203 5526 3330 5598 qui--

1749 5620 1875 5676 dam
1923 5625 2168 5673 errantes
2213 5617 2461 5673 Aecaron
2507 5619 2752 5674 solebant
2785 5619 2964 5692 legere
3000 5617 3189 5695 :quod
3225 5631 3330 5670 nos

1746 5709 1911 5765 etiam
1936 5707 2295 5776 faciebamus,
2319 5721 2443 5762 cum
2478 5708 2733 5779 primitus
2777 5717 2974 5764 terram
3006 5705 3324 5782 Palaestino-

1749 5814 1868 5854 rum
1913 5796 2279 5856 introivimus.
2329 5795 2434 5854 Sed
2476 5796 2722 5855 Accaron
2761 5797 2892 5856 urbs
2914 5807 2996 5854 est
3032 5794 3312 5872 Pbilisthze
