3850 6310
554 399 663 456 83!

1139 400 1226 454 AD
1264 392 1711 455 CODEFRIDUM
1753 388 2041 446 APPEND.
2084 387 2147 442 ll.
2188 418 2253 426 ——
2297 387 2565 445 MONEM.
2610 388 2694 444 DE
2730 386 2952 444 BELLO
2994 386 3234 443 SACRO.
3661 387 3737 444 35-2

554 507 693 575 ‘nter
734 517 964 572 Azotum
1002 523 1056 570 et
1097 513 1388 578 Jamniam,
1421 523 1588 580 prOpe
1618 506 1962 562 Ascalonem.
1991 502 2140 558 Acen
2171 503 2214 561 Α
2246 511 2429 559 monte
2461 501 2590 559 Sion
2635 503 2823 558 subter
2860 502 3236 558 decursionem
3282 505 3522 560 torrentis
3544 505 3734 579 Cedroa,

552 626 706 676 vero,
758 610 812 664 id
860 618 946 665 est
989 604 1343 669 Ptolemaida,
1393 603 1462 660 ab
1504 611 1694 656 austro
1720 599 1879 653 habet
1901 595 2136 651 Carmeli

555 711 818 768 montem,
847 702 1003 772 juxta
1029 713 1190 770 quem
1235 703 1603 758 transeuntes,
1636 691 1702 746 ad
1733 692 2011 746 dexteram
2050 703 2138 741 re-

552 791 835 862 iiquerunt
870 789 1148 860 oppidum,
1179 785 1454 856 Caypham
1486 782 1713 845 dictum,
1757 780 1955 834 exhinc
1979 778 2135 848 juxta

557 883 779 950 Doram,
802 883 887 937 vel
908 879 1121 950 Pirgul;
1153 885 1275 947 post
1303 875 1438 939 haec,
1463 875 1619 944 juxta
1640 873 1944 927 Cresaream
1973 870 2140 924 Palae-

559 977 715 1030 stina:
767 973 1111 1034 incessimus,
1149 983 1272 1038 qua:
1300 965 1520 1036 quidem
1558 965 1840 1020 dicebatur
1879 971 1934 1017 et
1966 965 2137 1017 altero

558 1067 776 1121 nomine
805 1061 992 1119 Turris
1021 1056 1289 1114 Stratonis
1327 1073 1340 1108 :
1385 1057 1438 1110 in
1491 1070 1602 1125 qua
1651 1053 1930 1119 Herodes,
1956 1050 2136 1108 dictus

555 1156 814 1226 Agrippa,
853 1165 1026 1220 nepos
1069 1149 1217 1204 illius
1269 1146 1499 1204 Herodis
1551 1145 1656 1202 sub
1701 1144 1860 1214 cujus
1893 1153 2137 1213 tempore

555 1234 809 1301 Christus
847 1252 1010 1298 natus
1045 1249 1150 1310 est,
1190 1257 1486 1312 percussus
1525 1240 1594 1295 ab
1623 1239 1838 1310 angelo,
1873 1251 2135 1292 consum-

554 1347 791 1408 ptusque
819 1353 850 1392 a
872 1335 1173 1402 vermibus,
1193 1333 1482 1390 infeliciter
1500 1330 1818 1403 exspiravit.
1848 1327 1985 1384 Tum
2013 1327 2137 1399 qui-

553 1431 679 1485 dem
702 1445 733 1484 a
758 1429 978 1484 dextera
1039 1434 1193 1496 parte
1242 1424 1583 1495 reliquerunt
1633 1421 1934 1486 maritima,
1964 1426 2019 1475 et
2040 1433 2138 1490 per

555 1522 772 1588 urbem,
842 1520 1066 1574 nomine
1115 1515 1425 1582 Ramulam,
1489 1520 1844 1584 perrexerunt
1881 1509 1987 1566 :de
2026 1523 2135 1580 qua

559 1611 850 1668 Sarraceni
894 1610 1088 1666 incolae
1130 1609 1245 1680 jam
1288 1605 1706 1676 obfugaverunt,
1769 1601 1944 1672 pridie
1967 1614 2132 1670 quam

556 1703 687 1758 illuc
735 1701 933 1756 Franci
976 1699 1374 1770 pervenissent.
1426 1695 1541 1750 Illic
1580 1707 1854 1749 annonam
1903 1690 2134 1746 multam

559 1794 918 1862 reperierunt,
946 1793 1013 1847 de
1060 1807 1168 1862 qua
1211 1789 1456 1860 jumenta
1507 1802 1605 1842 sua
1640 1793 1838 1843 cuncta
1879 1797 2137 1839 onerave-

559 1894 706 1950 runt,
732 1900 896 1954 quam
929 1897 1104 1954 usque
1139 1880 1477 1936 Hierusalem
1532 1887 1722 1950 postea
1755 1885 2128 1949 portaverunt.

1120 1973 1347 2030 CAPUT
1379 1971 1567 2028 XVIII.

629 2071 776 2126 Mora
825 2069 899 2124 ibi
945 2083 1046 2140 per
1070 2078 1308 2139 quatuor
1351 2066 1466 2121 dies
1525 2064 1688 2133 facta,
1717 2081 1842 2121 cum
1893 2063 2135 2121 basilicae

558 2160 744 2218 Sancti
773 2161 989 2232 Georgii
1013 2160 1327 2230 episcopum
1360 2158 1805 2230 praeposuissent,
1827 2166 1882 2213 et
1906 2158 1960 2212 in
1992 2157 2135 2212 arci-

539 2249 658 2310 bus
705 2253 954 2309 homines
997 2252 1063 2307 ad
1095 2250 1504 2307 custodiendam
1538 2250 1730 2305 urbem
1782 2249 2131 2315 locavissent,

557 2347 889 2403 Hierusalem
916 2345 1019 2400 iter
1049 2360 1209 2400 suum
1236 2344 1657 2414 prmtenderunt.
1692 2341 1814 2413 Ipso
1849 2341 1938 2396 die
1959 2356 2134 2411 usque

552 2446 620 2494 ad
666 2439 973 2504 castellum,
1013 2437 1160 2507 quod
1205 2436 1406 2513 dicitur
1469 2434 1764 2500 Emmaus,
1815 2433 2132 2490 ambulave-

553 2543 700 2585 runt.
747 2528 915 2586 Nocte
947 2545 1077 2584 vero
1120 2528 1211 2582 illa
1241 2537 1458 2583 centum
1508 2527 1576 2583 de
1628 2526 1896 2582 militibus
1930 2526 2133 2581 nostris

550 2619 845 2674 calliditate
885 2618 1037 2685 moti,
1081 2617 1350 2688 probitate
1380 2617 1639 2687 prompti,
1665 2617 2044 2672 conscendunt
2078 2616 2133 2670 iu

550 2725 750 2779 equos,
797 2709 914 2779 qui,
953 2709 1259 2764 albescente
1287 2723 1506 2770 aurora,
1561 2722 1731 2778 prope
1795 2706 2131 2762 Hierusalem

551 2810 920 2866 transeuntes,
972 2815 1148 2870 usque
1201 2799 1514 2855 Bethlehem
1564 2809 2028 2870 properaverunt;
2067 2799 2134 2854 de

551 2910 582 2962 η
612 2893 1071 2949 dtusnauserm
1101 2891 1435 2961 Tancredus,
1467 2891 2047 2966 alterque..Balduinus
2067 2891 2135 2950 de

551 2985 749 3056 Κατ-ευ.
769 2985 924 3052 Quod
957 3001 1080 3041 cum
1112 2987 1430 3054 Christiani,
1459 2988 1552 3058 qui
1578 2987 1709 3042 inibi
1733 2988 2134 3044 conversaban-

555 3087 664 3142 tur,
697 3080 1114 3149 comperissent,
1167 3078 1340 3135 Graeci
1363 3080 1610 3136 videlicet
1643 3090 1697 3136 et
1727 3079 1870 3153 Syri,
1891 3079 2134 3136 Francos

2238 596 2330 665 qui
2355 603 2596 664 tempore
2621 594 2838 648 hiemali
2857 609 2951 664 per
2967 593 3161 648 vallem
3182 591 3433 663 Josaphat
3460 595 3607 652 liuere
3622 602 3736 662 solet.

2237 686 2502 742 Cisternae
2532 696 2712 742 autem
2743 687 2947 752 multae,
2977 694 3034 741 et
3056 686 3213 755 aquis
3244 686 3372 740 satis
3399 687 3739 750 abundantesin

2239 781 2372 834 urbe
2401 781 2700 845 habentur;
2735 796 2858 850 quae
2892 779 2938 837 si
2963 780 3102 834 bene
3123 786 3420 849 procurata:
3444 779 3633 848 fuerint,
3656 799 3741 840 om-

2238 871 2400 926 nibus
2438 872 2894 934 inhabitantibus,
2927 880 3036 925 tam
3073 870 3386 926 hominibus
3411 875 3740 943 quamjumen-

2238 965 2330 1030 tis,
2380 964 2530 1018 omni
2580 973 2825 1033 tempore
2860 962 3230 1017 indelicienter
3256 962 3498 1016 haustum
3536 965 3741 1034 prebeat,

2239 1057 2482 1112 hibernis
2509 1055 2776 1110 imbribus
2800 1054 3112 1110 reservatis.
3129 1052 3458 1122 Constatque
3469 1054 3636 1110 civitas
3654 1073 3745 1113 con-

2236 1147 2449 1204 decenti
2481 1146 2858 1217 magnitudine
2880 1161 2975 1215 per
2995 1144 3285 1200 circuitum
3308 1147 3604 1214 composita,
3629 1149 3686 1204 ita
3705 1161 3744 1205 ut

2236 1255 2340 1296 nec
2372 1239 2639 1309 parvitate
2688 1254 2791 1293 nec
2827 1236 3185 1307 amplitudine
3241 1235 3511 1292 fastidiosa
3548 1239 3743 1309 cuiquam

2235 1332 2502 1388 videatur.
2543 1331 2715 1387 Habet
2741 1331 2963 1401 quidem
2995 1330 3066 1385 ab
3089 1344 3288 1384 occasu
3337 1329 3463 1384 solis
3491 1332 3658 1385 turrim
3679 1331 3746 1388 Da-

2234 1423 2489 1491 vidicam,
2513 1433 2745 1494 utroque
2765 1423 2935 1478 latere
2957 1437 3177 1476 murum
3207 1421 3439 1476 civitatis
3453 1422 3747 1492 supplenteu,

2236 1531 2358 1586 qua
2385 1531 2561 1586 usque
2605 1515 2672 1571 ad
2695 1515 3066 1587 jmedietatem
3105 1514 3190 1569 sui
3219 1530 3250 1568 a
3279 1522 3431 1583 parte
3454 1511 3663 1570 inferiori
3681 1531 3747 1570 so-

2234 1607 2343 1664 lide
2364 1617 2604 1664 massata
2632 1616 2737 1674 est,
2767 1615 2824 1662 et
2845 1607 2913 1662 de
2933 1606 3208 1677 lapidibus
3233 1613 3539 1661 caementata
3569 1606 3748 1676 quadra-

2237 1701 2328 1769 tis,
2353 1710 2408 1756 et
2431 1700 2654 1772 plumbo
2677 1699 2825 1756 fusili
2851 1690 3120 1771 sigillatis.
3145 1697 3280 1765 Qua:
3305 1697 3353 1753 si
3375 1698 3578 1754 cibariis
3594 1701 3748 1755 munita

2234 1791 2420 1860 fuerit,
2469 1792 2517 1849 si
2566 1801 2780 1848 tantum
2832 1792 3027 1865 viginti
3070 1792 3154 1848 vel
3201 1790 3504 1862 quindecim
3556 1792 3750 1849 homines

2233 1885 2552 1942 defensores
2589 1885 2812 1953 inerint,
2862 1901 3145 1956 nunquam
3196 1899 3296 1955 per
3323 1885 3431 1938 vim
3477 1884 3542 1937 ab
3567 1886 3750 1940 exerciai

2233 1978 2428 2051 quovis
2482 1977 3052 2048 comprehenderetur.
3104 1975 3171 2030 Et
3223 1983 3311 2031 est
3351 1975 3408 2030 in
3450 1976 3618 2031 eadem
3656 1978 3752 2032 urbe

2234 2070 2496 2140 templum
2550 2068 2918 2137 Dominicum,
2975 2068 3295 2134 rotunium,
3353 2068 3677 2138 compositum
3713 2070 3749 2123 in

2232 2163 2420 2218 eodem
2473 2161 2596 2218 loco
2645 2177 2756 2232 quo
2790 2162 3050 2217 Salomon
3097 2160 3333 2215 alterum
3379 2159 3527 2229 prius
3573 2159 3752 2214 instituit

2233 2254 2562 2319 mirificum;
2603 2253 2750 2324 quod
2782 2253 3034 2324 quamvis
3087 2253 3165 2308 illi
3198 2251 3371 2323 priori
3407 2252 3645 2307 schemati
3669 2253 3755 2304 nul-

2234 2346 2448 2401 latenus
2481 2346 2552 2402 sit
2579 2346 3028 2416 comparandum,
3057 2344 3204 2400 istud
3237 2354 3420 2400 tamen
3453 2358 3602 2414 opere
3629 2343 3755 2397 mira-

2233 2438 2327 2494 bili
2387 2446 2442 2492 et
2481 2435 2656 2492 forma
2699 2437 3107 2508 speciosissima
3157 2436 3367 2492 factum
3411 2444 3510 2491 est.
3567 2435 3616 2489 In
3641 2437 3754 2504 cujus

2235 2529 2416 2585 medio
2437 2538 2523 2584 est
2552 2529 2706 2599 rupis
2735 2530 2917 2584 nativa
2945 2537 3001 2584 et
3027 2529 3240 2600 ingens,
3275 2528 3345 2583 de
3375 2543 3482 2598 qua
3504 2527 3757 2598 deturpatur

2235 2623 2370 2678 satis
2397 2631 2452 2677 ct
2471 2620 2767 2691 impeditur
2804 2621 2985 2691 ipsum
3012 2620 3308 2690 templum.
3329 2618 3524 2674 Nescio
3552 2635 3692 2690 quare
3711 2620 3758 2672 ab

2233 2724 2438 2770 :eterno
2473 2712 2806 2784 permittitur
2841 2713 3022 2769 locum
3073 2726 3378 2782 occupare,
3429 2711 3558 2782 quin
3585 2727 3759 2782 prorsus

2233 2806 2522 2861 exciditur.
2557 2803 2662 2860 Sed
2703 2805 2894 2860 dicunt.
2927 2805 3080 2859 illum
3130 2819 3253 2860 esse
3300 2804 3516 2870 locum,
3551 2804 3630 2859 ubi
3653 2805 3760 2859 stetit

2235 2898 2460 2971 angelus
2479 2898 2809 2970 percutiens,
2837 2896 2926 2954 cui
2953 2893 3120 2953 David
3143 2891 3333 2954 intulit
3366 2897 3590 2968 pavidus
3608 2897 3760 2951 nimis:

2236 2996 2349 3067 Ego
2379 2995 2590 3065 quidem
2613 3011 2731 3048 sum
2753 2993 2846 3065 qui
2864 2993 3103 3063 peccavi;
3134 2990 3249 3060 isti,
3275 2992 3368 3063 qui
3395 3007 3511 3046 oves
3531 3001 3654 3054 sunt,
3671 2991 3761 3059 quid

2237 3089 2469 3158 fecerunt
2493 3087 2517 3142 ?
2545 3085 2635 3158 (11
2663 3085 2791 3157 Reg.
2823 3101 2973 3153 xxiv,
2997 3083 3109 3156 I7.)
3144 3084 3427 3154 Aiuntque
3458 3084 3510 3138 in
3545 3083 3645 3153 ipsa
3669 3097 3764 3150 rupe

554 3171 683 3226 illnc
740 3172 1056 3239 advenisse,
1093 3173 1264 3244 gavisi
1313 3180 1442 3229 sunt
1469 3174 1668 3245 gaudio
1704 3188 1903 3245 magno
1952 3174 2126 3229 valde.
2159 3191 2204 3254 (ς
2236 3195 2419 3234 arcam
2475 3177 2698 3233 foederis
2748 3175 2965 3232 Domini
2993 3191 3136 3244 esse,
3173 3191 3301 3232 cum
3331 3175 3508 3247 virga,
3540 3184 3588 3229 et
3616 3173 3764 3228 tabulis

557 3263 874 3334 lgnorantes
917 3273 1099 3321 tamen
1147 3267 1400 3337 primitus
1450 3283 1572 3338 qua:
1613 3283 1744 3337 gens
1793 3276 1996 3334 essent,
2028 3267 2132 3322 rati

559 3371 686 3412 sunt
704 3373 799 3414 eos
820 3359 901 3413 vel
921 3358 1128 3414 Turcos
1149 3360 1233 3414 vel
1263 3360 1469 3415 Arabes
1490 3375 1632 3415 esse.
1668 3361 1772 3415 Sed
1804 3377 1927 3415 cum
1953 3370 2135 3432 aperte

559 3466 655 3503 rus
707 3452 934 3522 prepius
971 3451 1337 3519 intuerentur,
1365 3459 1420 3507 et
1451 3467 1551 3508 eos
1600 3451 1840 3508 Francos
1879 3469 2001 3509 esse
2025 3469 2134 3508 non

555 3543 963 3613 dubitaverunt,
1006 3547 1189 3602 statim
1221 3547 1519 3617 gaudentes
1544 3546 1799 3602 crucibus
1838 3547 2135 3616 assumptis

551 3645 604 3691 rt
636 3636 817 3702 textis,
842 3637 1056 3691 obviam
1081 3635 1278 3703 ﬂendo,
1326 3637 1414 3707 pie
1449 3636 1719 3692 cantando
1750 3647 2137 3706 processerunt

549 3730 631 3784 eis
657 3748 668 3782 :
698 3729 902 3794 flendo,
937 3729 1196 3800 quoniam
1227 3731 1539 3785 metuebant
1575 3746 1641 3786 ne
1665 3731 1938 3786 tantillum
1962 3731 2136 3802 gentis

553 3839 582 3874 a
609 3823 953 3877 multitudine
979 3830 1126 3877 tanta
1158 3838 1515 3893 paganorum,
1540 3839 1679 3895 quos
1703 3825 1756 3879 in
1789 3825 1965 3895 patria
1999 3825 2137 3880 scie-

551 3913 570 3966 l
589 3921 684 3966 ant
697 3928 837 3979 esse,
856 3912 1110 3968 facillime
1130 3914 1539 3984 occiderentur;
1557 3916 1856 3980 cantando,
1873 3915 2134 3986 quoniam

552 4005 618 4058 ile
653 4005 758 4060 illis
803 4005 1326 4076 congratulabantur
1361 4022 1500 4078 quos
1548 4007 1641 4062 diu
1693 4007 2138 4063 desideraverant

551 4103 834 4162 venturos,
862 4111 1110 4168 quosque
1131 4098 1634 4164 Christianismum,
1665 4115 1699 4154 a
1744 4097 1994 4153 nefandis
2017 4106 2136 4154 tan-

551 4187 643 4240 diu
680 4187 1092 4256 pessundatum,
1135 4189 1188 4242 in
1223 4199 1562 4260 resumptum
1597 4191 1861 4244 honorem
1894 4189 2136 4244 relevare

550 4277 878 4332 sentiebant.
922 4278 1085 4334 Facta
1138 4289 1318 4334 autem
1370 4281 1553 4336 statim
1596 4281 1651 4334 in
1700 4281 1926 4335 basilica
1964 4281 2136 4336 beata:

554 4371 737 4427 Mariae
783 4373 1176 4443 supplicatione
1213 4375 1278 4430 ad
1325 4373 1494 4429 Deum
1537 4374 1753 4442 devota,
1782 4390 1908 4428 cum
1953 4375 2134 4431 locum

547 4462 640 4518 ubi
669 4461 922 4519 Christus
950 4463 1052 4518 fuit
1077 4473 1238 4520 natus
1261 4465 1592 4530 visitassent,
1621 4465 1748 4519 dato
1767 4463 1917 4536 Syris
1945 4467 2135 4520 osculo

2237 3270 2569 3336 testamenti,
2595 3269 2733 3325 bene
2764 3268 3078 3340 sigillatam,
3105 3281 3173 3323 eo
3193 3267 3343 3338 quod
3369 3266 3549 3322 Josias
3569 3283 3647 3322 rex
3664 3263 3765 3318 Juda

2235 3363 2364 3434 poni
2385 3362 2550 3432 jussit
2574 3377 2695 3416 eam
2721 3361 2775 3415 in
2807 3359 3124 3415 sanctuario
3141 3359 3349 3430 templi,
3379 3359 3588 3414 dicens:
3612 3356 3769 3427 Nequa-

2235 3471 2394 3524 quam
2417 3453 2698 3522 portabitis
2734 3468 2849 3507 eam
2877 3453 2944 3508 de
2967 3453 3089 3508 loco
3118 3452 3225 3508 isto
3254 3449 3346 3522 (II
3375 3451 3510 3506 Par.
3555 3465 3692 3516 xxxv,
3711 3448 3764 3509 5).

2236 3545 2574 3600 Przevidebat
2603 3544 2748 3599 enim
2783 3543 3022 3599 futuram
3071 3543 3472 3614 captivitatem.
3506 3541 3602 3597 Sed
3645 3539 3765 3604 illud,

2237 3635 2381 3706 quod
2427 3636 2484 3690 in
2529 3634 2991 3705 descriptionibus
3045 3633 3297 3691 Jeremize
3343 3634 3602 3705 legimus,
3639 3631 3766 3694 obest,

2237 3725 2383 3796 quod
2434 3724 2550 3795 ipse
2589 3723 2855 3780 Jeremias
2908 3740 3030 3780 eam
3081 3725 3136 3779 in
3182 3723 3386 3780 Arabia
3439 3724 3767 3783 occultaverat,

2237 3817 2424 3872 dicens
2455 3817 2601 3887 quod
2653 3833 2762 3872 non
2824 3817 3149 3872 invenienda
3203 3825 3382 3884 esset,
3428 3817 3597 3872 donec
3631 3822 3768 3886 gentes

2239 3910 2423 3964 multa:
2451 3917 2915 3980 congregarentur
2942 3908 3076 3980 (ler.
3110 3925 3192 3974 ιιι,
3226 3908 3337 3977 17).
3373 3907 3500 3978 Ipse
3530 3907 3657 3962 enim
3681 3919 3771 3958 con-

2239 4009 2625 4070 temporaneus
2654 4000 2819 4070 hujus
2848 4001 2994 4072 regis
3027 4000 3194 4056 Josia:
3221 3999 3354 4067 fuit;
3407 4010 3587 4055 tamen
3608 3994 3770 4052 vivendi

2238 4096 2400 4148 tinem
2421 4092 2566 4160 fecit,
2591 4103 2883 4165 antequam
2906 4092 3166 4149 Jeremias
3191 4092 3391 4148 obiret.
3419 4091 3536 4148 Non
3558 4089 3770 4147 credimus

2239 4187 2405 4259 igitur
2433 4203 2618 4242 arcam
2671 4187 2726 4242 in
2775 4187 2978 4258 templo
3006 4201 3148 4242 esse.
3178 4183 3299 4241 Non
3324 4186 3489 4241 valeo
3521 4200 3611 4238 nec
3644 4180 3770 4235 audeo

2238 4281 2466 4335 recitare
2498 4295 2587 4336 res
2617 4288 2728 4335 tam
2773 4279 3176 4345 sanctissimas,
3217 4295 3342 4350 quae
3375 4278 3516 4333 inihi
3540 4277 3770 4332 habentur.

2237 4388 2306 4427 ne
2333 4373 2385 4426 in
2417 4372 2604 4442 aliquo
2629 4372 2911 4428 auditores
2954 4372 3157 4428 fallam.
3198 4370 3324 4438 Sed,
3359 4371 3651 4426 secundum
3669 4367 3769 4420 dicta

2238 4465 2623 4534 quorumdam,
2651 4465 2706 4519 in
2749 4465 3014 4520 honorem
3055 4474 3110 4520 et
3136 4479 3382 4519 amorem
3419 4463 3534 4530 Dei,
3565 4465 3662 4516 hmo
3687 4469 3771 4511 tan-

547 4557 700 4624 pacis
749 4555 991 4624 locundo
1011 4599 1025 4623 ,
1083 4557 1148 4612 ad
1186 4557 1374 4612 urbem
1439 4566 1684 4612 sanctam
1734 4558 1981 4613 celeriter
2009 4568 2137 4615 sunt
2169 4579 2212 4634 ι)
2238 4559 2353 4612 tilla
2390 4557 2443 4610 in
2473 4557 2796 4612 memoriam
2822 4557 3038 4628 collegi.
3061 4555 3187 4612 Htec
3209 4565 3291 4611 est
3320 4572 3425 4625 pro
3463 4565 3605 4610 certo
3625 4553 3770 4606 domus

545 4647 804 4718 regressi.
857 4647 996 4703 Ecce
1041 4648 1382 4718 subsequens
1415 4648 1689 4704 exercitus
1718 4659 1901 4705 noster
1931 4652 2139 4708 civitati

547 4747 679 4794 tunc
736 4739 1222 4810 appropinquavit,
1281 4740 1467 4794 relicta
1521 4739 1745 4795 Gabaon
1803 4758 1836 4796 a
1910 4743 2133 4799 sinistra

545 4840 718 4903 parte,
761 4848 881 4903 qum
917 4833 985 4888 ab
1020 4831 1356 4886 Hierusalem
1390 4832 1785 4903 quinquaginta
1816 4835 1982 4891 distat
2024 4846 2132 4891 sta-

543 4924 669 4980 diis.
722 4925 970 4995 Cumque
1027 4939 1396 4994 prmcursores
1457 4923 1610 4994 signa
1661 4927 1866 4980 elevata
1919 4929 2132 4983 civibus

548 5023 966 5081 monstrassent,
1013 5014 1264 5084 protinus
1317 5024 1504 5069 contra
1556 5032 1652 5070 eos
1680 5007 1900 5072 'interni
1947 5020 2131 5073 hostes

545 5107 816 5174 exierunt.
848 5105 956 5161 Sed
983 5105 1080 5176 qui
1107 5105 1189 5161 sic
1225 5105 1684 5176 festiniexierant,
1707 5109 2053 5166 festinantius
2077 5112 2130 5165 in

549 5199 737 5254 urbem
764 5212 890 5252 mox
916 5198 1142 5267 repulsi,
1176 5208 1521 5254 recesserunt
1553 5219 1568 5254 :

690 5287 956 5357 Septenas
988 5286 1136 5342 Junii
1165 5287 1291 5345 Idus
1321 5290 1484 5346 dabat
1509 5309 1726 5347 annuus
1766 5311 1918 5360 usus,

691 5378 854 5434 Lucis
883 5389 1118 5449 septena:
1141 5387 1254 5451 jam
1280 5381 1476 5439 Junius
1507 5385 1628 5454 igne
1663 5388 1898 5454 calebat,

688 5471 1029 5529 Hierusalem
1071 5473 1266 5532 Franci
1296 5492 1421 5532 cum
1449 5479 1653 5534 vallant
1681 5480 1985 5535 obsidione.

549 5565 646 5619 Est
674 5566 896 5636 quidem
933 5567 1123 5624 civitas
1150 5568 1268 5640 ipsa
1294 5570 1348 5626 in
1380 5582 1640 5627 montano
1668 5574 1788 5628 loco
1820 5574 1946 5638 sita,
1979 5575 2128 5639 rivis,

551 5657 721 5724 silvis,
764 5657 1114 5733 fontibusque
1158 5679 1371 5728 carens,
1404 5674 1628 5734 excepto
1660 5665 1806 5720 fonte
1838 5665 2002 5732 Siloe,
2040 5668 2131 5722 ubi

552 5748 879 5809 sutlicienter
905 5751 1047 5827 aqua
1097 5756 1370 5812 interdum
1415 5758 1667 5834 habetur,
1699 5759 1970 5812 interdum
2002 5775 2132 5814 vero

549 5853 681 5895 raro
711 5842 978 5902 hauritur.
1031 5845 1135 5914 Qui
1187 5845 1482 5902 fonticulus
1517 5849 1570 5902 in
1626 5849 1779 5903 vallis
1806 5847 1996 5917 fundo,
2031 5852 2132 5906 sub

2241 4649 2358 4713 Dei,
2390 4649 2458 4702 de
2485 4664 2593 4718 qua
2645 4648 2910 4718 scriptum
2955 4656 3040 4704 est
3071 4667 3085 4702 :
3126 4647 3269 4702 Bene
3300 4647 3527 4701 fundata
3557 4654 3631 4700 est
3652 4657 3771 4711 supra

2239 4741 2449 4794 firmam
2483 4748 2688 4808 petram
2741 4739 2962 4809 (Matth.
2991 4757 3088 4806 vn,
3117 4739 3231 4810 25).
3265 4738 3323 4792 In
3356 4756 3472 4809 qua
3502 4755 3616 4793 cum
3661 4734 3772 4788 Salo-

2237 4849 2362 4887 mon
2392 4833 2589 4886 devote
2616 4832 2726 4886 Deo
2755 4849 2970 4902 precem
3001 4849 3156 4887 suam
3212 4831 3489 4898 funderet,
3519 4841 3569 4888 et
3598 4840 3650 4886 ut
3669 4828 3772 4883 oculi

2234 4925 2355 4993 ejus
2402 4925 2489 4978 die
2536 4941 2600 4978 ac
2642 4934 2803 4978 n0rte
2855 4941 3020 4995 super
3048 4941 3168 4979 eam
3206 4926 3380 4994 aperti
3416 4934 3618 4989 essent,
3643 4933 3685 4977 et
3707 4921 3772 4990 qui

2233 5015 2301 5069 ad
2329 5015 2702 5070 sanctuarium
2737 5015 2867 5070 illud
2899 5025 3081 5070 oraret
3098 5023 3247 5071 recto
3277 5018 3472 5084 corde,
3495 5018 3774 5072 abeoexauo

2233 5109 2471 5174 diretur,
2500 5110 2774 5166 concessit
2804 5110 2854 5165 ei
2883 5109 3166 5178 Dominus,
3193 5113 3542 5181 respondens
3569 5117 3704 5181 prout
3723 5104 3772 5159 ab

2233 5218 2299 5255 eo
2329 5204 2716 5271 postulaverat.
2748 5201 2901 5258 Hanc
2938 5203 3186 5269 domum,
3220 5205 3327 5258 hoc
3352 5215 3441 5260 est
3456 5203 3654 5260 Domini
3672 5211 3772 5255 tem-

2233 5295 2403 5363 plum,
2441 5295 2494 5347 in
2531 5295 2881 5350 veneratione
2925 5311 3121 5367 magna
3155 5297 3336 5351 cuncti
3382 5296 3653 5352 Sarraceni
3703 5294 3772 5346 ba-

2234 5386 2486 5451 lnterant,
2516 5387 2690 5441 donec
2711 5387 2790 5441 eis
2813 5387 2944 5442 illud
2975 5388 3326 5454 abstulimus,
3360 5390 3544 5460 ibique
3564 5380 3773 5460 praedic-«1'

2237 5479 2414 5533 tiones
2451 5495 2580 5534 suas
2629 5480 2888 5536 libentius
2935 5497 3100 5551 quam
3143 5482 3269 5536 alibi
3316 5482 3500 5538 facere
3552 5481 3769 5538 solebant.

2236 5571 2485 5641 quamvis
2529 5572 2695 5641 idolo,
2746 5574 2801 5628 in
2851 5574 3073 5628 nomine
3117 5575 3496 5632 Mahummetli
3544 5576 3770 5637 facto,eas

2236 5673 2543 5728 vastarent,
2578 5666 2631 5719 in
2681 5668 2829 5736 quod
2858 5668 3022 5722 etiam
3065 5668 3278 5722 nullum
3311 5669 3524 5740 ingredi
3554 5663 3769 5722 Christia-

2236 5772 2366 5811 num
2399 5757 2800 5825 permittebant.
2847 5760 3087 5814 Alterura
3114 5775 3242 5816 vero
3279 5763 3543 5831 templum
3573 5759 3769 5815 Salomo-

2237 5849 2320 5903 nis
2353 5849 2577 5917 dictum,
2627 5864 2884 5923 magnum
2934 5849 3036 5914 est,
3073 5863 3124 5906 et
3157 5853 3434 5922 mirabile;
3469 5855 3558 5909 sed
3586 5868 3677 5906 non
3710 5853 3769 5901 es!
