3804 6312
86 437 176 494 853

825 435 1196 494 FULCIIERII
1231 435 1535 494 CARNOT.
1574 435 1754 494 IIIS'I‘.
1792 437 2158 496 IIIEROSOL.
2197 471 2270 481 —
2304 441 2432 498 LIB.
2475 443 2514 499 I.

3192 452 3299 516 854

83 545 196 603 illud
220 545 348 602 idem
377 544 520 618 quod
545 546 660 618 ipse
680 540 942 606 Salomon
967 547 1272 606 fabricavit.
1297 549 1454 617 Quod
1475 565 1623 611 tunc
1650 554 1696 612 Λ
1722 561 1832 620 qua
1859 551 1970 608 dux
1989 552 2318 611 Godefridus
2347 563 2483 622 erat,
2513 565 2569 612 et
2598 555 2868 620 Robertus
2895 559 3303 624 Northmannia‘.

85 638 198 694 satis
240 636 521 692 dolendum
567 647 681 705 est,
732 653 800 696 eo
847 641 994 712 quod
1026 641 1210 712 inopia
1257 642 1468 714 pressi,
1513 656 1630 698 non

83 731 329 803 potuimus
343 731 467 786 tecti
491 731 608 802 ejus
633 741 970 790 structuram
994 733 1318 803 reformare,
1336 743 1627 805 postquam

83 826 130 878 in
149 838 324 878 manus
352 821 598 878 Balduini
625 824 769 896 regis
794 833 848 880 et
875 833 1096 881 nostras
1123 825 1359 881 devenit.
1385 823 1491 880 Sed
1513 824 1629 894 ipse

85 913 224 967 etiam
253 911 529 982 plumbum
586 914 1018 985 negotiatoribus
1064 915 1353 983 vendebat,
1389 929 1516 973 eum
1545 916 1628 970 vel

83 1003 138 1060 de
162 1011 288 1057 tecto
307 1002 598 1072 aliquando
617 1004 916 1072 decidebat,
942 1005 1026 1062 vel
1045 1006 1303 1062 deorsum
1324 1006 1467 1063 dirui
1494 1022 1628 1078 prae-

85 1095 302 1164 cipiebat.
336 1093 484 1150 Inest
507 1095 736 1166 insuper
766 1097 993 1152 basilica
1027 1096 1228 1154 decens
1255 1113 1422 1169 super
1444 1097 1602 1154 Domi

84 1185 241 1238 nicum
288 1185 599 1254 sepulcrum
629 1187 962 1243 rotunditate
989 1186 1164 1254 facta,
1192 1188 1351 1259 cujus
1379 1189 1630 1244 rotundi-

83 1278 191 1332 tatis
241 1277 527 1334 summitas
590 1277 666 1333 ita
736 1277 1034 1335 artificiose
1075 1278 1316 1349 tegmine
1367 1286 1519 1337 caret
1571 1288 1633 1335 ut

85 1369 322 1424 foramine
375 1369 471 1424 illo
505 1369 639 1426 solis
668 1371 949 1442 splendori
1003 1372 1190 1442 patula
1221 1372 1370 1428 clara
1418 1387 1633 1443 semper

86 1461 334 1516 habeatur.
357 1457 479 1516 Non
508 1461 706 1518 desunt
725 1462 890 1518 etiam
911 1462 1118 1519 civitati
1143 1477 1241 1534 per
1267 1479 1460 1520 omnes
1482 1464 1632 1520 vicos

83 1566 213 1621 aqua:
230 1551 442 1620 ductus,
475 1567 577 1623 per
601 1568 743 1624 quos
776 1553 1034 1612 imbrium
1051 1562 1300 1626 tempore
1320 1570 1512 1613 omnes
1535 1556 1637 1611 im-

84 1642 330 1698 munditiae
349 1643 659 1699 diluuntur.
688 1643 840 1703 Hanc
861 1647 1025 1703 etiam
1044 1647 1238 1704 urbem
1262 1647 1450 1705 Helius
1471 1648 1638 1719 impe-

83 1743 212 1788 rator
229 1733 504 1792 Adrianus
517 1737 746 1794 miriﬁce
773 1739 1070 1808 decoravit,
1087 1748 1144 1796 et
1168 1741 1322 1797 vicos
1347 1749 1403 1797 et
1429 1739 1638 1811 plateas

82 1825 356 1895 pavimento
387 1826 652 1885 decenter
685 1832 918 1899 ornavit,
948 1833 1016 1888 de
1045 1831 1206 1904 cujus
1238 1833 1459 1888 nomine
1502 1832 1630 1890 [lie-

83 1920 287 1975 rusalem
321 1919 474 1978 Helia
500 1935 694 1980 vocata
729 1933 836 1980 est.
869 1924 950 1980 Ex
980 1925 1050 1982 iis
1083 1933 1138 1982 et
1162 1926 1376 1983 caeteris
1411 1926 1630 1996 multis,

81 2011 243 2068 civitas
279 2012 394 2084 ipsa
419 2016 754 2072 venerabilis
781 2026 866 2073 est
908 2025 962 2073 et
985 2017 1242 2090 gloriosa.
1283 2017 1463 2086 Quam
1505 2034 1633 2076 cum

81 2105 352 2174 aspicerent
395 2105 623 2176 Franci,
655 2092 710 2163 et
757 2094 1003 2164 viderent
1029 2124 1151 2164 eam
1197 2108 1266 2166 ad
1308 2109 1635 2180 capiendum

82 2210 298 2265 gravem,
340 2197 567 2268 jussum
615 2207 701 2256 est
735 2216 768 2256 a
819 2200 1163 2272 principibus
1209 2201 1414 2258 nostris
1457 2200 1636 2258 scalas

86 2287 258 2355 ligneas
299 2289 453 2357 fieri;
491 2291 696 2363 quibus
729 2307 891 2348 mure
914 2301 1105 2364 postea
1134 2293 1350 2362 erectis,
1383 2308 1510 2350 cum
1540 2308 1635 2350 as-

81 2379 203 2432 sultu
235 2377 356 2435 forti
399 2396 508 2452 per
548 2397 644 2438 eas
687 2383 742 2438 in
786 2399 1066 2440 summum
1098 2384 1243 2440 muri
1285 2381 1634 2452 "scandentes,

84 2470 242 2524 urbem
286 2470 525 2528 forsitan
561 2473 790 2544 juvante
838 2473 950 2530 Deo
998 2475 1432 2547 ingrederentur.
1480 2474 1639 2543 Quod

81 2576 186 2615 eum
206 2559 482 2633 fecissent,
521 2566 770 2636 sequenti
803 2566 891 2622 die
919 2567 1172 2638 septimo,
1203 2568 1412 2623 monitu
1449 2581 1640 2638 proce-

82 2664 201 2718 nun,
234 2651 479 2710 buccinis
511 2655 858 2723 sonantibus,
888 2671 1049 2712 mane
1072 2655 1244 2725 claro,
1277 2657 1481 2729 impetu
1498 2658 1642 2714 miro

83 2741 317 2799 civitatem
360 2745 612 2818 undique
671 2747 1005 2803 assilierunt.
1064 2746 1285 2804 Etcum
1339 2764 1515 2821 usque
1571 2749 1641 2806 ad

83 2829 244 2887 horam
272 2833 377 2890 diei
415 2844 636 2891 sextam
677 2835 1028 2906 assiliissent,
1056 2845 1112 2893 et
1151 2853 1248 2909 per
1275 2838 1474 2908 scalas,
1501 2855 1640 2911 quas

83 2919 300 2993 ﬁxerant,
332 2940 398 2982 eo
435 2926 593 2997 quod
615 2942 806 2998 paucae
831 2937 1006 2996 erant,
1045 2929 1274 2985 introire
1299 2930 1638 3002 nequissent,

80 3013 315 3072 assultu
347 3017 544 3074 tristes
591 3017 940 3089 dimiserunt.
996 3019 1152 3076 Tunc
1201 3030 1385 3077 autem
1421 3031 1641 3094 sumpto

79 3108 300 3178 consilio,
323 3111 554 3182 jussum
601 3121 684 3169 est
732 3113 802 3168 ab
830 3113 1132 3170 artiﬁcibus
1159 3115 1444 3172 machinas
1497 3115 1638 3183 fieri,

77 3214 183 3256 cum
231 3204 426 3275 quibus
482 3220 647 3262 muro
695 3205 956 3274 admotis,
1016 3205 1315 3264 auxiliante
1355 3206 1491 3276 Deo,
1521 3208 1637 3279 spei

79 3293 298 3352 enectum
328 3297 792 3370 adipiscerentur.
842 3297 909 3355 Et
935 3301 1016 3356 sic
1042 3298 1248 3356 factum
1279 3308 1384 3358 est.
1427 3299 1637 3357 Interea

81 3402 164 3442 nec
197 3391 344 3458 panis
372 3407 485 3448 nec
513 3391 712 3448 .carnis
743 3392 982 3464 inopiam
1011 3393 1162 3464 passi
1191 3401 1340 3451 sunt.
1378 3392 1486 3450 Sed
1507 3394 1637 3466 quia

81 3478 228 3548 lacus,
282 3489 342 3538 ut
390 3483 669 3555 superius.
706 3484 914 3540 dictum
959 3493 1064 3553 est,
1097 3485 1401 3558 inaquosus
1439 3493 1495 3544 et
1522 3487 1641 3543 sine

77 3571 362 3632 ﬂuminibus
395 3583 511 3644 est,
539 3575 646 3632 viri
675 3575 849 3633 nostri
877 3585 1162 3647 propterea
1191 3585 1246 3633 et
1265 3577 1512 3650 jumeuta
1543 3592 1640 3634 eo~

82 3677 182 3718 rum
234 3666 555 3739 indigebant
614 3684 756 3740 aqua
804 3669 1153 3728 vehementer
1199 3671 1268 3727 ad
1317 3671 1638 3743 potandum.

81 3752 408 3830 Quapropter,
440 3769 616 3832 prout
645 3761 902 3818 monebat
924 3763 1241 3832 necessitas,
1258 3763 1418 3836 longe
1442 3779 1641 3831 aquam

80 3850 434 3923 quzeritabant,
477 3861 585 3910 cta
611 3865 852 3926 quatuor
881 3855 1153 3913 milliariis
1183 3856 1270 3914 'ch
1293 3858 1535 3930 quinque
1567 3858 1644 3918 la-

81 3936 270 4000 luriose
294 3944 363 4001 ad
386 3946 740 4003 obsidionem
781 3948 836 4002 in
862 3947 1076 4004 utribus
1106 3947 1224 4005 suis
1256 3950 1638 4020 apportabunt.

81 4027 314 4093 llachinis
360 4047 556 4094 autem
586 4041 836 4110 patratis,
885 4041 1148 4097 arietibus
1191 4042 1398 4098 scilicet
1427 4051 1482 4100 et
1519 4045 1646 4100 sco-’

78 4125 226 4193 phris,
283 4131 350 4187 ad
404 4133 768 4189 assiliendum
819 4133 948 4190 item
993 4150 1052 4191 se
1097 4145 1448 4206 paraverunt.
1497 4135 1642 4196 Inter

77 4221 448 4284 artificiavero
499 4236 719 4294 caetera,
760 4243 924 4284 unam
967 4227 1164 4284 turrim
1221 4229 1290 4284 de
1337 4229 1500 4300 lignis
1526 4231 1642 4286 exi-

81 4311 336 4385 guis,quia
351 4331 553 4387 mgna
581 4318 835 4374 materies
857 4318 964 4374 illis
988 4318 1195 4386 deerat,
1221 4328 1638 4391 compegerunt;

82 4421 223 4474 quam
253 4420 440 4482 noctu,
468 4412 897 4484 edicto-proinde
925 4413 1092 4481 fat-to,
1112 4414 1186 4471 ad
1209 4430 1379 4472 cornu
1404 4415 1642 4472 civitatis

1726 655 1939 709 comes,
1967 651 2023 698 et
2069 641 2421 702 Flandrensis
2449 645 2741 716 ltobertus,
2774 651 2952 722 major
2976 663 3095 711 erat
3144 672 3305 713 muro

1727 730 1990 785 assultus.
2020 729 2118 786 Illo
2143 731 2230 787 die
2259 733 2340 789 sic
2359 733 2626 791 fecerunt.
2663 736 2922 811 Sequenti
2952 760 3171 816 quoque
3193 749 3302 817 die,

1727 817 1972 876 laborem
2017 823 2269 880 eumdem
2303 824 2446 882 facto
2488 827 2848 888 buccinarum
2895 846 3188 906 concentu,
3226 841 3308 896 vi-

1727 908 1888 966 rilius
1913 911 2172 982 inierunt,
2195 913 2268 970 ita
2291 924 2352 972 ut
2371 931 2496 973 cum
2518 920 2780 980 arietibus
2795 925 3064 994 pulsando
3086 945 3308 986 murum

1731 1002 1788 1058 in
1810 1019 1921 1060 uno
1942 1004 2062 1062 loco
2087 1006 2446 1077 perforarent.
2463 1009 2778 1071 Pendebant
2801 1031 2996 1089 nempe
3018 1030 3143 1076 ante
3164 1024 3308 1077 muri

1731 1097 2136 1184 prepugnacula
2172 1099 2282 1156 duo
2305 1117 2492 1158 asscra
2529 1103 2750 1163 funibus
2779 1108 2890 1165 illic
2913 1111 3127 1184 alligata
3145 1156 3159 1182 ,
3187 1131 3310 1184 quae

1734 1183 2022 1242 Sarraccni
2051 1187 2158 1244 sibi
2201 1203 2658 1263 praeparaverant,
2685 1205 2747 1252 ut
2774 1183 3109 1258 irruentibus
3152 1183 3310 1258 etlar

1732 1277 1886 1347 pides
1937 1279 1994 1334 in
2043 1295 2141 1352 eos
2187 1282 2521 1353 jactantibus
2559 1287 2900 1346 obstaculum
2944 1292 3156 1350 fierent.
3202 1295 3310 1352 Sed

1716 1369 1881 1454 ἱ(ιιιοίι
1909 1384 2008 1440 pro
2049 1370 2388 1430 incremento
2419 1375 2522 1431 sibi
2555 1375 2825 1449 fecerant,
2857 1381 3000 1438 idem
3050 1383 3119 1439 ad
3143 1384 3312 1440 detri-

1719 1469 1981 1516 mentum
2041 1477 2226 1530 suum,
2281 1463 2514 1522 Domino
2561 1469 2908 1539 providente,
2961 1486 3307 1546 acceperunt.

1719 1547 1871 1616 .Nam
1896 1551 2034 1609 turri
2068 1552 2294 1626 praefata
2341 1572 2500 1614 muro
2552 1559 2794 1630 admota,
2851 1565 3310 1638 rudentibusquc,

1730 1642 1935 1713 quibus
1969 1643 2117 1716 ligna
2150 1647 2459 1717 pendebant
2488 1650 2768 1720 praedicta,
2799 1651 3078 1712 fasciculis
3122 1658 3313 1727 sectis,
3385 1699 3388 1702 ~

1723 1733 1804 1790 .de
1814 1733 2019 1790 eisdem
2031 1735 2196 1808 tignis
2207 1753 2378 1794 unum
2391 1749 2610 1810 pontem
2625 1739 2824 1799 Franci
2839 1753 2970 1801 tunc
2981 1747 3086 1802 sibi
3101 1758 3319 1820 coapta-

1738 1835 1953 1895 verunt,
1975 1842 2138 1898 quem
2155 1828 2223 1884 dc
2250 1830 2388 1888 turri
2401 1846 2568 1903 super
2587 1849 2806 1890 murum
2827 1837 3017 1895 callide
3028 1847 3317 1896 extensum

1662 1891 2092 1987 B.jaetavertint.
2104 1917 2446 1993 Jamjamque
2463 1891 2685 1983 ardebat
2695 1941 2797 1983 arx
2811 1943 2922 1986 una
2940 1928 3170 1986 inmuro
3183 1931 3320 2000 Iapiv

1733 2006 1835 2064 dea
1857 2024 2022 2082 super
2033 2025 2198 2082 quam
2215 2013 2620 2072 tuacbinatores
2632 2019 2806 2075 nostri
2818 2028 2995 2078 torres
3018 2023 3209 2094 igneos
3236 2023 3322 2079 in-

1727 2097 1975 2171 jeeerant
2005 2120 2020 2157 :
2054 2103 2199 2158 unde
2226 2102 2351 2161 foco
2380 2106 2642 2176 paulatim
2673 2108 2816 2166 intra
2835 2113 3117 2170 materiem
3139 2114 3320 2186 ligno,

1733 2207 1860 2260 rum
1887 2193 2112 2262 nutrito,
2144 2193 2330 2252 fumus
2363 2191 2690 2270 flammaque
2715 2200 2796 2256 sic
2814 2204 3034 2272 prodire
3067 2206 3234 2277 cmpit
3262 2214 3324 2262 ut

1723 2301 1836 2348 nec
1866 2303 2013 2344 unus
2035 2287 2326 2346 custodum
2354 2290 2555 2347 civium
2590 2291 2665 2348 ibi
2701 2293 2930 2352 ulterius
2954 2299 3158 2354 morari
3188 2313 3321 2368 pos-

1733 2385 1838 2434 set.
1869 2377 1995 2435 Mox
2023 2379 2208 2451 itaque
2235 2379 2462 2439 Francis
2499 2381 2638 2440 liora
2666 2384 2970 2446 meridiana
3010 2389 3321 2447 urbemin-

1737 2471 2028 2541 trantibus,
2053 2472 2142 2530 die
2174 2489 2297 2544 qua:
2323 2473 2549 2532 Veneris
2588 2475 2908 2547 habebatur,
2938 2480 3200 2537 cornibus
3229 2497 3325 2554 soe-

1738 2563 2019 2629 nantibus,
2042 2563 2258 2620 cunctis
2282 2563 2761 2636 tumultuantibus,
2786 2567 3018 2624 viriliter
3057 2569 3326 2640 impeten-

1742 2652 1911 2721 tibus,
1940 2651 2155 2708 Amuva
2176 2651 2325 2710 Deus
2370 2654 2827 2728 exclamantibus,
2875 2659 3074 2714 vexillo
3104 2675 3215 2716 uno
3266 2660 3325 2716 in
3369 2702 3376 2706 -

1723 2745 1882 2819 muri
1926 2742 2146 2818 fastigio
2186 2745 2301 2816 jam
2333 2746 2634 2818 sublevate,
2673 2750 2872 2822 pagani
2906 2751 3131 2808 omnino
3155 2751 3326 2822 pude—

1740 2833 1890 2903 facti,
1922 2850 2020 2907 per
2065 2835 2313 2892 vicorum
2362 2837 2602 2895 civitatis
2651 2826 2990 2912 atigiportus,
3037 2841 3326 2898 audaciam

1719 2944 1899 2992 ,suam
1943 2928 2001 2984 in
2048 2926 2236 3001 fugam
2277 2929 2511 2987 celerem
2561 2941 2913 2988 mutaverunt
2955 2947 3169 3008 omnes.
3220 2930 3327 3000 Qui

1723 3036 1866 3094 eum
1917 3021 2175 3080 velociter
2217 3020 2487 3095 fugerent,
2521 3023 2762 3100 velocius
2792 3023 2962 3095 fugati
3011 3033 3159 3103 sunt.
3211 3021 3329 3081 Hoc

1741 3111 2098 3188 Raymundus
2139 3128 2323 3171 eomes
2358 3130 2424 3172 ex
2461 3115 2630 3174 altera
2669 3125 2821 3187 parte
2869 3117 3141 3187 assiliens,
3183 3109 3327 3172 non-

1740 3205 1870 3262 dum
1920 3207 2146 3275 sciebat,
2177 3222 2279 3263 nec
2318 3207 2570 3268 homines
2609 3208 2753 3287 ejus,
2780 3209 2952 3284 donec
2993 3199 3328 3270 Sarracenos

1741 3314 1838 3370 per
1885 3298 2031 3354 muri
2060 3298 2271 3377 apicem
2317 3309 2444 3356 ante
2487 3315 2584 3356 eos
2611 3301 2864 3372 prosilire
2888 3302 3160 3364 viderunt.
3205 3303 3328 3372 Quo

1742 3391 1884 3464 viso,
1913 3391 1981 3448 ad
2006 3391 2198 3448 urbem
2228 3391 2498 3449 laetissimi
2517 3393 2847 3464 quantocius
2869 3406 3248 3464 accul‘rerunt,
3275 3407 3330 3455 et

1743 3499 1870 3542 eum
1896 3484 2109 3544 caeteris
2133 3484 2323 3540 hostes
2361 3483 2604 3542 nefarios
2635 3485 2825 3558 fugare
2849 3496 2904 3542 et
2925 3488 3175 3544 occidere
3215 3503 3329 3548 ca:-

1742 3586 1960 3649 perunt.
1987 3575 2127 3634 Tum
2151 3577 2368 3648 quidem
2392 3577 2483 3633 alii
2509 3575 2960 3648 Sarracenorum,
2988 3588 3096 3634 tam
3120 3579 3329 3648 Arabes

1742 3685 1909 3744 quam
1941 3666 2248 3740 Ethiopes,
2281 3668 2337 3724 in
2383 3683 2566 3726 arcem
2607 3668 2923 3726 Davidicam
2954 3670 3216 3742 fugiendo
3262 3689 3322 3730 se

1743 3759 2188 3829 intromiscrunt;
2233 3760 2326 3816 alii
2349 3775 2480 3818 vero
2527 3760 2582 3816 in
2617 3760 2877 3834 templum
2915 3761 3132 3820 Domini
3163 3772 3328 3834 atque

1729 3837 2056 3912 Salomonis
2085 3869 2144 3910 se
2168 3853 2527 3914 incluserunt.
2567 3852 2626 3912 In
2651 3869 2886 3926 quorum
2909 3855 3074 3929 atriis
3095 3857 3325 3926 templo-

1743 3962 1865 4001 rum
1897 3946 2132 4016 impetus
2180 3944 2234 4000 in
2275 3961 2372 4004 eos
2404 3945 2662 4018 agebatur
2712 3946 2953 4024 nimius;
2985 3947 3138 4006 locus
3164 3950 3326 4004 etiam

1743 4054 2015 4110 nusquam
2039 4047 2175 4110 erat,
2203 4053 2316 4111 quo
2353 4038 2676 4110 gladiatores
2705 4047 2926 4096 nostros
2955 4039 3182 4097 evadere
3201 4056 3328 4112 pos-

1742 4141 1918 4210 sent._
1956 4130 2136 4202 Supra
2189 4129 2501 4190 Salomonis
2546 4131 2830 4202 templum,
2876 4133 3023 4204 quod
3070 4131 3328 4206 fugiendo

1743 4223 2124 4292 ascenderant,
2153 4223 2310 4283 multi
2335 4239 2402 4283 ex
2443 4223 2524 4280 eis
2557 4223 2626 4279 ad
2655 4232 2888 4280 mortem
2913 4225 3151 4297 sagittati
3178 4236 3326 4295 sunt,

1741 4326 1794 4374 et
1837 4319 2094 4374 deorsum
2145 4317 2212 4373 de
2261 4325 2404 4372 tecto
2448 4315 2827 4372 insatiabiliter
2877 4318 3232 4390 praecipitati;
3270 4318 3328 4375 in

1743 4426 1854 4481 quo
1912 4409 2076 4465 etlam
2131 4407 2353 4480 templo,
2407 4408 2596 4465 decem
2645 4408 2817 4466 ferme
2865 4410 3035 4466 millia
3075 4411 3327 4470 decollati

81 4503 414 4569 opportunius
469 4504 779 4562 frustratim
829 4515 1202 4577 portaverant.
1255 4505 1316 4563 Et
1357 4506 1438 4563 sic
1481 4523 1642 4564 mane
1744 4509 1890 4558 sunt.
1922 4498 2080 4567 Quod
2115 4500 2162 4555 si
2198 4499 2334 4555 inibi
2375 4500 2592 4570 essetis,
2620 4500 2785 4570 pedes
2811 4502 2985 4558 nostri
3037 4517 3209 4573 usque
3257 4503 3328 4562 ad

81 4589 183 4659 ipso
206 4610 344 4652 cum.
372 4601 645 4670 pctrarias
677 4609 732 4655 et
765 4608 960 4655 caetera
1008 4599 1340 4655 adminicula
1390 4599 1640 4670 paravis~
1673 4601 1718 4662 υ
1745 4595 1904 4650 bases
1931 4609 2128 4650 cruore
2155 4602 2562 4665 peremptorum
2593 4595 2989 4667 tingueretnun.
3021 4595 3166 4662 Quid
3193 4611 3328 4650 nar-

5 4727 12 4736 .
87 4695 218 4754 sent,
269 4690 538 4748 citissime
588 4690 737 4746 haud
790 4691 950 4763 longe
1003 4705 1034 4746 a
1083 4703 1244 4749 muro
1301 4699 1640 4762 compactam
1741 4685 1914 4740 rabo?
1939 4682 2131 4742 Nullus
2159 4699 2228 4742 ex
2247 4683 2328 4742 eis
2349 4685 2474 4744 vitae
2509 4693 2595 4744 est
2614 4695 2947 4745 reservatus.
2987 4685 3218 4742 Sednec
3246 4686 3327 4744 few

79 4789 363 4838 erexerunt.
405 4782 586 4851 Quam
628 4794 888 4851 erectam,
913 4783 1057 4840 etde
1085 4782 1250 4838 coriis
1274 4780 1478 4838 deforis
1503 4782 1642 4838 bene
1741 4775 1908 4835 minis
1935 4790 2036 4832 nec
2055 4775 2300 4848 parvulis
2339 4787 2719 4849 pepercerunt.
2765 4777 3012 4834 Mirabile
3047 4777 3323 4848 quoddam

80 4879 402 4943 contextam,
435 4876 698 4946 paulatim
746 4875 1173 4947 promovendam
1226 4889 1386 4930 muro
1414 4874 1640 4946 prOpius

77 4955 414 5034 impegerunt.
446 4965 588 5022 Tum
615 4983 743 5022 vero
774 4966 884 5022 rari
921 4967 1142 5034 milites,
1173 4973 1352 5021 tamen
1375 4967 1636 5034 audaces,

84 5061 312 5110 monente
345 5071 541 5126 cornu,
566 5058 929 5115 ascenderunt
958 5057 1015 5112 in
1043 5072 1188 5125 eam,
1209 5055 1277 5113 de
1311 5072 1418 5127 qua
1453 5057 1636 5113 statim

83 5138 266 5210 lapides
309 5154 366 5202 et
413 5149 642 5221 sagittas
675 5147 860 5219 jacere
899 5155 1202 5219 eruperunt.
1263 5147 1469 5202 Contra
1503 5163 1644 5219 quos

82 5230 310 5291 similiter
331 5235 620 5299 Sarraceni
647 5237 984 5298 defendendo
1015 5253 1074 5295 se
1100 5238 1351 5309 agebant,
1374 5248 1426 5295 et
1462 5239 1642 5311 ignem

85 5335 194 5377 cum
216 5325 331 5383 oleo
347 5337 404 5385 et
419 5330 580 5402 adipe
602 5331 843 5390 vividum
865 5329 1059 5388 faculis
1081 5332 1280 5402 aptatis
1301 5333 1458 5388 dictae
1482 5332 1638 5402 turri,

81 5422 130 5470 et
154 5417 408 5478 militibus
431 5422 527 5493 qui
554 5423 786 5483 erantin
814 5439 900 5492 ea,
925 5421 1226 5480 fundibulis
1265 5425 1382 5482 suis
1422 5425 1638 5496 jacula-

75 5500 282 5565 bantur.
317 5509 500 5572 Llultis
536 5513 702 5586 igitur
749 5522 1108 5586 utrorumque
1146 5514 1378 5573 invicem
1410 5516 1492 5572 sic
1521 5532 1642 5572 cer-

87 5597 296 5654 tantium
338 5617 485 5660 mors
523 5620 667 5676 saepe
697 5606 885 5666 aderat
930 5621 1193 5677 prazsens.
1228 5604 1304 5664 Ea
1333 5605 1554 5679 quidem
1581 5607 1639 5666 in

77 5698 223 5753 itane
253 5708 360 5764 qua
392 5694 742 5769 Raymunt'us
769 5715 961 5766 comes
983 5709 1038 5756 et
1075 5700 1329 5758 homines
1369 5702 1452 5757 sui
1497 5701 1638 5758 assi-

88 5781 300 5852 ciebant,
325 5788 524 5847 scilicet
553 5793 606 5846 in
633 5802 870 5848 montem
902 5791 1051 5861 Sion,
1077 5808 1199 5849 eum
1237 5795 1506 5850 machinis
1526 5795 1642 5852 suis

92 5882 324 5944 magnum
377 5882 639 5938 assultum
693 5881 1024 5958 dabant..L‘x
1055 5887 1226 5941 altera
1279 5901 1408 5942 vero
1458 5897 1633 5958 parte,

1739 4870 2014 4940 videretis,
2038 4886 2164 4926 cum
2203 4870 2458 4944 scutigeri
2497 4873 2669 4928 nostri
2695 4879 2859 4943 atque
2884 4871 3093 4943 pedites
3122 4887 3325 4942 paupe-

1737 4964 1934 5033 riores,
1978 4963 2272 5020 calliditate
2305 4963 2734 5027 Sarracenorum
2778 4973 3075 5035 comperta,
3107 4974 3323 5024 ventres

1745 5070 1934 5112 eorum
1957 5055 2073 5128 jam
2100 5056 2408 5114 occisorum
2433 5056 2726 5124 findebant,
2750 5065 2811 5112 ut
2843 5057 2910 5112 de
2932 5057 3204 5114 intestinis
3225 5057 3295 5132 by
3311 5089 3325 5101 -

1741 5149 1953 5204 santios
1975 5155 2346 5220 excerperent,
2372 5163 2512 5218 quos
2536 5147 2643 5203 vivi
2667 5145 2919 5206 faucibus
2941 5149 3322 5221 transglutive-

1741 5251 1884 5296 rant.
1915 5239 2257 5312 Quapropter
2282 5250 2407 5312 post
2429 5241 2547 5298 dies
2569 5241 2779 5312 aliquOt
2799 5256 2997 5301 acervo
3019 5259 3218 5315 magno
3240 5242 3322 5298 fa-

1735 5342 1828 5390 .cto
1857 5333 1924 5390 de
1955 5333 2333 5403 cadaveribus,
2379 5349 2446 5394 ca
2491 5333 2603 5404 igni
2649 5335 3092 5404 combusserunt,
3146 5346 3208 5392 ut
3245 5351 3322 5392 aes

1739 5423 1872 5478 illud
1897 5423 2220 5494 praedictum
2253 5424 2312 5479 in
2345 5423 2528 5480 cinere
2553 5422 2703 5488 facto
2731 5422 2949 5486 facilius
2995 5427 3318 5500 reperirent.

1739 5511 2060 5584 ,Tancrcdus
2117 5523 2316 5581 autem.
2353 5513 2617 5596 templum
2670 5513 2888 5580 Domini
2937 5532 3061 5596 cum
3121 5516 3321 5574 festino

1741 5621 1906 5662 cursu
1935 5604 2239 5677 ingressus,
2268 5593 2442 5666 multa
2459 5623 2633 5672 aurea
2655 5617 2708 5664 et
2735 5617 2990 5680 argentea
3012 5593 3181 5680 (quod
3202 5616 3320 5668 erat

1742 5696 1896 5772 nefas
1918 5696 2284 5772 rapiendum),
2310 5698 2519 5770 lapides
2553 5700 2719 5772 etiam
2753 5702 3025 5772 pretiosos
3065 5701 3296 5770 arripuit

1745 5791 1848 5846 Sed
1879 5792 1983 5847 hoc
2007 5799 2194 5862 postea
2215 5793 2532 5863 emendatis.
2562 5793 2749 5849 eadem
2780 5803 2975 5848 cuncta
3005 5794 3087 5848 vel
3119 5792 3197 5848 eis
3223 5807 3318 5868 ap-

1741 5885 1966 5956 pretiaza
1998 5883 2116 5942 loco
2146 5896 2498 5963 sacrosancto
2527 5884 2882 5967 rctnandavit.
2937 5943 2942 5946 ,
3213 5893 3216 5896 ’
