3850 6310
113 437 194 495 85⁸1

837 417 1205 492 fULCHERH
1242 419 1547 478 CARNOT.
1584 418 1764 476 HIST.
1805 418 2170 480 HIEHOSOL.
2204 455 2275 468 -—
2309 422 2440 479 LIB.
2479 421 2522 486 l,

111 555 350 621 sequenter
385 558 502 599 cum
526 541 753 613 agmine
796 539 962 596 denso
1005 539 1240 595 militum
1282 545 1619 594 armatorum
1648 537 1692 594 Α
1721 551 1838 593 suae
1858 539 2078 594 reverti.
2107 537 2174 594 Et
2198 555 2324 595 cum
2355 539 2410 592 in
2435 537 2671 592 Iordane
2697 536 2920 592 flumine
2963 537 3183 592 indilate
3205 534 3303 591 loti

110 637 371 710 remigando
422 634 788 706 posteritatem
826 631 1167 688 sollicitabat.
1225 629 1421 686 Cana-ri
1468 628 1616 684 enim

108 745 316 806 proceres
331 727 414 782 alii
436 727 489 781 in
515 725 718 797 prima,
739 724 826 780 alii
855 723 911 778 in
933 721 1173 779 secunda
1193 721 1310 777 acie
1332 721 1615 792 praeibam.

110 823 192 880 Sed
211 835 317 878 cum
339 819 404 876 ab
425 828 655 888 utraque
673 825 821 888 parte
844 816 1028 870 hostes
1055 814 1325 877 hostibus,
1350 819 1616 882 quantum

98 918 245 988 jactus
261 920 336 968 est
358 911 564 980 lapidis,
595 909 679 965 vel
707 908 865 978 paulo
896 907 1041 977 plus,
1067 905 1617 976 appropinquassent,

103 1009 218 1063 illico
242 1003 430 1075 pedites
487 1000 661 1056 nostri
726 997 946 1069 sagittas
984 996 1040 1050 in
1082 997 1203 1052 illos
1247 993 1620 1051 distendentes

97 1099 318 1169 jecerunt.
339 1090 832 1162 Congruentissime
858 1104 983 1144 mox
1011 1095 1212 1144 secuta:
1237 1096 1368 1142 sunt
1393 1084 1620 1156 sagittas

101 1191 276 1254 lancem,
319 1185 442 1240 dum
475 1183 686 1254 equites
715 1180 920 1248 nostri,
961 1192 1222 1250 tanquam
1259 1177 1621 1248 jurejurando

100 1293 250 1340 omnes
271 1277 490 1332 invicem
517 1276 951 1338 confirmassent,
981 1272 1186 1342 impetu
1211 1269 1520 1326 vehementi
1546 1268 1622 1324 ir-

97 1379 280 1428 ruerent
307 1368 358 1423 in
385 1382 502 1433 eos,
533 1374 587 1422 et
607 1380 842 1438 quorum
867 1362 1247 1435 quadrupedes
1281 1376 1447 1416 cursu
1492 1369 1623 1416 tunc

97 1479 180 1519 non
209 1459 408 1515 fuerunt
441 1458 662 1525 celeres,
709 1457 973 1514 continuo
1021 1454 1142 1512 neci
1183 1452 1455 1510 submersi
1494 1459 1624 1508 sunt

95 1568 225 1623 supra
254 1565 506 1617 sessores,
544 1549 636 1606 ubi
664 1564 848 1620 parvae
873 1549 1022 1606 horae
1065 1547 1243 1618 spatio
1283 1545 1454 1601 multa
1500 1560 1624 1602 eor-

93 1660 195 1718 pora
216 1643 508 1713 palluerunt
529 1641 860 1699 exanimata.
889 1639 1044 1695 Tunc
1070 1639 1228 1696 multi
1259 1654 1451 1696 eorum
1474 1655 1622 1695 mor-

93 1745 176 1792 tem
216 1742 524 1800 metuentes,
574 1733 942 1792 ascendebant
983 1732 1243 1788 arborum
1292 1733 1619 1799 cacumina;

92 1828 164 1898 qui
207 1837 369 1884 tamen
409 1826 545 1880 inibi
594 1825 857 1897 sagittati,
899 1834 955 1881 et
1000 1825 1162 1880 morti
1213 1825 1348 1891 laesi,
1396 1825 1464 1880 ad
1505 1835 1619 1880 ter-

1720 628 1973 696 fuissent,
2002 639 2056 686 et
2084 631 2390 701 palmarum
2429 644 2614 684 ramos
2641 629 2783 700 apud
2811 627 3029 683 Jericho
3058 628 3113 681 in
3142 628 3304 681 horto

1716 722 1949 777 Abrahae
1969 723 2115 778 dicto
2142 724 2511 794 collegissent,
2554 721 2824 777 Robcrtus
2890 719 3301 775 Northmanno-

1716 831 1840 869 rum
1865 830 2072 880 comes,
2105 814 2377 870 Robertus
2427 830 2610 870 comes
2648 813 2938 878 Flandrim,
2986 811 3304 867 Constanti-

1718 907 1958 978 nopolim
1990 908 2208 978 navigio
2236 908 2598 980 appetierunt,
2646 907 2844 962 deinde
2900 906 3188 960 Franciam
3233 905 3302 959 ad

1718 1001 1941 1071 propria
1967 1011 2372 1056 remeaverunt.
2407 1001 2764 1073 Raymundus
2793 1015 2926 1055 vero
2958 1014 3132 1069 usque
3161 997 3307 1051 Lao—

1719 1093 1918 1149 diciam
1961 1093 2132 1163 Syria:
2159 1109 2442 1164 regressus
2471 1103 2574 1160 est,
2599 1102 2653 1149 et
2690 1094 2741 1147 in
2773 1091 3302 1160 Constantinopolim

1719 1185 1908 1239 relicta
1943 1199 2134 1251 uxore,
2187 1185 2242 1240 in
2304 1184 2561 1240 Laodicia
2604 1181 2902 1239 rediturus.
2948 1181 3065 1236 Dux
3097 1175 3302 1235 autem

1721 1275 2050 1333 Godefridus
2084 1286 2296 1332 retento
2323 1277 2428 1332 sibi
2454 1275 2754 1344 Tancredo,
2783 1286 2840 1331 et
2870 1275 2991 1330 aliis
3028 1273 3301 1344 pluribus,

1720 1370 2089 1443 principatum
2105 1369 2661 1442 Hierosolymitanum
2679 1370 2836 1436 rexit,
2850 1383 3014 1440 quem
3029 1361 3302 1423 consensu

1721 1462 1969 1519 omnium
1991 1469 2310 1532 susceperat
2339 1460 2718 1516 obtinendum.

2294 1551 2527 1608 CAPUT
2589 1551 2733 1607 XXI.

1722 1648 1799 1704 De
1822 1647 2134 1702 Boamundo
2185 1655 2236 1703 et
2266 1645 2555 1711 Balduiuo,
2585 1654 2636 1700 et
2660 1661 2840 1699 eorum
2865 1643 3300 1714 peregrinatione.

1790 1741 1929 1796 Cum
1978 1749 2160 1796 autem
2211 1740 2458 1794 audisset
2507 1739 2742 1793 domnus
2798 1736 3304 1806 Boamundus,‘qui

1721 1833 2027 1890 Antiochiae
2068 1843 2198 1888 tunc
2223 1831 2655 1903 principabatur,
2677 1829 2763 1884 vir
2783 1831 3024 1900 prudens
3065 1838 3122 1883 et
3167 1838 3307 1884 stre-

90 1937 178 1977 ram
201 1919 471 1976 infeliciter
497 1921 848 1987 corruebant,
880 1921 1106 1976 incursu
1152 1921 1207 1975 in
1246 1936 1341 1978 eos
1361 1929 1617 1991 penetra-
1651 1902 1692 1958 Β
1719 1943 1886 1994 unus,
1912 1936 1967 1981 et
1985 1902 2232 1981 domnus
2249 1924 2546 1979 Balduinus
2564 1921 2773 1994 praefati
2805 1919 3084 1976 Godefrirli
3112 1920 3308 1985 frater,

90 2015 160 2069 bili
187 2014 311 2070 farto
330 2015 567 2087 undique
595 2013 884 2071 Sarraceni
923 2015 1307 2084 pertimebant.
1344 2013 1618 2070 Tentoriis

89 2107 537 2178 transactis,usque
557 2108 625 2162 ad
649 2107 937 2164 Ascalonis
958 2107 1161 2164 mania
1183 2108 1278 2178 qui
1303 2118 1616 2175 evaserunt,

90 2199 219 2271 fugati
235 2209 369 2257 sunt.
398 2199 533 2268 Qua:
561 2200 756 2256 civitas
797 2200 1154 2271 septingentis
1195 2209 1251 2256 et
1281 2199 1472 2270 viginti
1505 2208 1619 2256 sta-

88 2294 255 2348 diorum
281 2294 470 2365 spatiis
497 2293 570 2348 ab
595 2292 968 2365 Hierosolyma
1000 2293 1187 2349 distat.
1214 2292 1272 2349 In
1293 2293 1468 2364 prima
1489 2292 1618 2363 qui-

87 2386 176 2440 dem
199 2387 300 2440 acie
319 2386 429 2440 dux
457 2400 654 2440 eorum
685 2384 1074 2452 Lavendalius,
1105 2385 1232 2441 licet
1256 2393 1412 2440 antea
1447 2383 1620 2438 Fran-

86 2490 156 2530 cos
176 2475 546 2546 vilipendisset,
580 2489 689 2529 non
722 2475 864 2530 lente
903 2473 1120 2546 fugiens
1169 2475 1397 2529 dorsum
1426 2474 1616 2540 vertit;

86 2567 240 2635 quibus
260 2567 670 2636 tabernaculum
696 2581 858 2622 suum
903 2581 1030 2622 cum
1069 2567 1280 2622 caeteris
1307 2574 1617 2630 extensum,

84 2671 122 2715 et
160 2661 361 2732 pecunia
413 2661 726 2730 munitum,
782 2661 984 2716 invitus
1042 2661 1281 2730 reliquit.
1339 2658 1616 2726 Quorsum

85 2749 235 2806 Franci
277 2753 530 2823 regressi,
576 2753 802 2810 victoria
853 2751 1101 2822 jocundi,
1149 2750 1382 2806 Domino
1435 2759 1620 2823 grates

85 2845 223 2899 tando
247 2853 363 2900 sunt
404 2844 702 2916 regregati.
734 2843 889 2899 Tunc
942 2843 1175 2914 ingrcssi
1204 2851 1334 2900 sunt
1360 2841 1618 2897 taberna-

84 2935 175 2988 cula
194 2950 386 3003 eorum,
417 2943 475 2991 et
502 2934 836 2992 invenerunt
879 2933 933 2990 in
964 2933 1045 2989 eis
1069 2951 1233 3005 gazas
1263 2934 1485 3001 multas,
1515 2951 1619 2989 au-

85 3038 507 3100 rum,argentum,
539 3029 725 3100 pallia,
773 3028 1049 3096 induvias,
1079 3028 1290 3099 lapides
1324 3029 1618 3100 pretiosos,

83 3124 151 3194 qui
169 3124 375 3182 duodeni
397 3125 480 3181 sic
501 3124 863 3180 nominantur
881 3143 894 3178 :
912 3120 1116 3193 Jaspis,
1134 3123 1446 3193 sapphirus,
1463 3123 1620 3178 chal-

1719 2021 1813 2092 qui
1837 2021 2090 2076 similiter
2117 2018 2340 2073 Edessa:
2361 2016 2618 2082 civitatis,
2641 2016 2938 2087 patriaeque
2955 2014 3130 2070 aflinis
3156 2023 3311 2068 trans

1720 2113 1943 2168 fluvium
1994 2111 2328 2182 Euphratem
2382 2109 2787 2174 dominabatur,
2845 2106 3186 2162 Hierusalem
3241 2105 3312 2159 ab

1719 2207 1829 2262 illis
1851 2205 1945 2276 qui
1967 2205 2290 2276 prasiverant
2316 2203 2539 2273 collegis
2563 2202 2682 2257 suis
2695 2211 2909 2272 captam
2935 2200 3130 2266 fuisse,
3149 2200 3314 2254 laetis-

1721 2298 1847 2354 simi
1871 2297 2048 2353 effecti
2095 2295 2208 2351 Deo
2239 2295 2430 2350 laudes
2455 2293 2810 2348 exsolverunt
2837 2292 2963 2347 inde
3013 2292 3308 2362 supplices.

1721 2391 1878 2457 Quod
1925 2390 1974 2446 si
2004 2388 2104 2457 illi,
2149 2389 2244 2459 qui
2276 2386 2628 2444 festinatione
2674 2385 2885 2440 itineris
2919 2391 3314 2456 praecesserant

1720 2500 1836 2549 eos,
1861 2484 2000 2538 bene
2041 2489 2098 2537 et
2152 2482 2361 2536 utiliter
2407 2480 2616 2550 operati
2649 2478 2902 2542 fuissent,
2932 2478 3185 2548 quamvis
3213 2491 3311 2532 eos

1722 2575 1935 2631 tardius
1961 2575 2311 2631 subsecuturi
2334 2582 2522 2628 essent
2560 2572 2752 2627 biduo
2794 2581 2920 2628 cum
2965 2569 3102 2631 suis,
3141 2568 3315 2638 parti-

1719 2670 1872 2738 cipes
1898 2677 2084 2724 tamen
2128 2667 2375 2737 ejusdem
2407 2664 2525 2720 fore
2573 2663 2746 2719 bravii
2797 2678 2908 2716 non
2940 2671 3024 2716 est.
3049 2661 3311 2715 dubitan-

1719 2762 1876 2817 dum.
1929 2759 2059 2816 Erat
2088 2759 2236 2816 enim
2281 2774 2509 2814 necesse
2539 2767 2600 2813 ut
2629 2767 2770 2812 terra
2814 2765 2868 2810 et
2901 2755 3150 2810 civitates
3183 2767 3312 2808 cum

1723 2862 1878 2910 tanto
1893 2853 2081 2909 labore
2095 2853 2210 2923 jam
2245 2851 2441 2906 Turcis
2474 2850 2668 2905 ablata!
2694 2849 2924 2904 solerter
2962 2847 3312 2903 custodimu-

1721 2958 1834 3014 tur,
1877 2963 1949 3004 ne
1973 2945 2114 3001 forte
2153 2954 2300 3000 terra
2338 2943 2556 2998 incaute
2585 2942 2866 3004 derelicta,
2899 2939 2943 2994 si
2971 2939 3156 2994 cuncti
3191 2937 3316 2993 Hie-

1721 3042 1962 3100 rusalem
1990 3049 2122 3096 tunc
2147 3038 2411 3103 abissent,
2453 3051 2679 3091 recursu
2719 3034 3008 3104 repentino
3053 3049 3084 3086 a
3117 3030 3312 3086 Turcis

1724 3149 1901 3205 usque
1928 3133 2210 3190 Persidam
2255 3130 2370 3201 jam
2420 3129 2654 3200 repulsis
2702 3135 3091 3184 resumeretur.
3154 3122 3310 3180 Unde

84 3215 314 3284 cedonius,
337 3217 692 3290 smaragdus,
719 3215 1016 3287 sardonys,
1067 3215 1305 3281 sardius,
1349 3215 1619 3287 chrisoly-

1725 3231 1986 3286 damnum
2010 3225 2237 3282 Francis
2260 3240 2368 3280 non
2404 3223 2695 3280 minimum
2735 3221 2948 3276 cunctis
2976 3219 3318 3289 contingeret

86 3309 196 3375 thus,
216 3311 460 3383 beryllus,
491 3309 768 3380 topalius,
806 3308 1245 3378 chrisoprassus,
1269 3309 1621 3380 hyacinthus,

83 3405 385 3475 amethystus.
407 3404 762 3476 Bepererunt
782 3403 946 3459 etiam
968 3419 1100 3460 vasa
1119 3411 1175 3458 et
1202 3403 1455 3460 utensilia
1481 3403 1622 3458 mul-

83 3494 298 3564 tiformia;
341 3496 565 3568 galeros
599 3505 845 3561 auratos,
902 3495 1138 3552 annulos
1169 3494 1429 3565 optimos,
1460 3510 1622 3551 enses

82 3586 324 3654 mirabiles,
353 3603 665 3655 annonam,
711 3587 967 3655 farinam,
1002 3598 1307 3658 cieteraque
1329 3588 1518 3643 multa.
1546 3587 1622 3642 Ea

80 3692 178 3730 vero
201 3689 341 3735 nocte
366 3681 480 3735 illic
507 3679 771 3750 hospitati
797 3689 945 3748 sunt,
994 3688 1050 3735 et
1089 3680 1377 3750 pervigiles
1408 3680 1542 3734 bene
1563 3695 1622 3736 se

81 3782 510 3828 conservaverunt.
553 3770 691 3826 Nam
727 3772 814 3827 die
845 3772 1095 3842 sequenti
1122 3773 1387 3844 putabant
1415 3771 1620 3827 bellum

77 3876 100 3916 θ
124 3862 403 3922 Sarracenis
427 3865 708 3932 reiterari,
739 3864 834 3935 qui
887 3874 1068 3922 tamen
1097 3864 1291 3920 timore
1319 3864 1474 3919 valde
1500 3879 1624 3934 per-

78 3956 211 4009 territi
235 3967 382 4012 nocte
413 3958 540 4030 ipsa
567 3973 758 4013 omnes
782 3955 1132 4028 aufugerunt.
1166 3956 1288 4023 Quo
1315 3973 1477 4011 mane
1528 3971 1624 4025 per

78 4048 395 4115 exploratores
415 4058 730 4120 comperto,
763 4048 990 4103 vocibus
1019 4047 1294 4104 laudiﬂuis
1330 4047 1500 4103 Deum
1526 4047 1624 4101 be-

79 4138 348 4195 nedixerunt
367 4152 421 4196 et
459 4141 932 4212 gloriﬁcaverunt,
957 4141 1052 4210 qui
1083 4148 1162 4196 tot
1183 4140 1353 4195 millia
1382 4139 1622 4210 perfido—

77 4247 166 4285 rum
186 4250 297 4289 raro
315 4236 568 4292 exercitu
597 4233 1039 4304 Christianorum
1067 4233 1322 4304 dissipari
1353 4232 1620 4304 permisit.

75 4322 337 4382 Benedictus
365 4344 504 4401 ergo
537 4328 702 4394 Deus,
729 4330 818 4399 qui
845 4346 945 4382 non
968 4328 1111 4382 dedit
1127 4344 1222 4381 nos
1246 4328 1301 4380 in
1327 4327 1624 4396 captionem

75 4417 269 4473 dentibus
317 4437 503 4474 eorum
562 4419 738 4490 (Psal.
771 4436 965 4486 cum,
989 4420 1066 4489 6).
1102 4419 1272 4474 Beata
1305 4419 1450 4473 enim
1475 4435 1621 4489 gens,

76 4510 190 4576 cujus
208 4521 283 4567 est
305 4512 572 4570 Dominus
601 4512 741 4568 Deus
762 4511 1063 4582 cjus(Psal.
1091 4528 1264 4579 xxx",
1298 4512 1406 4578 12).
1431 4509 1624 4565 Nonne

1725 3319 1994 3384 evenisse,
2028 3326 2140 3373 tam
2161 3315 2421 3372 euntibus
2443 3327 2607 3385 quam
2638 3312 3011 3368 redeuntibus.
3058 3310 3315 3366 Forsitan

1724 3410 1911 3466 divina
1951 3408 2295 3480 providentia
2345 3407 2556 3464 distulit
2599 3422 2719 3472 eos,
2754 3407 2876 3476 plus
2905 3405 2959 3459 in
2986 3401 3316 3474 peragendis

1722 3516 1888 3571 quam
1920 3500 1977 3556 in
2003 3499 2239 3571 peractis
2275 3498 2512 3569 negotiis
2545 3497 2803 3566 judicans
2841 3511 2936 3551 eos
2965 3492 3311 3565 profuturos.

1723 3593 1767 3649 Ο
1799 3593 2013 3664 quoties
2042 3592 2262 3648 interim
2309 3591 2427 3660 ipse
2477 3588 2775 3645 Balduinus
2821 3588 2878 3642 in
2902 3583 3312 3655 Mesopotamia:

1721 3684 1924 3740 finibus
1953 3682 2156 3754 praeliis
2191 3688 2382 3737 contra
2437 3678 2650 3734 Turcos
2701 3677 2859 3733 factis
2908 3676 3166 3747 fatigatus
3196 3677 3309 3730 est!

1722 3784 1966 3846 quotque
2011 3775 2188 3844 capita
2228 3788 2420 3830 eorum
2449 3787 2594 3827 caesa
2643 3771 2753 3826 illic
2797 3769 3052 3833 fuissent,
3093 3768 3312 3822 recitari

1725 3885 1832 3924 non
1864 3877 2060 3938 potest.
2091 3864 2502 3936 Smpecontigit
2527 3864 2678 3918 illum
2698 3879 2823 3918 cum
2842 3870 3001 3932 gente
3025 3877 3123 3916 sua
3141 3876 3312 3930 pauca

1724 3971 1914 4018 wntra
1951 3960 2354 4016 multitudinem
2411 3973 2600 4013 eorum
2657 3972 2909 4027 magnam
2943 3954 3201 4025 praeliari,
3237 3963 3313 4018 et,

1728 4053 1837 4110 Deo
1863 4055 2111 4124 juvante,
2144 4052 2423 4121 triumpho
2453 4050 2644 4107 laetari.
2673 4047 2779 4104 Sed
2801 4063 2926 4103 cum
2960 4063 3055 4117 per
3082 4045 3314 4117 legatio-

1723 4163 1822 4204 n~s
1845 4163 1969 4202 eum
1994 4145 2348 4202 Boamundus
2369 4143 2812 4214 praemonuisset,
2861 4148 2921 4196 ut
2969 4138 3310 4194 Hierusalem

1722 4239 1886 4294 antibo
1909 4253 2033 4303 cum
2066 4236 2183 4292 suis
2225 4235 2328 4290 iter
2354 4234 2599 4288 nondum
2621 4231 2895 4302 expletum
2926 4229 3054 4284 ituri
3085 4228 3314 4298 perfice-

1726 4341 1868 4397 rent,
1893 4331 2194 4387 Balduinus
2218 4329 2366 4384 illico
2391 4344 2520 4384 suas
2547 4342 2635 4382 res
2661 4335 2969 4395 opportune
2990 4323 3313 4391 disponens,

1725 4440 1784 4480 se
1837 4425 2040 4478 iturum
2094 4421 2439 4492 praeparavit.
2489 4418 2596 4474 Sed
2645 4431 2778 4474 tunc
2833 4415 3061 4474 audiens
3107 4413 3317 4467 Turcos

1725 4534 1897 4572 llilllm
1927 4533 2099 4572 cornu
2147 4515 2341 4585 patria:
2369 4530 2483 4569 sua:
2516 4512 2856 4584 ingressione
2877 4507 3193 4579 pervadere,
3235 4506 3318 4559 in-

74 4606 225 4662 minuti
272 4608 491 4665 fuerant
539 4608 644 4679 ipsi
676 4607 979 4678 Babylonii,
1019 4609 1266 4663 dicentes
1293 4625 1306 4662 :
1339 4625 1357 4658 ε
1396 4605 1622 4672 Eamus,
1659 4621 1703 4680 ι)
1731 4618 1911 4679 empto
1935 4607 2328 4673 dimissohcum
2360 4605 2590 4659 necdum
2620 4601 2978 4657 exercitulum
3001 4614 3159 4652 suum
3186 4611 3307 4650 con-

73 4707 112 4750 et
129 4702 380 4770 capiamus
405 4701 756 4758 Hierusalem
799 4716 923 4756 cum
957 4699 1185 4755 Francis
1211 4700 1266 4754 in
1291 4715 1354 4754 ea
1381 4699 1623 4755 clausis?

73 4790 241 4856 Quibus
265 4792 530 4854 omnibus
564 4792 925 4863 interemptis,
952 4793 1245 4850 eradamus
1283 4792 1415 4847 illud
1441 4792 1624 4860 sepul-

72 4899 191 4938 crum
227 4896 330 4942 tam
361 4887 478 4941 sibi
507 4885 831 4957 pretiosum,
864 4896 917 4940 et
967 4885 1172 4954 lapides
1205 4885 1380 4955 ipsius
1408 4885 1624 4940 aedilicii

71 4988 188 5032 rutra
210 4981 389 5036 urbem
426 4981 674 5049 ejectos;
702 4994 802 5036 nec
831 4979 1037 5034 mentio
1084 4979 1314 5036 ulterius
1360 4995 1621 5050 umquam

72 5070 167 5123 inde
186 5071 282 5127 fiet.
313 5093 332 5124 ι
361 5073 472 5128 Sed
497 5072 613 5128 Deo
639 5071 953 5137 miserante,
979 5073 1083 5128 hoc
1107 5071 1158 5126 in
1188 5072 1418 5127 nihilum
1441 5088 1625 5128 rever-

70 5161 213 5220 sude
251 5165 484 5234 pecunia
534 5164 701 5218 etiam
754 5163 971 5217 illorum
1017 5173 1385 5218 oneraverunt
1424 5161 1624 5221 Franci

71 5270 208 5320 equos
232 5258 551 5313 eorumdem
585 5266 639 5312 et
671 5257 931 5312 camelos.
981 5255 1085 5323 Qui
1137 5273 1261 5312 cum
1287 5259 1544 5325 tentoria,
1570 5267 1625 5313 et

73 5351 131 5396 tot
166 5346 334 5415 jacula
392 5350 451 5404 in
501 5349 711 5418 campis
735 5349 994 5418 jacentis,
1019 5364 1291 5418 arcusque
1320 5361 1374 5406 et
1397 5351 1627 5414 sagittas

71 5437 120 5489 ad
141 5441 312 5498 urbem
342 5452 600 5498 sanctam
625 5441 840 5498 deferre
871 5458 980 5497 non
1023 5452 1268 5512 possent,
1293 5445 1408 5500 hzec
1429 5457 1625 5501 cuncta

73 5525 284 5587 incendio
310 5534 746 5600 commiserunt;
779 5533 974 5588 deinde
1009 5532 1348 5590 Hierusalem
1380 5537 1625 5610 gauden-

73 5628 134 5672 ter
159 5623 446 5682 rediean

642 5716 872 5774 CAPUT
909 5717 1028 5773 XX.

271 5809 348 5866 De
371 5813 670 5868 reversione
707 5813 1004 5881 principum
1025 5812 1096 5865 ad
1124 5812 1378 5879 patriam.

131 5894 209 5952 His
235 5901 430 5970 gestis,
447 5903 654 5976 placuit
683 5902 1008 5974 quibusdam
1038 5903 1090 5957 in
1120 5903 1353 5975 patriam
1385 5901 1623 5960 nationis

1729 4708 2030 4772 gregasset,
2058 4714 2182 4752 cum
2214 4696 2404 4766 paucis
2448 4695 2634 4748 hostes
2657 4693 2807 4746 adiit.
2857 4689 2962 4755 Qui
2999 4702 3123 4742 cum
3169 4685 3316 4738 arbi-

1731 4793 1858 4850 trati
1888 4799 2073 4848 essent
2087 4789 2202 4860 jam
2247 4805 2373 4844 cum
2400 4789 2500 4842 iter
2532 4801 2691 4841 suum
2717 4782 3032 4851 incaapisse,
3070 4778 3157 4833 die
3179 4792 3317 4847 qua-

1730 4888 1856 4943 dam
1899 4901 2024 4942 cum
2061 4885 2115 4939 in
2153 4882 2524 4938 tabernaculis
2570 4879 2686 4935 suis
2731 4876 2908 4934 securi
2951 4879 3155 4936 essent,
3198 4870 3318 4923 viso

1730 4980 1888 5050 signo
1927 4980 2072 5044 albo,
2105 4977 2252 5048 quod
2302 4975 2580 5044 bajulabat
2615 4969 2933 5030 Balduinus,
2984 4963 3321 5034 quantocius

1731 5068 1999 5140 pavefacti
2043 5067 2320 5138 fugerunt.
2369 5063 2518 5130 Quos
2559 5076 2687 5116 cum
2729 5072 2918 5128 parum
2970 5070 3093 5108 cum
3127 5052 3325 5123 paucis

1733 5164 1997 5233 fugasset,
2022 5163 2089 5217 ad
2117 5162 2170 5215 id
2204 5159 2348 5229 quod
2378 5158 2532 5228 prius
2563 5157 2862 5222 incuzperat
2906 5149 3085 5203 rediit.
3128 5147 3195 5202 Et
3233 5147 3327 5201 in-

1732 5255 2101 5327 gressusiter,
2138 5249 2426 5304 Antiochia
2481 5247 2760 5301 dcxterata
2805 5241 2953 5298 venit
2976 5238 3320 5305 Laodiciam,

1735 5348 1826 5402 ubi
1856 5345 2130 5416 stipendio
2173 5342 2371 5396 viatico
2401 5347 2605 5408 empto,
2644 5346 2697 5391 et
2724 5335 2940 5391 clitellis
2974 5331 3321 5398 reformatis,

1733 5437 2024 5493 abivimus.
2051 5434 2252 5490 Mensis
2282 5429 2588 5485 November
2607 5435 2744 5483 erat.
2769 5426 3018 5494 Cumque
3047 5422 3320 5490 Gibellum

1726 5531 2151 5596 transissemus,
2183 5524 2562 5582 Boamundum
2605 5523 2661 5576 in
2693 5519 2942 5577 tentoriis
2982 5518 3100 5578 suis
3133 5515 3320 5584 hospi-

1720 5633 1904 5680 tatum
1925 5631 2050 5676 ante
2079 5620 2348 5692 oppidum
2365 5616 2640 5689 quoddam
2666 5614 2944 5671 Valenium
2976 5611 3320 5668 nortiinatum

1734 5713 1973 5773 assecuti
1996 5729 2210 5770 sumus.
2243 5712 2376 5767 Erat
2393 5726 2520 5766 cum
2541 5724 2608 5764 eo
2632 5707 3080 5777 archiepiscopus
3093 5700 3320 5770 quidam

1733 5807 1989 5870 Pisanus,
2033 5804 2256 5862 nomine
2305 5802 2616 5868 Daibertus,
2669 5799 2761 5870 qui
2801 5813 2926 5854 cum
2987 5789 3318 5865 quibusdam

1733 5898 2005 5958 Tuscanis
2039 5907 2093 5954 et
2126 5896 2279 5954 italis
2331 5892 2603 5951 Laodicia:
2632 5891 2814 5965 portui
2861 5887 3126 5953 navigans
3147 5879 3320 5951 apph-
