3850 6310
525 407 636 463 859
1096 408 1187 462 AD
1225 408 1671 466 CODEFRIDUM
1712 408 2009 465 APPEND.
2053 408 2116 463 ll.
2157 444 2216 452 -—
2260 409 2534 466 NONUM.
2576 410 2662 464 DE
2700 411 2923 470 EELLO
2961 412 3205 470 SACRO.
3667 426 3744 482 sco

531 532 742 592 cucrat,
799 531 854 578 et
903 522 978 578 I‘Jl
1017 540 1115 580 nos
1157 523 1568 594 exspectabant,
1621 525 1905 579 nobiscum
1963 523 2112 577 ituri.
2149 529 2190 587 Α
2222 537 2428 589 scmus,
2477 523 2566 577 die
2620 534 2820 593 quarto
2862 523 3178 580 Bethlehem
3229 525 3513 596 adivimns,
3556 542 3607 585 ut
3628 547 3745 594 nocte

531 623 572 670 Λ
598 619 841 687 'eratque
867 617 1088 686 quidam
1116 618 1407 686 episc0pus
1429 616 1496 670 de
1517 617 1731 686 Apulia.
1756 616 1894 671 Cum
1913 617 2116 671 domno
2219 616 2333 684 ipsa
2359 615 2659 671 Dominica:
2691 614 2999 673 Nativitatis
3045 618 3442 675 revolutionem
3483 623 3745 686 celebraturi

519 708 800 763 .Balduino
828 716 948 763 erat
972 709 1184 764 tertius.
1215 707 1427 773 Quibus
1478 708 1552 763 ita
1603 710 1964 764 amieabiliter
2003 710 2118 780 glo-
2217 725 2480 776 annnam,
2507 711 2795 780 praesepio,
2822 711 2915 766 ubi
2939 709 3129 768 Jesum
3151 712 3323 768 Maria
3350 716 3646 773 venerabilis
3663 738 3748 776 ma-

518 801 778 868 mentis,
824 801 1078 856 aestimati
1137 816 1329 855 sumus
1389 816 1620 855 numero
1669 817 1791 857 esse
1837 803 1909 856 25
1946 802 2116 856 millia
2218 806 2301 853 ter
2332 801 2641 867 reclinavit,
2676 803 3105 872 praesentialiter
3142 805 3434 876 pervigiles
3460 807 3512 861 in
3540 813 3748 868 orationi-

534 892 821 962 utr-iusque
875 907 1039 946 sexus
1089 901 1198 944 tam
1240 891 1484 960 peditum
1543 908 1710 962 quam
1745 893 2014 962 equitum.
2053 891 2120 946 Et
2219 893 2323 948 bus
2359 894 2770 951 assisteremus.
2822 893 2944 962 Quo
2997 897 3052 951 in
3108 907 3328 953 noctem
3378 915 3500 954 cum
3543 902 3750 975 obsequio

535 1000 658 1038 cum
687 984 822 1038 fines
847 981 1273 1038 Sarracenorum
1308 983 1600 1039 interiores
1631 984 2034 1051 introissemus,
2066 992 2121 1039 et
2218 987 2539 1043 condecenti
2589 987 2824 1058 expleto,
2877 989 3016 1044 hora
3045 989 3151 1045 diei
3177 987 3363 1058 tertia,
3397 993 3558 1048 missa
3585 1011 3753 1067 quoque

534 1078 604 1131 ab
639 1075 832 1131 incolis
863 1074 1102 1146 regionis
1128 1075 1288 1130 nobis
1325 1076 1458 1131 satis
1512 1075 1727 1132 infestis
1765 1091 1866 1132 nec
1899 1091 2116 1146 panem,
2221 1081 2378 1135 tertia
2411 1081 2705 1148 celebrata,
2726 1080 3069 1137 Hierusalem
3098 1084 3490 1142 remeavimus.
3514 1085 3754 1158 Oquantus

534 1181 634 1222 nec
677 1165 884 1236 aliquid
917 1164 1085 1220 edulii
1111 1166 1313 1222 habere
1359 1182 1672 1236 possemus,
1704 1168 1834 1237 quia
1870 1182 1970 1222 nec
2003 1174 2122 1221 erat
2222 1177 2351 1224 tunc
2383 1180 2502 1225 erat
2529 1169 2670 1226 fetor
2693 1173 2841 1228 circa
2867 1189 3056 1229 muros
3092 1174 3352 1241 civitatis,
3389 1175 3535 1233 intus
3555 1187 3602 1232 et
3620 1190 3754 1248 extra,

530 1257 624 1328 qui
647 1257 822 1326 daret,
847 1259 933 1312 vel
953 1257 1049 1328 qui
1076 1258 1356 1327 venderet,
1384 1259 1658 1330 stipendio
1679 1261 1901 1331 quidem
1927 1269 2120 1316 nostro
2221 1263 2288 1317 de
2308 1263 2665 1320 cadaveribus
2679 1264 3111 1322 Sarracenorum
3145 1267 3328 1323 adhuc
3343 1269 3415 1322 ibi
3433 1273 3753 1341 marcentium,

529 1351 706 1423 magis
735 1354 1025 1426 magisque
1067 1366 1416 1426 consumpto,
1445 1357 1676 1427 contigit
1722 1358 1928 1414 multos
1977 1357 2122 1412 fame
2221 1371 2363 1426 quos
2386 1356 2521 1412 urbe
2551 1366 2709 1427 capta
2743 1358 2969 1430 collegae
3010 1360 3186 1415 nostri
3222 1361 3638 1432 trucidaverunt,
3665 1368 3755 1420 ubi-

529 1445 766 1501 anxiari.
799 1444 942 1517 Equi
965 1463 1186 1519 quoque
1209 1457 1263 1504 et
1287 1450 1558 1520 jumenta,
1582 1449 1869 1506 deﬁciente
1901 1453 2121 1506 annona
2222 1463 2440 1518 eunque
2464 1463 2560 1504 eos
2608 1450 2847 1505 assecuti
2898 1450 3140 1507 fuerant.
3169 1451 3309 1508 Cum
3338 1463 3520 1509 autem
3545 1465 3592 1510 et
3615 1472 3693 1512 nos
3719 1470 3758 1513 et

529 1537 719 1592 dolore
740 1538 1014 1610 geminato
1031 1539 1198 1595 nimis
1226 1541 1569 1612 angebantur
1596 1561 1610 1598 :
1635 1543 1804 1610 ibant,
1838 1559 1938 1600 nec
1962 1560 2122 1599 man-
2217 1536 2467 1608 iumenta
2497 1547 2688 1594 nostra
2726 1539 2912 1610 quiete
2964 1543 3277 1598 necessaria
3309 1543 3675 1616 aliquantisper
3691 1565 3759 1604 re-

529 1631 828 1687 ducabant.
879 1629 1036 1688 Tunc
1087 1642 1269 1688 autem
1304 1643 1464 1689 erant
1504 1635 1558 1689 in
1597 1635 1731 1706 ipsis
1761 1636 1908 1708 agris
1937 1637 2120 1705 cultis,
2223 1631 2386 1701 Βεεθιί
2414 1646 2686 1700 essemus,
2720 1641 2776 1688 ct
2824 1635 3196 1704 patriarcha!!!
3251 1637 3309 1693 in
3361 1639 3586 1696 ecclesia
3626 1646 3760 1698 sancti

527 1741 624 1795 per
651 1740 795 1797 quos
820 1734 1014 1782 euntes
1037 1727 1430 1796 transibamus,
1458 1745 1666 1786 messes
1691 1731 1964 1801 quaedam,
1981 1746 2121 1801 quas
2223 1723 2458 1794 εθρυιεινὶ
2485 1733 2595 1780 tam
2621 1725 2733 1780 du!
2772 1743 2938 1798 quam
2983 1729 3170 1785 caeteri
3215 1731 3509 1801 optimates
3541 1735 3761 1804 praefecis-

528 1819 726 1890 vulgus
745 1827 909 1875 vocat
933 1816 1324 1889 Cannamelles,
1347 1823 1709 1879 arundinibus
1746 1823 1862 1880 fere
1886 1823 2116 1890 similes,
2153 1889 2188 1895 _
2225 1824 2366 1882 $8M.
2392 1816 2602 1873 δείῑίοθῑ
2624 1818 2891 1874 ἀοωηιιιη
2914 1819 3235 1878 θειίδθηυῐη
3267 1824 3522 1895 superius
3543 1841 3764 1882 ῖηθωοηο

531 1926 562 1965 a
587 1889 762 1968 canna
787 1920 842 1969 et
867 1912 1028 1969 melle
1068 1928 1268 1970 nomen
1317 1917 1705 1987 compositum.
1737 1917 1894 1974 Unde
1921 1931 1976 1975 et
2012 1935 2051 1974 η

2243 1924 2363 1976 um,
2390 1910 2757 1983 redintegrato
2784 1912 3077 1984 stipendio,
3093 1923 3148 1970 et
3167 1889 3436 1986 iumentis
3461 1919 3645 1975 nostris
3665 1935 3763 1976 one-

531 2001 876 2070 silvestre,ut
898 2011 1054 2074 puto,
1077 2003 1298 2073 dicitur,
1323 2008 1470 2077 quod
1493 2007 1560 2064 de
1581 2009 1668 2065 liis
1691 2010 1967 2080 sapienter
1988 2026 2121 2067 con-
2224 2001 2382 2070 ratis.
2417 2004 2785 2075 τεετθάίοηῑεε
2807 2005 3196 2066 descendimus
3245 2007 3315 2063 ad
3343 2008 3541 2066 ﬂumen
3562 2009 3766 2067 Ῑοτάειῐιίο

534 2093 735 2150 ficitur.
766 2093 878 2153 Has
905 2096 1127 2168 quidem
1153 2094 1390 2156 famelici
1422 2111 1645 2172 propter
1666 2103 1932 2159 mellitum
1955 2121 2054 2175 sap

2245 2107 2371 2148 :um.
2399 2092 2555 2150 Tunc
2581 2095 2787 2166 placuit
2807 2097 3141 2168 quibusdam
3163 2099 3233 2154 de
3247 2100 3492 2156 exercitu
3519 2105 3765 2172 posteriore

532 2200 651 2240 rem
679 2194 793 2242 tota
819 2187 907 2244 die
931 2189 1186 2248 dentibus
1211 2192 1414 2249 nostris
1448 2193 1900 2262 ruminabamus;
1927 2211 2122 2266 parum
2225 2185 2280 2239 in
2332 2184 2677 2244 Πίθνυδίιιῡιιι
2727 2205 3034 2258 remanere,
3077 2198 3132 2247 εἴ
3177 2192 3512 2264 quibusdam
3541 2195 3600 2250 de
3627 2197 3768 2266 υτίοη

533 2283 716 2332 tamen
762 2278 1118 2348 proficiendo.
1159 2280 1361 2354 Utique
1415 2300 1516 2354 pro
1554 2301 1742 2342 amore
1783 2284 1879 2341 Dei
1932 2287 2048 2342 ha3c

2246 2277 2514 2333 uobiscum
2541 2295 2806 2336 remeare.
2837 2281 2957 2337 Dux
2985 2290 3190 2350 autem,
3227 2285 3374 2341 sicut
3417 2286 3584 2356 prius,
3608 2297 3766 2344 terram

531 2367 640 2422 alia
697 2370 891 2438 multa,
951 2371 1152 2429 famem
1182 2376 1409 2444 scilicet,
1443 2387 1499 2434 et
1536 2377 1761 2453 frigora,
1811 2388 1866 2434 et
1909 2380 2124 2450 pluvias
2226 2368 2774 2442 “iemso'ymilamm
2808 2382 3033 2430 Strenue
3064 2375 3250 2431 rex":

529 2461 734 2518 nimias
759 2463 1196 2524 sustinebamus.
1227 2468 1480 2542 Plerique
1522 2473 1688 2528 etiam
1715 2489 1911 2544 equos,
1937 2477 2124 2532 asinos
2367 2463 2832 2549 ξᾳί¹’“¹³.ί¹ἔ.¹’⁶ἲ¹’“ίδ
2862 2467 3257 2549 Α¹¹8¹³⁸ίὲἾιἽο
3287 2473 3425 2527 θθίίε
3452 2474 3603 2549 ωεεξτίε

521 2554 902 2626 .camelosque,
939 2558 1099 2628 panis
1157 2535 1407 2632 egentes-
1431 2535 1854 2622 manducaba-nt.
1897 2535 2125 2640 insuper
2371 2535 2591 2591 curm“
2616 2535 2872 2594 urbm'us
2893 2541 3094 2610 pws"!
3121 2539 3317 2597 “mm
3346 2545 3688 2601 Ve'mandus'

528 2649 715 2721 algore
737 2653 929 2720 nimio,
952 2663 1007 2709 et
1035 2655 1297 2712 imbrium
1341 2659 1618 2716 afﬂuentia
1657 2658 1962 2733 szepissime
2010 2674 2124 2718 tor-
2811 2656 3041 2712 CAPUT
3077 2656 3243 2714 XXII.

527 2741 858 2810 quebamur,
877 2760 980 2800 nec
1003 2758 1123 2804 erat
1146 2757 1360 2806 tantum
1393 2753 1526 2809 solis
1555 2763 1744 2822 testus,
1775 2772 1888 2827 quo
1911 2774 2047 2827 pann

2296 2747 2374 2802 De
2401 2749 2691 2804 reversione
2721 2749 3046 2818 Boamundi,
3070 2762 3119 2836 et
3153 2753 3366 2807 comitis
3399 2753 3646 2808 Baldnini
3668 2756 3723 2808 ad

532 2842 752 2890 nostros
791 2837 1130 2896 madefactos
1173 2843 1454 2900 exsiccare
1509 2862 1818 2917 possemus,
1856 2865 1984 2904 cum
2020 2851 2124 2906 im-
2903 2839 3142 2893 Ρτθρηαο

533 2925 714 2982 brium
747 2929 1088 2988 continuatio
1119 2935 1202 2990 vel
1228 2952 1325 3007 per
1353 2947 1592 3009 quatuor
1639 2941 1725 2996 vel
1761 2957 1858 3011 per
1881 2944 2123 3015 quinque
2298 2935 2459 2991 Anno
2488 2936 2558 2992 ab
2604 2936 2984 2993 lncarnatione
3032 2936 3317 2997 Dominica
3371 2941 3510 2996 “00
3555 2941 3637 2997 die
3678 2943 3776 2996 anni

531 3018 651 3074 dies
683 3035 784 3078 nos
808 3036 1048 3081 vexaret.
1083 3025 1206 3083 Vidi
1241 3038 1372 3086 tunc
1414 3032 1599 3102 plures
1630 3033 1999 3091 tabernaculis
2027 3052 2122 3092 ca-
2224 3028 2422 3100 Prima,
2456 3029 2512 3084 ίη
2543 3027 2764 3085 Ῑθΐίοῗιο
2809 3031 2979 3086 famis
3028 3033 3338 3102 Pa‘mamm
3375 3035 3550 3101 εωεῖεν
3579 3032 3641 3089 ad
3664 3032 3769 3088 de“

536 3123 720 3170 rentes
752 3114 1012 3174 imbrium
1065 3121 1252 3193 algore
1291 3107 1754 3198 exstiiigui.'.Ego
1798 3127 2123 3186 Fulcherius
2227 3121 2481 3190 ΐθηάωη,
2528 3135 2588 3178 υῑ
2633 3138 2755 3179 mos
2800 3131 2904 3188 θείς
2937 3139 3127 3180 omnes
3164 3127 3588 3196 assumPSimM.
3626 3135 3673 3181 ει
3713 3141 3776 3181 ⁵⁸·

530 3206 913 3280 Carnotensis,
965 3215 1060 3285 qui
1107 3216 1194 3272 his
1239 3217 1558 3287 intereram,
1590 3221 1699 3275 vidi
1755 3224 1991 3292 quadam
2033 3225 2123 3282 die
2153 3253 2196 3310 ϐ
2229 3214 2404 3268 cunda
2432 3213 2521 3269 die
2551 3213 2656 3269 iter
2685 3215 2978 3269 remeabile
3009 3216 3278 3285 cepimus.
3324 3215 3538 3274 Placuit
3565 3220 3780 3290 principi-

537 3302 724 3372 plures
753 3307 1043 3379 utriusque
1091 3326 1277 3378 sexus,
1331 3313 1647 3386 bestiasque
1690 3317 2124 3388 quamplurimas
2161 3302 2196 3310 ⁷
2231 3303 2334 3359 bus
2360 3306 2563 3362 ηοθῑτῖε
2585 3321 2683 3376 Per
2703 3305 2892 3360 urbem
2921 3303 3264 3362 Tiberiadem
3283 3307 3441 3378 ium
3469 3324 3615 3364 mare
3641 3319 3761 3364 ῑηηδ

536 3396 642 3452 hac
688 3399 873 3470 pluvia
927 3403 1068 3457 mori
1113 3404 1469 3477 algidissima.
1504 3406 1752 3479 Longum
1779 3418 1862 3464 est
1889 3411 2056 3467 recita

2261 3412 2332 3452 re.
2364 3395 2520 3463 Quod
2562 3413 2714 3454 mare
2742 3398 2810 3454 de
2840 3397 2989 3453 dulci
3033 3414 3174 3470 aqua
3201 3395 3590 3472 cnngregatum
3617 3401 3781 3456 duode-

535 3488 690 3558 dum,
707 3500 760 3546 et
777 3494 1037 3551 audiendi
1055 3496 1240 3556 forsan
1263 3499 1508 3567 taedium,
1532 3502 1661 3570 quia
1687 3503 1836 3557 nulla
1853 3505 2055 3559 anxiet:

2260 3490 2423 3560 'iginti
2469 3489 2707 3546 millibus
2736 3507 3023 3562 passuum,
3047 3501 3102 3546 et
3125 3493 3370 3564 quinque
3420 3493 3475 3547 in
3525 3494 3699 3558 latum,
3722 3492 3780 3546 vel

535 3583 722 3640 minus
757 3584 916 3640 dolor
955 3586 1129 3643 defuit
1153 3589 1358 3660 populo
1409 3589 1526 3646 Dei,
1565 3590 1718 3662 sape
1744 3609 1774 3648 ο
1809 3592 2127 3652 Saracenis
2227 3583 2381 3653 juxta
2409 3581 2706 3653 Jnsepbum
2737 3583 2805 3638 40
2849 3583 3043 3640 stadiis
3090 3583 3143 3638 in
3190 3584 3503 3651 latitudine,
3531 3595 3584 3640 et
3611 3595 3782 3640 centum

535 3672 594 3726 iu
621 3674 706 3728 via
737 3674 1128 3734 insidiantibus
1155 3679 1303 3736 circa
1328 3689 1542 3737 meatus
1568 3691 1751 3738 arctos
1780 3684 1966 3754 plures
1981 3687 2130 3742 occi-
2234 3674 2288 3728 in
2320 3675 2678 3744 lmgiwdine-
2723 3675 2926 3731 Deinde
2956 3691 3052 3746 Per
3078 3675 3389 3731 (Σωδπθίπη
3421 3675 3669 3747 Philippi.
3695 3689 3784 3744 (ῐιιε

534 3767 829 3836 debantur,
885 3777 982 3825 aut
1035 3787 1161 3826 cum
1217 3781 1435 3843 raptum
1487 3773 1628 3831 irent
1677 3792 1777 3844 pro
1799 3777 2129 3835 vietualibns
2233 3765 2444 3822 pane“
2493 3766 2679 3837 “"8”
2733 3766 2958 3839 δγτίεοει
3009 3767 3231 3836 diem",
3282 3770 3349 3824 ad
3387 3768 3583 3824 Libani
3626 3768 3784 3824 ωοῖιίίδ

535 3862 871 3930 quaerendis.
902 3862 1173 3921 Videretis
1205 3866 1405 3924 milites
1442 3868 1673 3936 nobiles,
1698 3871 1856 3940 equis
1879 3887 2131 3942 quoquo-
2235 3859 2472 3915 radicem
2525 3859 2710 3926 Silam.
2773 3860 2866 3914 “bi
2912 3861 3023 3915 duo
3083 3860 3265 3917 Ῑοηῑθε
3319 3869 3638 3934 εῐηθτευηῑν
3681 3859 3786 3914 unde

540 3955 706 4013 modo
727 3957 969 4026 amissis,
1001 3960 1214 4031 pedites
1243 3962 1402 4018 eﬂici.
1445 3962 1718 4020 Videretis
1744 3965 2011 4035 jumentis
2031 3965 2130 4020 de-
2234 3951 2487 4009 Iordanis
2516 3951 2715 4007 ﬂuvius
2744 3951 3019 4020 exoritur;
3072 3954 3166 4024 ψιί
3215 3963 3408 4024 Ροδῑεε
3437 3971 3588 4010 mare
3615 3953 3786 4008 Galil”

541 4043 850 4109 ticientibus
875 4067 1070 4124 capras
1121 4053 1439 4113 Sarracenis
1489 4057 1721 4124 ablatas,
1766 4072 2059 4128 vervecesq

2266 4060 2452 4112 ecans,
2484 4044 2540 4100 in
2571 4060 2723 4100 mare
2752 4043 3027 4100 Mortuum
3059 4061 3118 4100 se
3144 4046 3362 4117 ingerit.
3416 4045 3517 4103 Hic
3545 4057 3706 4101 autem
3727 4044 3786 4098 la-

540 4142 902 4212 superpositis
932 4143 1178 4200 sarcinis.
1196 4146 1353 4200 valde
1399 4145 1637 4218 fatigari,
1664 4155 1720 4202 et
1747 4147 1910 4202 dorsa
1937 4163 2130 4203 eorum
2236 4153 2336 4194 cus
2364 4137 2607 4193 Genesar
2635 4137 2837 4206 dictus,
2869 4138 2940 4192 ἆυ
2972 4138 3164 4194 stadiis
3207 4139 3263 4194 in
3313 4139 3667 4211 longitudine,
3693 4153 3791 4192 cen-

541 4234 685 4289 mole
726 4234 873 4290 illius
904 4236 1135 4291 sarcina:
1161 4239 1460 4309 corrumpi.
1495 4238 1588 4294 Bis
1638 4239 1695 4294 iu
1742 4239 1846 4293 hac
1874 4240 1983 4306 via,
2020 4255 2131 4295 non
2237 4239 2464 4300 tumque
2492 4231 2545 4285 ίη
2567 4230 2875 4298 ὶειῑίίυάίηθ,
2906 4230 3063 4301 Ῑυκιει
3092 4229 3418 4302 ἔθεεριιυῐηο
3449 4231 3605 4300 Ουοά
3630 4230 3789 4286 ﬂumen

541 4328 798 4398 amplius,
822 4345 1018 4400 panem
1049 4339 1102 4385 et
1135 4346 1411 4387 annonam
1441 4331 1774 4387 commercio
1820 4331 2130 4400 carissimo,
2237 4324 2432 4379 deinde
2479 4339 2575 4394 per
2618 4323 2833 4379 alveum
2866 4341 3037 4379 unum
3068 4341 3421 4394 Ρθΐευῐτεηεν
3473 4325 3661 4397 ingerit
3686 4322 3790 4379 θείη

541 4419 752 4475 scilicet
779 4436 810 4475 a
856 4419 1210 4492 Tripolitanis
1241 4433 1296 4478 et
1343 4422 1778 4479 Caesariensibus
1815 4423 2131 4486 habuimus.
2243 4433 2394 4471 mare
2435 4416 2580 4487 quOd
2634 4415 2913 4473 Μοΐῑιιιιιη
2939 4417 3162 4485 (Ποίων,
3189 4433 3256 4473 Θο
3284 4418 3434 4489 (111οά
3487 4418 3622 4472 nihil
3648 4417 3792 4488 8‘8"?“

543 4511 700 4568 Patet
739 4528 873 4585 ergo
894 4514 1024 4585 quia
1074 4515 1277 4586 poterit
1320 4516 1413 4570 vix
1465 4516 1593 4586 quis
1625 4530 1885 4586 magnum
1913 4516 2136 4587 aliquod
2240 4511 2444 4564 vivum.
2474 4509 2580 4577 Qui
2610 4510 2764 4566 lacus
2791 4508 3127 4581 Aspbaltites
3158 4511 3339 4567 dictus
3365 4511 3488 4567 sine
3519 4509 3677 4565 fundo
3702 4521 3792 4563 esse

542 4606 652 4661 nisi
682 4622 806 4662 cum
836 4623 1035 4679 magno
1063 4609 1252 4664 labore
1280 4609 1588 4679 acquirere.
1629 4607 1887 4679 Magnum
1913 4611 2133 4680 quidem
2164 4612 2212 4673 Ι)
2240 4603 2480 4657 creditur
2507 4603 2564 4657 in
2591 4603 2882 4676 abyssum;
2937 4603 3014 4659 ibi
3051 4604 3335 4660 subversis
3367 4603 3691 4669 civitatibus,
3719 4600 3792 4655 So-

541 4697 666 4765 fuit,
706 4716 833 4756 eum
883 4717 1059 4772 usque
1103 4701 1445 4756 Hierusalem
1497 4701 1962 4771 pervenissemus.
2014 4702 2134 4770 Qua
2240 4696 2400 4750 doma
2425 4696 2634 4751 scilicet
2662 4704 2716 4750 et
2743 4695 3073 4752 Gomorrba.
3119 4695 3234 4769 Ego
3273 4703 3462 4753 autem
3493 4696 3724 4753 callidius
3747 4693 3793 4748 de

539 4793 786 4860 visitata,
811 4803 1231 4850 consummatus
1258 4802 1342 4849 est
1365 4794 1521 4848 labor
1542 4794 1858 4851 diuturnus.
1884 4796 2135 4869 Cumque
2242 4787 2487 4844 fontibus
2517 4789 2605 4845 bis
2636 4789 3037 4861 conjec-tabam,
3065 4789 3289 4847 imitans
3317 4789 3546 4846 beatum
3573 4789 3792 4858 Hierony-

539 4897 868 4942 sanctorum
914 4885 1118 4943 Sancta
1157 4886 1665 4944 desiderantissima
1716 4889 2132 4959 inspiceremus,
2243 4898 2415 4949 mllm.
2445 4898 2610 4953 quem
2657 4882 2784 4954 legi,
2835 4883 2890 4937 in
2939 4881 3292 4954 Expositione
3331 4885 3458 4955 ejus
3487 4900 3646 4956 super
3665 4883 3795 4936 Amo!

541 4977 753 5048 ingenti
786 4977 986 5049 gaudio
1013 4977 1206 5049 repleti
1233 4994 1446 5034 sumus.
1482 4977 1526 5035 0
1554 4980 1772 5051 quoties
1809 4982 1876 5037 ad
1924 4998 2136 5038 memo—
2242 4975 2587 5045 prophetam,
2620 4975 2767 5046 quod
2814 4973 2933 5030 Dan
2983 4974 3040 5030 in
3090 4975 3338 5031 terminis
3387 4987 3553 5031 terra:
3602 4971 3796 5029 Ιυάείαε

541 5072 684 5126 riam
711 5072 1108 5127 reducebamus
1137 5072 1284 5127 illam
1315 5072 1626 5129 Davidicam
1662 5075 2004 5146 prophetiam
2028 5093 2060 5147 q

2279 5063 2337 5130 it,
2367 5064 2460 5119 ubi
2508 5081 2658 5120 nunc
2702 5073 2789 5121 est
2834 5063 3068 5132 Paneas,
3095 5072 3150 5120 et
3177 5065 3307 5135 quia
3340 5065 3525 5120 tribus
3573 5062 3678 5117 Dan
3715 5059 3797 5113 illic

543 5164 680 5218 dicit
709 5181 721 5216 :
752 5163 1108 5219 Adorabimus
1137 5167 1194 5219 in
1227 5164 1363 5232 loco,
1392 5167 1481 5220 ubi
1517 5173 1770 5221 steterant
1799 5168 1953 5236 pedes
1985 5167 2063 5236 eju

2277 5155 2533 5212 :dificavit
2563 5155 2862 5221 civitatem,
2895 5169 3062 5225 quam
3112 5153 3336 5209 nomine
3365 5153 3540 5224 patris
3571 5151 3650 5207 sui
3673 5163 3797 5202 voca-

543 5254 728 5327 (ρεαι,
759 5271 946 5323 cun,
975 5257 1051 5327 7,)
1082 5259 1239 5324 ρυοά
1269 5260 1532 5314 nimirum
1584 5260 1640 5314 in
1688 5259 1847 5314 nobis
1874 5268 2005 5314 tunc
2035 5259 2139 5313 im-
2245 5261 2440 5305 verunt
2466 5248 2603 5303 Dan.
2639 5245 2752 5302 Hac
2779 5247 2846 5302 de
2871 5262 3039 5302 causa
3067 5245 3266 5311 sentio,
3313 5243 3524 5299 fontem
3568 5244 3704 5298 ilium
3729 5254 3798 5291 vo-

546 5345 692 5416 pleri
720 5344 978 5414 vidimus,
1003 5349 1255 5418 quamvis
1298 5349 1421 5404 aliis
1449 5350 1638 5406 multis
1688 5349 1938 5405 similiter
1967 5351 2139 5420 perti-
2244 5344 2359 5400 cari
2391 5343 2529 5408 Dan,
2559 5350 2612 5398 et
2638 5341 2871 5397 alterum
2893 5339 3015 5407 Jor,
3041 5340 3137 5410 qui
3163 5339 3294 5394 huic
3315 5337 3650 5410 adiungitur.
3673 5329 3798 5386 Venio

545 5443 681 5492 neat
736 5455 750 5490 :
802 5435 943 5491 Illuc
997 5439 1217 5510 quidem
1271 5441 1620 5496 ascendimus
1682 5441 1850 5493 tribus
1899 5439 2138 5509 Domini,
2246 5453 2371 5492 mus
2397 5446 2578 5490 autem
2600 5433 2670 5489 ad
2692 5435 2882 5488 urbem
2905 5432 3288 5499 fortissimam,
3315 5446 3488 5501 quam
3519 5429 3672 5484 Baiae
3693 5438 3799 5478 nun-

546 5529 623 5582 nd
654 5528 1008 5598 conﬁtendum
1038 5533 1238 5586 nomini
1279 5542 1472 5589 sancto
1512 5532 1634 5602 ejus
1662 5531 1835 5602 (Psal.
1879 5547 2030 5599 cm,
2059 5531 2135 5601 4).
2246 5537 2471 5600 cupant,
2503 5543 2534 5582 a
2565 5527 2857 5581 Salomone
2903 5525 3202 5590 conditam,
3252 5523 3428 5577 muris
3480 5516 3798 5576 eminentibus

547 5619 653 5676 Die
685 5621 778 5675 illo
803 5622 1277 5692 quo‘ﬂierusalem
1303 5633 1432 5680 tunc
1461 5623 1831 5690 introivimus,
1866 5625 1947 5678 sol
1967 5633 2143 5678 retro-
2249 5620 2682 5682 circumteetam,
2712 5626 2768 5672 et
2790 5615 3105 5671 Tbadomor
3144 5615 3214 5670 ab
3241 5629 3308 5670 eo
3333 5609 3799 5685 appellatam,duo-

548 5715 1039 5786 gradusdcscensu
1053 5716 1273 5772 hiemali
1290 5726 1830 5788 peracto,recursum
1848 5715 2145 5784 resumpsit
2251 5728 2373 5767 rum
2399 5711 2613 5766 dierum
2639 5709 2834 5764 itinere
2854 5725 2885 5764 a
2909 5707 3066 5780 Syria
3092 5708 3410 5775 distantem,
3440 5716 3496 5762 et
3536 5722 3567 5761 a
3605 5701 3798 5759 maxima

549 5809 1227 5881 ascensibilem.Cumque
1253 5811 1568 5881 sepulcrum
1589 5808 1957 5872 Dominicum,
1981 5815 2144 5876 atque
2251 5802 2546 5875 Babylonia
2602 5818 2697 5858 sex
2757 5801 3138 5857 mansionibus
3179 5801 3373 5871 procul
3412 5799 3713 5858 distantem,
3749 5791 3799 5843 ab

549 5902 948 5976 lemplunlcius
965 5901 1694 5974 gloriOStIIn,ctcu:tcraloca
1722 5908 1907 5955 saneta
1931 5897 2146 5954 visitas-
2256 5895 2530 5966 Euphrate
2571 5911 2702 5953 vero
2740 5894 2844 5951 dici
2895 5895 3059 5951 unius
3126 5892 3277 5950 lianc
3321 5892 3499 5950 Graeci
3537 5891 3796 5959 Paltnyl’aIn
