3850 6310
149 422 226 479 8M
869 409 1232 466 FULCHERII
1269 411 1569 470 CARNOT.
1611 409 1788 466 IIIST.
1832 409 2202 470 IIIEROSCL
2243 445 2306 454 -
2340 413 2468 468 LIB.
2505 411 2568 470 II.

3227 420 3354 484 103

128 541 318 590 ‘mnt.
353 529 438 584 Illo
470 528 522 584 in
561 528 699 584 loco
717 526 884 584 fontes
911 536 963 582 et
987 529 1131 598 putei
1169 529 1331 585 nimis
1355 528 1652 583 abundant.
1687 535 1727 588 Α
1759 526 1959 598 quibus
1986 527 2028 580 Τ
2035 530 2149 583 urci
2182 529 2380 583 multos
2407 528 2743 595 occiderunt,
2765 534 2820 583 et
2842 531 3125 598 pecuniam
3157 546 3349 588 eorum

139 627 249 681 Nam
286 621 513 678 inferiori
551 630 706 677 terra
731 636 990 690 nusquam
1032 636 1173 690 aqua
1213 621 1512 676 invenitur.
1557 619 1660 675 Ubi

141 716 273 771 Turci
307 713 614 768 Damasceni
659 712 814 768 nobis
858 712 1000 766 obvii
1036 720 1306 767 venerunt
1345 712 1449 767 ‘00
1487 712 1660 768 ferme

135 807 315 862 milites.
339 803 400 858 Et
419 803 545 874 quia
562 803 864 859 didicerant
881 818 980 858 nos
997 819 1120 858 esse
1153 803 1410 870 inermes,
1431 814 1487 859 et
1509 806 1662 860 labo-

135 899 195 953 ris
227 911 372 951 causa
410 895 561 951 valde
603 893 798 958 fessos,
828 895 1070 949 arbitrati
1109 905 1238 950 sunt
1275 912 1371 952 nos
1407 913 1658 967 quoquo-

131 987 263 1042 modo
295 983 584 1039 debilitare.
625 982 777 1049 Quod
817 983 863 1038 si
909 983 1049 1040 forte
1087 994 1392 1054 postremos
1433 987 1520 1040 die
1568 987 1660 1041 illo

129 1075 322 1129 domnus
341 1072 633 1126 Balduinus
659 1073 883 1128 sollicite
901 1081 953 1129 et
971 1083 1129 1130 caute
1151 1091 1257 1128 non
1284 1087 1656 1144 conservaret,

125 1165 292 1221 multos
309 1165 371 1220 de
393 1165 597 1220 nostris
618 1166 944 1220 occiderent.
981 1165 1342 1223 Inundatione
1362 1169 1508 1224 enim
1533 1170 1655 1239 plu-

123 1257 298 1312 viarum
329 1266 380 1313 et
412 1273 575 1313 arcus
601 1268 654 1314 et
677 1259 883 1330 sagitta:
905 1258 1214 1315 defecerant
1244 1261 1346 1327 eis,
1369 1263 1498 1332 quia
1529 1278 1656 1318 cum

119 1351 290 1422 glutine
328 1350 380 1404 in
422 1350 558 1406 locis
587 1351 692 1405 illis
711 1351 1053 1421 adaptantur.
1082 1351 1434 1409 Boamundus
1456 1354 1657 1425 quippe

119 1442 161 1498 it
181 1443 333 1512 primo
353 1458 528 1499 cuneo
561 1445 803 1514 praeibat.
847 1437 1033 1515 ItaQue
1056 1444 1166 1500 Deo
1187 1447 1485 1502 auxiliante
1519 1447 1656 1507 nihil

115 1533 230 1604 εινιᾶ
262 1534 572 1590 noslucrati
614 1548 761 1591 sunt.
806 1535 960 1591 Tunc
1003 1547 1182 1592 castra
1223 1547 1412 1594 nostra
1465 1537 1654 1596 metati

115 1640 270 1681 sumus
290 1635 410 1681 ante
431 1627 689 1698 oppidum
712 1627 1051 1684 nradictum.
1101 1629 1359 1699 Sequenti
1399 1647 1527 1686 vero
1564 1632 1654 1687 die

110 1719 206 1787 plus
239 1718 365 1772 mari
403 1719 810 1789 appropiantes,
859 1729 985 1774 ante
1028 1721 1216 1775 urbem
1243 1721 1554 1791 Tortosam,
1598 1732 1654 1779 et

111 1808 374 1864 Laodiciam
399 1811 772 1867 transivimus.
804 1811 880 1866 Ibi
907 1828 1126 1884 quoque
1148 1812 1528 1884 Raymundum
1551 1830 1647 1870 co-

1763 629 1929 674 totam
1963 621 2293 676 habuerunt.
2323 621 2702 676 Boaznundum
2732 637 2861 676 Vero
2887 625 3346 693 comprehensum

1762 711 1816 763 in
1863 711 2170 778 captionem
2216 727 2401 766 secum
2432 711 2795 766 adduxerunt.
2846 711 3094 783 Cumque
3132 715 3347 771 hocin-

1759 799 2059 854 fortunium
2112 801 2180 854 ab
2210 801 2316 857 illis
2343 802 2436 871 qui
2470 811 2758 858 evaserant
2805 801 3194 874 divulgaretur,
3225 815 3346 862 orta

1759 899 1842 944 est
1872 891 2246 960 gentinostraa
2277 892 2499 963 grandis
2548 893 2671 948 inde
2715 894 3000 950 desolatio.
3053 895 3342 952 Verumta-

1759 995 1883 1033 men
1924 981 2034 1035 dux
2105 983 2258 1052 urbis
2330 982 2546 1039 Edessa:
2614 985 2951 1053 Balduinus,
3000 989 3342 1060 congregatis

1757 1070 1985 1127 Francis
2029 1082 2382 1144 quotcunque
2435 1077 2649 1145 potuit,
2700 1076 2990 1133 Edesseuis
3039 1080 3246 1134 scilicet
3288 1090 3344 1136 et

1755 1161 2132 1229 Antiochenis,
2179 1163 2366 1220 hostes
2413 1167 2699 1236 praedictos
2740 1167 2833 1222 ubi
2861 1183 2956 1223 eos
2984 1184 3106 1224 esse
3133 1169 3344 1226 audivit

1756 1269 2000 1324 quaerere
2031 1270 2140 1309 non
2169 1255 2402 1312 distulit.
2453 1257 2806 1315 Boamuudus
2849 1260 3036 1326 etiam,
3083 1259 3340 1317 cincinno

1754 1345 1948 1405 capitis
1993 1346 2079 1401 sui
2124 1347 2390 1415 abscisso,
2415 1348 2694 1405 mandavit
2743 1350 2849 1406 hoc
2888 1351 3187 1423 intersigno
3219 1349 3342 1406 Bal-

1755 1436 1924 1492 duino
1953 1438 2231 1509 praedicto,
2264 1449 2324 1495 nt
2370 1440 2421 1495 ei
2464 1441 2628 1498 citato
2669 1442 2872 1497 auxilio
2902 1459 3001 1514 pro
3027 1460 3214 1499 amore
3242 1443 3337 1501 Dei

1753 1538 2118 1584 succurreret.
2149 1527 2307 1597 Quod
2336 1547 2462 1586 cum
2487 1533 2730 1590 audisset
2750 1533 3068 1603 Danisman,
3090 1547 3340 1593 metuens

1754 1616 1952 1672 horum
1995 1619 2422 1689 animositatem,
2453 1639 2561 1677 non
2611 1633 2697 1679 est
2739 1640 2906 1680 ausus
2936 1625 3168 1689 ulterius
3211 1637 3342 1685 ante

1753 1710 1943 1764 urbem
1971 1709 2277 1766 Meletinam
2311 1715 2532 1779 morari,
2561 1731 2727 1785 quam
2751 1716 3035 1773 obsidione
3059 1718 3334 1785 cinxerat;

1755 1801 1847 1856 sed
1875 1802 2136 1873 paulatim
2167 1815 2294 1860 ante
2324 1821 2424 1862 nos
2455 1806 2731 1878 fugiendo,
2765 1809 2833 1864 ad
2866 1811 3086 1880 pr0pria
3117 1827 3216 1866 sua
3245 1827 3336 1866 re-

108 1901 257 1955 mitem
280 1901 602 1972 reperimus,
626 1918 786 1974 quem
813 1879 1358 1976 illic-reliqueramus.
1407 1907 1474 1963 Et
1517 1909 1646 1980 quia

1750 1910 1932 1950 meare
1965 1897 2194 1952 curavit.
2250 1895 2400 1954 Unde
2443 1899 2677 1955 multum
2723 1879 3021 1968 doluimus,
3067 1917 3193 1957 cum
3241 1918 3339 1972 per

108 2008 206 2046 cara
223 2001 328 2046 erat
347 2009 588 2062 annona,
616 1995 753 2050 nihil
794 1996 868 2051 ibi
891 1997 957 2052 ad
987 1999 1275 2053 emendum
1315 2000 1643 2068 invenimus,

107 2083 218 2138 unde
235 2084 404 2140 vivere
440 2100 749 2156 possemus.
794 2086 1139 2159 Quapropter
1170 2105 1342 2160 usque
1383 2089 1646 2149 Edessam

107 2191 351 2246 properare
374 2193 483 2233 nou
509 2181 869 2237 cessavimus.

618 2269 847 2326 CAPUT
891 2270 1080 2328 XXIII.

499 2361 577 2417 De
601 2365 843 2434 captione
875 2365 1196 2422 Boamundi.

158 2449 474 2508 Boamundus
512 2454 681 2526 igitur
718 2457 1065 2513 Antiochiam
1107 2459 1362 2530 primitus
1399 2460 1640 2527 advenit,

102 2543 174 2595 ubi
191 2558 217 2597 a
238 2544 342 2599 suis
365 2547 668 2616 gaudenter
688 2557 772 2604 est
793 2560 1098 2621 susceptus.
1124 2551 1390 2623 Deinceps
1412 2568 1638 2622 regnum

101 2647 225 2686 suum
261 2649 350 2703 per
389 2651 488 2690 sex
532 2653 754 2694 menses
794 2649 854 2695 ut
895 2641 1050 2710 prius
1079 2642 1332 2697 obtinuit.
1377 2641 1482 2697 Sed
1513 2659 1636 2698 cum

98 2722 210 2778 iulio
231 2742 403 2783 mense
427 2740 697 2800 sequente
735 2733 923 2790 urbem
951 2733 1218 2790 Meletiam
1243 2745 1489 2790 vocatam
1512 2752 1638 2791 cum

99 2831 232 2884 pauca
266 2828 415 2890 gente
458 2833 760 2894 appeteret,
781 2841 948 2896 quam
986 2827 1037 2882 ei
1073 2827 1166 2898 qui
1205 2827 1356 2882 urbis
1391 2827 1636 2897 ejusdem

98 2919 311 2976 patronus
330 2923 467 2982 erat,
500 2915 724 2972 Gabriel
756 2919 996 2987 nomine,
1027 2920 1338 2976 redditurus
1357 2929 1494 2986 erat,
1520 2919 1635 2991 jam

96 3017 168 3070 per
194 3003 469 3075 legationes
517 3011 778 3066 amicitia
826 3021 1030 3068 mutuae
1077 3014 1436 3070 conventione
1466 3013 1631 3082 facta,

93 3095 246 3152 obvius
290 3098 361 3152 illi
421 3098 529 3156 fuit
605 3103 939 3159 admiraldus
989 3105 1208 3176 quidam
1256 3106 1476 3161 nomine
1523 3106 1633 3162 Da-

91 3185 282 3252 nisman,
311 3206 432 3246 cum
460 3202 632 3263 gente
661 3193 962 3253 Turcorum
993 3214 1209 3270 magna,
1239 3198 1470 3254 monens
1495 3197 1636 3253 Bo"
1659 3228 1704 3289 C

90 3280 302 3335 mundum
331 3283 409 3339 sic
447 3285 834 3356 imprudenter
875 3290 1239 3346 ambulantem
1286 3291 1625 3361 intercipere.

88 3366 134 3420 Et
157 3386 246 3424 non
275 3373 427 3445 longe
475 3377 556 3430 ab
607 3379 750 3435 urbe
792 3381 1011 3452 praefata
1045 3384 1375 3441 insilucrunt
1415 3386 1469 3440 in
1503 3399 1629 3440 eum

85 3459 278 3530 undique
303 3481 434 3531 gens
462 3467 565 3522 illa
595 3469 826 3540 nefaria,
857 3489 981 3544 quae
1027 3475 1080 3530 in
1127 3476 1338 3534 insidiis
1363 3479 1628 3535 latitabat.

83 3548 131 3602 Et
153 3568 242 3606 non
266 3557 535 3614 audentes
590 3563 769 3617 nostri
812 3565 1064 3634 przeliari,
1094 3568 1221 3638 quia
1250 3570 1411 3639 pauci
1452 3577 1630 3637 erant,

77 3646 220 3700 statim
245 3648 518 3721 fugientes
581 3653 643 3708 in
695 3654 1082 3726 dispersionem
1136 3659 1306 3732 fugati
1353 3669 1519 3729 sunt;
1566 3663 1635 3718 de

1746 1993 1859 2042 tres
1885 1987 2003 2042 dies
2031 1987 2156 2044 illos
2180 1988 2325 2045 ultra
2352 1989 2544 2046 urbem
2585 1992 2901 2063 [uindictam
2939 1993 3210 2063 persecuti
3239 2008 3336 2048 su-

1745 2094 1890 2146 mus,
1939 2079 2035 2150 qui
2089 2080 2447 2137 libentissime
2496 2093 2688 2138 contra
2752 2099 2848 2139 eos
2895 2084 3333 2140 dimicassemus.

1743 2169 1992 2241 Cumque
2018 2172 2098 2228 sic
2127 2173 2560 2245 regrederemur,
2587 2176 2878 2247 pmdictus
2903 2175 3118 2232 Gabriel
3143 2177 3334 2232 urbem

1743 2260 2050 2318 Meletinam
2079 2263 2344 2320 Balduino
2371 2267 2624 2324 reddidit.
2655 2267 2866 2335 Quibus
2895 2269 3086 2325 amicis
3103 2269 3331 2337 effectis,

1742 2363 1796 2408 et
1821 2355 2138 2412 custodibus
2169 2357 2286 2413 suis
2314 2358 2666 2429 intromissis,
2699 2359 2960 2417 Edessam
2988 2362 3180 2417 urbem
3209 2361 3335 2416 Bal-

1742 2446 1944 2502 duinus
1973 2447 2151 2516 rediit,
2183 2457 2239 2504 et
2283 2449 2611 2507 Antiocheni
2657 2453 2842 2510 maesti
2871 2455 2939 2510 de
2967 2454 3192 2510 domino
3224 2469 3329 2510 suo

1741 2539 1809 2594 ad
1838 2540 2058 2611 propria
2085 2543 2322 2614 regressi
2348 2552 2497 2600 sunt.

2311 2671 2539 2729 CAPUT
2569 2673 2762 2739 XXIV.

2156 2781 2230 2838 De
2255 2745 2422 2842 morte
2455 2789 2591 2860 regis
2623 2787 2920 2859 Codefridi.

1806 2894 1944 2953 Cum
1971 2908 2152 2957 autem
2179 2901 2295 2974 ipse
2327 2903 2631 2961 Balduinus
2662 2905 2934 2960 frueretur
2967 2923 3065 2963 sua
3098 2925 3326 2980 prospe-

1735 2990 1916 3056 ritate,
1945 3007 2074 3049 ecce
2102 2996 2329 3052 nuntius
2355 2997 2580 3053 veniens
2605 2997 2674 3052 ab
2703 2996 3112 3071 Hierosolymis,
3146 3001 3332 3057 intulit

1733 3083 1784 3137 ei
1811 3085 1939 3152 quia
1969 3085 2080 3140 dux
2111 3085 2435 3144 Godefridus
2466 3105 2759 3159 germanus
2787 3090 2909 3160 ejus
2961 3107 3030 3146 xv
3062 3090 3180 3148 Kal.
3212 3093 3329 3147 Au-

1735 3173 1879 3243 gusti
1908 3173 2052 3228 diem
2079 3175 2349 3232 clauserat
2379 3179 2521 3248 apud
2551 3177 3004 3253 Hierosolymam.
3031 3200 3040 3248 ρ

1810 3314 1888 3391 Ad
1919 3315 2212 3391 caputhoc
2237 3317 2365 3391 anni
2392 3325 2515 3391 post
2540 3327 2756 3388 captam
2785 3320 3009 3391 contigit
3036 3321 3250 3386 urbem,

1809 3384 1889 3460 ad
1917 3384 2094 3460 meriti
2127 3384 2410 3442 cumulum
2437 3384 2701 3460 Dominus
2733 3391 2850 3455 tibi,
2879 3384 2985 3446 dux
3013 3384 3324 3460 Godcfriile,

1809 3455 2048 3530 Contigit
2075 3458 2178 3511 hoc
2207 3474 2454 3527 regnum.
2489 3458 2590 3512 Sed
2629 3469 2869 3530 tempore
2893 3478 3001 3516 non
3029 3462 3293 3518 diuturno

1809 3524 1890 3597 Tu
1924 3524 2239 3597 perfunctus
2267 3524 2352 3594 eo,
2382 3537 2574 3583 natura
2603 3524 2762 3584 dante
2789 3531 2966 3586 ruiSti.

1813 3596 1946 3666 Orto
1977 3599 2088 3652 sole
2116 3600 2281 3652 semel
2311 3599 2414 3653 sub
2439 3599 2770 3654 fervesccnte
2799 3599 2999 3666 Leone,

1805 3665 2031 3723 Althera
2061 3669 2322 3724 scandisti
2358 3669 2568 3736 laetans,
2602 3669 2864 3726 Michaele
2891 3665 3122 3728 levante.

78 3792 3294 3843 ______________________________

886 3962 1352 4054 INCIPIT
1421 3967 1780 4057 LIBER
1861 3968 2473 4061 SECUNDUS

1177 4152 1263 4208 DE
1294 4153 1541 4210 CESTIS
1580 4155 1902 4212 BALDUINI
1939 4156 2130 4212 Ριωιι

558 4299 792 4357 CAPUT
819 4303 1106 4362 PRIMUM.

117 4386 338 4454 Qualiter
370 4392 698 4448 Balduinas
730 4395 796 4446 ad
830 4398 1102 4478 regendam
1128 4395 1556 4467 Hierosolymam

714 4477 957 4520 perrexit.

713 4480 957 4534 perrexit.

1731 4321 2041 4382 potuerunt,
2071 4314 2161 4368 ubi
2193 4314 2367 4386 magis
2403 4315 2562 4372 nobis
2612 4314 2826 4372 allicere
2873 4317 3120 4374 arbitrati
3165 4328 3312 4391 sunt,

1731 4403 1946 4458 obviam
1979 4406 2175 4460 armati
2205 4417 2490 4462 venerunt.
2543 4406 2682 4463 Tum
2723 4409 2942 4480 quidem
2988 4427 3086 4481 per
3117 4411 3312 4467 Διιιίοα

1729 4492 1908 4546 cbiam
1942 4493 2162 4557 ivimus,
2192 4493 2390 4549 dehinc
2421 4502 2547 4548 ante
2578 4493 2910 4562 Laodiciam,
2941 4504 2996 4551 et
3019 4495 3312 4568 Gibellum,

113 4571 233 4630 Cum
256 4577 424 4648 igitur
452 4579 777 4634 intimatum
798 4590 941 4636 esset
967 4582 1170 4635 domno
1194 4582 1454 4637 Balduino
1478 4583 1622 4653 quod
1658 4621 1702 4675 υ
1730 4583 2072 4651 Maracleam,
2103 4595 2156 4640 et
2183 4585 2496 4651 Tortosam,
2527 4586 2759 4652 Archas,
2785 4596 2840 4642 et
2885 4585 3147 4658 Tripolim
3189 4606 3313 4659 per-

63 4669 212 4720 omnis
238 4673 478 4740 populus
511 4671 1042 4743 llicrosolymitanus
1072 4688 1196 4728 eum
1226 4676 1277 4728 in
1308 4675 1457 4746 regni
1481 4676 1626 4745 prin-

59 4774 204 4828 upem
231 4765 688 4821 substituendum
717 4765 979 4820 han-edem
1007 4776 1403 4836 exspectarent,
1435 4769 1623 4822 dolens

61 4852 428 4921 aliqeantulnm
461 4857 535 4912 de
564 4856 747 4911 fratris
777 4867 967 4924 morte,
997 4859 1090 4913 sed
1141 4859 1261 4928 plus
1289 4860 1530 4928 gaudens
1556 4859 1622 4914 de

59 4940 360 5015 haereditate,
393 4959 628 5020 accepto
676 4949 923 5016 consilio,
975 4957 1175 5004 terram
1228 4967 1404 5017 suam,
1454 4967 1619 5020 quam

58 5038 358 5106 possidebat,
385 5041 618 5107 locavit,
649 5040 862 5094 cuidam
893 5040 1162 5096 Balduino
1184 5043 1368 5096 comiti
1391 5050 1621 5113 cognato

57 5139 142 5179 suo
159 5143 270 5184 eam
300 5134 680 5186 committens.
708 5129 772 5184 Et
795 5130 1050 5202 colligens
1077 5133 1430 5187 esercitulum
1458 5147 1618 5187 suum

56 5216 271 5274 ducentis
317 5221 439 5276 fere
484 5222 773 5288 militibus,
824 5232 877 5276 et
923 5225 1278 5292 septingentis
1326 5225 1617 5294 peditibus,

57 5306 138 5361 ξιτ
179 5309 743 5384 Hierosolymitauum
790 5329 843 5367 vi
890 5312 1028 5367 Non.
1078 5314 1326 5369 Octobris
1375 5315 1614 5385 incepit.

55 5397 280 5458 Nonnulli
333 5406 709 5469 mirabantur,
739 5406 887 5474 quod
932 5423 1057 5461 cum
1093 5417 1247 5477 gente
1288 5417 1394 5462 tam
1445 5424 1618 5478 pauca

52 5500 145 5544 erat
168 5509 334 5548 ausus
367 5510 472 5564 per
508 5502 586 5548 tot
613 5494 848 5548 hostium
877 5495 1129 5567 regiones
1160 5497 1426 5552 incedere.
1479 5495 1616 5552 Nam

51 5586 270 5658 pici-ique
293 5597 592 5660 prapterea
627 5587 804 5658 pavidi
843 5599 897 5644 et
941 5589 1115 5643 timidi
1164 5587 1231 5642 de
1258 5588 1484 5658 collegio
1512 5603 1614 5642 no-

51 5687 146 5732 stre
170 5680 401 5737 latenter
447 5691 815 5746 recesserunt,
859 5682 1014 5736 nobis
1047 5679 1432 5736 nescientibus.
1475 5679 1614 5734 Cum

49 5779 206 5826 autem
234 5771 649 5845 comperissent
693 5771 849 5828 Turci
893 5782 1055 5844 atque
1095 5772 1383 5828 Sarraceni
1411 5788 1511 5827 nos
1540 5771 1614 5825 ita

52 5859 134 5913 lt'st‘
180 5879 361 5935 agere,
412 5863 765 5935 congregatis
807 5866 1079 5933 omnibus
1112 5865 1226 5920 suis
1265 5873 1614 5934 quotcunque

1726 4675 1988 4729 reximus.
2031 4674 2183 4730 Tunc
2213 4692 2306 4730 rex
2335 4675 2707 4745 Tripolitanus
2736 4677 2933 4746 legavit
2957 4678 3160 4731 domno
3186 4678 3310 4732 Bal-

1725 4766 1894 4820 duino
1919 4767 1984 4820 ad
2011 4767 2304 4820 tentorium
2336 4783 2494 4822 suum
2523 4782 2713 4836 panes,
2745 4767 2955 4831 vinum,
2994 4767 3099 4820 mel
3127 4767 3307 4837 sylve-

1725 4865 1856 4922 stre,
1891 4858 1942 4911 id
1975 4866 2062 4912 est
2086 4858 2372 4924 cbuerum,
2409 4872 2769 4925 vervecesque
2813 4856 2880 4910 ad
2917 4856 3208 4911 edendum.
3241 4855 3310 4910 Et

1724 4949 2035 5004 mandando
2065 4948 2302 5003 innotuit
2350 4949 2424 5002 illi
2473 4949 2617 5018 quod
2649 4947 2858 5001 Duchat
2888 4961 2981 5000 rex
3012 4945 3306 5002 Damasce-

1724 5058 1939 5109 norum,
1967 5051 2021 5096 et
2046 5041 2408 5097 Ginahadoles
2437 5057 2526 5094 rex
2561 5038 2768 5108 Calypti
2793 5053 2916 5092 cum
2949 5035 3142 5093 Turcis
3170 5039 3311 5093 mul-

1722 5131 1794 5184 tis
1839 5141 1892 5185 ct
1946 5129 2716 5197 Sarracenis,Arabibusque,
2749 5127 2802 5180 in
2833 5127 2942 5192 via,
2992 5143 3088 5197 per
3137 5144 3303 5198 quam

1721 5237 1822 5274 nos
1851 5222 2024 5276 ituros
2055 5223 2319 5284 sciebant,
2350 5219 2660 5289 congregati
2705 5219 3111 5287 exspectabant.
3145 5218 3306 5286 Quod

1719 5312 1845 5366 licet
1877 5327 1982 5366 non
2015 5312 2239 5365 omnino
2265 5319 2472 5364 certum
2501 5324 2622 5363 esse
2650 5308 3020 5377 crederemus,
3052 5319 3303 5380 postmo-

1719 5404 1849 5458 dum
1880 5420 2065 5457 verum
2092 5419 2213 5459 esse
2239 5401 2636 5472 persensimus.

2347 5511 2576 5568 CAPUT
2614 5511 2677 5570 II.

1718 5606 1796 5660 De
1838 5605 2048 5660 insidiis
2093 5605 2382 5658 Turcorum
2437 5606 2492 5658 in
2540 5606 2624 5658 ria
2661 5607 2955 5675 prartensis,
2984 5616 3038 5660 et
3064 5607 3299 5660 mirabili

2106 5676 2366 5744 probitate
2393 5675 2647 5729 Balduiui
2683 5677 2913 5730 comitis.

1789 5765 1919 5820 Erat
1951 5767 2150 5837 quippe
2201 5784 2310 5822 non
2340 5767 2496 5837 longe
2520 5783 2552 5821 a
2582 5766 2799 5821 Beritbo
2827 5768 2982 5834 urbe,
3015 5767 3108 5822 sed
3136 5765 3298 5836 quasi

1718 5859 1983 5940 milliariis
2012 5861 2253 5932 quinque
2277 5861 2496 5947 distans
2507 5859 2663 5928 juxta
2705 5874 2855 5913 mare
2883 5858 2939 5912 in
2967 5859 3055 5914 via
3081 5856 3298 5930 publica
