3850 6310
535 397 643 456 865

1117 400 1209 454 AD
1247 392 1697 456 GODEFRIDUM
1736 389 2030 447 APPEND.
2063 387 2128 445 ll.

2238 421 2239 424 η
2277 387 2550 445 ΜΟΝυΜ.
2591 385 2680 441 DE
2715 384 2941 442 BELLO
2977 383 3224 443 SACRO.
3670 394 3756 452 sat

538 524 752 571 meatus
786 507 1156 580 arctissimus.
1209 515 1368 570 nobis
1395 519 1450 566 et
1483 509 1741 564 omnibus
1791 507 1916 562 illac
1946 514 2130 562 trans-
2163 504 2209 560 Δ
2235 510 2380 557 ctam
2403 513 2525 566 post
2546 517 2648 554 nos
2671 500 3086 570 descenderant,
3109 509 3164 556 et
3189 499 3411 572 sagittas
3433 504 3614 560 multas
3626 505 3758 577 iacis.

517 605 796 662 euntibus
831 607 1049 676 penitus
1092 603 1449 666 inevitabilis;
1496 614 1659 669 quem
1691 597 1738 653 si
1772 598 1958 651 hostes
1989 609 2126 665 prae-

538 695 736 752 muniti
777 696 1054 752 viantibus
1106 695 1391 765 prohibere
1443 689 1756 755 voluerint,
1820 687 2130 742 nullatenus

537 783 758 844 centum
784 790 955 844 millia
979 788 1207 842 militum
1243 785 1475 839 transire
1504 788 1823 853 potuerunt,
1845 780 1979 850 quin
2002 794 2132 834 cen-

537 891 654 938 tum
686 891 781 937 aut
812 881 1090 950 sexaginta
1116 879 1217 933 viri
1251 877 1446 932 armati
1490 877 1773 930 introitum
1825 874 1980 928 illum
2012 873 2120 929 vio-

537 975 710 1030 lenter
735 983 924 1030 contra
953 973 1074 1026 illos
1099 971 1380 1026 obtineant
1408 977 1805 1039 exspectantes.
1855 966 1982 1021 Ideo
2026 966 2132 1020 ini-

540 1066 665 1120 mici
699 1066 871 1119 nostri
903 1065 1011 1119 illic
1054 1063 1296 1133 undique
1325 1061 1649 1132 intercipere
1675 1069 1730 1116 et
1751 1059 2001 1114 occidere
2031 1075 2131 1114 nos

537 1155 963 1210 arbitrabantur.
1012 1152 1122 1209 Nos
1169 1162 1349 1208 autem
1377 1153 1506 1209 illuc
1553 1166 1730 1221 usque
1759 1150 2127 1220 pervenimus.

533 1249 782 1317 Cumque
813 1263 1181 1317 praeeursores
1207 1247 1380 1300 nostri
1411 1245 1670 1316 praedicto
1700 1242 1901 1296 meatui
1933 1257 2132 1310 appro-

534 1339 912 1410 pinquassent,
944 1340 1200 1394 viderunt
1229 1339 1539 1408 aliquantus
1586 1335 1654 1390 de
1683 1333 1879 1388 Turcis
1907 1333 2016 1388 illis
2045 1347 2132 1388 se-

533 1440 783 1502 gregatos
815 1431 884 1486 ab
914 1431 1057 1498 aliis,
1086 1441 1274 1486 contra
1304 1430 1682 1502 procedentes,
1710 1437 1764 1484 et
1791 1442 1898 1482 non
1939 1427 2130 1495 explo-

531 1533 734 1578 rantes.
760 1522 909 1588 Quos
938 1540 1062 1577 cum
1096 1525 1466 1593 speculatores
1500 1521 1672 1577 nostri
1699 1518 2129 1591 perspexissent,

533 1615 635 1668 rati
665 1616 1090 1684 surtmajorem
1125 1625 1338 1684 gentem
1389 1624 1514 1681 post
1559 1614 1681 1668 illos
1715 1611 2024 1666 insidiando
2053 1610 2132 1664 la-

533 1715 667 1761 tere.
701 1706 823 1773 Quo
845 1708 856 1759 l
884 1707 1025 1762 sicut
1055 1707 1301 1762 viderant
1327 1708 1529 1761 domno
1553 1704 1820 1760 Balduino
1840 1719 1936 1774 per
1958 1717 2128 1756 unum

509 1809 726 1853 'eornm
777 1801 960 1854 statim
1014 1800 1389 1854 innotueruut.
1445 1797 1566 1865 Quo
1611 1799 1824 1863 audito,
1879 1796 2128 1852 militiam

535 1906 689 1944 suam
723 1907 822 1960 per
850 1891 996 1945 acies
1026 1891 1256 1945 divisam
1290 1898 1665 1959 competenter
1694 1899 1823 1943 tunc
1857 1871 2205 1942 ordinavit‘B

538 1982 602 2036 ad
637 1983 1012 2053 przeliandum.
1045 1982 1111 2036 Et
1139 1983 1310 2053 signis
1341 1982 1552 2046 levatis,
1582 1982 1846 2050 paulatim
1871 1977 2134 2033 adversus

535 2091 630 2131 eos
661 2076 934 2146 progressi
962 2091 1172 2131 sumus.
1204 2074 1308 2142 Qui
1337 2091 1462 2130 cum
1493 2074 1692 2130 bellum
1721 2072 2007 2130 tnoxfore
2033 2086 2134 2141 pu-

535 2177 800 2234 taremus,
837 2167 1094 2223 cordibus
1142 2168 1456 2239 eompuncti
1506 2167 1658 2238 puris
1685 2208 1700 2233 ,
1746 2165 2013 2221 auxilium
2065 2165 2134 2220 de

534 2259 676 2313 coelo
698 2257 867 2313 affore
889 2259 1250 2328 precabamur
1277 2261 1344 2315 ad
1372 2275 1468 2315 eos
1489 2259 1828 2314 accedentes.
1856 2257 2133 2313 Continuo

507 2360 716 2406 autem
764 2337 941 2420 primo
988 2368 1163 2407 cuneo
1193 2361 1386 2407 nostro
1431 2351 1714 2423 congressi
1743 2359 1876 2405 sunt
1921 2350 2020 2415 illi,
2067 2349 2135 2406 de

533 2445 738 2515 quibus
770 2431 1033 2514 aliquanti
1083 2444 1373 2499 confestim
1402 2443 1571 2500 occisi
1613 2451 1776 2508 sunt;
1829 2443 1898 2496 de
1928 2441 2133 2497 nostris

535 2551 598 2589 ve
630 2550 663 2590 ο
690 2545 926 2605 quatuor
953 2536 1151 2590 milites
1181 2535 1699 2595 vitatur-amiserunt.
1737 2531 1986 2604 Cumque
2018 2547 2138 2588 cer-

535 2637 716 2682 tamen
749 2629 880 2683 illud
911 2631 1168 2704 utrinque
1199 2629 1540 2702 dimisisseqt
1569 2671 1582 2693 ,
1635 2635 1854 2696 sumpto
1900 2625 2134 2681 consilio

532 2723 746 2794 iussum
775 2732 858 2779 est
887 2733 1065 2779 castra
1095 2731 1279 2778 nostra
1311 2722 1529 2792 deponi,
1565 2730 1619 2776 et
1643 2720 1710 2778 ad
1744 2719 2132 2790 bospitandum

534 2817 754 2872 extendi
788 2817 878 2871 ubi
912 2817 1064 2886 prius
1111 2831 1550 2880 accesseramus;
1602 2813 1854 2868 hostibus
1883 2825 1950 2866 ne
1979 2810 2132 2865 vide-

536 2925 725 2964 remur
751 2909 909 2980 quasi
940 2908 1135 2973 timidi,
1164 2907 1210 2964 si
1239 2908 1422 2962 locum
1449 2922 1547 2962 ceu
1581 2904 1756 2975 refugi
1775 2899 2132 2974 relinquere-

537 3015 682 3055 mus.
739 2998 847 3056 S-:d
887 3000 1032 3054 aliud
1060 2997 1507 3062 monstravimus,
1542 2996 1686 3052 aliud
1714 3012 1844 3052 vero
1873 2994 2136 3066 cogitavi-

539 3107 682 3148 mus.
729 3092 1030 3149 Audaciam
1074 3093 1355 3160 ﬁnximus,
1387 3091 1478 3148 sed
1526 3099 1758 3146 mortem
1809 3088 2128 3145 metuimus.

540 3186 764 3243 Dillicile
794 3197 1059 3253 remeare,
1093 3186 1186 3242 sed
1234 3185 1507 3242 difficilius
1553 3193 1678 3242 ante
1709 3185 1806 3240 ire.
1853 3183 1900 3238 Α
1928 3182 2134 3238 nostris

539 3279 790 3336 hostibus
859 3280 1100 3350 undique
1163 3278 1570 3335 obsidehamur.
1637 3277 1779 3334 llinc
1826 3276 1914 3332 isti
1962 3275 2131 3330 mari-

543 3373 629 3428 nis
663 3373 940 3439 lintribus,
972 3372 1100 3428 hinc
1124 3372 1200 3426 illi
1231 3388 1261 3427 a
1291 3372 1455 3426 celsis
1484 3371 1765 3426 utentibus
1816 3371 2134 3424 indesinen-

539 3477 620 3524 ter
647 3483 749 3523 nos
775 3467 1060 3539 urgebant.
1092 3465 1186 3521 Die
1212 3466 1302 3520 illo
1334 3464 1468 3519 nihil
1501 3458 1654 3532 boni,
1684 3463 1820 3519 nihil
1843 3462 2011 3532 quieti
2040 3462 2138 3517 ha-

540 3560 781 3625 buimus,
829 3575 932 3616 nec
979 3559 1228 3629 iumenta
1265 3565 1454 3618 nostra
1483 3599 1505 3624 ,.
1547 3557 1802 3627 quamvis
1836 3555 2135 3622 sitibunda,

541 3650 810 3720 adaquata
843 3656 992 3704 sunt.
1026 3645 1390 3718 Egoquidetn
1418 3646 1500 3700 vel
1527 3643 1776 3711 Carnoti,
1827 3645 1913 3700 vel
1963 3644 2137 3699 Aure-

529 3739 700 3802 ,lianis
725 3740 939 3795 mallem
964 3755 1104 3806 esse,
1135 3738 1226 3792 alii
1255 3753 1492 3809 quoque.
1524 3734 1689 3791 Nocte
1714 3736 1828 3807 ipsa
1854 3744 1962 3789 tota
1984 3743 2138 3789 extra

540 3833 844 3904 papiliones
895 3841 1115 3907 nostros
1168 3830 1457 3900 pervigiles
1503 3830 1836 3900 languimus.
1888 3827 2138 3883 Diluculo

543 3934 724 3980 autem
757 3939 977 3981 summo
1008 3924 1138 3978 dum
1171 3938 1369 3977 aurora
1411 3923 1570 3977 terris
1611 3922 1838 3976 umbras
1863 3921 2140 3977 dimovere

544 4017 835 4086 COcpiSSCt,
875 4027 1094 4086 sumpto
1129 4015 1194 4069 ad
1231 4015 1460 4069 invicem
1501 4014 1764 4079 consilio,
1801 4014 1885 4067 vel
1930 4014 2140 4068 vivere-

544 4124 699 4174 mus,
736 4107 817 4162 vel
849 4123 1220 4174 moreremur;
1254 4107 1504 4162 tentoriis
1534 4107 1777 4162 collectis
1801 4107 2009 4177 regredi
2044 4123 2142 4176 per

543 4200 690 4253 viam
716 4214 879 4268 quam
920 4198 1196 4255 iveramus
1219 4200 1484 4269 elegimus
1503 4242 1516 4266 ,
1546 4199 1812 4268 jumentis
1835 4199 2039 4262 nostris
2074 4199 2141 4254 de

549 4291 710 4346 rebus
721 4291 940 4347 onustis
952 4290 1342 4362 prteeuntibus,
1358 4291 1756 4360 clientibusque
1780 4290 2138 4346 minantibus.

550 4383 744 4439 Milites
762 4383 908 4439 enim
938 4385 1338 4453 subsequentcs
1364 4383 1728 4438 defendebant
1753 4383 1866 4437 haac
1889 4398 1918 4436 a
1945 4381 2140 4437 Sarra-

545 4476 698 4532 ccnis
748 4476 1105 4532 irruentibus.
1152 4475 1288 4530 Nam
1337 4491 1463 4531 cum
1518 4475 1594 4529 illi
1634 4473 1856 4529 nefandi
1897 4475 2142 4531 viderent

2231 595 2382 650 bant.
2406 592 2668 665 Undique
2707 595 3000 649 adversum
3048 609 3151 650 nos
3189 593 3569 663 vociferantes,
3599 609 3643 654 et
3665 611 3750 657 tan.

2231 703 2397 758 quam
2427 703 2592 744 canes
2617 687 2699 743 vel
2730 687 2842 757 lupi
2868 687 3163 753 ululantes,
3186 695 3240 742 et
3265 701 3424 742 enses
3450 703 3572 744 suos
3591 691 3744 750 vibrau

2231 787 2348 846 tes,
2379 779 2834 836 cenviciabantur
2877 779 3055 835 nobis.
3100 777 3205 833 Sed
3237 778 3365 849 quid
3406 781 3650 836 narrabo?
3680 783 3762 839 Net

2202 878 2348 924 .erat
2375 870 2587 940 uspiam
2616 871 2772 926 locus
2817 869 2960 941 fugae
2977 912 2993 936 ,
3020 885 3120 926 nec
3150 871 3552 926 remanentibus
3578 889 3679 944 spes
3698 894 3764 932 sa-

2233 963 2380 1018 lutis.
2410 961 2520 1018 Nec
2549 972 2768 1034 saperet
2792 962 3074 1030 Salomon,
3097 979 3198 1018 nec
3219 973 3403 1034 posset
3424 963 3623 1021 vincere
3647 966 3772 1023 Sam-

2232 1070 2354 1110 son.
2407 1054 2515 1109 Sed
2559 1071 2773 1126 magna:
2825 1054 2968 1111 Deus
3012 1056 3272 1126 potentias
3319 1064 3480 1126 atque
3525 1056 3778 1114 clementia

2232 1153 2574 1224 prospiciens
2599 1153 2666 1208 de
2696 1153 2836 1208 coelo
2858 1153 2913 1207 in
2940 1161 3167 1217 terram,
3194 1151 3551 1206 humilitatem
3576 1164 3779 1208 nostram

2232 1254 2397 1314 atque
2425 1245 2766 1316 angustiam,
2798 1259 2899 1299 nec
2929 1259 3040 1298 non
3070 1243 3377 1313 periculum
3399 1284 3413 1308 ,
3441 1243 3582 1312 quod
3611 1243 3781 1298 incide-

2234 1354 2422 1393 ramus
2447 1347 2667 1408 propter
2695 1351 2943 1392 amorem
2975 1336 3095 1406 ejus
3125 1345 3294 1406 atque
3317 1335 3612 1401 servitium,
3632 1345 3782 1391 motus

2233 1430 2467 1500 pietate,
2512 1445 2619 1500 qua
2673 1429 2778 1484 rite
2827 1443 3043 1498 semper
3091 1444 3339 1499 prteseus
3381 1427 3496 1482 suis
3553 1428 3782 1491 subvenit,

2233 1530 2398 1578 tanta:
2426 1521 2713 1591 probitatis
2737 1521 3025 1576 audaciam
3056 1521 3324 1576 militibus
3352 1519 3551 1575 nostris
3577 1521 3788 1590 praestitit

2234 1623 2296 1669 ut
2318 1630 2545 1670 recursu
2572 1614 2860 1685 repentino
2889 1613 3142 1684 fugarent
3169 1629 3265 1669 eos
3297 1611 3580 1686 fugientes,
3603 1621 3654 1667 ut
3673 1629 3788 1667 aun-

2233 1721 2399 1775 quam
2432 1706 2679 1760 animum
2717 1703 3044 1760 defendendi
3085 1721 3146 1760 se
3175 1705 3463 1760 haberent.
3499 1703 3594 1760 Sed
3628 1705 3707 1759 alii
3734 1705 3788 1759 de

2235 1800 2464 1869 rupibus
2511 1799 2802 1869 praeruptis
2850 1798 3016 1854 celsis
3062 1799 3116 1853 in
3166 1813 3414 1868 praeceps
3457 1813 3515 1853 se
3542 1798 3787 1862 dederunt,

2233 1891 2326 1948 alii
2354 1905 2484 1948 vero
2505 1890 2658 1947 haud
2687 1890 2830 1945 lente
2865 1889 2932 1944 ad
2966 1890 3146 1945 locum
3191 1889 3516 1946 salvationis
3555 1888 3790 1960 fugerunt,

2203 2039 2206 2046 .
2235 1985 2330 2041 alii
2368 1983 2874 2042 autemzconsecuti
2907 1983 3102 2054 gladiis
3141 1982 3454 2052 interempti
3492 1993 3628 2036 sunt.
3661 1981 3794 2038 Tunc

2203 2079 2480 2136 videritis
2529 2094 2936 2156 naveseorum
2987 2077 3274 2140 celerrime
3323 2085 3544 2146 propter
3576 2077 3794 2132 timorem

2236 2173 2422 2245 fugere
2456 2188 2552 2243 per
2585 2187 2738 2227 mare
2758 2213 2774 2237 ,
2806 2171 2981 2241 quasi
3003 2185 3297 2240 possemus
3335 2184 3432 2223 eas
3465 2169 3699 2222 manibus
3723 2183 3797 2222 ca-

2235 2280 2384 2336 pere.
2412 2263 2518 2318 Per
2547 2271 2770 2320 montes
2791 2261 2938 2318 enim
2961 2268 3018 2320 et
3045 2260 3216 2316 colles
3235 2259 3346 2313 cito
3378 2257 3513 2328 pede
3536 2256 3793 2328 fugiebant.

2233 2357 2425 2430 Itaque
2449 2358 2516 2413 de
2552 2363 2706 2412 tanto
2752 2356 2998 2425 trophaeo
3045 2354 3366 2426 gloriantes,
3398 2351 3466 2407 ad
3509 2352 3796 2414 clientelam,

2235 2464 2360 2520 quae
2377 2448 2599 2503 interim
2623 2445 2998 2517 quadrupedia
3026 2451 3254 2499 onerata
3283 2443 3337 2497 in
3361 2443 3447 2496 via
3477 2442 3798 2504 custodiebat,

2235 2541 2531 2598 laetabundi
2577 2539 2813 2610 regressi
2861 2553 3074 2594 sumus.
3117 2535 3335 2592 Laudes
3377 2532 3668 2607 igiturDeo
3693 2544 3800 2589 tunc

2236 2632 2583 2706 gratissimas
2611 2630 2968 2693 cxsolvimus,
2993 2629 3094 2698 qui
3119 2627 3174 2682 in
3207 2636 3360 2690 tanta
3389 2636 3441 2682 et
3478 2627 3801 2682 inaestimabili

2237 2725 2562 2780 necessitate
2593 2723 2810 2794 adiutor
2836 2721 3048 2780 exstitit
3085 2721 3436 2792 magnificus.
3475 2719 3520 2775 Ο
3542 2737 3696 2791 quam
3725 2719 3803 2774 ad-

2237 2817 2512 2873 mirabilia
2550 2816 2645 2873 Dei
2669 2815 2842 2874 factal
2877 2831 2912 2874 ο
2940 2830 3108 2886 quam
3132 2829 3396 2886 magtmm
3427 2814 3737 2886 miraculum
3762 2824 3806 2867 et

2237 2909 2518 2966 memoriae
2544 2907 2784 2980 dig-aiter
2821 2906 3352 2968 commendandum!
3380 2905 3525 2972 Υἱοιί
3546 2921 3750 2962 eramus
3765 2917 3806 2958 et

2235 3003 2366 3058 victi
2391 3002 2653 3068 vicimus;
2682 3001 2778 3059 sed
2801 3015 2902 3058 nos
2929 3017 3034 3058 non
3061 3000 3316 3057 vicimus.
3357 2998 3639 3067 Quomodo
3672 2999 3809 3069 igitur

2235 3107 2346 3152 non
2368 3093 2636 3150 vicimus?
2660 3091 2803 3149 Vicit
2818 3093 2966 3152 enim
2989 3092 3077 3148 ille
3096 3091 3190 3162 qui
3213 3091 3366 3147 solus
3393 3090 3727 3160 omnipotens
3744 3098 3810 3144 est

2235 3186 2466 3243 Creator
2485 3186 2756 3252 omnium,
2780 3194 3045 3242 creatura:
3065 3200 3182 3240 suae
3202 3184 3289 3255 pie
3311 3183 3658 3240 subveniens.
3680 3181 3808 3249 Quod

2237 3278 2285 3336 si
2311 3278 2452 3334 Deus
2473 3293 2574 3349 pro
2597 3277 2778 3344 nobis,
2796 3277 2920 3348 quis
2944 3284 3136 3331 contra
3159 3276 3294 3332 nos?
3316 3272 3460 3330 Vere
3481 3290 3582 3346 pro
3603 3275 3748 3330 nobis
3771 3281 3811 3326 et

2240 3368 2530 3426 nobiscum
2571 3365 2702 3434 fuit,
2732 3367 3015 3438 complens
3049 3366 3107 3420 in
3141 3364 3302 3424 nobis
3341 3365 3494 3436 quod
3530 3364 3811 3420 Israeliticis

2199 3511 2204 3516 .
2241 3475 2338 3531 per
2363 3459 2686 3530 prophetam
2717 3459 2856 3516 dixit
2884 3476 2897 3512 :
2936 3457 2994 3514 Si
3037 3467 3305 3530 praecepta
3340 3474 3464 3516 mea
3498 3458 3811 3514 servaveritis

2241 3553 2347 3611 hoc
2379 3553 2525 3608 dono
2571 3569 2668 3610 vos
2704 3552 2912 3620 ditabo,
2959 3561 3021 3611 ut
3064 3560 3475 3623 persequantur
3517 3553 3732 3622 quinque
3763 3552 3811 3601 de

2241 3646 2383 3700 vobis
2407 3653 2618 3700 centum
2643 3644 2844 3700 alienos
2861 3681 2880 3713 ,
2902 3653 2952 3700 ct
2974 3653 3182 3702 centum
3207 3661 3272 3699 ea:
3300 3643 3446 3700 vobis
3470 3644 3644 3700 decem
3671 3640 3812 3694 millia

2242 3739 2387 3814 (ch.
2420 3756 2529 3804 va,
2557 3739 2633 3812 8).
2667 3737 2731 3795 Et
2763 3739 2978 3818 quiaiu
3014 3738 3104 3792 Dei
3133 3738 3359 3793 servitio
3388 3737 3632 3792 laborem
3657 3734 3812 3789 multi-

2243 3832 2466 3888 modum
2496 3833 2584 3887 die
2626 3848 2690 3886 ac
2729 3815 2887 3887 nocte
2905 3815 3325 3897 'tolerabamus,
3359 3840 3412 3885 et
3450 3831 3506 3885 in
3548 3829 3695 3883 nullo
3731 3826 3812 3880 alio

2240 3923 2673 3988 conlidebamus,
2703 3922 3013 3993 superbiam
3043 3936 3232 3975 eorum
3267 3921 3561 3992 magnifice
3586 3918 3810 3973 cassat-Et.

2243 4015 2309 4069 Et
2337 4015 2468 4085 quia
2499 4015 2692 4068 devote
2731 4022 2784 4068 et
2819 4013 2873 4066 in
2909 4013 3170 4066 tribulato
3201 4013 3368 4066 corde
3402 4011 3639 4066 Domino
3670 4010 3813 4064 famu-

2242 4108 2524 4176 labamur,
2561 4105 2928 4162 humilitatem
2966 4116 3214 4160 nostram
3254 4105 3518 4174 respexit.
3566 4103 3713 4158 Tunc
3742 4118 3812 4154 au-

2244 4207 2353 4254 tem
2408 4200 2759 4254 tabernacula
2798 4207 2984 4254 nostra
3022 4199 3304 4268 displicari
3351 4207 3405 4254 et
3434 4199 3654 4254 extendi
3690 4198 3814 4268 jussa

2245 4302 2391 4347 sunt.
2429 4291 2532 4347 Ubi
2559 4301 2685 4347 ante
2715 4293 2975 4347 domuum
3005 4290 3332 4345 Balduinum
3360 4292 3549 4362 plures
3582 4289 3733 4344 Turci
3754 4292 3814 4341 lo-

2245 4385 2489 4454 cupletes
2515 4385 2625 4439 vivi
2648 4385 2790 4454 capti
2823 4384 3044 4439 abducti
3071 4393 3221 4448 sunt,
3246 4399 3374 4437 cum
3424 4383 3620 4452 spoliis
3644 4382 3815 4435 OCfia'O-

2244 4494 2392 4544 rum,
2418 4487 2471 4532 et
2511 4477 2683 4532 armis
2721 4477 2972 4532 similiter
3016 4477 3216 4531 allatis.
3247 4475 3434 4545 Equos
3467 4492 3596 4529 cum
3630 4465 3812 4529 sellist-I

545 4582 645 4621 nus
681 4567 755 4621 ita
796 4581 1016 4622 summo
1045 4580 1206 4621 mane
1247 4565 1477 4629 reverti,
1505 4563 1795 4618 confestim
1838 4563 2138 4619 descendc-
2181 4597 2221 4651 η
2249 4571 2453 4640 lupatis
2479 4545 2691 4625 atiratis
2717 4570 3030 4628 habuimus.
3067 4568 3238 4628 Nocte
3275 4577 3460 4626 autem
3483 4569 3580 4622 illa
3606 4565 3814 4638 sequenti

546 4665 674 4712 runt
698 4659 766 4712 ad
796 4658 1238 4728 persequendum
1283 4672 1386 4711 nos
1427 4665 1690 4726 tanquam
1723 4654 2004 4726 fugitivos.
2037 4655 2144 4709 Alii

545 4765 643 4819 per
664 4763 817 4804 mare
851 4765 978 4806 cum
1009 4749 1240 4814 carinis,
1275 4748 1366 4801 alii
1396 4763 1526 4802 vero
1569 4756 1696 4817 post
1727 4764 1827 4802 nos
1861 4764 1957 4817 per
1999 4747 2144 4802 viam

545 4857 654 4912 qua
699 4842 949 4910 ibamus,
983 4842 1074 4896 alii
1107 4857 1203 4912 per
1238 4849 1454 4896 montes
1487 4849 1541 4895 et
1583 4840 1750 4896 colles
1793 4849 1904 4895 tam
1935 4842 2147 4912 equites

545 4952 711 5006 quam
755 4937 964 5006 pedites
1015 4951 1111 5006 per
1146 4935 1495 5006 angiportum
1546 4935 1691 4989 sicut
1727 4951 1856 4990 oves
1905 4936 1972 4991 ad
2004 4937 2147 4991 ovile

547 5039 676 5084 ante
710 5045 769 5084 se
803 5045 906 5086 nos
937 5029 1258 5092 minabant,
1292 5038 1350 5081 ut
1383 5027 1640 5083 exclusos
1668 5043 1697 5082 a
1744 5029 1970 5098 planitie
2004 5045 2144 5100 qua-

547 5120 696 5185 dam,
726 5136 848 5191 quae
885 5119 960 5174 ibi
1002 5127 1090 5174 est
1131 5118 1186 5172 in
1233 5116 1383 5170 exitu
1427 5118 1826 5187 angustissimo
1860 5120 2000 5174 inter
2057 5135 2147 5174 sa-

548 5208 664 5263 lum
691 5217 744 5264 et
767 5217 1009 5264 montem
1031 5253 1044 5275 ,
1073 5208 1139 5262 ad
1181 5208 1601 5262 interimendum
1638 5225 1737 5264 nos
1781 5209 1939 5265 facile
1972 5212 2143 5265 inter-

549 5301 811 5372 ciperent.
845 5299 952 5354 Sed
977 5317 1086 5354 non
1112 5300 1256 5355 sicut
1281 5300 1541 5355 rebantur
1574 5301 1822 5373 contigit.
1857 5301 1970 5355 Viri
1997 5300 2143 5355 enim
2189 5349 2194 5356 .

550 5395 725 5450 nostri
757 5403 1066 5450 statuerunt
1102 5393 1242 5450 inter
1273 5410 1351 5461 se,
1377 5394 1658 5453 dicentes:
1697 5415 1714 5446 ‹
1755 5394 1810 5451 Si
1845 5396 1897 5450 in
1923 5395 2150 5466 planitie
2187 5441 2192 5448 .

552 5483 646 5543 illa
684 5488 870 5558 patula
917 5503 1016 5542 nos
1055 5499 1446 5559 persequentes
1484 5491 1786 5559 poterimus
1821 5490 2145 5560 intercipere
2188 5529 2192 5536 .

552 5578 710 5643 illos,
742 5577 971 5637 forsitan
1001 5579 1112 5635 Deo
1137 5581 1365 5654 juvante
1403 5592 1592 5638 contra
1628 5585 1752 5640 illos
1788 5592 2144 5651 revertentes,
2189 5611 2196 5615 -

555 5675 609 5722 et
636 5670 770 5722 bene
800 5680 1123 5740 pugnantes,
1155 5686 1414 5729 eruemur
1444 5674 1514 5728 ab
1553 5675 1682 5730 illis.
1723 5694 1742 5727 ι
1778 5673 2009 5745 Jamjam
2043 5691 2144 5730 au-
2189 5713 2192 5716 ~

553 5764 664 5812 tem
691 5775 721 5813 e
744 5758 975 5815 navibus
1003 5760 1350 5833 essiliehant,
1369 5765 1484 5836 jam
1511 5766 1563 5822 vi
1585 5774 1776 5838 captos
1802 5782 1970 5839 prope
1996 5783 2149 5826 mare
2187 5805 2192 5812 -

507 5861 510 5866 ·
555 5859 845 5921 pergentes
879 5850 1250 5920 decollabant;
1292 5857 1517 5931 jamque
1555 5859 1607 5915 in
1645 5859 1925 5932 planitiem
1953 5859 2148 5932 pmdi-
2185 5875 2191 5882 '

2251 4671 2548 4729 transacta,
2577 4678 2758 4729 mane,
2789 4672 2948 4731 prout
2993 4664 3231 4720 astutius
3262 4663 3586 4722 consultum
3628 4671 3723 4724 est,
3751 4674 3814 4712 re—

2250 4764 2335 4810 tro
2392 4755 2724 4811 secessimus
2775 4765 3012 4825 quatuor
3055 4755 3289 4812 millium
3343 4756 3566 4810 itinere.
3597 4752 3696 4808 Ubi
3721 4767 3815 4805 cum

2251 4846 2502 4916 rapinam
2535 4844 2814 4916 praefatam
2859 4847 3115 4916 princeps
3139 4855 3331 4904 noster
3351 4848 3656 4914 divisisset,
3690 4857 3818 4901 nocte

2247 4938 2668 5009 superveniente
2712 4940 2766 4993 in
2800 4939 3028 4996 castello
3073 4939 3320 5009 quodam
3372 4941 3704 5014 depopulato
3743 4937 3819 4993 sub

2248 5031 2411 5085 olivis
2436 5031 2491 5086 in
2519 5031 2770 5102 virgultis
2822 5031 3155 5102 quievimus.
3208 5031 3442 5090 Summo
3478 5044 3666 5088 autem
3695 5046 3820 5086 mane

2247 5123 2554 5179 Balduinus
2602 5124 2729 5178 item
2784 5125 3110 5194 probitatem
3167 5140 3332 5182 suam
3379 5125 3607 5182 solitam
3651 5122 3818 5190 ample-

2250 5223 2426 5278 ctens,
2459 5214 2694 5284 sumptis
2715 5214 2782 5269 de
2810 5215 3078 5280 militibus
3104 5215 3222 5270 suis
3255 5215 3576 5284 aliquantis
3601 5229 3754 5283 usque
3773 5211 3820 5262 al

2253 5306 2540 5375 angustias
2579 5315 2794 5362 meatus
2840 5307 2954 5376 jam
3011 5307 3144 5362 dicti
3176 5307 3472 5377 equitavit,
3506 5316 3821 5372 sanitatum

2251 5395 2299 5452 si
2331 5397 2513 5466 adhuc
2563 5396 2697 5452 inibi
2743 5397 3033 5454 Sarraceni
3087 5407 3300 5464 essent,
3339 5399 3437 5469 qui
3487 5400 3656 5464 nobis
3709 5398 3822 5451 viast

2245 5499 2380 5544 ante
2393 5499 2697 5545 vetuerant.
2725 5489 2975 5558 Quicum
3001 5491 3557 5566 nulluminvenisset,
3579 5493 3818 5563 quoniam,

2247 5584 2430 5639 audita
2465 5584 2807 5655 dispersione
2839 5584 3222 5651 facta,omncs
3260 5584 3626 5664 aufugerunt,
3674 5584 3819 5640 laudis

2250 5675 2402 5731 dedit
2455 5673 2672 5742 Deo,'et
2697 5676 2882 5731 statim
2921 5676 3308 5734 incacumiue
3345 5677 3612 5747 ejusdem
3658 5675 3818 5733 montis

2249 5766 2476 5824 accendi
2507 5783 2607 5838 pro
2633 5767 2792 5839 signo
2816 5769 2996 5841 ignem
3035 5768 3183 5834 fecit,
3207 5777 3270 5826 ut
3297 5770 3405 5840 qui
3440 5771 3502 5828 in
3533 5771 3720 5832 castris
3750 5781 3818 5823 no-

2253 5857 2384 5922 stris
2411 5873 2878 5928 remanseramus,
2913 5860 3029 5916 viso
3058 5858 3212 5918 fumo
3244 5859 3347 5918 illo
3391 5864 3703 5942 promptius
3727 5860 3816 5914 illos
