3804 6312
83 363 164 433 863
633 357 654 372 ”
792 355 1165 425 πυιεηειιιι
1199 355 1500 426 CARNOT.
1542 367 1592 424 ll

1763 367 2124 427 HIEROSOL.
2167 403 2235 414 —-
2269 372 2398 431 LIB.
2439 375 2503 433 ﬂ.

3185 355 3292 446 s66

78 471 488 562 sequeremurqui
509 483 589 540 sic
609 481 949 554 praeiverant.
977 481 1099 550 Quo
1114 483 1253 548 viso,
1285 481 1455 538 Deum
1479 483 1600 538 lau-
1634 489 1676 542 A
1710 499 1916 550 remus,
1959 491 2012 538 et
2048 494 2248 541 terram
2280 487 2628 546 inimicorum
2671 501 2984 550 nostrorum
3022 495 3186 553 etiam
3207 515 3296 556 va-

78 583 250 644 dantes,
288 576 527 632 celeriter
552 573 720 630 secuti
745 587 939 628 sumus
965 588 1084 640 eos,
1104 583 1159 628 et
1183 573 1325 627 viam
1353 582 1601 629 nostram

75 671 331 728 invenimus
355 669 596 734 liberam,
621 675 677 721 et
704 665 1071 732 desideratum
1098 666 1456 721 transivimus
1478 665 1598 721 iter.

75 764 148 817 Die
171 762 367 832 quidem
413 758 503 813 illo
529 773 698 829 prope
725 759 916 813 urbem
947 751 1190 812 Béritu‘m
1221 747 1480 829 hospitati
1509 773 1603 812 su-

73 871 183 910 mus.
241 852 353 919 Quo
401 841 718 921 comperto,'
755 840 1090 905 admiraldus
1142 850 1389 920 ejusdem
1449 849 1602 905 urbis

72 954 168 1023 plus
187 933 578 1004 causa'tir'n‘oris
623 931 789 1017 quam
822 933 1027 1001 amoris
1073 946 1309 1001 victuale
1339 946 1599 1000 diurnum

69 1042 294 1097 scalarum
320 1047 467 1111 gestu
497 1039 704 1094 domno
734 1037 1001 1094 Balduino
1042 1039 1210 1093 misit.
1242 1037 1506 1092 Similiter
1532 1038 1602 1092 de

67 1132 325 1188 civitatibus
367 1131 512 1194 aliis,
545 1139 672 1186 ante
705 1145 846 1200 quas
893 1130 1276 1197 transivimus,
1331 1128 1595 1195 fecerunt,

65 1227 231 1282 scilicet
272 1223 542 1289 Sidonem,
573 1232 626 1278 et
674 1221 901 1294 Tyrum,
935 1231 1100 1292 atque
1143 1223 1355 1286 Achon,
1383 1223 1486 1277 hoc
1515 1229 1599 1276 est

64 1316 705 1385 l‘tolen1aidam,lingentes
731 1315 1052 1380 amicitiam,
1084 1315 1178 1368 sed
1207 1329 1306 1367 cor
1334 1314 1598 1368 habentes

66 1421 272 1478 nequam.
296 1405 408 1460 Jam
433 1407 750 1476 possidebat
786 1406 1052 1475 oppidu‘m‘
1083 1405 1361 1476 Caypbam
1388 1406 1595 1460 dictum

63 1499 341 1564 Tancredus,
377 1499 520 1570 quod
555 1500 677 1569 ipso
711 1503 856 1553 anno
881 1500 1002 1569 jam'
1029 1498 1129 1552 viri
1162 1485 1597 1570 Hierosolymitze

61 1592 545 1662 comprehenderant.
575 1592 642 1646 Et
679 1594 810 1662 quia
837 1590 1153 1646 Tancredus
1173 1590 1440 1646 Balduino
1467 1587 1595 1647 tunc

62 1684 305 1738 malevolus
349 1693 485 1750 erat,
544 1699 655 1738 non
705 1681 837 1737 illud
882 1682 1253 1736 introivimus.
1309 1681 1430 1752 Ipse
1457 1681 1596 1738 vero

62 1783 160 1828 tunc
196 1775 259 1829 ibi
291 1791 393 1830 non
420 1785 560 1842 erat,
614 1775 709 1830 sed
740 1775 888 1830 cives
917 1773 1038 1844 ejus
1086 1787 1282 1844 panem
1317 1782 1372 1828 et
1402 1774 1592 1829 vinum

1706 584 1998 630 staremus.
2026 574 2230 634 Euntes
2263 595 2396 651 ergo
2427 581 2736 641 invenimus
2765 587 2942 655 villas,
2977 589 3069 643 ubi
3100 589 3297 646 Sarra-

1703 666 1824 721 ceni
1848 665 2042 748 incolae
2069 669 2308 740 regionis
2331 671 2479 729 illius
2511 675 2565 728 in
2589 678 2840 733 cavernis
2864 689 3084 752 propter
3108 697 3209 737 nos
3236 697 3296 739 se

1704 759 2113 815 occultaverant
2157 779 2282 817 cum
2313 765 2502 822 bestiis
2541 777 2592 823 et
2622 769 2788 825 rebus
2817 771 2950 842 suis.
2983 771 3063 842 De
3093 773 3294 844 quibus

1703 867 1828 906 eum
1878 853 2089 907 nullum
2133 856 2420 912 extrahere
2460 875 2772 929 possemus,
2822 879 3056 919 accenso
3084 866 3192 940 igni
3226 883 3293 920 an

1701 958 1951 998 caverna:
1983 944 2277 1013 orificium,
2307 965 2432 1003 mox
2479 961 2703 1021 propter
2728 954 2940 1008 fumum
2976 967 3029 1010 et
3055 959 3292 1012 calorem

1702 1034 2102 1090 intolerabilem
2127 1038 2269 1092 alius
2291 1049 2416 1110 post
2440 1042 2607 1095 alium
2633 1043 2782 1099 foras
2798 1045 2864 1100 ad
2887 1063 2986 1100 nos
3018 1049 3288 1103 exierunt.

1704 1127 1872 1182 Erant
1902 1129 2126 1198 quidam
2161 1146 2234 1212 ex_
2261 1133 2341 1188 eis
2375 1133 2692 1203 latrunculi,
2750 1138 2841 1208 qui
2881 1139 2985 1193 rite
3022 1141 3161 1194 inter
3183 1139 3292 1194 Ra-

1701 1221 1908 1275 mulam
1937 1230 1990 1275 ct
2033 1220 2376 1279 Hierusalem
2425 1217 3159 1296 insidiantes,‘Cbristianos
3192 1249 3291 1287 no-

1700 1319 1848 1366 stros
1891 1313 2142 1368 occidere
2172 1314 2440 1371 solebant.
2471 1317 2628 1384 Quod
2658 1335 2782 1374 cum
2810 1338 2838 1375 a
2870 1311 3023 1394 Syris
3069 1323 3293 1392 quibus-

1699 1407 1823 1460 dam
1854 1407 2210 1474 Christianis,
2239 1410 2334 1480 qui
2369 1425 2494 1465 cum
2525 1413 2629 1468 illis
2671 1415 2724 1468 in
2758 1395 2955 1471 abditis
2982 1415 3287 1483 latitabant,

1699 1499 1860 1554 nobis
1889 1500 2199 1555 intimatum
2224 1501 2438 1570 fuisset,
2474 1504 2788 1575 hujusmodi
2821 1488 2941 1562 esse
2967 1509 3087 1564 illos
3115 1509 3288 1564 male-

1699 1588 1957 1657 factores,
2001 1608 2127 1646 mox
2158 1609 2283 1648 cum
2311 1594 2378 1647 de
2422 1611 2654 1650 caverna
2689 1579 2910 1652 exibant
2939 1599 3284 1654 decollahan-

1699 1684 1970 1756 tur.Syris
1995 1695 2186 1766 autem.
2203 1694 2258 1741 et
2279 1699 2472 1741 eorum
2492 1688 2819 1766 conjugibus
2835 1691 3192 1766 pepercimus.
3211 1691 3291 1747 De

1701 1774 2018 1831 Sarracenis
2037 1761 2483 1848 quippe'centum
2513 1763 2684 1862 ferme
2714 1761 3034 1860 occidimus.
3070 1782 3134 1838 Et
3159 1799 3285 1840 cum

63 1869 184 1922 nobis
206 1878 344 1923 extra
363 1869 747 1924 vendiderunt.
782 1865 862 1921 Illi
886 1868 1032 1922 enim
1075 1883 1176 1922 nos
1199 1876 1456 1938 tanquam
1486 1868 1598 1923 fra-
1631 1859 1669 1914 Ι)
1700 1877 1898 1924 cuncta
1945 1869 2055 1924 illic
2093 1869 2366 1939 jumenta,
2413 1880 2524 1926 tam
2577 1859 3046 1945 annonamq'uam
3084 1875 3287 1932 bestias

61 1967 142 2012 uvs
167 1957 469 2025 habuerunt,
499 1969 554 2014 et
579 1960 765 2014 videre
789 1975 890 2014 nos
911 1958 1382 2015 desideraverunt.
1415 1955 1596 2016 Tran-

58 2059 231 2104 seuntes
258 2057 428 2104 autem
451 2051 786 2118 Caesaream,
828 2060 882 2106 et
907 2050 1114 2105 Arsuth
1149 2057 1418 2119 castrum,
1445 2052 1594 2122 quod

59 2157 133 2195 nos
169 2150 280 2196 tunc
307 2143 474 2214 ignari
531 2143 769 2198 Azotum
799 2158 924 2199 esse
966 2143 1298 2214 putabamus
1343 2143 1460 2214 (sed
1484 2157 1594 2198 non

57 2245 133 2290 est.
157 2235 398 2302 Quoniam
434 2238 647 2293 Azotus
682 2253 792 2293 una
836 2236 939 2292 fuit
981 2237 1050 2292 de
1076 2237 1324 2308 quinque
1353 2236 1596 2292 civitati-

59 2327 132 2382 bus
169 2327 587 2397 Philistiuorum,
611 2346 734 2400 qua:
762 2331 903 2385 inter
930 2328 1155 2400 Joppem
1184 2317 1238 2382 et
1267 2313 1592 2384 Ascalonem

57 2419 98 2472 in
118 2420 320 2476 viculum
346 2423 567 2478 redacta
595 2429 723 2490 est),
753 2421 1177 2492 et’Antipatrida
1202 2421 1454 2487 tran‘sita,
1472 2427 1596 2502 tan-1

56 2511 148 2565 dem
191 2514 423 2570 venimus
477 2513 712 2586 Joppem
750 2514 1050 2584 civitatem,
1074 2530 1200 2587 quae
1247 2515 1414 2571 estin
1445 2515 1591 2569 tribu

57 2605 163 2674 Dan,
207 2607 547 2664 maritimam.
587 2607 691 2664 Ubi
725 2608 922 2666 Franci
969 2609 1142 2664 nostri
1171 2593 1437 2664 domuum
1467 2606 1594 2662 Bal-

53 2696 232 2755 duinum
260 2710 314 2756 ut
340 2718 521 2775 regem
546 2703 664 2773 jam
697 2718 857 2758 suum
882 2703 1180 2774 gaudenter
1205 2705 1586 2772 susceperunt.

55 2789 105 2845 Et
131 2807 218 2848 non
247 2810 390 2850 mora
438 2796 514 2851 ibi
553 2793 720 2863 facta,
769 2792 1114 2850 Hierusalem
1144 2783 1596 2866 properavimus;

53 2883 248 2958 Cumque
273 2889 334 2944 ad
359 2890 560 2946 urbem
593 2889 1196 2961 appropinquassemus
1213 2929 1228 2957 ,
1264 2888 1520 2943 exierunt
1538 2887 1599 2943 ei-

53 2976 222 3035 obviam
247 2989 349 3038 tam
390 2981 588 3039 clerici
617 2999 784 3054 quam
829 2982 957 3039 laici
987 2997 1207 3050 omnes;
1241 2979 1415 3038 Graeci
1445 2973 1594 3053 quo-4
1671 2999 1682 3022 ί

51 3085 132 3139 que
145 3087 198 3128 ac
241 3072 376 3147 Syri,
421 3091 558 3132 cum
589 3075 849 3154 crucibus
877 3091 942 3132 ac
977 3074 1172 3132 cereis.
1202 3072 1310 3144 Qui
1337 3087 1464 3131 cum
1498 3072 1594 3129 in-’

51 3165 162 3235 genti
187 3167 366 3238 gaudio
397 3178 451 3225 et
468 3169 898 3226 honoriﬁcentia
933 3161 1162 3225 vocibus
1194 3166 1444 3224 altisonis
1467 3167 1587 3224 lau-

19 3269 24 3278 '
51 3257 123 3311 des
141 3257 342 3331 agendo,
365 3277 550 3334 usque
574 3262 629 3317 in
651 3261 881 3319 ecclesia
906 3259 1179 3318 Dominici
1201 3261 1438 3332 sepulcri
1457 3253 1594 3317 eum-

49 3347 348 3406 deduerunt.
389 3352 537 3408 Huic
583 3352 885 3408 celebritati
925 3351 1236 3423 patriarcha
1289 3345 1594 3434 Daibertus'

48 3454 130 3494 nor.
154 3441 392 3512 interfuit,
425 3446 565 3516 quia
595 3445 660 3500 de
689 3443 1018 3517 quibusdam
1067 3445 1211 3515 apud
1257 3441 1582 3500 Balduinum

48 3541 137 3586 emt
155 3533 504 3604 insimulatus,
543 3547 600 3592 et
623 3535 904 3592 discordes
935 3535 1002 3591 ad
1031 3536 1264 3592 invicem
1307 3535 1586 3590 habeban-

48 3631 130 3676 tur.
155 3625 304 3691 Quem
329 3629 492 3683 etiam
549 3628 728 3698 major
755 3627 884 3682 cieri
914 3643 1044 3698 pars
1073 3643 1301 3683 exosum
1325 3637 1455 3682 tunc
1481 3628 1583 3682 ha-

45 3713 184 3770 bebat.
207 3717 541 3792 Quapropter
566 3722 620 3775 in
645 3729 832 3777 monte
859 3719 990 3776 Sion
1019 3721 1146 3776 sede
1175 3721 1422 3792 privatus
1454 3729 1584 3776 tunc

48 3812 328 3881 morabatur,
355 3825 407 3869 et
441 3814 554 3869 fuit
580 3814 654 3869 ibi
685 3815 860 3869 donec
887 3814 1144 3869 delictum
1171 3815 1220 3868 ei
1247 3813 1582 3868 malevolen-

47 3901 112 3956 tia:
134 3907 344 3963 solutum
373 3918 474 3964 est.
524 3908 634 3964 Sed
665 3924 794 3962 cum
823 3923 918 3978 per
964 3923 1056 3964 sex
1101 3908 1218 3963 dies
1265 3907 1448 3978 quiete
1485 3922 1584 3977 0p-

44 4005 233 4061 portum
269 4001 320 4055 in
362 4001 711 4058 Hierusalem
743 4003 926 4056 labore
957 4002 1190 4082 alleviati
1220 4015 1489 4066 essemus,
1529 4001 1602 4056 et'

45 4100 114 4140 rex
139 4090 196 4144 de
218 4095 437 4164 negotiis
473 4095 595 4150 suis
639 4095 937 4164 aliquantis
973 4095 1338 4165 expediretur,
1371 4094 1471 4148 iter
1496 4109 1582 4148 re-

45 4185 353 4250 sumptum'in
397 4186 808 4257 expeditionem
839 4187 967 4241 ituri
993 4187 1396 4240 renovavimus.
1433 4183 1583 4256 Opus

42 4271 152 4325 enim
173 4283 247 4329 est
275 4279 538 4333 omnibus
561 4278 812 4335 inimicos
836 4279 1163 4334 habentibus
1191 4279 1360 4349 (quod
1391 4295 1584 4334 secun-

41 4362 140 4419 dum
179 4368 442 4426 hominem
499 4371 646 4442 dico)
685 4382 744 4427 ut
775 4369 1220 4443 frequentissime
1261 4371 1388 4427 illos
1421 4373 1581 4426 enixe

41 4468 299 4527 ueroeam,
328 4473 606 4534 quatenus
651 4464 969 4534 certaminis
1003 4465 1161 4518 medio
1203 4464 1286 4519 vel
1320 4464 1370 4518 vi
1419 4473 1606 4534 supe-’

41 4559 152 4617 rent,
179 4553 251 4608 vel
271 4553 336 4610 ad
371 4557 528 4626 pacis
551 4557 832 4626 pactiones
861 4557 1214 4628 pertrahant;
1237 4571 1250 4582 ν

607 4647 837 4704 CAPUT
878 4649 965 4704 Ill.

232 4735 302 4794 De
329 4741 667 4811 expeditione
694 4741 951 4796 Balduim'
980 4745 1034 4796 in
1063 4741 1338 4797 Arabiam.

95 4820 235 4893 Igitur
275 4829 514 4887 domnus
557 4831 882 4900 Balduinus,
936 4829 1094 4904 gEnte
1143 4849 1242 4888 sua
1267 4840 1574 4905 regregata,

38 4914 274 4980 Profectus
317 4933 400 4980 est
445 4925 796 4993 Ascalonem,
852 4927 1125 4982 transiens
1170 4942 1267 4997 per
1299 4925 1573 4981 Azotum:

40 5019 138 5073 quae
171 5013 349 5073 civitas
373 5027 459 5074 est
490 5019 634 5075 inter
654 5017 883 5092 Joppem
912 5029 968 5076 et
987 5020 1335 5088 Ascalonem,
1377 5036 1490 5076 una
1511 5021 1594 5076 de

40 5101 244 5176 quinque
292 5109 606 5169 civitatibus
640 5111 1077 5186 Allopbylorum.
1100 5113 1350 5170 Acearon
1394 5123 1606 5168 autem'

39 5190 93 5244 de
113 5193 314 5257 dextera
363 5205 710 5261 assisteutem
753 5205 1046 5262 habuimus
1073 5222 1241 5278 prope
1269 5206 1573 5274 Pamniam,
1601 5219 1606 5226 ‘

38 5295 137 5350 εἶυέ
179 5303 334 5361 super
382 5311 534 5352 mare
583 5298 688 5354 sita
716 5306 820 5354 est.
861 5298 1002 5354 Ante
1043 5297 1365 5378 Ascalonem
1390 5301 1604 5355 autem'

39 5389 140 5432 cum
164 5377 522 5457 venissemus,
543 5391 640 5461 qui
685 5389 834 5448 foras
858 5399 1050 5448 contra
1073 5407 1172 5449 nos
1206 5377 1453 5449 exierant
1482 5411 1577 5451 ns-

40 5479 126 5532 l(ne
148 5469 208 5526 ad
234 5477 431 5532 muenia
467 5481 816 5557 vehementer
862 5483 1081 5554 impulsi
1128 5491 1275 5541 sunt.
1324 5483 1392 5540 Et
1445 5487 1604 5557 quia-

41 5569 130 5612 non
151 5560 243 5620 fuit
263 5569 421 5627 nobis
455 5573 586 5630 utile
618 5555 1096 5647 majusincipere,
1122 5577 1192 5632 ad
1209 5578 1444 5634 tentoria
1463 5555 1604 5636 now

43 5657 135 5708 ειη
170 5656 274 5728 jam
319 5673 538 5724 extensa
593 5668 926 5741 hospitaturi
970 5669 1290 5730 redivimus.
1318 5663 1584 5746 Sequenti

41 5754 151 5836 vero
175 5748 254 5809 die
269 5757 539 5829 regionem
574 5762 848 5821 adivimus
873 5764 1220 5836 interiorem,
1249 5765 1341 5822 ubi
1368 5766 1576 5823 victum

46 5835 178 5897 nobis
196 5856 245 5902 et
277 5847 528 5921 jnmentis
553 5857 757 5914 nostris
805 5857 860 5912 in
889 5857 1032 5915 locis
1061 5859 1336 5946 opulentis
1365 5860 1580 5948 inveni-

1684 4599 1786 4608 -..ω
1803 4599 1854 4625 ο-
1876 4599 2056 4610 πη.-.
2082 4599 2206 4623 ,νην
2307 4599 2358 4624 ν.
2375 4599 2634 4609 ν.-.η......
2658 4599 2774 4625 ην,
2796 4599 2896 4608 ..νυ
2917 4599 2979 4608 ..ν
3003 4599 3205 4608 --...---.
3223 4599 3275 4607 --

1599 4599 1655 4672 ηυ
1684 4645 1841 4703 facile
1869 4656 2065 4722 potest.
2103 4643 2351 4717 Conjicio
2383 4645 2632 4702 bifariam
2658 4649 2839 4704 locum
2873 4646 3023 4700 illum
3052 4646 3126 4700 ita
3152 4659 3275 4700 esse

1593 4759 1598 4764 '
1683 4743 2100 4812 salsissimum,
2141 4751 2195 4797 et
2245 4758 2313 4798 ex
2370 4758 2437 4798 eo
2485 4743 2632 4814 quod
2683 4742 2889 4797 montis
2938 4739 3272 4811 salsuginem

1698 1961 2053 2027 comedenda,
2102 1964 2662 2034 consurnpsissemus,
2686 1963 2741 2020 et
2785 1965 2921 2020 nihil
2971 1968 3130 2023 nobis
3155 1967 3288 2023 utile

1699 2039 1946 2108 invenire
1996 2054 2232 2124 amplius
2257 2069 2566 2125 possemus,
2592 2058 2726 2114 inito
2754 2039 2986 2116 consilio
3009 2077 3133 2116 cum
3159 2061 3286 2134 qui-

1697 2143 1928 2198 busdam
1958 2145 2148 2214 patriae
2170 2145 2432 2214 alumnis,-
2452 2147 2604 2217 prius
2630 2148 2969 2218 Sarracenis,
2996 2152 3090 2207 sed
3112 2167 3279 2222 nuper

1696 2233 2051 2303 Christianis,
2101 2223 2343 2307 qui‘loca
2367 2238 2514 2293 calta
2570 2248 2625 2294 et
2657 2225 2862 2295 inculta
2885 2241 3046 2314 longe
3069 2243 3288 2313 lateque

1695 2325 1961 2392 sciebant,
2011 2325 2066 2380 in
2099 2317 2357 2382 Arabiam
2411 2328 2670 2385 secedere
2719 2329 3046 2402 dispositum
3079 2340 3182 2388 est.
3217 2332 3285 2388 Et

1695 2426 2045 2474 transeuntes
2073 2428 2354 2490 montana,
2379 2437 2549 2492 prope
2570 2423 3004 2493 patriarcharum
3036 2426 3285 2496 sepultu-

1693 2521 1804 2574 ras,
1833 2509 2085 2564 videlicet
2113 2511 2369 2580 Abrahae,
2402 2511 2573 2582 Isaac,
2600 2523 2654 2569 et
2673 2513 2866 2582 Iacob,
2894 2505 3284 2587 Sarae‘quoqne

1693 2595 1748 2656 et
1789 2599 2072 2668 Rebeccae,
2121 2603 2224 2657 ubiE
2253 2619 2484 2675 corpora
2531 2619 2721 2662 eorum
2781 2609 3018 2679 gloriose
3070 2608 3284 2679 sepulta

1693 2703 1840 2762 sunt,
1870 2695 1942 2750 ab
1964 2696 2101 2750 urbe
2129 2693 2504 2770 Hierosolyma
2541 2700 2700 2770 quasi
2722 2700 2993 2756 milliariis
3015 2710 3283 2771 quatuor-

1690 2787 1866 2843 decim
1889 2777 2173 2855 distantia,
2191 2789 2445 2845 venimus
2465 2791 2521 2844 in
2545 2790 2762 2858 vallem,
2784 2791 2877 2845 ubi
2895 2789 3136 2846 sceleste
3149 2790 3285 2846 civi-

1690 2887 1830 2936 tates
1845 2873 2082 2936 Sodoma
2099 2889 2156 2937 et
2175 2871 2482 2936 Gomorrba
2500 2881 2594 2938 Dei
2609 2882 2819 2954 judicio
2839 2884 3116 2942 subversa:
3129 2893 3296 2942 sunt.

1959 2977 1963 2980 ’
2305 2973 2540 3030 CAPUT
2578 2973 2669 3030 IV.

2186 3067 2194 3074 ’
2218 3065 2297 3148 De
2335 3077 2546 3148 mortuo
2575 3067 2742 3148 Mori.

1763 3158 1840 3214 ibi
1873 3160 2094 3232 quidem
2135 3145 2290 3217 lacus
2339 3143 2486 3242 nunc
2529 3143 2912 3235 cst-magnus,
2937 3179 3102 3235 quem
3127 3179 3280 3219 mare

1669 3250 1968 3308 Mortuum
2014 3261 2234 3321 vocant,
2257 3268 2324 3310 eo
2374 3254 2520 3324 quod
2567 3255 2704 3310 nihil
2737 3256 2938 3328 gignat.
2971 3255 3280 3330 Longitudo

1692 3363 1916 3422 quoque
1933 3349 2052 3419 ejus
2073 3349 2495 3421 quingentorum
2517 3359 2572 3406 et
2592 3353 2865 3423 octoginta
2891 3353 3192 3408 stadiorum
3221 3355 3279 3409 in

1690 3441 2050 3496 meridianam
2102 3451 2312 3514 partem
2347 3451 2587 3511 extenta,
2618 3444 2907 3500 latitudine
2935 3460 3062 3501 vero
3090 3462 3154 3500 cr.
3183 3462 3280 3516 pa-

1690 3543 1784 3589 tet.
1819 3533 1921 3602 Qui
1961 3532 2098 3588 adeo
2131 3534 2309 3590 salsus
2331 3544 2435 3603 est,
2461 3543 2518 3590 ut
2547 3550 2647 3592 nec
2677 3535 2852 3592 bestia
2876 3537 3150 3608 quaelibet,
3183 3554 3280 3594 ne-

1687 3642 1794 3698 que
1839 3625 2080 3682 volucris
2110 3641 2174 3680 ex
2203 3641 2269 3681 eo
2311 3627 2495 3682 bibere
2521 3636 2702 3698 queat.
2730 3627 2886 3696 Quod
2913 3643 3015 3701 ego
3044 3627 3302 3684 Fulchet

1688 3721 1806 3776 rius
1849 3719 2224 3789 experimento
2273 3719 2460 3786 didici,
2506 3736 2631 3775 cum
2688 3721 2743 3775 in
2808 3721 2960 3776 illum
3015 3722 3082 3776 de
3129 3722 3278 3777 mula

1688 3827 1809 3868 mea
1853 3811 2213 3880 descendens,
2260 3821 2314 3868 et
2365 3814 2446 3868 ori
2492 3829 2615 3868 meo
2661 3819 2827 3868 manu
2871 3815 3128 3870 haustum
3173 3815 3279 3869 im-

1686 3907 1943 3971 mittens,
2000 3911 2162 3976 gustu
2209 3906 2458 3975 probavi,
2508 3915 2562 3961 et
2607 3907 2887 3962 lielleboro
2947 3908 3276 3963 amariorem

1687 4014 1811 4056 esse
1840 4001 2042 4057 inveni.
2072 4000 2117 4053 A
2148 4009 2300 4070 parte
2340 3999 2616 4070 aquilonis
2657 3999 2861 4054 ﬂumen
2906 4001 3109 4070 recepit
3148 3998 3276 4054 Jor-

1686 4091 1984 4160 danicum,
2065 4094 2136 4158 ab
2203 4102 2398 4148 austro
2462 4107 2594 4148 vero
2673 4093 2886 4150 nullum
2953 4092 3117 4148 habet
3175 4108 3276 4147 ex-

1685 4187 1853 4250 itum;
1911 4185 2024 4258 sed.
2059 4201 2236 4259 neque
2271 4184 2472 4256 ﬂumen
2514 4199 2582 4241 ex
2623 4201 2689 4241 eo
2715 4194 3060 4257 conceptum.
3109 4183 3273 4240 Juxta

1686 4287 1848 4350 quem
1873 4277 2053 4333 lacum
2075 4285 2254 4332 exstat
2275 4276 2528 4333 similiter
2548 4278 2727 4334 salsus
2743 4291 2903 4334 mons
2924 4295 3067 4334 unus
3083 4278 3278 4350 ingens

1681 4378 1737 4424 et
1781 4371 2065 4444 excelsus,
2091 4379 2142 4425 et
2193 4370 2335 4424 idem
2367 4371 2445 4425 sal
2496 4372 2656 4442 quasi
2703 4371 2841 4442 lapis
2871 4371 3122 4439 nativus,
3163 4386 3273 4426 non

1681 4465 1863 4516 tamen
1915 4471 2096 4526 totus,-
2127 4461 2220 4517 sed
2275 4461 2522 4518 localiter
2569 4461 2765 4534 glacici
2807 4461 3139 4518 simillimus.
3171 4461 3276 4517 De-

1684 4555 1854 4625 mergi
1872 4563 2056 4610 autem
2081 4553 2206 4623 quis
2227 4553 2280 4607 in
2306 4552 2634 4624 prolundum
2655 4555 2774 4625 ejus
2796 4569 2896 4608 nec
2915 4554 2979 4608 de
3003 4551 3276 4608 industria

1683 4835 1999 4906 c'oncipiens
2021 4835 2199 4907 glutit,
2218 4851 2382 4906 quem
2398 4837 2542 4890 unda
2560 4835 2877 4906 marginalis
2899 4833 3276 4888 indesinenter

1681 4931 1907 4997 lambit,
1941 4940 2000 5002 et_
2021 4945 2087 4985 ex
2113 4930 2438 4986 decursione
2463 4929 2720 4984 imbrium
2763 4930 2829 4984 de
2855 4935 3039 4983 monte
3065 4927 3184 4998 ipso
3215 4927 3270 4982 in

1678 5023 2171 5094 lacumJluentium
2192 5065 2207 5090 ,
2237 5022 2350 5078 sive
2380 5023 2612 5094 abyssus
2641 5022 2910 5077 intantum
2938 5021 3008 5076 sit
3029 5036 3269 5077 concava

1682 5117 1741 5170 ut
1763 5131 1914 5170 mare
1940 5129 2220 5185 magnum,
2247 5114 2392 5185 quod
2415 5122 2499 5168 est
2518 5112 2745 5179 salsum,
2779 5111 3038 5167 invisibili
3059 5111 3270 5169 vellunt

1680 5207 1735 5261 in
1759 5207 2007 5262 eamdem
2021 5206 2289 5278 abyssum
2316 5206 2420 5260 sub
2448 5214 2591 5260 terra
2622 5204 2829 5259 inﬂuat.
2861 5203 3064 5277 Gyrato
3085 5213 3269 5259 autem

1679 5297 1802 5354 lacu
1836 5313 1866 5354 a
1897 5307 2052 5369 parte
2087 5297 2338 5365 australi,
2371 5299 2676 5368 reperimus
2726 5297 2910 5354 villam
2949 5313 3116 5354 unam
3159 5299 3270 5354 situ

1679 5391 2072 5464 gratissimam,
2085 5398 2139 5445 et
2153 5390 2219 5446 de
2235 5389 2506 5446 fructibus
2525 5391 2850 5461 palmarum,
2867 5406 3006 5462 quos
3025 5390 3270 5464 dactylos

1677 5491 1895 5551 vocant,
1939 5485 2108 5556 valde.
2124 5483 2515 5551 abundantem,
2553 5483 2753 5554 quibus
2780 5498 2879 5554 pro
2917 5483 3126 5539 cibario
3151 5483 3269 5554 pla-

1679 5576 1802 5633 cido
1831 5584 1944 5631 tota
1975 5575 2062 5632 die
2087 5576 2466 5632 vescebamur.
2500 5573 2575 5632 De
2605 5576 2819 5633 caeteris
2843 5577 3009 5633 rebus
3039 5592 3166 5632 raro
3193 5576 3270 5634 ibi

1679 5672 2014 5728 invenimus.
2095 5671 2437 5744 Aufugerant
2492 5671 2641 5729 enim
2703 5672 2854 5729 illinc
2915 5673 3106 5729 incolae
3158 5669 3268 5728 loci

1682 5763 1992 5834 Sarraceni,
2029 5765 2144 5837 jam
2187 5764 2254 5822 de
2292 5765 2452 5822 nobis
2494 5780 2591 5840 per
2636 5767 3003 5839 rumigerulos
3032 5749 3267 5838 praescii,

1681 5862 1923 5936 exceptis
1973 5861 2271 5934 aliquantis
2327 5860 2556 5937 fuligine
2609 5863 2964 5938 nigrioribus,
3019 5877 3158 5934 quos
3204 5869 3268 5916 ut
