3850 6310
535 302 641 360 867

1101 298 1195 358 AD
1232 300 1682 362 GODEFRIDIJM
1718 301 2018 360 APPEND.
2058 301 2118 357 ll.

2221 334 2233 345 ο
2275 301 2548 360 MONUM.
2589 303 2678 359 DE
2712 303 2935 361 [λειω
2970 303 3221 361 ὃΑΕῙὶΟ.
3639 316 3708 374 363

534 415 712 486 algam
759 413 931 472 maris
978 423 1228 486 sumptos
1288 415 1363 470 ibi
1417 414 1749 471 dimisimus.
1812 412 1930 470 Illic
1980 415 2121 470 inter
2157 428 2194 481 Α
2230 413 2401 471 Deum
2431 416 2671 482 electus,
2698 416 3078 473 benedictione
3106 415 3416 473 authentica
3436 422 3714 484 sanctiﬁcawr

533 508 761 564 arbores
807 516 1032 565 caeteras
1080 508 1188 563 vidi
1235 508 1505 579 quasdam
1553 522 1714 579 poma
1762 505 2021 573 ferentes,
2057 508 2125 564 de

533 599 736 672 quibus
779 617 906 657 cum
950 600 1308 672 collegissem,
1336 599 1477 655 scire
1514 599 1704 654 volens
1730 599 1891 670 cujus
1917 609 2126 656 natura:

533 703 742 761 essent,
767 695 949 749 inveni
981 704 1140 763 rupto
1168 692 1372 748 cortice
1398 691 1627 747 interius
1654 690 1813 762 quasi
1843 691 2121 762 pulverem

534 794 738 853 atrum,
761 794 817 843 et
836 786 961 841 inde
980 787 1194 840 inanem
1218 784 1436 855 prodire
1465 782 1697 839 fumum.
1736 783 1891 840 Tunc
1912 786 2125 841 Arabia:

535 887 798 934 montana
832 877 1063 950 ingressi
1090 892 1303 942 sumus,
1338 877 1393 930 in
1426 891 1663 947 quorum
1689 879 1941 933 cavernis
1964 887 2125 934 nocte

536 968 625 1022 illa
662 967 906 1039 sequenti
936 967 1308 1037 pausavimus.
1342 965 1500 1022 Mane
1530 983 1655 1022 cum
1691 976 1906 1023 montes
1932 985 2125 1024 ascen-

534 1060 827 1125 dissemus,
878 1058 1186 1115 invenimus
1233 1060 1419 1114 statim
1450 1059 1630 1127 villas,
1675 1060 1768 1116 sed
1796 1060 1947 1115 omni
1977 1061 2123 1116 bono

532 1167 751 1207 vacuas.
778 1150 914 1206 Nam
944 1151 1178 1207 adventu
1207 1159 1399 1209 nostro
1420 1152 1475 1207 in
1496 1153 1636 1209 colle
1662 1162 1965 1224 comperto,
1996 1170 2122 1210 cum

529 1248 695 1301 rebus
719 1246 904 1302 suisin
933 1255 1097 1304 terra}
1117 1248 1369 1303 cavernis
1388 1263 1446 1303 se
1467 1249 1889 1305 absconderant.
1915 1248 2124 1316 Quam-

526 1338 713 1393 obrem
760 1354 956 1409 parum
987 1340 1100 1396 illic
1144 1339 1496 1411 profecimus.
1558 1339 1693 1397 Ideo‘
1717 1341 1822 1396 iter
1872 1353 2122 1398 nostrum

527 1440 777 1502 prompte
793 1432 931 1489 alias
948 1433 1317 1500 extendimus,
1334 1433 1658 1490 ductoribus
1680 1434 1886 1491 nostris
1909 1446 2124 1505 semper

526 1524 761 1593 praeviis.
801 1523 958 1580 Tunc
1002 1526 1314 1582 invenimus
1361 1527 1554 1581 vallem
1587 1543 1752 1582 unam
1774 1528 1841 1583 de
1869 1527 2123 1599 frugibus

464 1649 477 1653 ς
529 1622 686 1671 terra:
742 1617 956 1672 cunctis
1003 1618 1361 1684 uberrimam,
1414 1618 1469 1673 in
1522 1634 1630 1689 qua
1680 1619 1843 1674 etiam
1899 1628 2124 1675 sanctus

525 1703 760 1779 Moyses,
794 1707 1032 1765 Domino
1077 1708 1416 1778 insinuante,
1448 1709 1600 1781 virga
1636 1709 1721 1766 bis
1752 1698 1963 1765 silicem.
1995 1726 2121 1781 pcr-

2225 518 2278 564 et
2316 518 2687 566 consecratur.
2720 508 2971 578 Quicum
3003 512 3242 583 suscepit
3264 511 3486 583 regimen
3507 515 3609 575 illud
3629 537 3713 580 cun

2225 617 2431 658 corona
2457 618 2656 671 aurea,
2702 604 2946 675 suscepit
2979 619 3202 676 quoque
3250 604 3465 675 iustitia:
3493 609 3717 672 obtinenda

2224 711 2366 751 onus
2416 697 2733 753 honestum.
2804 696 2904 753 Cui
2959 697 3104 767 jure,
3167 697 3311 753 sicut
3346 706 3399 754 et
3432 701 3637 774 episcopo
3671 708 3718 766 de

2223 789 2560 860 episcopatu,
2577 797 2756 859 potest
2775 789 3031 845 decenter
3063 788 3229 859 objici
3253 789 3477 844 :Banum
3500 809 3602 863 opus
3624 798 3721 853 deri.

2224 880 2402 948 derat,
2432 881 2527 952 qui
2555 898 2789 953 regnum
2815 883 3082 937 desiderat
3115 881 3166 953 (Ι
3188 881 3327 937 Tim.
3356 898 3433 947 In.
3457 883 3527 956 l).
3555 886 3719 955 Quodsi

2218 974 2343 1044 jure
2372 989 2480 1029 non
2517 975 2682 1046 regit,
2720 991 2822 1031 nec
2857 992 2953 1031 rex
2981 984 3086 1031 est.
3116 974 3213 1030 λιιι
3238 975 3569 1035 modernitate
3594 993 3722 1040 autem

2224 1065 2507 1136 regiminis
2561 1065 2648 1121 sui
2696 1066 2880 1122 adhuc
2924 1081 3227 1137 paucarum
3270 1065 3479 1121 urbium
3511 1084 3723 1139 possessu

2224 1167 2390 1229 atque
2440 1159 2651 1229 gentis,
2711 1175 2808 1229 per
2861 1159 3006 1215 idem
3066 1168 3285 1230 tempus
3321 1159 3535 1216 hiemale
3560 1179 3724 1234 regnum

2226 1264 2387 1303 suum
2417 1249 2759 1305 ab'hostibus
2783 1250 3026 1321 undique
3061 1258 3284 1307 strenue
3321 1252 3551 1320 protexit.
3572 1253 3724 1326 thuia

2226 1351 2609 1411 compererant
2655 1357 2782 1397 eum
2832 1341 3154 1398 bellatorem
3211 1342 3579 1414 probissimum
3620 1364 3725 1417 esse,

2223 1432 2476 1503 quamvis
2518 1443 2733 1503 gentem
2779 1432 3007 1488 haberet
3045 1449 3261 1500 raram,
3306 1448 3416 1487 non
3460 1442 3611 1491 tamen
3645 1441 3727 1494 ausi

2225 1534 2355 1582 sunt
2391 1542 2516 1581 cum
2553 1526 2794 1598 aggredi.
2826 1526 2983 1594 Quod
3024 1528 3075 1584 si
3121 1528 3376 1582 militiam
3414 1529 3635 1600 majorem
3661 1534 3729 1587 ba-

2224 1618 2405 1685 beret,
2446 1618 2634 1673 hostes
2679 1633 2810 1674 suos
2846 1617 3080 1674 libenter
3107 1618 3303 1675 adiret.
3348 1618 3529 1675 Adhuc
3553 1631 3647 1675 erat
3673 1624 3729 1677 via

2224 1710 2526 1782 peregrinis
2563 1711 2770 1767 nostris
2806 1710 2942 1767 satis
2974 1711 3255 1781 impedita,
3292 1710 3389 1781 qui
3416 1711 3647 1767 interdum
3669 1730 3732 1784 per

526 1799 734 1867 cussit,
770 1801 917 1857 unde
952 1800 1079 1859 fons
1106 1802 1265 1859 vivus
1290 1802 1598 1870 emanavit,
1643 1802 1736 1873 qui
1786 1818 1934 1857 nunc
1979 1802 2124 1857 nihi-
2159 1790 2198 1848 Β
2229 1819 2381 1859 mare
2416 1812 2526 1859 tam
2556 1802 2752 1859 Franci
2778 1818 2942 1874 quam
2991 1802 3187 1874 Angli,
3214 1803 3332 1859 sive
3357 1801 3516 1859 Italici
3548 1812 3594 1859 et
3611 1803 3734 1860 Vene-

526 1890 767 1949 lominus
797 1910 963 1965 quam
992 1903 1122 1951 tunc
1152 1894 1290 1963 ﬂuit,
1322 1896 1458 1952 adeo
1492 1906 1553 1951 ut
1585 1895 1883 1951 molendini
1907 1912 1974 1951 ex
2000 1894 2122 1966 ejus

526 1984 687 2040 rivuli
725 2001 892 2041 cursu
936 1987 1203 2044 volubiles
1248 1988 1319 2044 ad
1359 1987 1673 2044 molendum
1718 1988 1870 2043 liaut.
1905 1986 1962 2042 In
2010 2003 2119 2059 qua

526 2092 669 2147 aqua
707 2092 860 2133 meos
902 2079 1174 2150 adaquavi
1212 2095 1405 2151 equos.
1448 2078 1767 2137 Invenimus
1806 2081 2030 2151 insuper
2064 2082 2121 2136 in

525 2169 730 2224 montis
753 2170 908 2241 apice
934 2172 1329 2229 monasterium
1354 2172 1529 2228 sancti
1549 2171 1756 2236 Aaron.
1785 2172 1878 2228 ubi
1907 2171 2121 2244 Moyses

522 2259 720 2331 et'ipse
752 2277 878 2317 cum
909 2261 1021 2319 Deo
1053 2263 1202 2334 loqui
1233 2272 1654 2320 consueverant.
1697 2263 1853 2320 Unde
1887 2265 2120 2320 multum

523 2351 867 2422 laetabamur,
899 2370 1027 2411 cum
1057 2357 1175 2411 loca
1204 2367 1314 2411 tam
1339 2365 1532 2412 sancta
1577 2365 1632 2412 et
1656 2357 1816 2413 nobis
1845 2358 2120 2430 incognita

524 2445 894 2504 intuebamur.
921 2447 990 2503 Et
1037 2452 1300 2521 quoniam
1341 2451 1483 2506 ultra
1532 2451 1728 2506 vallem
1770 2451 1917 2507 illam
1972 2460 2120 2507 terra

520 2549 641 2595 erat
690 2524 860 2608 invia,
921 2542 1162 2609 deserta,
1209 2551 1287 2607 et,
1315 2543 1544 2610 inculta,
1596 2543 1829 2599 ulterius
1866 2530 2122 2615 progredi

522 2630 822 2691 noluimus.
858 2630 964 2688 Sed
995 2648 1091 2704 per
1113 2643 1224 2690 tres
1247 2635 1365 2691 dies
1396 2634 1450 2689 in
1476 2635 1618 2691 valle
1643 2634 1732 2690 illa
1756 2635 1918 2692 bonis
1942 2636 2124 2691 omni-

522 2721 627 2778 bus
659 2722 841 2793 opima
881 2723 995 2779 otio
1026 2724 1236 2790 habito,
1271 2733 1327 2780 et
1357 2725 1625 2796 jumentis
1659 2726 1864 2782 nostris
1903 2725 2123 2782 refectis

520 2812 726 2881 edulio,
762 2822 820 2871 et
853 2815 1303 2889 quadrupedibus
1335 2818 1583 2874 oneratis
1615 2817 1683 2874 de
1721 2817 1993 2889 stipendio
2027 2835 2124 2875 lie--

521 2904 786 2974 cessario,
815 2905 953 2961 hora
976 2906 1195 2977 circiter
1220 2909 1462 2965 secunda
1490 2908 1579 2966 die
1624 2909 1678 2964 in
1713 2919 1913 2981 quarto
1948 2927 2122 2967 cornu
2164 2949 2168 2957 ι

522 3003 783 3052 monente
798 2996 968 3068 regio,
987 2998 1287 3054 recidivum
1304 3000 1579 3057 tramitem
1604 3016 1887 3057 resumere
1899 3001 2121 3073 jussum

522 3094 626 3143 est.
660 3085 980 3146 Redivimus
1010 3105 1142 3164 ergo
1174 3091 1331 3162 juxta
1352 3092 1533 3149 lacum
1556 3092 1942 3165 Asphaltitem,
1980 3094 2123 3151 sicut

2224 1897 2348 1965 tici,
2385 1897 2441 1952 in
2483 1912 2592 1953 una
2625 1905 2838 1952 tantum
2882 1895 3031 1962 navi,
3056 1895 3173 1952 sive
3212 1895 3393 1952 tribus
3423 1904 3512 1952 aut
3545 1907 3735 1968 quatuor,

2222 1988 2364 2043 inter
2404 1986 2610 2058 piratas
2670 1985 2927 2052 hostiles,
2969 1992 3024 2040 et
3078 1993 3204 2041 ante
3252 1984 3498 2043 civitates
3542 1985 3734 2041 Samo:-

2221 2095 2420 2135 norum
2452 2079 2819 2145 vclilieantes,
2851 2078 3009 2134 valde
3048 2078 3227 2135 timidi
3271 2093 3450 2150 usque
3476 2078 3538 2134 ad
3570 2077 3736 2150 Iopprm

2225 2170 2456 2226 Domino
2491 2169 2725 2226 ducente
2759 2169 3166 2240 perveniebant.
3214 2167 3438 2224 Nullum
3461 2169 3590 2224 enim
3617 2170 3737 2225 alium

2224 2262 2281 2316 in
2300 2261 2494 2332 primis
2523 2262 2863 2317 habebamus
2885 2271 3127 2332 portum.
3155 2260 3314 2329 Quos
3336 2277 3461 2317 cum
3478 2261 3540 2317 de
3557 2263 3741 2333 partibus

2226 2354 2432 2410 nostris
2496 2354 2928 2410 occidentalibus
2991 2354 3281 2410 advenisse
3348 2353 3652 2421 videremus,
3695 2372 3740 2409 ex

2227 2444 2433 2517 Tripoli
2460 2446 2528 2502 ad
2550 2462 2645 2504 eos
2665 2446 2826 2518 quasi
2864 2447 2934 2503 ad
2972 2455 3194 2502 sanctos
3228 2445 3461 2518 jocundi
3486 2447 3742 2518 proculdu-

2225 2556 2371 2596 mus.
2395 2539 2437 2594 A
2469 2540 2672 2611 quibus
2691 2541 3074 2612 unusquisque
3099 2548 3358 2596 nostrum
3385 2540 3451 2596 de
3477 2541 3664 2595 natione
3678 2556 3745 2595 sua

2224 2639 2279 2688 et
2328 2633 2608 2703 parentcla
2659 2633 2949 2705 diligenter
3000 2633 3444 2705 inquirebamus.
3493 2631 3669 2701 Quibus
3699 2633 3745 2686 de

2224 2726 2333 2782 hoc
2363 2725 2694 2782 intimabant
2726 2735 2892 2798 prout
2919 2726 3022 2798 ipsi
3055 2726 3368 2797 sapiebant.
3412 2724 3543 2780 Tum
3580 2725 3636 2781 de
3658 2740 3748 2795 pro-

2224 2819 2485 2891 speritate
2503 2818 2689 2874 audita
2703 2819 3049 2886 laetabamur,
3077 2819 3146 2875 de
3160 2818 3598 2875 incommoditate
3615 2826 3746 2872 autem

2223 2912 2599 2970 tristabamur.
2628 2910 3064 2984 Hierosolymam
3088 2911 3260 2980 ibant,
3291 2920 3484 2969 sancta
3505 2921 3749 2968 sanctorum

2224 3020 2327 3075 pro
2374 3019 2486 3076 quo
2533 3011 2801 3061 venerant
2832 3004 3149 3060 visitabam.
3195 3003 3416 3060 Dehinc
3448 3003 3535 3059 alii
3570 3003 3618 3057 in
3647 3010 3750 3057 terra

2226 3106 2418 3154 sancta
2441 3097 2820 3165 remanebant,
2845 3097 3082 3152 aliivero
3105 3096 3163 3152 in
3190 3106 3403 3153 terram
3425 3111 3572 3152 suam
3593 3110 3750 3150 remea-

523 3175 679 3247 prius
730 3177 1026 3248 iveramus,
1067 3189 1122 3237 et
1170 3198 1268 3253 per
1317 3185 1629 3255 sepulturas
1680 3186 2122 3257 patriarcharum
2150 3177 2195 3239 C
2226 3191 2378 3248 bant.
2423 3189 2543 3259 Qua
2587 3190 2656 3247 de
2688 3205 2749 3247 re
2780 3200 2925 3246 terra
2965 3188 3471 3262 Hlerosolymitana
3504 3187 3755 3243 remanebat

523 3280 988 3341 memoratarum;
1022 3274 1218 3332 deinde
1245 3292 1342 3347 per
1378 3270 1711 3346 Bethlehcm,
1740 3287 1795 3334 et
1814 3295 1912 3350 per
1933 3279 2120 3351 sepul-

523 3371 705 3416 turam
737 3359 1009 3429 Itachelis,
1040 3362 1228 3437 Itaque
1260 3366 1371 3433 die,
1397 3383 1509 3438 quo
1547 3367 1843 3426 solstitium
1882 3369 2120 3427 hiemale

523 3454 740 3522 accidit,
765 3452 1110 3513 Hierusalem
1137 3473 1272 3515 sane
1298 3460 1670 3530 pervenimus.
1703 3459 1771 3518 Et
1802 3464 2122 3535 praeparatis

524 3547 864 3604 ornamentis
902 3564 1025 3620 qua:
1060 3550 1177 3622 regi
1202 3559 1521 3622 competant
1549 3553 1897 3623 coronando,
1928 3554 2120 3626 pacili-

522 3646 756 3710 catoque
787 3637 1046 3696 Daiherto
1073 3656 1200 3697 cum
1226 3641 1431 3698 domno
1458 3641 1760 3713 Balduino,
1788 3653 1844 3700 et
1870 3660 1995 3701 cum
2022 3662 2120 3702 can

524 3730 740 3787 nonicis
770 3732 946 3788 sancti
974 3733 1214 3805 sepulcri
1246 3733 1566 3806 aliquantis,
1600 3736 1732 3808 quia
1767 3737 1872 3792 viri
1911 3738 2120 3795 sensati

522 3821 590 3879 de
611 3824 716 3881 hoc
750 3833 1152 3897 tractaverunt,
1181 3829 1417 3884 cessavit
1436 3829 1715 3887 contentio
1738 3844 1952 3888 eorum.

523 4025 604 4084 De
628 4027 1003 4088 substitution
1030 4031 1462 4117 regigBalduini
1478 4075 1494 4105 ,
1519 4043 1572 4092 et
1608 4037 1902 4110 exiguitate
1948 4038 2117 4111 ipsius

1232 4120 1393 4177 regis.

592 4191 754 4251 Anno
791 4192 861 4251 ab
897 4192 1280 4253 Incarnatione
1320 4196 1541 4255 Domini
1585 4198 1748 4268 llOl,
1795 4200 1854 4256 in
1890 4200 2117 4260 basilica

522 4283 696 4342 heatze
715 4283 902 4342 Maria:
932 4287 1074 4359 apud
1096 4287 1411 4345 Bethlehem
1434 4289 1524 4345 die
1569 4288 1879 4348 Nativitatis
1898 4291 2118 4350 Domini

522 4394 553 4433 a
572 4378 883 4450 patriarcha
906 4388 1231 4449 memorato,
1256 4396 1366 4437 una
1386 4397 1513 4438 cum
1535 4382 1809 4454 episcopis
1823 4425 1839 4452 ,
1863 4384 2120 4456 cleroque

524 4486 591 4526 ac
631 4472 833 4543 populo
870 4472 1282 4541 assistentibus,
1332 4473 1392 4529 in
1431 4489 1617 4547 regem
1672 4475 1975 4534 honoriﬁce
2012 4479 2116 4536 sub

523 4580 682 4621 saera
746 4565 1005 4622 unctione
1059 4566 1388 4624 sublimatus
1444 4575 1502 4623 et
1542 4576 1839 4626 coronatus
1884 4580 1967 4628 est
2017 4590 2115 4630 rex

522 4653 842 4713 Balduinus.
902 4656 970 4713 Et
1019 4659 1167 4730 quod
1211 4657 1369 4714 fratri
1425 4676 1526 4716 suo
1570 4660 1962 4732 praedecessori
2002 4681 2115 4721 non

522 4745 798 4819 fecerant,
830 4750 1094 4822 quoniam
1133 4750 1330 4820 noluit,
1355 4760 1409 4809 et
1442 4761 1575 4810 tunc
1609 4754 1889 4812 laudatum
1928 4772 1958 4813 a
1986 4758 2113 4830 qui-

522 4841 755 4899 busdam
777 4858 890 4899 non
920 4843 1053 4913 fuit,
1087 4844 1218 4903 huic
1248 4847 1461 4903 ratione
1498 4848 1823 4919 prudentius
1861 4854 2117 4911 conside-

522 4942 641 4989 rata
654 4934 772 4990 fieri
792 4934 1171 4992 decreverunt.
1204 4956 1223 4990 α
1246 4936 1389 5006 Quid
1414 4941 1563 4995 enim
1600 4940 1779 5008 obest,
1821 4942 2113 5015 iuquiunt’,

523 5024 846 5109 sikChristus
868 5026 1137 5087 Dominus
1161 5040 1349 5087 noster
1376 5031 1431 5087 in
1466 5030 1805 5090 Hierusalem
1844 5043 2110 5109 tanquam

522 5106 789 5175 scelestus
828 5121 1049 5192 aliquis,
1091 5124 1354 5180 conviciis
1383 5125 1775 5184 dehonestatus
1796 5169 1811 5196 ,
1841 5136 1898 5184 et
1935 5106 2111 5201 spinis

522 5218 607 5266 est
650 5219 947 5267 coronatus
966 5255 981 5279 ,
1013 5229 1140 5270 cum
1175 5216 1342 5272 etiam
1371 5218 1441 5274 ad
1472 5218 1725 5276 ultimum
1750 5230 1983 5279 mortem
2009 5238 2110 5295 pro

523 5299 686 5355 nobis
715 5303 937 5371 pertulit
961 5305 1180 5362 volens?
1208 5307 1420 5365 Corona
1451 5312 1673 5382 quidem
1709 5312 1800 5370 illa
1838 5324 2108 5386 quantum

523 5392 593 5449 ad
623 5392 958 5450 intellectum
998 5413 1189 5455 eorum
1225 5417 1337 5457 non
1376 5401 1481 5459 fuit
1517 5403 1775 5472 honoris,
1809 5421 1913 5462 nec
1948 5408 2111 5480 regite

522 5482 835 5571 dignitatis,
873 5487 984 5545 imo
1030 5489 1344 5563 ignominia:
1381 5505 1435 5551 et
1478 5495 1782 5554 dedecoris.
1820 5496 1927 5557 Sed
1963 5500 2113 5571 quod

525 5568 604 5631 illi
631 5584 815 5632 truces
841 5579 910 5635 ad
929 5580 1319 5656 improperium
1343 5588 1395 5644 ei
1415 5586 1699 5657 fecerunt,
1723 5591 1897 5663 gratia
1922 5568 2020 5649 Bai
2042 5594 2114 5651 ad

526 5668 761 5725 salutem
796 5682 1042 5732 nostram
1070 5686 1126 5733 et
1150 5679 1374 5750 gloriam
1411 5696 1631 5739 versum
1671 5694 1773 5741 est.
1798 5682 1915 5741 Rex
1944 5686 2113 5744 etiam

526 5768 724 5818 contra
751 5762 907 5834 jussa
935 5783 1040 5824 non
1072 5771 1380 5841 prmllcitur.
1413 5773 1549 5831 Nam
1576 5776 1702 5849 jure
1730 5786 1783 5834 et
1807 5779 2111 5836 secundum

2223 3292 2385 3357 gente
2425 3299 2621 3352 vacua,
2651 3299 2754 3340 nec
2792 3292 2913 3339 erat
2947 3283 3044 3354 qui
3080 3298 3203 3340 eam
3224 3299 3255 3338 a
3287 3282 3599 3339 Sarracenis
3615 3280 3754 3337 defen-

2221 3374 2492 3443 deret,'si
2536 3375 2919 3431 tantummodo
2969 3389 3073 3431 nos
3112 3372 3220 3446 ipsi
3262 3373 3492 3447 aggredi
3534 3372 3753 3428 auderent.

2224 3468 2332 3525 Sed
2379 3484 2551 3540 quare
2590 3484 2704 3524 non
2739 3468 3048 3526 audebant?
3085 3466 3193 3524 Tot
3240 3469 3471 3540 populi,
3512 3475 3585 3523 tot
3609 3481 3758 3536 regna,

2219 3578 2393 3634 quare
2430 3563 2680 3634 regulum
2724 3571 2978 3618 nostrum
3014 3573 3070 3617 et
3104 3562 3390 3634 popellum
3426 3560 3656 3616 invadere
3678 3573 3758 3611 me

2221 3655 2483 3711 tuebant?
2508 3654 2623 3711 Cur
2663 3656 2731 3711 de
2760 3653 3027 3728 Egypto,
3068 3654 3138 3710 de
3173 3654 3444 3723 Persida,
3477 3655 3542 3710 de
3565 3653 3759 3723 Mesopo-

2219 3747 2410 3815 tamia,
2445 3747 2533 3803 vel
2560 3747 2628 3804 de
2656 3746 2814 3821 Syria
2837 3763 2947 3803 non
2970 3748 3369 3805 coadunabant
3400 3750 3586 3805 saltem
3607 3748 3761 3817 centies

2204 3848 2442 3922 centum
2476 3840 2649 3896 millia
2693 3848 3086 3913 pugnatorum,
3133 3849 3197 3896 ut
3237 3857 3349 3919 nos
3407 3841 3587 3897 hostes
3619 3853 3760 3895 eorum

2217 3930 2449 3988 viriliter
2470 3930 2918 4003 aggrederentur,
2944 3940 3000 3989 et
3041 3940 3103 3988 ut
3136 3916 3327 3988 solent
3370 3930 3761 3998 locustae,innu-

2217 4039 2385 4081 merae
2415 4038 2652 4082 messem
2679 4024 2734 4080 in
2757 4025 2931 4096 agello
2949 4065 2966 4093 ,
3003 4041 3108 4081 nos
3135 4025 3376 4081 omnino
3407 4032 3763 4086 consumerem,

2217 4126 2279 4172 ut
2307 4131 2407 4173 nec
2432 4116 2638 4172 mentio
2657 4116 2726 4172 de
2746 4116 2983 4174 nobisin
3008 4124 3155 4172 terra
3182 4117 3254 4172 ab
3291 4118 3433 4172 olim
3461 4133 3557 4173 sua
3583 4113 3764 4171 ulterius

2218 4208 2409 4266 ﬁeret?
2440 4207 2561 4264 Non
2586 4208 2733 4265 enim
2757 4217 2891 4266 tunc
2913 4208 3253 4265 habebamus
3277 4210 3576 4281 plusquam
3606 4216 3769 4263 trem-

2217 4307 2304 4356 tos
2328 4299 2532 4356 milites
2551 4341 2568 4369 ,
2594 4309 2648 4356 et
2674 4311 2884 4355 tantum
2911 4300 2979 4356 de
3004 4300 3307 4371 peditibus,
3339 4302 3438 4372 qui
3465 4299 3765 4358 Hierusalem,

2217 4397 2273 4444 et
2299 4386 2557 4460 Joppem,
2593 4397 2651 4445 et
2690 4388 3012 4457 Ralnulam,
3056 4388 3348 4462 Caypham
3378 4392 3545 4446 etiam
3579 4398 3768 4445 castrum

2219 4479 2620 4536 custodiebant.
2669 4479 2870 4546 Milites
2926 4483 3092 4539 etiam
3141 4492 3374 4540 nostros
3434 4485 3526 4539 vix
3578 4483 3767 4538 adunare

2219 4573 2592 4642 audebamus,
2619 4579 2757 4631 cum
2802 4576 3033 4633 insidias
3079 4578 3300 4650 aliquas
3338 4579 3582 4635 inimicis
3610 4572 3769 4632 nostris

2220 4666 2403 4721 moliri
2425 4666 2770 4735 Volebamus,
2793 4669 3050 4726 timentes
3076 4686 3144 4726 ne
3170 4671 3407 4727 interim
3426 4667 3769 4727 munitionibus

2222 4760 2469 4816 vacuatis
2502 4760 2766 4817 damnum
2814 4760 3078 4819 facerent.
3122 4761 3282 4820 Unde
3319 4765 3501 4837 liquet
3537 4761 3769 4824 omnibus

2221 4851 2328 4909 hoc
2352 4868 2473 4909 esse
2496 4853 2823 4910 miraculum
2854 4854 3013 4911 valde
3049 4856 3341 4924 mirabile,
3376 4857 3527 4928 quod
3572 4856 3691 4910 inter
3713 4858 3771 4905 tot

2221 4944 2392 4999 millia
2439 4943 2671 5000 millium
2736 4946 3085 5014 vivebamus,
3137 4948 3433 5021 etiamque
3480 4946 3771 5006 dominantes
3816 4978 3817 5001 ι

2213 5051 2409 5097 eorum
2470 5036 2610 5096 alios
2664 5039 2987 5097 tributarios
3046 5039 3439 5110 faciebamus,
3497 5039 3626 5097 alios
3674 5046 3770 5089 vero

2213 5133 2578 5205 depraedando
2623 5135 2710 5190 vel
2769 5133 3097 5205 eaptivando
3153 5133 3650 5191 confundebamus.
3692 5124 3770 5183 Sel
3816 5186 3817 5189 η

2216 5227 2362 5285 unde
2391 5228 2510 5284 hac
2554 5227 2836 5299 probitas?
2889 5226 3035 5285 unde
3084 5225 3186 5283 ista
3226 5226 3518 5298 potentia!
3563 5224 3683 5279 Vere
3720 5217 3770 5273 ab
3816 5260 3817 5311 ι

2214 5321 2331 5389 illo,
2386 5322 2477 5378 cui
2526 5334 2725 5378 nomen
2778 5319 3157 5393 Omnipotens.
3206 5320 3323 5388 Qui
3377 5321 3567 5395 populi
3599 5316 3672 5376 sui
3697 5327 3770 5387 pro
3816 5366 3817 5395 ι

2215 5414 2440 5471 nomine
2466 5414 2589 5485 ejus
2629 5413 2954 5471 desudantis
2991 5430 3102 5471 non
3140 5414 3469 5482 immemor,
3505 5406 3769 5469 inaccessi'
3816 5448 3817 5475 ι

2214 5507 2420 5564 tatibus
2462 5507 2577 5565 suis
2624 5508 2714 5579 pie
2767 5507 2819 5564 ei
2874 5507 3140 5565 auxilium
3193 5506 3588 5579 impendebat.
3621 5501 3699 5576 qtli
3728 5500 3769 5555 in
3816 5544 3817 5571 ι

2216 5597 2533 5666 nulloalio,
2564 5599 2672 5655 nisi
2720 5598 2776 5655 in
2807 5613 2874 5655 eo
2919 5598 3066 5666 solo,
3105 5597 3447 5654 confidebat.
3482 5598 3643 5665 Quem
3682 5592 3770 5660 ipse
3816 5632 3817 5663 ι

2217 5687 2364 5745 Deus
2389 5688 2686 5760 aliquando
2720 5688 3031 5746 mercedula
3064 5690 3368 5760 temporali
3395 5680 3767 5751 l:etiﬁcabat,in
3816 5726 3817 5751 ι

2217 5779 2403 5839 futuro
2427 5789 2608 5838 autem
2631 5791 2836 5839 aeterna
2856 5784 3420 5855 gloriarcmunerare
3445 5770 3765 5856 promittbat.
