3850 6310
119 295 196 355 869

795 290 1154 348 FULCHERII
1197 291 1500 354 CAR-VOT.
1545 283 1721 354 msr.
1763 297 2126 358 HIEROSOL.
2167 303 2380 359 —LIB.
2421 302 2484 358 η.

3198 321 3308 380 870

113 409 146 466 ο
165 417 364 476 ιυωροιιθ
390 401 783 459 recordationis
809 405 1153 476 dignissima!
1192 407 1347 480 Smpe
1384 412 1604 482 quidem
1635 413 1681 471 Α
1709 423 1970 470 exeuntes
1997 413 2326 472 detulerunt.
2361 415 2511 484 Quos
2537 415 2864 479 Ascalonem
2907 425 3172 490 abeuntes
3205 451 3304 492 rex

113 493 519 559 contristabamur,
548 507 674 559 cum
701 493 764 548 de
782 497 1166 554 transmarinis
1189 501 1383 558 amicis
1407 505 1611 562 nostris

108 588 270 644 nullum
325 583 579 638 auxilium
639 585 830 640 habere
885 597 1222 656 poteramus.
1271 592 1610 652 Verebamur

107 680 216 736 enim
255 689 312 730 ne
353 674 554 730 inimici
593 677 762 733 nostri
809 681 1140 750 paucitatem
1187 685 1362 756 gentis
1405 699 1609 746 nostrae

103 766 432 839 conperiean
475 767 786 839 aliquando,
849 787 1083 829 accursu
1155 777 1446 835 subitaneo
1503 797 1605 838 nos

103 861 290 929 undique
333 858 670 928 impeterent,
731 860 821 916 ubi
868 864 1053 920 nullus
1102 866 1210 922 nisi
1265 870 1416 927 solus
1462 871 1605 930 Deus

98 949 218 1004 nobis
254 962 393 1018 opem
443 946 627 1004 ferret.
674 948 883 1018 Quibus
929 955 1068 1010 nihil
1112 958 1244 1013 utile
1279 959 1513 1028 deesset,
1554 963 1602 1021 si

99 1035 408 1093 tantummodo
441 1054 570 1109 gens
597 1048 651 1096 et
676 1043 802 1113 equi
837 1059 946 1099 non
971 1046 1252 1118 deessent;
1290 1061 1344 1107 et
1368 1055 1462 1124 qui
1506 1072 1603 1126 per

91 1131 264 1203 pelagus
297 1129 620 1188 Hierusalem
652 1136 968 1207 veniebant,
995 1156 1166 1212 equos
1218 1161 1403 1202 secum
1429 1149 1601 1206 addu-

91 1241 182 1280 cere
198 1223 479 1295 nequibant.
513 1224 616 1282 Per
636 1235 835 1284 terram
859 1247 991 1288 vero
1012 1250 1176 1289 nemo
1201 1238 1358 1294 nobis
1398 1242 1598 1298 subve-

86 1316 242 1372 niebat.
279 1314 379 1373 Nec
400 1317 723 1375 Antiocheni
758 1323 946 1393 nobis,
980 1342 1082 1384 nec
1109 1344 1212 1386 nos
1242 1330 1350 1388 illis
1373 1349 1598 1391 succur-

87 1424 176 1465 rere
198 1409 499 1467 valebamus.

622 1505 852 1564 CAPUT
892 1509 976 1567 Vl.

183 1591 249 1648 De
271 1593 628 1652 substitutibne
649 1597 905 1656 Tancredi
930 1605 1071 1674 apud
1092 1605 1449 1665 Antiochiam.

1711 499 1954 557 conviari
1985 505 2333 563 tristissimos
2357 506 2502 562 fecit.
2529 507 2659 566 Inde
2681 527 2784 568 nos
2815 513 2923 571 laeti
2955 522 3159 591 gratias
3187 524 3302 582 Deo

1709 595 2022 665 egimus,eo
2043 600 2188 669 quod
2210 601 2328 656 sine
2349 601 2640 659 occasione
2669 614 2983 665 nostrorum
3013 613 3298 674 hominum

1709 685 1853 744 hanc
1880 690 2238 748 munitionem
2287 694 2448 751 nobis
2479 705 2587 751 tam
2640 699 3009 758 adversariam
3046 722 3299 779 compre-

1707 777 2094 840 henderamus.
2125 784 2280 852 Quod
2309 797 2551 844 castrum
2574 806 2605 846 a
2645 789 2936 852 Salomone
2992 777 3295 871 conditum,

1706 869 1936 929 Francis
1991 876 2149 932 valde
2177 879 2493 952 molestum,
2531 882 2639 937 dux
2669 883 2996 945 Godefridus
3043 891 3097 946 in
3151 869 3298 950 anno

1703 966 1982 1033 praeterito
2007 969 2315 1038 obsederat,
2340 989 2442 1029 nec
2471 985 2708 1048 ceperat.
2734 977 2908 1051 Cujus
2937 983 3101 1040 etiam
3130 987 3292 1043 inha-

1702 1053 1963 1113 bitatorcs
1986 1075 2226 1132 persaepe
2255 1063 2322 1118 de
2348 1067 2552 1124 nostris
2592 1071 2908 1128 occiderant
2943 1077 3158 1148 plures,
3208 1081 3294 1138 vel

1701 1149 2050 1206 reddiderant
2071 1153 2276 1210 tristes.
2295 1154 2415 1212 Jam
2441 1167 2620 1216 tamen
2644 1161 2842 1221 Franci
2869 1169 3120 1227 cominus
3141 1189 3293 1229 com-

1699 1241 2101 1309 prehenderant
2125 1246 2268 1300 muri
2296 1254 2728 1323 prepngnacula,
2778 1272 2901 1312 cum
2933 1259 3073 1316 forte
3109 1263 3290 1334 lignea

1700 1333 1866 1388 turris
1918 1332 2226 1394 forinsecus
2264 1355 2422 1396 muro
2462 1344 2742 1416 adjuncta,
2781 1365 2894 1421 pra:
2941 1332 3290 1413 multitudine

1698 1423 1753 1478 in
1776 1440 1897 1482 eam
1920 1429 2353 1501 ascendentium,
2388 1433 2661 1494 frustatim
2691 1445 2916 1500 corruit.
2941 1444 3096 1504 Unde
3119 1449 3290 1508 ferme

1696 1528 1912 1574 centum
1938 1518 2134 1578 Franci
2158 1523 2298 1580 deea
2321 1527 2577 1585 cadentes
2599 1530 2979 1592 insanabiliter
2999 1550 3127 1595 sunt
3148 1541 3283 1598 lzesi.

1695 1605 1773 1682 lbi
1801 1610 2112 1681 aliquantos
2141 1613 2382 1690 Francos
2410 1615 2701 1678 Sarraceni
2751 1633 2879 1682 tunc
2923 1629 3286 1699 retinuerunt,

129 1683 189 1741 Eo
208 1694 428 1758 tempore
460 1690 690 1763 contigit
716 1691 910 1751 Martio
947 1696 1000 1752 in
1029 1714 1218 1755 mense
1250 1699 1591 1759 Tancredum
1626 1765 1664 1789 η
1695 1714 1835 1769 quos
1858 1701 1915 1756 in
1939 1714 2236 1776 conspectu
2263 1708 2511 1764 omnium
2535 1711 2591 1766 in
2621 1728 2784 1770 cruce
2808 1721 3202 1789 appenderunt,
3233 1733 3288 1778 et

1713 1765 1729 1769 _
2079 1765 2094 1776 ,
2558 1765 2591 1766 η
2629 1765 2780 1770 ---η
2808 1765 3202 1789 -ην....,.,,..-,
3235 1765 3284 1778 ν.

76 1777 292 1847 ςθςριιαω
326 1779 580 1849 oppidum
627 1799 786 1840 suum
807 1827 823 1854 ,
857 1789 1003 1858 quod
1047 1791 1389 1861 possidebat,
1429 1793 1590 1852 Tibc-
1624 1765 1666 1819 Β
1691 1793 1917 1886 sagittis
1961 1796 2376 1868 sagittaverunt.
2405 1800 2683 1870 Quosdam
2733 1809 3084 1881 occiderunt,
3111 1830 3284 1886 quos-

76 1869 235 1923 riadem
260 1885 464 1942 quoque
497 1873 772 1934 Balduino
806 1880 920 1952 regi
956 1881 1297 1954 relinquere,
1325 1887 1588 1944 etAntio-

73 1960 205 2014 cbiam
226 1976 335 2022 cum
363 1964 478 2018 suis
499 1981 600 2035 per
622 1975 823 2024 terram
840 1971 1140 2029 ambulare.
1157 1974 1419 2033 Miserant
1438 1979 1584 2035 enim

71 2051 118 2106 ad
157 2068 260 2109 eum
293 2054 494 2128 legatos
543 2075 676 2115 suos
738 2061 1094 2132 Antiocheni,
1145 2067 1389 2126 dicentes
1422 2090 1434 2125 :
1471 2070 1586 2128 «Ne

70 2144 274 2213 moreris,
321 2146 410 2201 sed
455 2147 584 2202 veni
641 2151 709 2205 ad
745 2169 878 2220 nos,
921 2164 975 2209 et
1001 2156 1294 2215 dominans
1337 2162 1581 2219 omnium

68 2242 256 2288 nostrum
268 2239 479 2307 posside
504 2240 879 2314 Antiochiam,
897 2257 949 2302 et
965 2257 1164 2305 terram
1186 2251 1260 2306 illi
1283 2255 1580 2324 subditam,

63 2327 351 2399 quoadusque
372 2329 438 2386 de
460 2334 777 2404 captivitate
798 2352 955 2395 exeat
974 2341 1210 2400 domnus
1230 2346 1581 2406 Boamundus

63 2414 260 2473 dominus
295 2429 500 2488 noster,
557 2433 609 2479 et
660 2434 812 2482 tuus.
848 2427 931 2485 Tu
963 2434 1107 2487 enim
1142 2451 1202 2491 es
1238 2439 1579 2512 propinquus

58 2505 167 2573 ejus,
193 2509 438 2581 milesque
482 2514 854 2584 probissimus
899 2530 953 2576 et
996 2505 1264 2594 prudens,
1310 2530 1579 2602 nobisque

57 2599 287 2664 potentior.
315 2600 390 2658 Tu
422 2606 649 2676 quidem
679 2619 926 2668 nostram
955 2623 1156 2672 terram
1183 2621 1380 2678 melius
1409 2599 1574 2694 quam

55 2707 128 2749 nos
177 2695 400 2755 obtinere
465 2702 702 2760 valebis.
751 2705 808 2761 Si
853 2711 1112 2780 quando,
1167 2712 1279 2770 Deo
1331 2719 1574 2786 volente,

53 2782 231 2842 domnus
270 2788 625 2852 Boamundus
667 2798 917 2869 redierit,
965 2802 1071 2859 erit
1132 2805 1256 2861 inde
1297 2811 1442 2879 quod
1481 2782 1574 2882 jus

51 2881 329 2939 monstrabit.
354 2902 373 2936 ι
432 2885 534 2943 Sic
579 2889 898 2948 mandatum
946 2904 1064 2964 est,
1121 2906 1176 2954 et
1227 2899 1308 2956 sic
1343 2881 1572 2975 factum

50 2978 120 3024 est.

585 3069 818 3128 CAPUT
854 3073 964 3131 VII.

148 3153 213 3210 De
229 3157 490 3216 obsidione
517 3164 688 3218 castri
707 3166 912 3222 Arsuch
927 3211 942 3236 ,
965 3179 1016 3224 et
1035 3170 1147 3242 ejus
1170 3176 1427 3245 captione.

92 3244 215 3315 Apud
259 3261 474 3322 portum
548 3253 938 3315 Laodicensem
992 3278 1090 3333 per
1137 3244 1276 3321 idem
1323 3269 1570 3329 brumale

43 3343 202 3406 tempus
234 3343 398 3401 stolus
441 3348 674 3404 navium
723 3359 1086 3410 rostratarum
1124 3355 1481 3418 Januensium
1514 3375 1570 3420 et

41 3422 264 3501 Italorum,
308 3434 672 3496 hiemaverat.
731 3441 835 3510 Qui
881 3461 1008 3501 cum
1058 3447 1304 3506 viderent
1337 3470 1564 3514 vernum

37 3525 202 3590 tempus
259 3523 325 3580 ad
380 3530 759 3602 navigandum
807 3545 994 3606 aptum
1069 3549 1123 3595 et
1186 3547 1562 3618 tranquillum,

29 3901 140 3946 more
172 3896 341 3951 cuncti
383 3898 484 3970 qui
532 3911 768 3970 possunt
809 3905 1116 3977 celebrant,
1159 3912 1392 3969 navibus
1439 3915 1557 3972 suis

28 3976 73 4030 ad
89 3987 251 4040 terram
273 3988 488 4057 tractis,
513 3988 858 4051 Hierusalem
879 4013 1004 4054 eum
1024 4016 1150 4074 rege
1173 4017 1550 4074 perrexerunt.

26 4066 194 4129 Peracta
213 4086 385 4136 autem
407 4082 764 4143 solemnitate
794 4087 1045 4147 Paschali
1062 4066 1204 4160 ,‘ub-i
1235 4100 1549 4157 conturbati

24 4171 113 4217 sunt
134 4179 301 4227 omnes
338 4183 578 4246 propter
605 4175 820 4248 ignem,
845 4196 1009 4252 quem
1050 4184 1138 4240 die
1169 4183 1392 4244 Sabbati
1439 4206 1551 4248 non

23 4252 251 4320 habuimus
283 4265 350 4321 ad
391 4268 715 4339 sepulcrum
752 4271 999 4342 Domini,
1030 4277 1307 4348 profectus
1333 4291 1416 4338 est
1454 4299 1550 4340 rex

19 4342 200 4419 λορρεω.
227 4353 291 4412 Et
331 4357 482 4431 facta
507 4364 869 4438 conventione
893 4342 1366 4429 cum-consulibus
1405 4390 1549 4445 prae-

17 4435 129 4494 dictae
151 4443 348 4516 classis,
373 4457 436 4505 ut
458 4435 710 4522 quandiu
734 4453 789 4510 in
811 4464 956 4514 terra
987 4469 1177 4516 sancta
1203 4463 1273 4517 ob
1296 4435 1538 4522 amorem
1571 4459 1626 4522 Ι)

17 4524 79 4583 Dei
122 4539 298 4594 morari
332 4524 565 4611 vellent,
623 4545 669 4601 si
705 4545 817 4604 Deo
847 4553 1175 4611 concedente
1219 4564 1276 4611 et
1317 4557 1544 4629 iuvante

17 4618 173 4682 interim
191 4631 252 4686 de
277 4633 602 4692 civitatibus
639 4636 1066 4700 Sarracenorum
1097 4646 1336 4719 aliquam
1382 4667 1540 4707 com-

17 4716 275 4780 Dtebendere
295 4741 424 4782 cum
457 4729 657 4786 eodem
694 4748 820 4806 rege
843 4747 1088 4808 possent,
1119 4716 1338 4798 tertiam
1369 4760 1539 4816 pecu—

18 4803 79 4910 liia:
98 4823 278 4879 partem
301 4819 569 4878 hostibus
598 4803 1128 4902 internis—ablatam,
1158 4835 1306 4892 nulla
1338 4803 1535 4910 injuria

17 4892 303 4966 lanuensibus
327 4911 504 4982 facta,
541 4921 901 4977 communiter
926 4924 1207 4998 baberent,
1231 4946 1324 4987 rex
1353 4944 1533 4990 autem

17 4988 175 5050 rimam
194 5009 242 5054 et
270 5005 602 5076 secundam,
623 5009 803 5067 vicum
828 5014 1052 5088 insuper
1076 5036 1245 5077 unum
1270 5023 1324 5078 in
1345 5028 1534 5084 eadem

23 5080 165 5182 iiIi-late
193 5093 269 5148 sic
297 5106 463 5168 capta
499 5099 628 5170 jure
668 5116 930 5176 perpetuo
954 5080 1299 5182 possiderent
1338 5128 1391 5174 et
1421 5121 1533 5178 hae--

17 5174 212 5238 editario.
234 5185 390 5254 Quod
417 5207 554 5246 cum
580 5193 703 5251 fidei
725 5174 865 5254 nexu
899 5174 1235 5276 interpositis
1281 5210 1350 5265 ab
1383 5222 1534 5268 utra-

18 5281 72 5330 ζιιε
88 5285 226 5378 Parte
249 5281 539 5340 ﬁrmatum
576 5285 787 5359 fuisset,
813 5293 1034 5354 indilate
1064 5303 1320 5371 oppidum
1376 5306 1527 5378 illud,

22 5362 101 5416 ιιοά
119 5381 327 5428 vocatur
354 5377 594 5466 Arsutb,
630 5390 735 5438 tam
761 5401 854 5455 per
877 5405 1026 5445 mare
1074 5362 1240 5463 quam
1288 5413 1386 5468 per
1417 5362 1528 5455 ter:

494 5453 507 5462 ἦ
761 5449 776 5455 _
1090 5449 1109 5463 ⁸
1289 5449 1376 5468 Γ-
1419 5449 1486 5455 η-

17 5461 76 5503 1m
106 5449 438 5522 obmdeniﬁ.
498 5459 757 5530 Sedcum
803 5476 1195 5541 inhabitatores
1241 5485 1528 5548 Sarraceni

17 5544 195 5605 imirent
215 5556 546 5615 nullomodo
568 5577 628 5617 se
655 5579 811 5633 posse
836 5568 1051 5627 defendi
1102 5589 1131 5628 a
1168 5575 1523 5651 Christianis,

17 5636 300 5702 I'Olocuticne
346 5652 500 5720 apud
546 5668 727 5726 regem
771 5661 960 5718 callide
1013 5663 1174 5735 facta,
1227 5670 1315 5726 die
1365 5636 1523 5730 tertia

17 5741 126 5786 turus
175 5740 276 5809 regi
320 5741 732 5816 reddiderunt;
783 5755 1068 5822 pecuniam
1122 5770 1302 5818 autem
1363 5781 1518 5822 suam

1689 1880 1817 1938 dam
1869 1883 2024 1942 vivos
2061 1887 2246 1968 viliter.
2284 1893 2427 1962 apud
2452 1910 2511 1950 se
2535 1895 2908 1955 detinueruut.

2273 2002 2504 2060 CAPUT
2559 2006 2692 2064 Vill.

1903 2088 2177 2154 Quomodo
2228 2093 2474 2152 Cwsarea
2521 2101 2712 2156 civitas
2767 2113 2924 2173 capta
2952 2107 3047 2162 sit.

1755 2178 2006 2252 Cumque
2033 2199 2127 2239 rex
2159 2184 2387 2255 Arsuth,
2417 2200 2580 2260 prout
2622 2209 2766 2264 opus
2808 2207 2947 2264 erat,
3000 2199 3068 2255 de
3120 2213 3283 2273 gente

1686 2285 1789 2326 sua
1819 2274 2106 2343 munisset,
2132 2277 2441 2336 Caesaream
2471 2284 2662 2340 urbem
2679 2285 3097 2346 Palaestinorum
3122 2293 3277 2362 adiit,

1683 2372 1736 2418 et
1773 2365 2056 2423 obsidione
2093 2372 2398 2441 coronavit,
2445 2376 2539 2431 sed
2595 2377 2724 2448 quia
2755 2389 2875 2435 erat
2912 2397 3073 2439 muro
3122 2386 3280 2442 valde

1682 2453 1862 2523 fortis,
1897 2473 2005 2514 non
2046 2463 2222 2531 potuit
2263 2466 2374 2522 cito
2407 2468 2548 2539 capi.
2600 2469 2776 2528 Jussit
2826 2489 2957 2546 ergo
2987 2484 3120 2533 tunc
3164 2488 3280 2549 tres

1679 2549 1948 2617 petrarias
1985 2552 2145 2620 fieri,
2197 2565 2252 2612 et
2279 2560 2592 2618 machinam
2637 2579 2802 2621 unam
2837 2565 3073 2638 ligneam
3118 2572 3274 2627 altis-

1679 2641 1896 2709 simam,
1929 2645 1996 2701 de
2019 2649 2180 2704 malis
2207 2660 2261 2705 et
2286 2653 2583 2724 remigibus
2623 2658 2846 2714 navium
2891 2659 3270 2721 fabrefactam.

1679 2729 1851 2799 Hanc,
1883 2741 1945 2790 ut
1964 2753 2108 2804 reor,
2141 2741 2380 2798 artifices
2411 2746 2584 2800 nostri
2623 2763 2784 2804 muro
2808 2750 3059 2809 altiorem
3090 2754 3272 2827 longi~

1677 2823 1865 2892 tudine
1898 2843 1968 2881 xx
1995 2829 2305 2889 cubitorum
2361 2846 2676 2907 erexerunt,
2721 2850 2782 2897 ut
2814 2859 2938 2898 cum
2982 2844 3053 2901 ad
3095 2863 3274 2918 usque

1675 2930 1895 2986 murum
1917 2921 2298 2993 deduceretur,
2332 2927 2520 2987 hostes
2572 2932 2817 2992 internus
2849 2936 2917 2992 de
2969 2952 3032 2994 ea
3065 2940 3270 3000 milites

1674 3009 1851 3064 nostri
1890 3012 2190 3083 lapidarent
2213 3027 2268 3072 et
2292 3020 2635 3093 sagittarent,
2658 3033 2722 3082 ut
2766 3043 3162 3088 cummurum
3200 3033 3272 3090 de

1597 3115 1641 3174 ο
1677 3095 1996 3159 Sarracenis
2025 3105 2106 3162 sic
2134 3122 2484 3180 evacttarent,
2510 3115 2815 3187 ingressum
2833 3121 3066 3178 liberum
3089 3123 3270 3180 homi-

1672 3207 1772 3249 nes
1796 3197 1970 3252 nostri
1986 3198 2270 3269 haberent,
2293 3212 2348 3260 et
2374 3207 2562 3264 urbem
2585 3214 3128 3282 comprehenderent.
3157 3218 3265 3275 Sed

2048 3289 2166 3345 dies
2195 3293 2538 3354 obsidionem
2569 3302 2902 3369 renuissent,
2933 3313 2989 3361 et
3019 3322 3144 3363 cum
3168 3324 3266 3380 pe-

1667 3375 1853 3432 trariis
1887 3393 2044 3436 arces
2090 3384 2232 3438 muri
2284 3389 2595 3458 superiores
2639 3393 3036 3467 aliquantisper
3083 3399 3263 3456 laesis-

1667 3473 1808 3533 sent,
1846 3470 2080 3526 necdum
2115 3476 2284 3533 turris
2306 3478 2483 3549 lignea
2520 3491 2668 3539 esset
2703 3487 2924 3556 penitus
2952 3501 3260 3562 compacta,

1665 3569 1874 3613 moram
1904 3561 1984 3617 eis
2014 3563 2438 3639 fastidientibus,
2470 3573 2647 3630 noluit
2681 3577 2889 3636 diutius
2917 3561 3258 3642 Francorum

1662 3649 1908 3717 probitas
1934 3657 2278 3730 prolongare,
2302 3663 2434 3732 quin
2451 3665 2659 3738 absque
2686 3671 2942 3728 machina
2966 3676 3255 3745 praedicta,

1541 3773 1557 3790 .
1660 3748 1716 3794 et
1743 3744 1955 3800 caeteris
1985 3750 2400 3820 supplementis,
2433 3757 2522 3812 die
2556 3760 2795 3830 quadam
2847 3744 3076 3824 Veneris
3122 3744 3258 3825 civi;

1659 3837 1824 3888 tatem
1848 3849 1986 3892 ausu
2020 3839 2251 3896 mirifico
2297 3861 2422 3899 cum
2473 3850 2645 3906 scutis
2685 3861 2739 3907 ct
2791 3852 2995 3911 lanceis
3029 3868 3254 3929 appeten

1657 3931 1798 3977 rent.
1826 3922 2110 3983 Sarraceni
2142 3946 2291 3999 vero,
2317 3945 2481 4004 prout
2501 3935 2701 3996 fortius
2725 3942 3002 4012 valebant,
3147 3949 3249 4005 de-

1657 4011 1969 4085 fendebant,
2001 4029 2192 4077 mutuo
2227 4024 2600 4085 cohortantes.
2635 4028 2831 4088 Franci
2867 4011 3074 4105 autem,
3103 4054 3248 4110 quo-

1655 4117 1779 4159 rum
1817 4102 2084 4166 Dominus
2109 4123 2228 4169 erat
2263 4114 2426 4185 Deus,
2451 4121 2649 4177 erectis
2703 4139 2812 4180 non
2865 4125 3010 4184 lente
3060 4131 3247 4200 scalis,

1653 4212 1793 4267 quas
1815 4199 1883 4255 ad
1911 4202 1964 4257 id
1993 4219 2132 4274 opus
2177 4206 2294 4277 jam
2321 4225 2790 4286 prteparaverant,
2841 4234 2940 4290 per
2980 4236 3076 4279 eas
3099 4199 3247 4282 muri

1653 4287 1929 4363 fastigium
1991 4299 2376 4371 ascenderunt,
2431 4315 2484 4359 et
2540 4323 2682 4377 quos
2715 4287 3008 4370 sibi'tunc
3055 4315 3246 4374 obvios

1652 4379 1975 4442 invenerunt
2001 4389 2195 4460 gladiis
2221 4393 2366 4450 illico
2385 4409 2752 4466 peremerunt.
2779 4401 2934 4471 Quod
2965 4423 3089 4462 cum
3115 4407 3246 4464 Sar-

1649 4474 1830 4528 raeeni
1861 4486 2074 4547 gentem
2109 4492 2356 4539 nostram
2392 4486 2473 4543 sic
2501 4489 2806 4562 elfcratam,
2828 4504 2884 4551 et
2905 4497 3095 4553 urbem
3123 4499 3241 4571 jam

1649 4563 1718 4618 ab
1771 4565 1851 4622 eis
1910 4579 2124 4640 captam
2176 4575 2442 4646 viderent,
2513 4581 2605 4636 ubi
2647 4584 2856 4643 diutius
2902 4589 3085 4645 vivere
3141 4607 3242 4662 po—

1647 4665 1888 4727 tuerunt,
1920 4662 2048 4719 illuc
2068 4665 2396 4739 perpropere
2424 4670 2699 4744 fugerunt.
2729 4676 2834 4732 Sed
2865 4695 2966 4736 nec
2996 4680 3106 4749 hic,
3137 4697 3240 4738 nec

1645 4747 1758 4809 illic
1808 4750 2126 4812 delitescere
2171 4767 2492 4832 potuerunt,
2529 4766 2663 4836 quin
2713 4779 2889 4826 morte
2938 4747 3236 4842 promerita

1644 4843 2069 4904 trucidarentur.
2101 4849 2268 4909 Pauci
2300 4856 2520 4925 quidem
2546 4859 2613 4914 de
2633 4862 2941 4919 masculino
2963 4879 3095 4920 sexu
3111 4867 3237 4925 vitae

1644 4939 1907 5012 reservati
1933 4951 2080 4997 sunt.
2107 4943 2350 5002 Feminis
2385 4952 2804 5021 quampluribus
2847 4969 3231 5029 pepercerunt,

1642 5035 1704 5081 ut
1733 5031 1906 5087 molas
1936 5037 2221 5093 manuales
2249 5039 2532 5098 volvitura:
2566 5059 2782 5115 semper
2819 5049 3230 5109 ancillarentur.

1641 5119 1790 5187 Quas
1817 5139 1944 5179 cum
1973 5129 2266 5199 cepissent,
2291 5133 2383 5188 alii
2434 5136 2560 5193 aliis
2611 5147 2722 5193 tam
2773 5140 3031 5210 pulchras
3061 5160 3229 5215 quam

1638 5220 1826 5285 turpes
1864 5218 2098 5276 invicem
2150 5225 2455 5282 vendebant
2507 5237 2562 5284 et
2614 5231 2902 5304 emebant;
2953 5239 3229 5297 masculos

1637 5300 1877 5380 quoque.
1937 5311 2282 5371 Admiratum
2328 5318 2501 5388 ipsius
2556 5322 2738 5393 urbis,
2779 5334 2836 5382 et
2883 5300 3226 5402 episcopum,

1635 5417 1798 5472 quem
1835 5404 2169 5462 Arehadium
2201 5407 2643 5484 praenominant,‘
2671 5433 2766 5474 rex
2802 5420 2954 5492 vivos
2999 5423 3223 5493 habuit;

1638 5495 1838 5564 quibus
1857 5496 1980 5566 plus
2001 5513 2101 5567 pro
2125 5503 2358 5570 pecunia
2385 5520 2550 5574 quam
2574 5522 2674 5578 pro
2698 5511 2938 5568 amicitia
2961 5506 3220 5585 pepercit.

1638 5583 1781 5652 Quot
1810 5588 2064 5644 utensilia
2094 5591 2452 5651 multiformia
2469 5591 2551 5653 ibi
2580 5609 2709 5655 sunt
2739 5583 2978 5670 inventa,
3010 5583 3117 5660 non
3139 5614 3224 5662 est

1633 5677 1845 5754 dicendi
1877 5679 2127 5738 facultas.
2160 5682 2316 5742 Unde
2349 5689 2504 5744 multi
2548 5707 2815 5764 pauperes
2864 5694 3037 5750 elfecti
3093 5706 3220 5750 sunt

1631 5769 1948 5843 locupletes.
2011 5771 2134 5830 Vidi
2182 5778 2249 5834 de
2299 5778 2618 5840 Sarracenis
2669 5786 2938 5858 plurimos
2993 5786 3067 5842 ibi
3117 5803 3215 5857 pc-
