3850 6310
531 342 641 403 δτι

1104 325 1205 394 λη’
1237 332 1688 395 αουειτιιιῡυω
1727 329 2020 388 ΑΡΡΕΝΙ).
2054 328 2120 386 Il.

2261 328 2533 389 HONUM.
2577 328 2669 387 DE
2699 328 2926 388 BELLO
2964 329 3191 390 SACRO
3678 340 3760 404 δτι

523 464 769 529 remptos
793 434 992 513 acervo
1026 452 1096 510 de
1147 452 1258 509 illis
1282 451 1447 517 facto,
1489 449 1707 521 ignibus
1760 445 2123 513 concremari,
2155 442 2197 504 Α
2227 453 2317 501 tus
2341 457 2428 502 est
2457 447 2615 502 mori.
2657 446 2864 503 lvimus
2902 448 2968 503 ad
2992 463 3254 520 pugnam,
3286 447 3371 505 vel
3412 460 3625 511 mortem
3654 455 3760 520 [οη.

523 560 761 621 quorum
792 546 1120 604 cadaverum
1161 543 1366 598 nimius
1425 539 1566 594 fetor
1610 554 1711 594 nos
1757 539 1913 593 valde
1940 537 2118 592 mole-

524 640 728 698 stahat.
761 638 955 695 Flebat
974 639 1081 693 hoc
1109 633 1488 708 bysantiorum
1514 631 1967 688 inveniendorum
1998 644 2122 700 gra-

524 735 626 801 tia,
655 744 797 805 quos
842 732 918 788 ibi
943 728 1175 801 improbi
1210 724 1717 796 transglutiverant,
1770 722 2019 778 nolentes
2061 727 2123 775 ut

528 826 598 881 de
631 840 734 881 suo
754 821 961 893 aliquid
989 817 1184 874 Franci
1218 815 1499 880 haberent,
1517 827 1658 884 quos
1679 812 1903 883 quidam
1929 826 2120 866 eorum

514 917 584 973 -in
636 917 829 971 oribus
883 914 1000 969 suis
1019 911 1175 981 juxta
1206 907 1455 979 gingivas
1499 904 1925 961 abscondebant.
1967 901 2124 960 Unde

529 1008 825 1079 aliquando
877 1002 1268 1073 contingebat,‘
1298 1014 1423 1055 cum
1454 996 1581 1069 quis
1645 1005 1894 1051 nostrum
1959 1009 2125 1065 super

531 1101 730 1157 collum
761 1096 994 1167 alicujus
1018 1084 1303 1149 Sarraceni
1338 1105 1521 1162 pugno
1545 1087 1796 1153 feriebat,
1837 1094 1900 1141 ut
1924 1085 1990 1141 10
2028 1094 2124 1141 aut

531 1194 598 1248 l6
618 1190 902 1264 bysantios
925 1190 995 1244 ab
1014 1202 1109 1243 ore
1138 1186 1288 1241 foras
1307 1189 1606 1240 excuteret.
1639 1178 1881 1236 Femina:
1905 1192 2126 1250 quoque

527 1285 872 1355 impudenter
897 1284 1040 1336 intra
1071 1296 1130 1335 se
1147 1279 1430 1351 bysantios
1466 1274 1836 1331 occultabant.
1874 1270 2031 1340 Quod
2072 1281 2128 1326 et

526 1377 681 1433 nefas
703 1383 823 1430 erat
855 1374 937 1430 sic
966 1369 1397 1436 recondendum,
1436 1376 1491 1423 et
1512 1366 1686 1422 multo
1726 1363 1942 1446 turpius
1992 1362 2127 1419 mihi

526 1470 596 1525 ad
624 1467 990 1524 recitandum.

604 1561 800 1616 Annus
839 1559 1095 1614 millenus
1116 1562 1380 1612 centenus
1416 1560 1555 1619 erat,
1597 1552 1692 1607 sed
1723 1558 1776 1606 et
1802 1562 1969 1615 unus,

598 1656 737 1712 Cum
781 1671 883 1711 nos
913 1655 1217 1710 Caesaream
1248 1664 1374 1707 eum
1406 1647 1570 1705 scalis
1594 1647 1837 1717 cepimus
1881 1645 2093 1698 urbem.

597 1749 737 1804 Cum
772 1747 1051 1804 Stratonis
1073 1755 1280 1801 turrem
1311 1742 1394 1798 sic
1411 1741 1613 1797 dictam
1642 1738 1887 1810 cepimus
1910 1737 2124 1792 urbem.

1149 1831 1380 1891 CAPUT
1409 1831 1501 1887 lX.
1976 1892 1981 1896 ,

709 1932 864 1999 Quod
885 1933 941 1986 in
971 1929 1213 1986 Παπαῖ-θα
1232 1928 1503 2000 episcopus
1526 1927 1598 1981 sit
1643 1923 1941 1979 ordinatus.

605 2024 818 2081 Etcum
850 2024 918 2079 de
948 2023 1219 2089 Caesarea,
1250 2029 1306 2077 et
1326 2018 1393 2077 de
1424 2020 1512 2075 bis
1538 2019 1797 2076 Omnibus
1819 2032 1942 2088 qua:
1980 2022 2035 2071 in
2063 2030 2128 2071 ea

532 2118 856 2189 reperimus,
879 2130 988 2171 una
1012 2128 1138 2171 cum
1167 2113 1559 2179 Januensihus,
1582 2118 1747 2183 prout
1774 2108 1956 2176 libuit,
1983 2109 2130 2181 egis-

532 2224 742 2277 semus,
776 2220 833 2264 et
863 2208 1335 2278 archkpiscopam
1362 2204 1732 2261 communiter
1768 2203 2004 2259 electum
2051 2199 2127 2257 ibi

528 2301 993 2373 prtel'eclssemus,
1012 2299 1222 2356 relictis
1249 2298 1315 2353 ad
1342 2297 1763 2354 custodiendum
1779 2295 1971 2352 urbem
1986 2310 2127 2367 pau-

529 2396 631 2461 cis,
667 2394 1047 2451 festina-vimus
1066 2394 1148 2448 ire
1186 2392 1475 2448 lamulam
1507 2391 1819 2457 civitatem,
1846 2424 1851 2429 -
1880 2404 2004 2460 quae
2042 2395 2129 2444 est

528 2503 702 2562 prope
733 2487 998 2560 Lyddam.
1035 2484 1143 2542 Ubi
1167 2495 1265 2558 per
1287 2484 1358 2541 ΞΔ
1387 2485 1505 2541 dies
1539 2482 1978 2555 exspectavimus
2009 2481 2126 2537 bel-

527 2580 645 2635 lum
672 2580 742 2635 ab
763 2577 1096 2635 Ascalonitis
1123 2584 1181 2634 et
1210 2575 1557 2649 Babylonicis
1603 2582 1797 2631 contra
1838 2588 1942 2630 nos
1985 2571 2123 2640 ﬁeri,

530 2673 605 2728 ob
631 2674 686 2728 id
708 2672 821 2728 illic
849 2671 1217 2745 congregatis.
1259 2669 1368 2727 Sed
1396 2670 1527 2741 quia
1555 2685 1689 2741 gens
1709 2684 1933 2725 eramus
1978 2681 2124 2735 rara,

530 2774 727 2822 contra
746 2779 844 2822 eos
872 2765 953 2821 ire
984 2772 1310 2833 metuentes,
1338 2779 1448 2819 non
1501 2762 1728 2831 ivimus,
1771 2777 1841 2819 ne
1888 2761 1937 2817 si
1988 2759 2129 2816 forte

531 2856 923 2913 Ascalonaeeis
949 2860 1363 2927 apparerent“,
1392 2855 1537 2911 intra
1558 2853 1762 2911 moenia
1803 2861 1859 2910 et
1902 2866 2127 2925 aggeres

532 2962 671 3003 suos
694 2960 923 3003 recursu
951 2946 1215 3002 continuo
1234 2958 1339 3003 nos
1369 2945 1701 3017 interceptos
1727 2944 2124 3001 interimerent.

532 3039 827 3111 Propterea
890 3038 1080 3095 venire
1126 3048 1319 3096 oorttra
1379 3054 1482 3096 nos
1521 3038 1801 3107 nolebant,
1864 3038 1992 3110 quia
2048 3037 2129 3094 sic

2223 550 2493 613 paratam.
2548 541 2684 598 illuc
2714 540 2844 598 fecit
2892 558 2988 598 rex
3038 544 3246 614 portari
3295 542 3583 602 Dominiea:
3620 555 3760 612 crudi

2225 637 2467 708 signum,
2490 638 2637 709 quod
2663 638 2822 694 nobis
2846 639 3076 710 praebuit
3106 640 3350 695 saluta’re
3394 641 3652 699 solatium.
3689 645 3761 705 Die

2225 727 2463 798 quodam
2506 728 2572 783 de
2615 726 2788 799 Joppe
2814 729 3105 798 exivinms,
3155 729 3407 801 sequenti
3451 747 3573 787 vero
3613 748 3761 796 contra

2224 832 2321 874 eos
2342 818 2689 876 bellavimus.
2722 820 2971 893 Cumque
2992 822 3061 877 ad
3081 838 3177 877 cos
3201 821 3761 901 appropinquassemus,

2224 918 2279 967 et
2314 911 2388 965 illi
2420 913 2486 967 ad
2518 927 2621 969 nos
2649 913 2923 982 similiter,
2969 914 3130 970 nobis
3156 915 3550 986 ignorantibus,
3588 928 3635 974 et
3667 937 3761 981 cum

2226 1004 2598 1075 Speculatores
2626 1020 2815 1060 eorum
2859 1010 2926 1061 de
2959 1007 3179 1078 specula
3223 1017 3413 1063 nostra
3446 1012 3765 1081 prospexisse.

2225 1112 2372 1163 mus,
2396 1097 2845 1167 subscqucntiam
2871 1109 3196 1155 caeterorum
3222 1101 3408 1156 statim
3433 1099 3764 1162 intelleximus.

2227 1188 2295 1244 Et
2324 1205 2449 1246 cum
2489 1206 2582 1245 rex
2605 1207 2729 1246 cum
2754 1192 3082 1262 quibusdam
3110 1193 3178 1247 de
3208 1194 3324 1250 suis
3347 1194 3571 1251 ulterius
3588 1212 3767 1270 progre-

2227 1283 2469 1350 deretur,
2523 1293 2930 1355 prospectansa
2978 1286 3135 1356 longe
3168 1287 3305 1340 vidit
3342 1287 3569 1343 tentoria
3615 1304 3766 1347 eorum

2227 1386 2454 1432 extensa
2508 1377 2562 1432 in
2599 1379 2775 1449 planis
2832 1380 3181 1435 candescere.
3221 1378 3436 1447 Quibus
3480 1381 3625 1449 visis,
3673 1401 3769 1439 mox

2232 1484 2373 1540 equo
2397 1470 2705 1526 calcaribus
2735 1480 2957 1541 puncto,
2984 1472 3050 1527 ad
3083 1486 3185 1528 nos
3224 1480 3506 1542 postremo
3552 1474 3769 1542 cucurrit,

2230 1572 2283 1617 et
2310 1562 2455 1634 quod
2477 1563 2687 1618 viderat
2714 1563 2927 1618 cunctis
2949 1561 3337 1621 manifestavit.
3367 1562 3519 1620 Unde
3543 1566 3774 1620 exsultare

2231 1656 2519 1726 ccepimns,
2551 1672 2675 1713 cum
2705 1657 2909 1714 bellum
2938 1657 3055 1714 fore
3101 1657 3419 1726 didicimus,
3475 1659 3704 1731 quoniam
3728 1662 3772 1715 id

2234 1742 2348 1801 fieri
2370 1745 2837 1804 desiderabamus.
2890 1747 2946 1802 Si
2976 1748 3121 1802 enim
3152 1748 3221 1804 ad
3266 1764 3370 1805 nos
3412 1766 3517 1804 non
3548 1750 3774 1819 venirent,

2232 1856 2333 1897 nos
2362 1843 2553 1914 utique
2574 1842 2640 1897 ad
2664 1858 2758 1898 eos
2780 1843 3007 1899 iremus.
3032 1841 3225 1897 Melius
3256 1842 3404 1897 enim
3429 1853 3542 1898 erat
3568 1843 3702 1899 nobis
3731 1844 3776 1900 ia

2230 1934 2410 2006 planis
2439 1934 2608 1989 vastis
2638 1935 2897 2006 praeliari,
2939 1948 2999 1990 ut
3034 1951 3158 1990 cum
3184 1934 3427 2005 superati
3473 1942 3656 2001 essent,
3690 1934 3757 1989 Do

2230 2026 2384 2082 mino
2428 2026 2782 2098 sullragante,
2814 2026 3032 2098 longior
3076 2025 3158 2081 eis
3206 2024 3337 2097 fuga
3368 2025 3539 2081 ﬁeret.
3576 2023 3709 2079 Unde
3734 2027 3779 2079 in

2231 2116 2359 2190 fuga
2399 2120 2581 2188 majus
2610 2118 2873 2173 haberent
2898 2117 3309 2183 detrimentum,
3358 2131 3521 2186 quam
3565 2116 3606 2170 si
3642 2132 3782 2187 prope

2230 2224 2421 2266 muros
2450 2225 2643 2266 eorum
2676 2225 2803 2265 eum
2834 2209 2917 2265 eis
2960 2208 3445 2281 congrederemur.
3478 2204 3622 2261 Tunc
3647 2206 3783 2275 justh

2229 2316 2326 2358 rex
2350 2318 2502 2358 arma
2532 2302 2699 2369 sumi,
2726 2309 2781 2357 et
2808 2300 3036 2356 armatis
3067 2301 3306 2367 cunctis,
3334 2299 3483 2355 acies
3503 2307 3685 2354 nostra:
3707 2299 3784 2353 de-

2229 2403 2415 2451 center
2438 2394 2507 2450 ad
2550 2393 2864 2450 bellandum
2894 2393 3160 2449 ordinata:
3208 2398 3357 2448 sunt.
3392 2390 3577 2463 Itaque
3620 2407 3708 2446 nos
3740 2392 3783 2446 in

2228 2505 2427 2544 manus
2493 2487 2590 2544 Dei
2633 2487 2863 2543 fidenter
2928 2485 3353 2553 committentes,
3415 2485 3664 2541 adversus
3708 2501 3785 2538 eos

2228 2581 2615 2653 equitavimus.
2701 2580 2887 2636 Abbas
2954 2579 3209 2651 quidam,
3290 2579 3380 2634 cui
3455 2594 3574 2634 rex-
3618 2592 3788 2648 prater-

2227 2682 2405 2745 perat,
2444 2688 2660 2729 crucem
2707 2670 3047 2727 Dominieam
3082 2673 3263 2743 palam
3309 2669 3526 2727 eunetis
3570 2670 3783 2742 gestavit.

2230 2766 2385 2823 'l'uuc
2411 2782 2508 2821 rex
2532 2766 2735 2821 milites
2783 2779 2915 2821 suos
2955 2764 3043 2820 bis
3077 2765 3261 2820 verbis
3308 2765 3401 2835 pie
3461 2763 3649 2819 affatus
3691 2771 3787 2816 est:

2237 2879 2257 2913 ι
2292 2858 2412 2928 Eia,
2445 2860 2647 2915 milites
2698 2856 2928 2925 Christi,
2956 2856 3371 2924 confortamini,
3404 2856 3543 2912 nihil
3577 2866 3789 2911 metue;-

2230 2960 2335 3009 tes.
2367 2950 2612 3007 Viriliter
2634 2950 2801 3023 agite,
2828 2957 2883 3005 et
2922 2949 2976 3004 in
3006 2949 3111 3006 hoc
3140 2950 3330 3020 praelia
3352 2946 3522 3005 fortes
3544 2958 3719 3014 estote,
3750 2957 3793 3003 et

2229 3059 2333 3117 pro
2363 3043 2655 3099 animabus
2699 3042 2929 3109 nostris,
2981 3057 3191 3112 quaeso,
3219 3052 3480 3121 pugnate,
3529 3050 3584 3096 et
3628 3057 3791 3096 nomen

533 3133 751 3189 evenire
776 3133 1061 3203 putabant.
1088 3131 1332 3200 Qnorum
1360 3132 1654 3189 calliditate
1674 3140 1975 3204 comperta,
2005 3140 2129 3188 tan-
2155 3154 2198 3213 ο
2229 3135 2437 3194 Christi
2462 3135 2690 3192 omnino
2716 3134 2971 3192 exaltate.
3009 3130 3110 3191 Qui
3133 3132 3436 3208 degeneres
3472 3134 3565 3189 isti
3611 3149 3794 3203 semper

532 3223 627 3278 tiu
649 3224 997 3279 calliditatem
1026 3236 1219 3280 eorum
1245 3224 1497 3280 callidius
1521 3224 1784 3280 callentes
1811 3222 2126 3289 calluimus,

534 3331 712 3388 usque
764 3316 965 3372 animis
1012 3330 1201 3371 eorum
1255 3330 1458 3387 pavore
1507 3315 1994 3383 marcescentibus,
2033 3315 2131 3371 ad-

533 3422 755 3465 versum
777 3422 879 3464 nos
906 3408 1095 3464 venire
1139 3408 1361 3479 penitus
1395 3406 1744 3462 dimiserunt.
1783 3404 1937 3463 Unde
1970 3406 2130 3463 multi

533 3518 745 3559 moram
776 3502 1029 3570 fastiditi,
1053 3511 1111 3559 et
1130 3510 1371 3575 egestate
1396 3503 1596 3574 pressi,
1627 3502 1698 3557 ab
1740 3500 1986 3559 exercitu
2028 3517 2132 3559 suo

533 3596 924 3653 (bscesserunt.
958 3593 1080 3662 Quo
1108 3595 1317 3662 audito,
1354 3593 1583 3665 Joppem
1634 3594 1869 3667 regressi
1914 3610 2129 3661 sumus,

532 3701 588 3747 et
612 3692 803 3748 laudes
837 3690 950 3746 Deo
973 3691 1246 3759 dedimus,
1277 3705 1343 3746 eo
1372 3689 1519 3762 quod
1544 3705 1577 3746 a
1611 3705 1913 3761 congressu
1936 3704 2127 3746 eorum

534 3789 689 3844 liberi
716 3789 796 3845 sic
821 3786 951 3843 facti
980 3803 1220 3844 eramus.

1152 3896 1383 3964 CAPUT
1421 3899 1492 3956 Χ.

536 3992 615 4048 De
637 3993 824 4065 prazlio
847 3994 978 4048 satis
1010 4005 1223 4048 cruento
1254 3991 1687 4065 Christianorum
1723 4001 1879 4065 atque
1928 3991 2131 4049 Turca—

820 4080 959 4134 rum,
996 4065 1052 4118 in
1100 4080 1203 4135 quo
1244 4063 1538 4119 Christiani
1590 4063 1847 4119 vicerunt.

685 4154 866 4211 deum
907 4164 1097 4226 postea
1137 4155 1366 4211 auribus
1390 4156 1458 4211 ad
1488 4171 1584 4211 eos
1625 4171 1841 4226 semper
1883 4155 2130 4223 intentis,

534 4260 635 4318 per
673 4245 741 4300 70
768 4246 885 4302 dies
930 4246 1100 4317 quieti
1150 4246 1631 4314 sustinuissemus,
1684 4246 1995 4300 intimatum
2051 4255 2135 4301 est

537 4339 649 4411 regi
667 4338 1009 4396 adversarios
1040 4346 1263 4395 nostros
1292 4339 1640 4395 animositate
1666 4338 1857 4393 iterata
1884 4353 2133 4394 commo-

535 4434 651 4490 veri
702 4433 867 4491 etiam
888 4447 988 4488 nos
1015 4441 1269 4504 appetere
1291 4432 1495 4502 parari.
1533 4430 1649 4487 line
1683 4440 1865 4486 autem
1917 4431 2125 4499 audito,

2232 3230 2589 3302 exprobrant,
2643 3238 2699 3287 et
2744 3230 2975 3286 viriliter
3028 3229 3434 3285 conviciantur.
3483 3226 3793 3284 Nativitatetn

2232 3323 2355 3395 ejus
2375 3329 2430 3377 et
2461 3324 2920 3379 resurrectionem
2957 3338 3065 3377 non
3096 3321 3349 3378 credunt.
3378 3319 3537 3388 Quod
3558 3322 3603 3376 si
3632 3321 3713 3376 hic
3733 3323 3797 3374 in-

2234 3408 2518 3481 terie'ritis,
2550 3412 2694 3469 beati
2720 3414 2981 3469 nimirum
3015 3412 3189 3471 eritis.
3223 3411 3345 3469 iam
3372 3414 3601 3485 jamque
3644 3422 3796 3483 aperta

2234 3512 2319 3560 est
2347 3503 2505 3559 vobis
2544 3503 2714 3574 janua
2740 3503 2894 3575 regni
2923 3504 3182 3560 ctelestis.
3238 3504 3298 3558 Si
3328 3503 3438 3559 vivi
3484 3506 3711 3561 victores
3732 3520 3793 3559 rc-

2235 3596 2572 3664 ntanseritis,
2605 3596 2748 3652 inter
2775 3613 2969 3652 omnes
2989 3594 3340 3653 Christianos
3382 3596 3612 3670 gloriosi
3654 3594 3799 3669 fulge-

2234 3685 2395 3753 bitis;
2425 3686 2472 3742 si
2500 3694 2681 3741 autem
2716 3685 2903 3760 fugere
2947 3686 3252 3752 volueritis,
3296 3684 3534 3742 Francia
3580 3687 3797 3758 equidem

2234 3778 2395 3851 longe
2425 3788 2511 3835 est
2533 3795 2564 3835 a
2589 3780 2766 3835 vobis.
2801 3799 2820 3831 ι
2858 3776 2954 3835 ills
2982 3779 3056 3834 ita
3092 3778 3277 3847 dictis,
3316 3795 3514 3836 omnes
3566 3780 3618 3837 ei
3643 3795 3801 3836 asseu-

2234 3882 2445 3931 serunt.
2477 3873 2557 3929 Ad
2590 3890 2828 3946 pugnam
2862 3882 3177 3946 properant,
3213 3884 3453 3929 cunctos
3487 3891 3646 3930 mura
3670 3874 3800 3942 longa

2235 3968 2509 4022 molestat.
2547 3964 2722 4034 Quem
2768 3964 2948 4033 feriat,
2996 3950 3083 4021 vel
3111 3966 3437 4038 praecipitet,
3479 3966 3600 4038 jam
3654 3966 3801 4021 omnis

2235 4060 2452 4131 cegitat.
2488 4058 2556 4114 Et
2584 4075 2712 4116 ecce
2748 4075 2882 4131 gens
2927 4060 3247 4115 detestanda
3303 4060 3466 4117 nobis
3518 4074 3800 4119 occurrent,

2234 4152 2424 4205 dextra
2453 4150 2695 4220 lzevaque
2722 4149 3070 4206 vehementer
3092 4149 3146 4204 in
3173 4165 3276 4205 nos
3302 4149 3486 4204 irruit.
3527 4148 3671 4206 Gens
3695 4163 3803 4217 quo-

2234 4260 2342 4315 que
2367 4248 2586 4311 nostra,
2620 4242 2749 4300 licet
2792 4243 3148 4315 paucissima,
3180 4259 3279 4315 per
3307 4258 3401 4300 sex
3444 4245 3600 4302 acies
3640 4244 3803 4310 divisa,
3838 4260 3839 4267 η

2236 4319 2378 4391 sicut
2400 4334 2576 4390 solent
2599 4349 2842 4407 aucupes
2870 4335 2923 4390 in
2952 4334 3305 4391 multitudine
3333 4336 3550 4402 avium.
3584 4338 3655 4392 ita
3695 4338 3806 4391 inter

2238 4428 2492 4483 cohortes
2517 4443 2707 4483 eorum
2735 4428 3004 4499 ingentes,
3037 4427 3249 4483 Anwva
3279 4424 3426 4486 Deus
3444 4429 3803 4491 exclamantes,

537 4528 781 4586 fecint'ex
825 4532 1039 4597 gentem
1061 4537 1219 4580 suam
1250 4531 1500 4599 prompte
1523 4523 1870 4595 congregari,
1905 4523 1972 4578 de
1995 4520 2117 4578 liie-
2157 4520 2202 4579 D
2228 4536 2288 4575 se
2333 4520 2705 4576 inseruerunt.
2756 4518 3004 4588 Quorum
3052 4521 3345 4578 multitudo
3376 4521 3433 4578 in
3479 4532 3690 4578 tantum
3728 4536 3804 4575 nos
3836 4530 3837 4543 ‘

538 4617 804 4690 rosolytna
840 4615 1110 4682 videlicet,
1133 4623 1190 4670 ει
1231 4612 1540 4681 Tiberiade,
1587 4612 1837 4670 Caesarea
1884 4630 2124 4686 quoque,

538 4718 589 4764 et
618 4696 860 4781 Caypha.
899 4705 967 4762 Et
991 4707 1121 4777 quia
1148 4706 1450 4762 necessitas
1491 4721 1593 4762 nos
1623 4706 1868 4778 urgebat,
1913 4722 2015 4778 pro
2060 4722 2128 4762 eo

537 4816 703 4871 quam
724 4799 955 4855 militum
988 4814 1212 4855 eramus
1232 4806 1474 4869 egentes,
1504 4807 1762 4854 monente
1797 4814 1944 4871 rege,
1999 4798 2125 4872 qui—

535 4907 754 4966 cunque
781 4892 963 4964 potuit
986 4892 1054 4948 de
1075 4892 1350 4963 armigero
1369 4907 1471 4947 suo
1492 4892 1719 4947 militem
1762 4891 1909 4948 fecit.
1941 4891 2128 4963 Itaque

535 4986 737 5043 milites
760 4986 935 5043 nostri
957 5001 1173 5052 omnes,
1200 4983 1310 5040 240
1336 4986 1713 5041 tantummodo
1761 4984 2004 5053 fuerunt,
2035 5000 2131 5057 pe-

532 5079 675 5135 dites
704 5094 833 5132 vero
860 5075 985 5133 900.
1012 5074 1117 5146 Qui
1142 5086 1324 5133 autem
1355 5088 1547 5133 contra
1571 5093 1695 5145 nos,
1733 5078 1796 5133 ll
1824 5078 1995 5133 millia
2020 5078 2128 5133 mi-

534 5170 716 5236 litum,
739 5169 873 5225 et2l
903 5169 1075 5224 millia
1096 5170 1340 5240 peditum
1371 5170 1535 5226 simul
1562 5180 1738 5227 erant.
1764 5168 1881 5228 Hoc
1906 5169 2129 5242 quidem

534 5263 867 5330 sciebamus,
906 5263 1001 5319 sed
1035 5264 1164 5335 quia
1215 5263 1386 5320 Deum
1429 5265 1721 5322 nobiscum
1768 5266 2129 5336 habebamus,

533 5369 634 5413 eos
652 5356 871 5428 aggredi
895 5370 1005 5412 non
1036 5356 1474 5414 formidavimus.
1513 5354 1624 5415 Nec
1652 5359 1800 5415 enim
1835 5359 1892 5415 in
1935 5359 2126 5428 armis,

535 5462 641 5505 nec
673 5448 728 5503 in
757 5457 917 5521 gente
957 5451 1128 5506 multa
1172 5448 1607 5518 conlidebamus,
1662 5451 1757 5508 sed
1796 5452 1851 5507 in
1897 5452 2131 5509 Domino

537 5534 653 5595 Deo
710 5555 863 5611 spem
906 5552 1147 5599 nostram
1200 5542 1430 5599 omnino
1493 5557 1881 5615 posueramus.
1937 5543 2130 5619 Magna

538 5629 843 5702 audacilas,
886 5634 980 5691 sed
1009 5650 1117 5692 non
1140 5635 1424 5693 audacitas
1444 5644 1582 5705 erat,
1607 5636 1721 5693 imo
1749 5636 1886 5695 ﬁdes
1908 5644 1963 5696 et
1996 5637 2131 5695 cha-

540 5721 699 5779 ritas.
731 5712 999 5793 Quoniam
1023 5743 1123 5800 pro
1136 5744 1323 5785 amore
1345 5728 1495 5785 illius
1520 5732 1875 5801 sperabamus
1901 5730 2133 5803 diligen-

542 5821 628 5869 ter
654 5815 815 5885 Itori,
837 5817 931 5889 qui
963 5832 1062 5890 pro
1086 5820 1245 5876 nobis
1266 5820 1696 5878 misericorditer
1726 5830 1901 5877 morte
1937 5820 2131 5899 digna-

2229 4613 2376 4670 illico
2399 4613 2605 4669 obtexit
2647 4623 2708 4669 ut
2733 4614 2877 4670 alius
2907 4612 3074 4669 alium
3096 4614 3182 4670 vel
3223 4630 3451 4671 cernere
3499 4617 3591 4672 vel
3638 4629 3804 4686 cogno-

2233 4722 2386 4761 scere
2403 4716 2607 4777 posset.
2636 4703 2869 4778 Jamque
2889 4706 3225 4778 repulerunt,
3245 4705 3477 4779 jamque
3536 4724 3802 4780 quassu:-

2230 4804 2355 4851 rant
2376 4796 2515 4852 duas
2538 4798 2841 4855 anteriores
2869 4799 3017 4854 acies
3057 4807 3299 4867 nostras,
3328 4816 3456 4855 cum
3493 4801 3630 4858 huic
3673 4804 3835 4871 nego-_‘

2233 4889 2308 4944 tio
2349 4886 2580 4945 intuitus
2642 4890 3099 4947 festinautissime
3140 4908 3236 4947 rex
3286 4908 3319 4947 a
3351 4901 3516 4963 parte
3568 4902 3811 4977 postrema:

2231 4982 2503 5038 subvenit.
2529 4981 2632 5039 Ubi
2662 4984 2808 5038 enim
2824 4983 3083 5039 virtutem
3108 4983 3354 5039 hostium
3371 4985 3809 5042 validioremesse

2230 5078 2498 5149 spectavit
2511 5086 2565 5133 et
2581 5078 2857 5149 cognovit,
2888 5077 3193 5134 accelerato
3216 5094 3381 5134 cursu
3395 5094 3531 5137 cum
3550 5094 3732 5137 scarus

2233 5170 2463 5243 impetui
2484 5168 2845 5227 nefandorum
2865 5171 3095 5228 viriliter
3108 5187 3169 5229 se
3182 5171 3413 5239 obdidit,
3439 5183 3504 5231 et
3529 5189 3708 5233 coram

2229 5263 2559 5319 tentioribus
2586 5279 2776 5319 eorum
2804 5264 2965 5321 hasta
2989 5263 3227 5332 vibrata,
3249 5264 3305 5320 in
3326 5281 3438 5336 qua
3461 5266 3683 5339 signum

2232 5356 2398 5413 debat
2437 5356 2645 5424 album,
2677 5356 2787 5412 ictu
2822 5357 3024 5413 lancea:
3054 5357 3330 5428 percussit
3375 5358 3625 5416 Arabem
3667 5373 3761 5413 uau

2223 5448 2329 5506 sibi
2355 5448 2610 5517 obvium;
2635 5447 2691 5504 in
2728 5448 2885 5521 cujus
2908 5458 3130 5506 omento
3152 5466 3281 5507 cum
3310 5451 3381 5505 ad
3412 5460 3629 5509 terram
3647 5452 3711 5508 de

2227 5541 2426 5614 nipede
2452 5542 2605 5597 illum
2631 5540 3015 5614 praecipitaret,
3048 5542 3191 5599 idem
3216 5544 3440 5616 signum
3472 5550 3789 5619 memorauit

2224 5636 2519 5696 remansit.
2544 5634 2819 5695 Laneeam
2847 5645 3031 5695 autem
3060 5636 3189 5697 inde
3211 5647 3531 5706 euersam,
3558 5639 3729 5697 sicuti

2228 5729 2489 5802 proprius
2509 5739 2698 5788 astans
2718 5729 3035 5797 cernebam,
3063 5729 3129 5785 ad
3156 5729 3491 5787 laedendum.
3500 5732 3644 5789 alios

2229 5833 2321 5894 pte
2356 5823 2567 5919 detulit.
2606 5820 2747 5881 llinc
2787 5823 2897 5892 isti,
2942 5822 3071 5879 hinc
3103 5822 3177 5877 illi
3228 5822 3451 5882 fortiter
3502 5824 3773 5916 pugnam

3814 4856 3834 5072 ἢ

3700 5072 3834 5464 2%

3714 5464 3830 5742 st

3773 5746 3828 6159 l
