3850 6310
115 372 198 430 873

812 357 1174 421 FULCIIERII
1216 364 1521 423 CARNOT.
1561 363 1741 421 IIIST.
1783 358 2261 439 HIEKOSOL:
2290 368 2421 426 LIB.
2460 369 2525 425 Il.

3208 384 3316 441 874

114 481 328 540 Videretis
364 479 539 549 utique
594 477 747 532 horae
785 475 1093 566 spationon
1144 477 1362 533 modico
1412 478 1616 533 multos
1646 493 1691 549 Α
1724 475 1913 531 urbem
1942 476 2401 536 Philisthinorum
2449 496 2596 537 nunc
2625 482 2898 542 desertam
2932 493 3311 566 transivimus,

106 587 239 648 equos
273 567 559 626 sessoribus
600 581 815 621 vacuos.
839 562 1166 622 Videbamus
1208 574 1410 622 terram
1450 566 1616 621 nimis

107 673 368 737 occupatam
411 661 474 716 de
505 657 797 715 scutis-vel
840 657 1031 727 pectis,
1071 658 1139 714 de
1186 658 1518 731 pugionibus
1560 667 1619 714 et

104 757 340 834 pharetris,
356 753 585 809 arcubus
606 760 661 807 et
676 750 877 823 sagittis
898 750 963 805 de
986 748 1305 807 Sarracenis
1326 758 1382 806 et
1400 748 1617 805 Ethio-

103 853 227 924 pibus
250 860 346 904 tam
374 844 601 900 mortuis
629 858 787 924 quam
816 842 972 896 morti
1000 842 1320 898 vulneratis.
1354 841 1617 897 Similiter

101 923 152 1002 de
172 938 386 1004 Francis,
414 936 507 992 sed
536 951 645 990 non
675 923 754 990 de'
776 934 958 990 tantis.
994 934 1198 990 Aderat
1234 934 1307 989 ibi
1336 950 1472 990 crux
1503 933 1614 990 Do-

99 1035 256 1093 minica
281 1029 503 1085 inimicis
514 1026 717 1084 Christi
734 1028 886 1085 valde
902 1028 1212 1095 contraria;
1235 1036 1426 1084 contra
1447 1043 1615 1100 quam

95 1127 232 1203 gratia
262 1123 346 1179 Dei
384 1136 580 1193 pompa
605 1135 792 1175 eorum
822 1119 1116 1190 praevalere
1146 1135 1255 1176 non
1286 1119 1480 1191 potuit.
1508 1117 1616 1174 Sed

95 1238 144 1278 ac
161 1215 473 1290 sipraasentia
494 1213 613 1285 ejus
638 1212 926 1269 verecundi
953 1210 1152 1278 eﬂ'ecti,
1170 1227 1281 1267 non
1311 1211 1490 1268 solum
1514 1225 1617 1267 nos

94 1312 300 1368 invadere
338 1314 705 1373 cessaverunt,
745 1320 933 1360 verum
975 1302 1145 1360 etiam
1175 1317 1374 1374 pavore
1401 1303 1618 1359 caelitus

92 1398 286 1476 percussi
314 1413 521 1464 omnes,
554 1397 606 1451 in
637 1394 820 1467 fugam
864 1395 1095 1451 celerem
1138 1410 1296 1451 suam
1336 1401 1619 1450 verterunt

92 1491 379 1552 sententiam.
424 1488 529 1556 Qui
574 1497 702 1544 tunc
732 1488 1041 1542 habuerunt
1076 1502 1279 1558 equum
1313 1485 1615 1555 volucrem,

92 1585 295 1657 fugiendo
320 1590 605 1638 evaserunt
645 1590 897 1635 mortem.
944 1578 1187 1635 Taadium
1219 1589 1337 1635 erat
1364 1580 1619 1651 colligere

88 1689 148 1734 tot
167 1684 315 1743 scuta,
341 1683 417 1728 tot
450 1674 699 1741 missilia,
733 1681 813 1728 tot
849 1688 1013 1728 arcus
1038 1681 1092 1727 et
1122 1671 1370 1745 sagittas,
1407 1688 1531 1745 quae
1560 1672 1618 1728 in

87 1770 250 1840 campis
272 1766 474 1838 fugitivi
514 1766 779 1838 jecerant.
817 1764 920 1820 Tot
951 1781 1201 1837 corpora,
1226 1780 1349 1837 quae
1373 1765 1443 1821 ibi
1469 1765 1620 1837 jace-

1719 565 1963 624 lbenium
1990 585 2155 641 quam
2179 572 2343 628 modo
2364 580 2583 639 vocant,
2608 574 2799 633 obvios
2820 577 2979 635 nobis
3001 586 3318 655 aspeximus

1717 656 1926 715 Arabes
1954 657 2068 717 fere
2093 662 2443 736 quingentos,
2468 680 2499 720 a
2519 664 2693 737 Joppe
2716 678 3065 728 revertentes.
3092 675 3199 743 Qui
3224 679 3317 736 die

1718 748 1845 805 belli
1874 764 2231 810 cucurrerant
2260 756 2412 824 illuc,
2437 764 2492 813 et
2509 759 2770 829 praedam,
2803 760 2970 833 quam
3002 765 3314 827 ferinsecus

1718 841 2061 914 invenerant,
2091 848 2456 919 arripuerant.
2484 856 2620 906 Nam
2648 867 2773 908 cum
2798 854 3001 912 caedem
3026 859 3093 915 de
3113 861 3309 931 pediti-

1716 932 1821 990 bus
1848 936 2055 993 nostris
2085 937 2140 993 in
2178 949 2451 1009 postrema
2482 952 2637 1015 parte
2664 944 2924 1003 fecissent
2946 964 3223 1023 magnam,
3253 964 3310 1011 et
3374 1008 3381 1013 .

1717 1024 1773 1081 in
1808 1025 2003 1083 dextro
2029 1043 2202 1086 cornu
2232 1047 2396 1088 uuam
2441 1034 2615 1091 aciem
2661 1038 2880 1107 penitus
2925 1044 3307 1116 consumpsis-

1719 1126 1866 1186 sent,
1897 1127 1952 1176 et
1978 1123 2283 1180 anteriores
2310 1126 2454 1182 sicut
2487 1137 2797 1199 postremos
2825 1133 3001 1191 victos
3037 1150 3163 1193 esse
3185 1154 3310 1195 cre-

1719 1209 1930 1278 derent,
1966 1215 2265 1285 assumptis
2285 1218 2595 1275 occisorum
2617 1223 2787 1279 scutis
2811 1224 2866 1280 et
2890 1225 3115 1297 lanceis,
3146 1237 3311 1303 atque.

1719 1302 1889 1373 galeis
1923 1304 2139 1372 lucidis,
2181 1307 2249 1363 de
2287 1309 2487 1379 quibus
2528 1317 2917 1386 sepompatice
2958 1302 3311 1391 ornaverant,

1719 1405 2075 1466 properantes
2124 1400 2309 1455 statim
2351 1417 2528 1474 usque
2571 1403 2819 1477 Joppem,
2876 1420 3316 1471 monstraverant

1720 1500 1875 1542 arma
1903 1497 2091 1565 nqstra
2118 1489 2375 1563 Joppitis,
2404 1495 2645 1553 dicentes
2674 1514 2855 1569 regem
2884 1510 2939 1556 et
2957 1504 3155 1559 omnes
3181 1519 3316 1565 suos

1720 1578 1777 1635 in
1804 1580 1947 1638 bello
1974 1597 2096 1639 esse
2125 1594 2458 1658 peremptos.
2487 1586 2644 1656 Quod
2675 1605 2803 1648 cum.
2832 1593 3115 1652 audissent
3140 1599 3233 1668 qui
3256 1617 3315 1655 in

1719 1669 2171 1746 Joppefcustodes
2210 1687 2608 1749 remanserant,
2653 1684 2781 1754 quia
2809 1686 2922 1742 veri
2952 1695 3072 1744 erat
3111 1690 3311 1759 simile,

1721 1764 2054 1824 admirantes
2075 1768 2233 1826 valde
2252 1772 2495 1828 exterriti
2512 1783 2660 1842 sunt,
2682 1783 2738 1831 et
2758 1777 2918 1836 dictis
2939 1793 3129 1835 eorum
3152 1782 3313 1839 ﬁdem

86 1858 531 1925 bantexanimata,‘
555 1854 601 1910 si
630 1854 755 1926 quis
786 1855 947 1911 vellet
978 1870 1041 1910 ea
1084 1855 1452 1923 dinumerare,
1484 1856 1619 1913 deil-
1649 1843 1693 1903 Β
1720 1859 2107 1917 adhibuerunt.
2152 1863 2362 1921 Arabes
2408 1876 2587 1923 autem
2643 1867 2741 1935 illi,
2769 1885 2895 1925 cum
2926 1878 3212 1942 putassent
3245 1877 3317 1932 ab

86 1959 194 2007 ceret
214 1949 387 2020 utique
410 1948 463 2003 in
491 1947 919 2019 computatione.
953 1945 1149 2002 Fertur
1174 1956 1353 2003 tamen
1379 1949 1621 2020 quinque

86 2041 214 2094 millia
239 2056 297 2094 ex
321 2038 525 2094 eisdem
547 2037 813 2091 militibus
837 2045 891 2092 et
918 2036 1190 2107 peditibus
1212 2036 1286 2091 ibi
1310 2047 1621 2108 peremptos

84 2131 230 2187 fuisse.
256 2129 366 2185 Dux
388 2130 557 2187 etiam
584 2128 982 2201 Babylonensis
1014 2129 1243 2198 militiae,
1273 2130 1367 2201 qui
1397 2146 1517 2187 eam
1553 2132 1622 2188 ad

86 2223 338 2277 bellandum
377 2222 700 2290 adduxerat,
732 2237 856 2277 cum
896 2223 1111 2278 caneris
1151 2222 1373 2280 interiit.
1407 2222 1484 2279 De
1516 2239 1621 2280 no-

85 2320 182 2375 stris
200 2335 312 2373 vero
340 2317 606 2372 militibus
629 2316 698 2372 80
717 2315 1076 2388 perdidimus,
1105 2318 1172 2374 de
1195 2318 1471 2389 peditibus
1490 2333 1622 2376 vero

83 2412 285 2481 amplius.
316 2409 655 2466 Probissime
692 2411 787 2466 illo
814 2410 903 2465 die
926 2426 1021 2466 rex
1053 2426 1112 2467 se
1132 2410 1341 2467 habuit.
1372 2410 1625 2483 Optimus

81 2503 353 2569 consolator,
390 2502 603 2575 rigidus
655 2517 947 2573 percussor
974 2502 1203 2558 exstitit.
1250 2502 1447 2560 Milites
1482 2520 1623 2576 quo-

82 2610 161 2663 que
199 2594 293 2659 sui,
337 2595 594 2665 quamvis
634 2603 819 2650 essent
854 2595 1036 2666 pauci,
1083 2605 1239 2651 erant
1281 2597 1617 2668 probissimi.

79 2686 312 2744 Certamen
339 2676 470 2743 illud
493 2704 607 2743 non
639 2687 732 2743 diu
763 2685 866 2742 fuit
886 2703 1108 2760 anceps.
1139 2686 1216 2743 Illi
1244 2690 1390 2745 enim
1416 2698 1625 2763 tempe-

80 2781 182 2837 stive
205 2781 461 2853 fugerunt,
486 2781 547 2836 hi
578 2796 714 2837 vero
742 2789 992 2852 prompte
1019 2797 1115 2838 eos
1134 2780 1477 2855 fugaverunt.

641 2871 872 2928 CAPUT
906 2870 1001 2928 XI.

283 2967 481 3033 Quanti
501 2967 569 3021 de
600 2965 922 3022 Christianis
947 2964 1023 3019 ibi
1050 2967 1366 3025 canuerint.

129 3055 359 3115 Obellum
392 3059 714 3115 insontibus
738 3059 1014 3127 odiosum,
1041 3067 1095 3115 et
1118 3060 1453 3116 intuentibus
1493 3075 1622 3132 per-

1722 1952 2000 2009 exterritis
2034 1952 2247 2012 civibus
2277 1957 2469 2013 urbem
2507 1959 2654 2016 illico
2685 1961 2788 2016 sibi
2828 1962 3003 2030 reddi,
3030 1965 3317 2038 cogitatio-

1722 2042 1888 2099 nibus
1909 2044 2026 2100 suis
2053 2046 2392 2116 adnihilatis,
2418 2050 2556 2106 nihil
2586 2052 2660 2107 ibi
2684 2054 2921 2124 amplius
2943 2055 3315 2126 proﬁcientes,

1721 2132 2048 2191 Ascalonem
2094 2139 2307 2209 regredi
2348 2153 2651 2212 cmperunt.
2699 2143 2961 2211 Quicum
3004 2161 3108 2204 nos
3133 2163 3320 2221 regre-

1722 2225 1935 2282 dientes
1960 2227 2028 2283 ad
2062 2226 2290 2300 Joppem
2317 2235 2741 2303 perspexissent,
2771 2238 3033 2308 suspicati
3060 2249 3189 2296 sunt
3212 2257 3316 2298 nos

1720 2331 1846 2374 esse
1881 2318 1949 2375 de
1973 2329 2132 2391 gente
2162 2337 2298 2389 sua;
2322 2324 2414 2394 qui
2446 2325 2607 2381 nobis
2637 2327 2894 2384 omnibus
2928 2330 2982 2385 in
3009 2332 3198 2402 praelio
3219 2346 3315 2389 oc-

1722 2411 1875 2480 cisis,
1906 2412 2149 2483 reliquos
2194 2412 2538 2473 Christianos
2571 2431 2764 2475 versus
2809 2416 3037 2492 JUppem
3084 2437 3316 2479 conver-

1722 2512 1908 2559 santes
1956 2513 2210 2575 appetere
2262 2506 2485 2562 vellent.
2538 2505 2696 2564 Unde
2745 2507 2905 2566 valde
2955 2511 3312 2580 mirabamur,

1721 2609 1847 2651 cum
1886 2602 2097 2651 tantum
2127 2597 2287 2653 nobis
2330 2599 2748 2670 appropiabant,
2798 2614 2902 2657 nec
2942 2600 3185 2660 Francos
3211 2620 3315 2661 nos

1721 2702 1845 2743 esse
1872 2688 2298 2760 cognoscebant,
2333 2690 2511 2748 donec
2537 2689 2740 2748 milites
2778 2700 2997 2751 nostros
3018 2694 3126 2750 cita
3168 2696 3317 2752 inva-

1722 2777 1876 2834 sione
1897 2778 2119 2850 aggredi
2145 2794 2243 2835 eos
2267 2779 2536 2837 viderent.
2563 2779 2720 2837 Tunc
2742 2782 3000 2839 videretis
3031 2783 3316 2841 celerrime

1722 2884 1817 2925 eos
1847 2869 1956 2925 huc
1977 2869 2214 2942 illucque
2233 2870 2441 2943 fugere,
2467 2879 2531 2928 ut
2554 2887 2659 2929 nec
2702 2872 2845 2929 alius
2889 2873 3056 2929 alium
3090 2890 3317 2946 exspec-

1721 2967 1839 3017 tare
1865 2961 2045 3029 vellet,
2091 2970 2147 3018 et
2171 2963 2266 3034 qui
2292 2970 2496 3036 equum
2541 2973 2674 3020 tunc
2706 2981 2818 3020 non
2861 2966 3055 3024 habuit
3087 2967 3312 3039 agilem,

1722 3063 1886 3125 caput
1912 3070 2041 3111 mox
2057 3056 2237 3128 gladio
2261 3057 2493 3129 subegit.
2529 3056 2635 3113 Sed
2651 3057 2779 3129 quia
2805 3058 3003 3117 Franci
3020 3061 3177 3117 valde
3195 3060 3315 3117 fue-

80 3150 339 3206 horridum!
371 3150 614 3218 Bellum,
645 3150 774 3221 quia
804 3166 916 3206 non
962 3150 1195 3219 bellum;
1228 3166 1355 3205 nam
1384 3167 1478 3222 per
1522 3166 1621 3207 an-
1649 3210 1687 3225 Α
1726 3153 1852 3200 rant
1876 3143 2109 3219 fatigati,
2131 3156 2188 3203 et
2225 3147 2282 3203 in
2309 3149 2497 3219 prtelio
2530 3149 2715 3221 plures
2745 3151 3040 3221 vulnerati,
3070 3167 3179 3209 non
3219 3168 3319 3225 po-

79 3240 310 3311 tiphrasim
334 3251 420 3299 est
440 3210 682 3299 dictum:
723 3240 932 3297 Bellum
963 3210 1274 3309 cernebam,
1309 3210 1490 3299 mente
1518 3259 1621 3299 nu-
1645 3210 1688 3268 θ
1720 3245 1947 3294 tuerunt
1965 3210 2061 3295 eos
2077 3210 2254 3312 sequi.
2277 3210 2392 3298 Illic
2413 3242 2493 3299 sic
2516 3210 2790 3314 abierunt,
2815 3260 2918 3303 nos
2939 3210 3070 3304 vero
3085 3210 3315 3319 Joppem

77 3332 237 3400 tabam,
258 3333 391 3389 ictus
418 3335 709 3390 timebam.
737 3332 942 3390 Omnes
966 3333 1022 3388 in
1047 3332 1251 3390 ferrum
1280 3335 1532 3404 ruebant,
1556 3351 1621 3392 ac

78 3423 112 3478 si
139 3433 340 3482 mortem
377 3442 671 3499 nunquam
708 3426 982 3482 timerent.
1024 3425 1153 3483 Dira
1191 3416 1499 3497 calamitis,
1526 3429 1620 3485 ubi

77 3516 190 3569 nulla
222 3519 475 3576 cbaritas.
522 3517 736 3590 Fragor
765 3527 885 3574 erat
919 3517 1124 3574 nimius
1147 3518 1214 3574 de
1237 3520 1443 3575 mutuis
1471 3528 1623 3575 utro-

75 3605 202 3679 bique
231 3611 701 3682 percussionibus.
732 3608 833 3667 Hic
857 3611 1113 3682 percutit,
1145 3612 1234 3667 ille
1260 3613 1486 3669 corruit.
1523 3610 1622 3669 llic

76 3702 211 3756 nescit
233 3702 692 3771 misericordiam,
723 3719 824 3759 nec
863 3704 953 3759 ille
979 3705 1176 3776 quaerit
1199 3720 1342 3760 eam.
1370 3703 1471 3759 ilic
1493 3720 1622 3775 per-

75 3790 135 3846 dit
148 3808 386 3867 pugnum,
410 3796 504 3851 ille
532 3811 669 3851 vero
689 3796 930 3852 oculum.
960 3794 1115 3851 Mens
1137 3795 1335 3868 refugit
1360 3797 1621 3865 humana,

77 3885 144 3939 ubi
172 3888 278 3944 talis
296 3890 545 3945 cernitur
573 3889 819 3945 miseria.
846 3887 1091 3944 Mirabile
1112 3889 1332 3960 quidem
1361 3889 1538 3944 dictu!
1567 3888 1623 3943 in

74 3979 212 4048 capite
247 3980 510 4049 vicimus;
548 3982 605 4035 iu
647 3981 819 4037 cauda
851 3997 982 4037 vero
1032 3980 1273 4052 superati
1317 3997 1531 4036 sumus.
1564 3978 1625 4036 In

74 4074 207 4126 cauda
223 4073 520 4130 Christiani
548 4084 743 4142 ruunt,
780 4075 835 4130 in
862 4074 1037 4145 capite
1062 4083 1245 4129 autem
1290 4070 1624 4128 Sarracenos

75 4160 271 4217 vincunt.
322 4162 433 4219 llos
469 4162 791 4236 fugavimus
832 4181 1007 4236 usque
1042 4164 1391 4233 Ascalonem,
1414 4165 1492 4220 illi
1527 4180 1626 4219 au-

75 4261 154 4307 tem
178 4257 464 4328 peremptis
495 4258 707 4313 nostris
735 4273 862 4313 mox
886 4257 1268 4329 equitaverunt
1296 4258 1471 4328 usQue
1496 4254 1628 4328 Jop—

74 4358 183 4413 pem.
205 4347 379 4421 itaque
401 4351 493 4405 die
524 4350 623 4405 illo
646 4350 828 4404 nullus
851 4350 925 4404 rei
950 4349 1109 4404 scivit
1127 4342 1354 4404 exitum.
1380 4349 1628 4419 Cumque

72 4440 159 4491 iam
183 4442 467 4497 occidendo
496 4457 673 4513 quam
716 4438 953 4513 fugando
985 4456 1077 4494 rex
1111 4448 1165 4494 et
1194 4439 1278 4494 sui
1308 4454 1533 4509 campos
1560 4438 1628 4493 de

72 4528 133 4583 eis
152 4543 513 4601 evacuassent,
541 4535 763 4605 jussum
806 4542 893 4588 est
917 4541 977 4587 ut
1004 4532 1057 4585 in
1102 4531 1419 4586 eorumdem
1451 4539 1627 4585 tento-

72 4620 162 4687 riis,
175 4626 512 4698 quazfugitivi
531 4626 867 4696 reliquerant
888 4632 1046 4680 nocte
1060 4623 1172 4691 illa,
1191 4625 1622 4694 quiesceremus.

70 4708 253 4773 Iussum
273 4728 379 4787 est,
404 4728 462 4775 et
486 4718 701 4774 factum
727 4724 831 4773 est.

122 4830 361 4904 Septenas
389 4835 528 4891 Idus
559 4832 895 4904 Septembris
918 4848 1043 4888 cum
1070 4831 1358 4904 legeretur,

125 4897 352 4974 fecimus
374 4910 483 4961 hoc
511 4897 719 4960 bellum
751 4905 974 4974 dignum
1002 4897 1231 4974 satis'ad
1263 4897 1626 4967 recitandum,

108 4970 178 5044 ,u
193 4976 288 5033 fuit
312 4977 565 5050 adiutrix
587 4976 771 5031 divina
800 4970 972 5046 gratia
1000 4972 1246 5028 Francis.

639 5087 869 5145 CAPUT
906 5086 1022 5143 XII.

406 5184 492 5241 De
518 5192 666 5241 sorte
698 5182 847 5237 varia
873 5179 1049 5252 praelii
1074 5178 1249 5249 hujus.

122 5274 359 5349 Sequenti
400 5287 596 5334 autem
625 5275 734 5341 die,
759 5290 888 5330 cum
927 5273 983 5328 in
1008 5270 1280 5343 papilione
1308 5267 1452 5339 regis
1493 5265 1630 5322 mis-

66 5379 159 5421 sam
180 5370 530 5428 audissemus
551 5368 623 5423 de
660 5365 952 5422 Nativitate
975 5364 1133 5419 almae
1153 5360 1380 5433 virginis
1418 5356 1625 5423 Mariae,

67 5457 182 5512 lude
206 5461 535 5517 solemnitas
560 5466 683 5515 erat
729 5459 786 5512 in
816 5457 907 5511 illa
942 5456 1051 5522 die,
1097 5451 1338 5509 oneratis
1363 5449 1629 5521 iumentis

68 5552 237 5607 nostris
262 5552 330 5608 de
370 5552 550 5609 rebus
583 5549 824 5605 hostium
867 5556 1206 5611 nostrorum,
1246 5543 1313 5598 de
1344 5557 1483 5613 pane
1516 5540 1627 5597 sei-

69 5637 187 5708 licet,
210 5652 262 5699 et
285 5659 541 5710 amona,
575 5641 881 5712 larinaque,
907 5655 1119 5695 necnon
1152 5633 1518 5703 tabernaculis
1542 5648 1631 5688 co-

68 5746 186 5801 mm,
224 5747 568 5808 praeceptum
607 5743 694 5795 est
731 5740 987 5801 monente
1028 5728 1250 5801 salpista
1276 5725 1504 5797 Joppem
1546 5738 1631 5778 rc-

69 5826 210 5891 zredi.
242 5827 345 5895 Qui
392 5844 529 5883 cum
560 5825 986 5897 regrederemur.
1030 5832 1083 5879 et
1111 5820 1340 5877 Azolum
1380 5815 1628 5889 quintam

310 5924 598 5984 Ρηιιοι..
630 5918 807 5983 CLV.

1717 3330 1826 3386 laeti
1849 3332 2219 3403 pervenimus.

2303 3444 2536 3502 CAPUT
2573 3445 2712 3504 XIII.

1720 3533 1799 3591 De
1815 3532 2157 3607 loppitarum
2178 3536 2343 3593 missa
2363 3537 2722 3611 legationequ
2754 3537 3083 3595 Tancredum
3112 3540 3315 3611 princi-

2288 3625 2406 3678 pem
2418 3608 2743 3664 'Antiochiw.

1791 3696 2009 3779 Quanta
2028 3699 2234 3770 putatis
2263 3698 2365 3756 fuit
2390 3700 2704 3767 exsultatio,
2736 3709 2787 3757 et
2816 3702 3116 3773 gratiarum
3149 3703 3313 3771 actio,
3414 3766 3419 3771 ν

1722 3802 1846 3843 cum
1877 3789 1945 3843 de
1971 3790 2117 3844 muri
2140 3804 2357 3844 summo
2389 3805 2494 3846 nos
2514 3790 2715 3846 erectis
2742 3790 2956 3845 vexillis
2983 3798 3317 3846 revertentes

1723 3884 2024 3947 cernerent,
2054 3897 2195 3951 quos
2217 3881 2273 3936 in
2293 3879 2464 3953 Joppe
2487 3897 2768 3938 remanere
2788 3881 3131 3939 feceramus?
3156 3883 3317 3939 Certe

1723 3989 1834 4028 non
1866 3981 1951 4029 est
1974 3975 2122 4029 dictu
2150 3974 2462 4030 minimum.
2494 3974 2862 4030 Accurrerant
2889 3974 3036 4029 enim
3065 3974 3177 4029 illic
3202 3975 3314 4030 duo

1723 4063 2052 4135 nugigeruli,
2084 4064 2223 4119 alter
2258 4072 2381 4134 post
2417 4063 2671 4131 alterum,
2700 4065 2796 4135 qui
2834 4062 3082 4135 Joppitas
3119 4062 3319 4119 fefelle-

1723 4165 1868 4224 rant,
1891 4157 2134 4213 dicentes
2173 4158 2436 4229 quoniam
2472 4174 2569 4214 rex
2615 4165 2867 4214 mortuus
2900 4167 2986 4213 est
3030 4174 3154 4215 cum
3199 4158 3317 4214 suis

1725 4249 2002 4305 omnibus.
2054 4249 2172 4317 Qua
2208 4249 2276 4305 de
2322 4266 2382 4306 re
2412 4250 2554 4307 ultra
2596 4266 2761 4321 quam
2794 4250 2939 4305 credi
2973 4259 3151 4321 potest
3186 4266 3319 4306 con-

1726 4340 1946 4407 tristati,
1974 4340 2259 4411 opinantes
2298 4340 2405 4397 hoc
2447 4356 2569 4396 esse
2611 4356 2823 4408 verum,
2865 4340 3134 4396 miserunt
3173 4339 3319 4395 Tan-

1726 4437 1890 4491 credo
1909 4434 2255 4506 legationem,
2277 4434 2373 4505 qui
2395 4446 2526 4490 tunc
2549 4432 2852 4489 Antiochia:
2882 4433 3315 4504 principabatur,

1658 4557 1705 4615 ο
1731 4529 1783 4584 ἰη
1819 4529 2069 4584 chartula
2108 4528 2402 4601 scriptam;
2449 4543 2617 4599 quam
2650 4526 2843 4582 detulit
2880 4535 3047 4582 nauta
3072 4526 3314 4596 quidam

1730 4619 1999 4675 carinam.
2019 4635 2174 4674 suam
2205 4619 2529 4686 ascendens,
2567 4619 2670 4674 hoc
2700 4624 2971 4672 tractante
3013 4615 3156 4687 regis
3185 4630 3313 4670 con.

1725 4710 1875 4783 iuge.
1909 4709 2149 4780 Epistula
2174 4708 2395 4780 quidem
2426 4709 2519 4767 illa
2556 4709 2675 4764 haec
2697 4707 2865 4763 verba
2886 4704 3198 4761 continebat
3223 4719 3318 4759 sa-

1729 4801 1947 4858 lutifera
1978 4822 1992 4857 :
2029 4822 2048 4855 (
2084 4801 2364 4857 Tancrede
2404 4802 2490 4857 vir
2521 4801 2814 4872 praecipue,
2858 4798 3123 4867 milesque
3151 4812 3317 4867 quam

1731 4897 1956 4967 optime,
1985 4895 2169 4966 accipe
2195 4897 2337 4951 hanc
2360 4894 2698 4960 schedulam,
2727 4907 2894 4964 quam
2940 4891 3039 4946 tibi
3070 4891 3165 4961 qui
3187 4887 3317 4961 10p-

1732 5003 1855 5058 pem
1896 4987 2225 5054 inhabitant,
2250 4986 2440 5058 regina
2481 4986 2691 5041 scilicet
2718 4992 2773 5039 et
2793 4982 2947 5037 urbis
2969 4981 3129 5052 pauci
3152 4981 3319 5047 cives.

1732 5095 1828 5150 per
1853 5093 1939 5133 me
1959 5078 2195 5150 legatum
2220 5078 2479 5133 festiuum
2500 5077 2745 5132 mittunt.
2769 5074 2837 5129 Et
2855 5083 2917 5129 ut
2936 5074 3109 5140 magis
3134 5071 3320 5128 forsan

1732 5173 2017 5243 scripturae
2043 5172 2173 5226 huic
2213 5172 2405 5226 credas
2434 5185 2599 5241 quam
2628 5168 2785 5237 mihi,
2820 5166 3022 5238 perlegi
3050 5164 3137 5222 fac
3176 5180 3320 5233 eam,

1730 5266 2015 5337 quoniam,
2034 5266 2172 5337 proh
2195 5263 2375 5320 dolori
2406 5278 2502 5318 rex
2532 5262 3057 5333 Hierosolymorum,
3080 5258 3173 5330 qui
3190 5272 3325 5313 con—

1730 5368 1815 5413 tra
1840 5356 2165 5429 Babylonios
2204 5365 2257 5412 et
2284 5351 2626 5411 Ascalonitas
2652 5366 2889 5427 pugnam
2928 5349 3226 5416 commisit,
3266 5347 3324 5405 in

1729 5467 2028 5522 congressu
2075 5450 2294 5504 illorum
2335 5449 2602 5516 devictus,
2638 5448 2725 5503 vel
2769 5446 2997 5503 forsitan
3039 5460 3164 5501 cum
3208 5442 3325 5497 suis

1732 5544 2008 5611 omnibus,
2039 5559 2179 5615 quos
2218 5559 2404 5599 secum
2435 5543 2504 5599 ad
2550 5542 2752 5599 bellum
2792 5539 3067 5621 perduxit,
3108 5535 3327 5592 occisus

1730 5645 1832 5693 est.
1865 5633 1998 5689 Nam
2021 5635 2113 5707 qui
2142 5635 2470 5691 calamitatis
2498 5635 2662 5706 hujus
2703 5633 2981 5689 miseriam
3010 5630 3096 5685 vix
3128 5623 3323 5689 evasit.

1733 5727 1958 5799 Joppcm
1995 5725 2234 5799 fugiens,
2264 5729 2369 5783 hoc
2402 5729 2562 5785 nobis
2592 5709 2949 5798 deprompsii.
2983 5721 3325 5789 Quapmpter

1734 5820 1801 5876 ad
1832 5828 1883 5875 te
1906 5820 2083 5875 virum
2130 5836 2235 5875 non
2276 5820 2674 5891 imprudentem
2708 5818 2867 5875 venio
2902 5816 3132 5884 legatus,
3165 5821 3322 5876 000'“

2915 5907 2996 5971 28
