3804 6312
595 417 702 476 8'15

1166 409 1258 466 AD
1294 379 1742 468 corturnicum
1780 398 2074 460 aerane.
2113 400 2177 457 ιι.
2212 431 2288 443 -
2323 395 2593 457 nonum.
2637 396 2725 452 DE
2760 392 2987 451 nemo
3029 391 3268 450 saeuo.
3669 398 3731 453 επ

554 513 558 518 ’
595 532 916 607 quaeritans,
943 535 1006 584 ut
1030 527 1180 582 omni
1205 525 1494 582 occasione
1534 530 1766 590 remota,
1797 519 2020 576 indilate
2047 532 2180 574 suc-
2203 523 2253 580 Λ
2282 515 2556 588 praeterito
2577 528 2702 569 cum
2723 528 2821 584 per
2851 509 3174 566 Romaniam
3194 523 3408 578 peregre
3423 504 3733 584 Hierosolym-

597 617 818 686 currere
844 622 1038 678 nitaris
1056 621 1200 692 genti
1221 620 1318 675 Dei
1333 619 1489 674 valde
1512 617 1710 684 anxiaa,
1733 625 1787 682 et
1802 624 1861 669 ut
1884 629 2009 668 reor
2027 621 2185 667 metae

597 721 724 776 vitae
745 717 862 789 jam
906 714 1190 786 proximae.
1232 731 1252 765 ι
1303 710 1420 766 Hoc
1447 709 1604 766 dixit.
1639 707 1733 764 Ille
1764 705 2066 762 obaudiens
2092 718 2187 775 pa-

597 825 823 880 rumper
863 806 1033 864 siluit.
1087 802 1192 860 Sed
1240 819 1366 860 cum
1409 802 1516 857 hoc
1555 815 1743 856 verum
1776 813 1898 855 esse
1943 796 2189 852 crederet

599 905 746 976 quod
771 901 1037 968 audierat,
1053 913 1166 969 prae
1193 895 1386 968 grandi
1413 893 1634 949 tristitia
1657 900 1712 948 et
1732 891 1919 947 dolore
1935 900 2046 946 tam
2070 889 2188 958 ipse

598 1010 765 1066 quam
795 1007 986 1048 omnes
1021 989 1114 1044 alii
1151 988 1245 1058 qui
1274 987 1520 1054 aderant,
1553 983 1844 1056 lacrymari
1872 983 1962 1053 pie
2004 994 2189 1052 coepe-

599 1096 749 1142 runt.
797 1084 863 1140 Et
910 1082 1265 1153 responsione
1313 1080 1489 1149 legato
1536 1077 1699 1143 facta,
1726 1077 1916 1147 jussus
1947 1083 2032 1130 est
2071 1073 2189 1129 fieri

600 1181 897 1245 apparatus
927 1187 1023 1242 per
1052 1178 1222 1225 totam
1245 1178 1446 1224 terram
1477 1182 1634 1222 suam
1657 1166 1724 1221 ad
1757 1163 2187 1220 succurrendum

600 1263 1132 1335 Hierosolymitanis.
1161 1260 1228 1317 Et
1254 1276 1380 1316 cum
1400 1260 1514 1330 jam
1541 1259 1715 1329 parati
1741 1265 1928 1313 essent
1955 1257 2022 1312 ad
2056 1256 2190 1312 illud

597 1358 703 1414 iter
743 1355 1036 1430 agendum,
1067 1369 1194 1409 ecce
1229 1351 1410 1409 subito
1437 1351 1587 1407 venit
1613 1349 1988 1421 brevigerulus
2032 1348 2188 1415 alter,

600 1449 918 1506 schedulam
942 1445 1192 1502 deferens
1214 1445 1437 1499 alteram
1463 1442 1628 1514 priori
1654 1441 1996 1514 dissimilem,
2025 1455 2190 1512 quam

601 1541 888 1596 Tancredo
918 1538 1178 1609 porrexit.
1219 1535 1358 1591 Nam
1393 1513 1540 1606 quod
1571 1535 1638 1590 de
1672 1513 2018 1589 incommodo
2054 1533 2194 1589 scri-

601 1642 754 1704 ptum
784 1641 902 1688 erat
948 1631 1003 1686 in
1032 1629 1223 1701 priori,
1270 1628 1376 1684 hoc
1414 1628 1481 1683 de
1517 1627 1880 1698 prosperitate
1918 1633 2192 1696 repertum

602 1724 765 1782 estin
785 1721 1097 1794 posteriori.
1122 1719 1348 1776 Lectum
1371 1719 1516 1775 enim
1539 1719 1630 1774 hic
1654 1727 1738 1774 est
1761 1733 1945 1790 regem
1967 1717 2034 1773 de
2052 1717 2196 1774 bello

2284 609 2600 684 pergebant,
2630 621 2804 677 equos
2841 620 2976 660 suos
2999 612 3054 658 et
3077 603 3259 658 omnia
3285 619 3402 674 qua:
3427 603 3641 660 habebant
3657 613 3722 663 aa}

2251 767 2260 770 _
2285 708 2490 756 serant.
2519 697 2675 755 Unde
2701 698 2910 754 mentio
2932 697 3021 753 hic
3043 711 3152 751 non
3175 695 3460 768 incongrue
3477 696 3734 757 intersertam

2285 801 2388 848 est.

2881 901 3130 960 CAPUT
3149 901 3268 959 XV.

2289 1002 2369 1058 De
2389 998 2620 1056 secunda
2657 996 2991 1051 Francorum
3021 995 3313 1066 miseranti
3345 995 3692 1066 peregrinatione,
3709 1009 3738 1052 tt

2699 1069 2764 1122 de
2789 1077 2954 1121 morte
2985 1065 3226 1137 Hugonis
3254 1064 3448 1135 Magni.

2360 1161 2500 1216 Cum
2527 1157 2866 1212 Francorum
2897 1156 3174 1211 exercitus
3211 1155 3418 1225 ingens,
3442 1164 3494 1208 ut
3515 1155 3736 1214 dictumcst.

2291 1251 2631 1310 Hierusalem
2650 1249 2912 1314 tenderet,
2926 1247 3153 1302 aderant
3174 1245 3226 1299 in
3244 1245 3334 1299 illa
3353 1244 3737 1300 multitudinesiutl

2292 1347 2601 1403 Wilielmus
2619 1340 3046 1397 Pictaviensium
3071 1353 3277 1404 comes,
3289 1347 3342 1392 et
3362 1336 3619 1407 Stephanus
3633 1354 3737 1393 ctua

2293 1437 2589 1502 Blesensis,
2620 1434 2715 1505 qui
2773 1433 2843 1487 ab
2876 1430 3166 1486 Antiochia
3191 1429 3382 1484 relicto
3400 1428 3598 1483 exercitu
3614 1428 3738 1482 discu-

2293 1539 2468 1596 serat;
2519 1527 2613 1583 sed
2645 1523 2794 1596 quod
2841 1532 2972 1577 tunc
3016 1520 3333 1590 reliquerat,
3368 1533 3500 1573 nunc
3542 1529 3739 1572 instaurant

2295 1623 2592 1696 satagebat.
2620 1618 2760 1674 cum
2796 1615 2884 1671 bis
2916 1612 3074 1685 Hugo
3100 1611 3330 1684 Magnus
3354 1609 3571 1681 erat,qui
3592 1611 3740 1680 postis

2295 1715 2556 1772 tiocbiam
2583 1720 2797 1782 captam
2821 1709 2876 1762 in
2904 1706 3110 1762 Gallias
3136 1702 3495 1775 repedaverat.
3514 1701 3658 1755 Aderat
3672 1718 3738 1755 an

603 1792 804 1871 sanum
829 1811 1056 1883 Joppem
1087 1825 1384 1878 remeasse,
1415 1818 1470 1864 et
1499 1808 1835 1863 Sarracenos
1859 1807 2050 1878 procul
2093 1807 2194 1862 du-
2228 1874 2264 1883 _
2297 1807 2384 1862 his
2432 1801 2793 1876 Raymundus
2851 1812 3039 1855 comes
3087 1793 3524 1859 Provincialium,
3566 1792 3633 1863 qui
3661 1793 3739 1862 apd

541 1883 545 1888 ⁷
603 1905 699 1960 bio
747 1874 1033 1974 magniiiee
1061 1874 1378 1973 superasse.
1412 1899 1566 1957 Tunc
1594 1915 1724 1971 ergo
1774 1874 1879 1970 qui“
1915 1899 1984 1956 de
2026 1899 2194 1954 detri-
2227 1874 2268 1930 Β
2293 1874 2823 1966 Constantinopolim
2869 1899 3116 1947 moratus
3151 1897 3291 1956 erat,
3328 1896 3581 1959 postquam
3605 1884 3738 1941 deliis

604 2000 794 2048 mento
827 1992 1136 2059 doluerant,
1165 1990 1232 2046 de
1278 1991 1424 2046 bono
1453 2005 1714 2046 successu
1755 1988 1928 2060 gavisi
1957 1997 2105 2044 sunt.
2148 1987 2192 2044 Ο

547 2071 552 2076 ’
607 2084 748 2140 mira
778 2083 875 2140 Dei
903 2083 1224 2139 clementia!
1254 2079 1372 2137 Non
1399 2082 1451 2136 in
1481 2080 1827 2137 multitudine
1856 2081 2033 2151 gentis
2057 2080 2194 2136 vici-

606 2193 753 2246 mus,
795 2177 891 2233 sed
935 2177 1119 2232 divina
1157 2175 1280 2231 freti
1308 2175 1510 2231 virtute
1551 2189 1646 2231 eos
1676 2173 2057 2244 dispersimus.
2090 2171 2196 2228 lta-

597 2285 712 2340 .que
757 2270 828 2325 ab
877 2269 1128 2324 hostibus
1156 2268 1236 2324 sic
1282 2267 1475 2338 erepti,
1522 2265 1954 2337 Hierosolymam
2003 2273 2198 2320 euntes

602 2361 716 2420 Deo
738 2361 1076 2418 reddidimus
1103 2359 1313 2416 laudes.
1347 2359 1550 2415 Deinde
1577 2374 1674 2430 per
1704 2357 1738 2414 8
1767 2373 1986 2414 menses
2026 2358 2196 2414 bello-

602 2471 727 2512 rum
753 2453 1064 2526 quievimus
1091 2453 1390 2521 immunes,
1417 2452 1591 2508 donec
1617 2451 1747 2507 anni
1776 2451 2044 2508 revolutio
2067 2461 2198 2508 tem-

581 2561 709 2617 .pus
732 2545 950 2601 reduxit
963 2545 1242 2602 aestivum.

1193 2634 1425 2693 CAPUT
1463 2633 1605 2691 XIV.

602 2729 683 2786 De
703 2731 934 2786 exercitu
959 2728 1284 2800 Babylonico
1311 2737 1496 2782 contra
1518 2726 1850 2784 Christianos
1875 2725 2193 2781 coadunato.

675 2821 836 2877 Anno
866 2830 1052 2877 autem
1081 2819 1331 2891 sequenti
1354 2819 1494 2874 “02
1515 2819 1787 2876 mediante
1808 2818 1951 2874 Maio
1972 2833 2199 2892 congre-

601 2911 716 2983 gati
753 2919 883 2967 sunt
917 2909 1062 2981 apud
1089 2911 1414 2967 Ascalonem
1461 2909 1768 2983 Babylonii,
1799 2925 1942 2981 quos
1971 2926 2068 2966 rex
2102 2925 2198 2966 eo-

605 3018 731 3060 rum
761 3003 871 3058 huc
917 3002 1162 3072 miserat,
1197 3011 1258 3058 ut
1299 3017 1400 3058 nos
1437 3001 1782 3058 Christianos
1827 3002 2056 3058 omnino
2098 3003 2195 3060 de-

558 3147 560 3150 ,
603 3102 818 3152 struere
844 3093 1168 3151 niterentur.
1193 3093 1523 3150 Erantenim
1547 3093 1621 3149 ibi
1646 3093 1716 3148 20
1737 3094 1905 3150 millia
1927 3094 2196 3165 equitum,

603 3194 661 3243 et
695 3185 764 3242 18
790 3185 960 3242 millia
986 3185 1251 3256 peditum,
1280 3186 1521 3258 exceptis
1551 3185 1874 3255 clitellariis,
1897 3186 1992 3258 qui
2021 3201 2198 3243 came-

605 3277 691 3334 los
717 3277 1013 3349 asinosque
1040 3278 1370 3334 victualibus
1393 3286 1622 3335 onustos
1651 3279 1955 3347 minabant,
1987 3288 2198 3350 gestan-

606 3377 691 3426 tes
734 3369 788 3425 in
835 3370 1090 3427 manibus
1125 3370 1193 3427 ad
1234 3371 1588 3442 pugnandum
1619 3371 1830 3428 clavam
1869 3379 1924 3426 et
1967 3371 2197 3428 missilia

606 3473 727 3515 sua.
768 3459 835 3514 Hi
867 3461 1088 3531 quidem
1131 3461 1220 3517 die
1259 3462 1498 3533 quodam
1540 3463 1728 3518 urbem
1777 3461 2065 3517 Ramulam
2095 3464 2194 3520 ad-

604 3549 806 3620 ierunt,
848 3560 903 3607 et
947 3561 1072 3608 ante
1108 3568 1230 3608 eam
1279 3554 1631 3612 tabernacula
1678 3571 1781 3611 sua
1810 3556 2192 3613 extenderunt.

603 3641 776 3702 Porro
805 3645 860 3699 in
889 3661 998 3701 una
1025 3644 1263 3702 civitatis
1284 3662 1410 3704 arce
1449 3648 1660 3703 munita
1682 3657 1839 3704 erant
1875 3648 1942 3704 15
1973 3648 2194 3716 milites,

606 3751 747 3808 quos
793 3753 889 3793 rex
925 3737 1004 3793 ibi
1048 3739 1304 3796 custodes
1351 3749 1642 3812 posuerat;
1686 3750 1830 3796 ante
1856 3756 2023 3812 quam
2074 3740 2196 3813 Syri

609 3827 835 3898 quidam
885 3829 1136 3885 ruricolae
1157 3830 1516 3886 versabantur
1540 3831 1700 3902 quasi
1729 3831 2051 3889 suburbani.
2085 3831 2196 3890 llos

605 3917 827 3987 quidem
857 3915 1204 3976 Christianos
1241 3918 1530 3977 Sarraceni
1565 3937 1808 3992 persaepe
1853 3931 2118 3979 nocentes
2143 3932 2198 3978 et

605 4007 958 4064 deturbantes
984 4010 1268 4066 destruere
1320 4012 1684 4080 conabantur,
1725 4022 1781 4070 et
1820 4029 2001 4070 arcem
2044 4014 2193 4069 illam

606 4097 844 4165 diruere,
882 4100 1009 4170 quia
1031 4110 1253 4172 propter
1281 4117 1374 4158 eos
1409 4103 1778 4161 inhabitantes
1804 4121 1914 4162 non
1946 4115 2196 4178 poterant

606 4204 704 4260 per
745 4190 907 4260 plana
951 4192 1042 4247 illa
1090 4193 1260 4248 libere
1297 4194 1626 4252 discurrere.
1673 4195 1902 4268 Insuper
1948 4198 2192 4270 ejusdem

606 4281 762 4338 urbis
785 4282 1125 4354 episcopum,
1157 4285 1252 4356 qui
1289 4284 1345 4340 in
1372 4288 1602 4344 ecclesia
1628 4287 1814 4344 Sancti
1837 4289 2052 4362 Georgii
2085 4306 2197 4347 ma-

604 4371 770 4426 nebat
800 4387 923 4427 cum
963 4373 1213 4431 clientela
1245 4391 1365 4444 sua,
1398 4378 1858 4448 comprehendere
1894 4381 2195 4436 molieban-

605 4469 714 4516 tur.
749 4460 904 4529 Quod
945 4466 1342 4522 monasterium
1391 4484 1516 4524 cum
1566 4469 1654 4525 die
1696 4468 1932 4540 quodam
1969 4471 2193 4528 incursu

2295 1991 2536 2048 rusalem
2562 1989 2670 2043 huc
2704 2000 2878 2058 usque
2908 1996 3197 2054 regressus
3222 1979 3416 2037 fuerat.
3429 1979 3593 2035 Aderat
3615 1993 3741 2050 quoque

2299 2085 2608 2156 Stephanus
2632 2077 2963 2152 Burgundiaa
2989 2091 3178 2132 comes
3209 2074 3425 2140 nobilis,
3445 2073 3740 2145 adjectopipulo

2298 2178 2612 2242 innumero,
2637 2173 2704 2229 de
2730 2169 3011 2243 equitibus
3038 2177 3094 2224 et
3121 2167 3394 2239 peditibus
3421 2165 3614 2222 exemita
3636 2165 3739 2232 bipa-

2297 2269 2418 2326 tito.
2452 2267 2547 2324 His
2592 2266 2647 2321 in
2678 2263 2962 2320 Romaniae
2983 2261 3189 2317 finibus
3210 2259 3420 2317 obstitit
3441 2257 3631 2314 Soliman
3661 2254 3738 2308 τιτ-

2297 2377 2418 2427 cus,
2441 2375 2530 2415 cui
2549 2355 2767 2429 jamdiu
2795 2353 2992 2410 Franci
3020 2349 3265 2408 Nicaeam
3301 2350 3482 2406 urbem
3509 2347 3738 2404 abstulerant

2299 2449 2740 2516 Sed_detrimenti
2767 2448 2854 2505 sui
2877 2462 2987 2502 non
3030 2445 3348 2512 immemor,
3377 2459 3490 2500 cum
3521 2439 3739 2497 multitudine

2297 2545 2606 2602 Turcorum
2637 2557 2834 2614 magna
2867 2539 3172 2596 exercitum
3217 2536 3532 2592 Francorum
3566 2531 3738 2587 infelicitu

2296 2639 2579 2711 dispersit,
2607 2646 2663 2694 et
2682 2633 2950 2701 confudit,
2968 2641 3022 2689 et
3043 2642 3223 2689 totum
3251 2629 3366 2688 fere
3391 2629 3453 2686 ad
3478 2621 3740 2684 interitum!»

2297 2732 2464 2790 vexit.
2493 2730 2599 2788 Sed
2635 2729 2767 2800 quia
2807 2727 3041 2783 Domino
3075 2725 3399 2797 providente
3437 2718 3738 2784 catervatimpa

2297 2825 2482 2898 plures
2504 2822 2828 2879 incedebant
2849 2819 2992 2884 vias,
3022 2832 3125 2874 nec
3147 2825 3344 2873 contra
3369 2829 3538 2870 omnes
3556 2811 3738 2868 dianam

2298 2933 2404 2973 nec
2425 2930 2618 2972 omnes
2642 2912 2894 2970 occidere
2919 2910 3118 2982 potuit.
3151 2908 3261 2966 Sed
3293 2908 3418 2981 quia
3457 2921 3540 2963 eos
3571 2903 3736 2972 fatigatas

2297 3018 2353 3066 et
2393 3008 2538 3064 fame
2584 3017 2638 3063 et
2668 3003 2760 3062 siti
2793 3003 3008 3072 anxios,
3040 3012 3212 3074 atque
3240 3017 3430 3074 pugna:
3463 2992 3738 3070 saginantu-

2297 3101 2486 3158 doctos
2516 3115 2639 3156 esse
2663 3097 2873 3166 didicit,
2898 3095 3074 3168 magis
3095 3111 3266 3167 quam
3293 3103 3493 3150 centum
3519 3089 3639 3145 millia
3653 3084 3738 3153 equ-

2299 3199 2414 3246 tum
2444 3197 2610 3261 atque
2631 3187 2877 3259 peditum
2923 3185 3104 3258 gladio
3139 3184 3391 3256 peremit.
3439 3179 3506 3236 De
3539 3174 3736 3234 mulieris!

2299 3296 2494 3352 nempe
2515 3280 2654 3335 alios
2675 3278 2896 3344 occidit,
2913 3277 3052 3332 alios
3081 3291 3274 3332 secum
3305 3273 3523 3331 adduxit.
3545 3268 3651 3325 Iulli
3669 3277 3737 3316 τευ

2297 3374 2567 3446 ρειιᾱενίει
2590 3372 2858 3445 fugientes
2881 3378 2936 3427 et
2957 3378 3243 3437 montana,
3259 3377 3314 3425 et
3337 3367 3420 3424 siti
3439 3363 3675 3438 angustia}!
3685 3372 3736 3412 u-

2298 3467 2483 3523 stincti
2513 3474 2660 3522 sunt.
2687 3463 2931 3532 Quorum
2957 3477 3132 3533 equos
3162 3472 3219 3518 et
3255 3462 3448 3528 mulos,
3463 3460 3735 3531 jumentaqlo-

2297 3573 2404 3628 que
2433 3563 2487 3612 et
2507 3563 2831 3612 ornamenta
2857 3551 3219 3608 multiformia
3242 3551 3403 3608 Turci
3421 3538 3734 3606 habueruntllﬁt

2297 3645 2531 3718 perdidit
2551 3660 2736 3702 comes
2761 3642 3125 3699 Pictaviensis
3150 3658 3479 3716 quaecunque
3503 3636 3676 3696 habebat,
3695 3630 3735 3682 ίι-

2299 3737 2508 3792 miliam
2538 3745 2702 3806 atque
2722 3733 3012 3806 pecuniam
3062 3749 3249 3790 suam.
3303 3731 3403 3788 Vix
3438 3729 3570 3786 etiam
3602 3729 3733 3779 metu

2297 3830 2557 3891 evadens.
2585 3828 2752 3899 pedes
2786 3834 3024 3894 tantum,
3050 3834 3105 3881 et
3139 3842 3256 3898 prae
3283 3823 3488 3880 misen'a
3531 3813 3733 3889 lugubrisd

2296 3920 2581 3988 confusus,
2605 3919 2950 3975 Antiochiam
2978 3918 3251 3989 pervenit.
3275 3917 3439 3988 Cujus
3458 3906 3648 3968 anxietati
3661 3899 3735 3996 Tir

2297 4014 2495 4070 credus
2525 4011 2886 4082 compatiens,
2917 4025 3046 4066 eum
3076 4010 3167 4082 pie
3218 4007 3468 4078 suscepit,
3492 4012 3536 4059 et
3570 4000 3616 4054 de
3645 3996 3732 4048 ιωωε

2297 4105 2414 4162 suis
2444 4103 2765 4161 sublevavit.
2789 4101 2963 4170 Quem
2995 4102 3262 4158 Dominus
3285 4103 3359 4158 ita
3408 4097 3618 4167 castigans
3643 4085 3731 4140 mir

2295 4195 2460 4267 gavit,
2487 4195 2582 4251 sed
2607 4194 2766 4248 morti
2801 4210 2903 4248 non
2929 4193 3156 4248 tradidit
3209 4192 3384 4266 (Paul.
3413 4204 3552 4252 cxvn,
3573 4182 3644 4250 l8}.
3673 4173 3730 4227 Εσι

2294 4287 2516 4360 quippe,
2542 4294 2604 4342 ut
2623 4286 2784 4344 nobis
2829 4285 3134 4354 videbatur,
3160 4295 3274 4342 tam
3316 4284 3388 4340 illi
3441 4293 3573 4354 quam
3611 4267 3729 4360 erit“?

2294 4357 2519 4450 propter
2547 4387 2770 4449 peccata
2807 4392 3002 4433 eorum
3037 4385 3092 4433 et
3123 4377 3432 4449 superbiam
3468 4367 3647 4437 contigit
3675 4357 3728 4422 0³³

2294 4479 2477 4524 autem
2499 4465 3167 4535 evaseruntJlierusalem
3190 4467 3373 4523 venire
3393 4479 3486 4518 non
3505 4453 3728 4514 districti“.

603 4555 871 4648 malevolo
902 4557 1250 4627 circuissent,
1278 4561 1625 4618 considerata
1648 4539 1754 4621 loci
1784 4562 2058 4638 ﬁrmitate,
2086 4563 2192 4620 Ra-
2221 4590 2268 4648 D
2294 4569 2522 4631 excepto
2560 4559 2788 4632 llugone
2831 4558 3048 4632 Magno,
3085 4575 3251 4630 quem
3311 4559 3363 4613 in
3415 4553 3586 4610 Tharso
3613 4539 3728 4598 ῦὶῐιάε

599 4647 788 4703 matha
817 4649 1118 4706 redierunt.
1158 4649 1464 4724 Episcopus
1516 4661 1698 4709 autem
1734 4654 1823 4710 ille
1851 4671 1978 4712 cum
2013 4655 2192 4714 fumos

596 4737 958 4812 ﬂammasque
983 4741 1334 4813 inspexisset,
1362 4743 1582 4815 ignibus
1601 4760 1793 4802 eorum
1815 4747 2060 4804 accensis
2075 4747 2190 4819 jam

597 4846 653 4885 .n
685 4831 904 4912 culmis,
929 4831 1114 4888 timuit
1143 4848 1212 4888 ne
1241 4833 1310 4888 ab
1330 4833 1412 4890 eis
1442 4832 1512 4890 ad
1533 4849 1662 4890 eum
1686 4837 2062 4895 remeantibus
2089 4840 2191 4896 ob-

597 4919 888 4976 sideretur.
931 4920 998 4976 Et
1023 4938 1341 5006 praecavens
1370 4923 1426 4979 in
1463 4923 1734 4996 futurum,
1764 4931 2042 4986 mandavit
2065 4947 2192 4988 con-

581 5010 779 5075 fartim
831 5013 970 5093 regi,
1018 5015 1114 5092 qui
1162 5014 1218 5070 in
1248 5014 1419 5087 Joppe
1455 5017 1650 5086 inerat,
1679 5028 1740 5074 ut
1773 5019 1823 5074 ei
1869 5019 2190 5079 festinanter

592 5122 958 5179 succurreret,
991 5104 1253 5183 quoniam
1297 5105 1577 5180 Babylonii
1615 5119 1740 5166 ante
1773 5110 2060 5168 Ramulam
2096 5114 2191 5168 ho-

593 5201 781 5270 spitati
801 5211 976 5270 erant,
1003 5189 1070 5259 de
1097 5204 1300 5275 quibus
1329 5205 1532 5261 cohors
1555 5223 1663 5262 una
1694 5218 1810 5278 jam
1835 5203 1981 5259 circa
2004 5219 2190 5261 mona-

592 5293 823 5348 sterium
852 5309 1014 5351 suum
1037 5295 1310 5354 irruentes
1326 5286 1712 5356 "cucurrerant.
1742 5299 1900 5367 Quod
1933 5313 2058 5356 cum
2090 5312 2188 5352 au-

593 5383 765 5440 disset
789 5401 902 5454 rex,
941 5389 1178 5460 sumptis
1204 5391 1375 5447 armis
1400 5392 1516 5447 suis
1542 5407 1745 5464 equum
1771 5391 2019 5448 ascendit
2047 5408 2184 5448 con-

594 5476 758 5543 citus,
789 5493 950 5548 quem
987 5481 1184 5536 militia
1212 5481 1353 5552 ejus,
1383 5483 1500 5554 ipso
1523 5483 1770 5554 jubente,
1811 5493 1865 5540 et
1892 5499 2064 5539 cornu
2095 5500 2184 5540 re-

591 5567 685 5638 gio
712 5580 986 5640 monente,
1031 5573 1296 5632 citissime
1331 5588 1518 5634 secuta
1557 5586 1661 5634 est.
1697 5577 1940 5632 Aderant
1964 5587 2096 5633 tunc
2123 5577 2178 5632 in

593 5659 764 5735 JOppe
786 5665 984 5724 milites
1005 5670 1419 5739 quamplurimi,
1443 5671 1540 5742 qui
1565 5681 1784 5727 ventum
1806 5672 2181 5742 prmstolantes

595 5768 984 5826 Opportunum,
1020 5760 1077 5814 in
1100 5759 1398 5816 .Franciam
1430 5762 1659 5817 redituri
1697 5760 2054 5818 transfretare
2083 5779 2182 5834 0p-

598 5841 804 5905 tabaut.
829 5849 891 5905 lli
913 5853 1167 5923 equidem
1189 5852 1346 5922 equis
1363 5852 1643 5922 carebant,
1666 5853 1924 5923 quoniam
1957 5855 2011 5909 in
2035 5870 2181 5910 anno

2293 4652 2612 4709 defunctum
2635 4651 2986 4723 sepelierunt.
3018 4649 3125 4718 Qui
3157 4666 3284 4707 cum
3305 4644 3592 4704 Antiochiam
3620 4642 3726 4704 pem“

2296 4743 2530 4811 nissent,
2563 4742 2655 4798 alii
2678 4758 2774 4813 per
2809 4757 2983 4810 mare,
3008 4741 3100 4798 alii
3135 4756 3264 4798 vero
3299 4756 3392 4812 per
3426 4747 3584 4794 terram
3613 4723 3724 4778 Hiem-

2291 4833 2461 4890 salem
2493 4841 2869 4907 perrexerunt.
2913 4831 3019 4901 Qui
3061 4849 3270 4904 equum
3311 4831 3492 4888 habere
3529 4815 3724 4895 Ροωεηδί·

2291 4927 2549 4982 libentius
2573 4942 2669 4998 per
2697 4934 2902 4981 terram
2937 4925 3174 4982 iverunt.
3545 4933 3553 4944 '

2877 5015 3110 5072 CAPUT
3147 5015 3287 5071 XVI.

2679 5110 2758 5166 De
2787 5111 3028 5182 captione
3060 5109 3296 5165 Tortour
3316 5107 3466 5162 urbis.

2360 5201 2610 5272 Cumque
2638 5216 2813 5272 usque
2843 5180 3133 5256 Tortosam
3159 5199 3440 5260 venissent,
3465 5201 3590 5262 quam
3613 5180 3718 5233 50m”

2289 5297 2408 5352 ceni
2443 5305 2574 5352 tunc
2619 5295 2994 5368 possidebant,
3045 5311 3155 5351 non
3209 5295 3540 5350 tardaverunt,
3573 5277 3636 5336 sed
3669 5281 3718 5340 β’

2290 5406 2442 5447 mare
2470 5399 2524 5446 et
2544 5406 2642 5461 per
2667 5399 2868 5446 terram
2898 5389 3234 5446 assilierunt.
3260 5386 3392 5454 Quid
3417 5370 3636 5438 morabor?
3657 5378 3714 5465 ,π’

2287 5485 2410 5540 bem
2451 5491 2741 5555 ceperunt,
2790 5481 3126 5538 Sarracenos
3179 5480 3492 5540 occiderunt,
3535 5465 3714 5538 WB”

2285 5593 2478 5632 eorum
2510 5577 2840 5642 habuerunt,
2864 5585 2919 5630 et
2948 5584 3136 5646 postea
3168 5575 3268 5630 iter
3296 5584 3441 5628 suum
3467 5559 3711 5646 ﬁtme

2285 5667 2606 5724 desierunt.‘
2637 5666 2744 5724 Sed
2789 5640 3080 5723 molestum
3122 5666 3366 5722 omnibus
3393 5659 3493 5722 fuit,
3514 5663 3602 5709 eum
3628 5640 3710 5704 ⁸³9·

2288 5762 2551 5816 mundum
2613 5761 2869 5817 comitem
2915 5763 2991 5818 ibi
3047 5775 3322 5818 remanere
3364 5754 3576 5809 viderunt.
3609 5737 3707 5799 Ουτεπ

2287 5868 2480 5908 omnes
2523 5851 2861 5910 Hierusalem
2914 5870 3100 5911 secum
3155 5855 3348 5910 iturum
3389 5839 3620 5917 sperabant
3649 5819 3706 5874 δέ
