3804 6312
54 461 144 526 877

749 453 1122 516 FULCIIERII
1155 452 1458 531 CARNOT.
1497 452 1676 511 IIIS'I'.
1717 450 2083 510 HIEROSOL.
2111 483 2182 493 -—
2217 450 2348 510 LIB.
2387 451 2453 508 II.

3169 458 3280 518 878

54 579 160 651 quia
185 574 366 640 noluit,
401 573 477 628 ibi
506 571 792 638 remansit,
808 571 1002 628 urbem
1023 570 1280 638 obtinuit,
1301 571 1446 626 unde
1474 570 1593 626 bla-
1621 571 1667 632 Α
1696 568 1751 624 in
1779 583 1874 626 eos
1905 567 2235 638 probissime
2257 567 2358 623 ulti
2390 575 2539 648 sunt.
2577 564 2717 624 Nam
2741 568 2932 640 plures
2953 585 3020 627 ex
3063 572 3145 629 eis
3183 590 3282 632 oc-

55 667 317 740 spherniam
348 664 397 720 ei
421 663 742 719 inferebant.
758 662 910 718 Ultra
941 663 1137 720 deinde
1163 661 1590 734 progredientes,

52 759 349 815 transierunt
384 757 615 821 Archas,
647 765 703 810 et
733 755 924 810 urbem
961 753 1259 825 Tripolim,
1288 743 1626 810 (libellum?

48 868 148 923 que.
180 849 298 904 Inde
346 857 612 903 venerunt
655 848 722 902 ad
769 853 1012 902 meatum
1060 847 1222 902 collis
1273 853 1590 920 angustum,

47 957 184 1011 prope
210 939 392 994 urbem
422 937 723 993 Berithum.
752 936 868 994 Illic
888 954 984 993 eos
1014 953 1110 992 rex
1141 937 1446 994 Balduinus
1491 952 1592 1010 per

45 1034 101 1088 28
149 1032 255 1087 dies
302 1040 738 1101 exspectaverat,
797 1031 1113 1086 custodiens
1170 1030 1388 1086 interim
1447 1030 1594 1088 viam

46 1125 184 1188 illam,
213 1138 275 1177 ne
294 1121 433 1176 forte
459 1121 744 1176 Sarraeeni
769 1129 1136 1192 occuparent,
1185 1130 1241 1178 et
1287 1121 1592 1194 peregrinis

45 1215 296 1272 transitum
320 1221 588 1269 vetarent.
621 1212 743 1284 Ipse
763 1213 911 1269 enim
955 1229 1047 1268 rex
1089 1215 1414 1286 legationem
1465 1213 1592 1269 inde

43 1307 361 1378 preeatoriam
385 1308 657 1362 habuerat
679 1306 748 1360 ab
768 1305 1011 1361 exercitu
1035 1306 1128 1360 illo
1148 1306 1415 1361 veniente.
1429 1305 1592 1361 Cum-

42 1414 128 1469 que
155 1412 318 1468 regem
365 1397 471 1451 sibi
495 1395 722 1452 obvium
753 1396 863 1450 illic
896 1395 1260 1462 invenissent,
1292 1404 1590 1467 congratu-

42 1489 116 1542 lati
145 1497 259 1542 sunt
279 1488 454 1554 valde,
490 1496 544 1542 et
572 1487 778 1542 osculis
799 1487 866 1541 ad
899 1487 1131 1542 invicem
1170 1486 1334 1553 datis,
1361 1485 1588 1557 Joppem

42 1578 232 1650 profecti
254 1588 398 1648 sunt,
430 1580 540 1634 ubi
552 1577 668 1650 jam
716 1578 1093 1650 applicuerant
1141 1578 1237 1649 qui
1288 1593 1386 1650 per
1438 1595 1591 1636 mare

43 1672 216 1727 iterant

574 1783 805 1842 CAPUT
853 1783 1018 1842 XVII.

44 1873 382 1950 Demiserabjii
400 1877 594 1950 proelio
616 1875 1046 1950 Christianorum
1075 1887 1230 1950 atque
1260 1877 1552 1933 Turcorum

100 1947 146 2000 in
169 1963 262 2016 quo
287 1945 589 2002 Christiani
617 1949 800 2016 occisi,
836 1949 995 2004 Turci
1019 1945 1239 2005 victores
1267 1952 1502 2022 fuerunt.

97 2037 250 2110 Pmpe
280 2049 396 2096 erat
424 2039 666 2108 Pascha,
697 2051 753 2097 et
782 2041 1124 2098 Hierusalem
1157 2051 1288 2098 tunc
1316 2043 1589 2110 adierunt,

42 2127 143 2197 quia
162 2129 256 2184 hoc
285 2129 699 2187 desiderabant.
729 2130 834 2199 Qui
869 2142 1160 2204 postquam
1190 2134 1592 2190 solemnitatem

44 2221 115 2284 ibi,
141 2229 192 2275 ut
223 2237 338 2276 mos
360 2230 472 2291 est,
511 2223 871 2296 peregissent,
897 2223 1126 2296 Joppem
1172 2225 1408 2296 regressi
1440 2234 1588 2282 sunt.

43 2310 164 2367 Tunc
208 2315 466 2382 quoniam
522 2315 682 2386 inops
743 2325 862 2370 erat
885 2318 1086 2384 icomes
1117 2314 1502 2386 Pictavlensis,
1535 2326 1593 2374 et

42 2404 274 2463 desolatus
309 2407 636 2463 omnimoda
682 2417 942 2481 egestate,
998 2409 1182 2464 navim
1229 2425 1355 2466 cum
1400 2411 1591 2482 paucis

41 2500 295 2556 ascendens
341 2499 640 2558 Franciam
692 2503 1029 2574 repatriavit.
1081 2502 1238 2560 Tunc
1281 2501 1591 2575 Stephanus

41 2589 268 2650 Blescusis
287 2611 411 2649 cum
444 2595 578 2650 aliis
607 2596 858 2668 pluribus
879 2595 1237 2653 transfretare
1264 2597 1464 2664 voluit;
1495 2597 1591 2653 sed

40 2679 83 2733 in
104 2681 269 2755 pelago
291 2694 455 2739 vento
485 2684 536 2740 ei
578 2686 855 2754 obstante,
905 2687 1044 2741 nihil
1094 2687 1244 2743 aliud
1288 2703 1455 2758 quam
1504 2703 1592 2744 re-

39 2776 146 2829 verti
176 2779 358 2846 potuit.
389 2777 505 2846 Qui
533 2787 665 2835 tunc
691 2780 746 2835 in
769 2779 940 2852 Joppe
960 2781 1074 2852 jam
1100 2782 1168 2838 de
1197 2783 1336 2837 mari
1372 2798 1590 2854 regres-

39 2879 115 2921 sus
134 2877 255 2935 erat,
281 2885 407 2926 cum
446 2887 551 2926 rex
584 2871 641 2927 in
681 2887 887 2944 equum
940 2889 1124 2941 suum,
1149 2881 1211 2928 ut
1259 2874 1464 2930 dictum
1507 2882 1592 2931 est

40 2961 269 3028 superius,
294 2965 552 3020 ascendit
577 3009 592 3029 ,
631 2975 822 3021 contra
844 2965 1030 3022 hostes
1056 2966 1273 3033 iturus,
1312 2966 1408 3037 qui
1463 2977 1591 3024 ante

41 3049 282 3109 Ramulam
304 3056 595 3112 sedebant.
622 3057 818 3113 Adhuc
845 3057 977 3114 inibi
1009 3068 1130 3113 erat
1156 3057 1454 3114 Gaufridus
1495 3073 1592 3115 co-

40 3158 130 3199 mes
163 3147 371 3218 quidam
411 3146 926 3219 Vendoniensium,
961 3159 1018 3206 et
1054 3149 1368 3222 Stephanus
1406 3167 1590 3208 comes

1571 1920 1586 1946 ’
1619 1921 1666 1982 Β

1695 659 1966 724 ciderunt,
1993 668 2048 715 et
2098 659 2168 714 de
2219 643 2430 730 campis
2472 659 2678 731 eiectos
2737 661 3104 718 tabernaculis
3162 665 3280 722 suis

1693 753 2065 824 privaverunt.
2099 752 2348 825 Denique
2376 753 2488 810 Deo
2516 755 2884 825 permittente,
2922 773 2952 814 a
2995 761 3274 830 superatis

1693 845 1936 916 superati
1963 854 2112 900 sunt.
2135 844 2322 901 Evasit
2349 855 2532 902 autem
2561 862 2655 903 rex
2680 848 2855 918 gratia
2879 848 2996 916 Dei,
3019 858 3075 905 et
3123 850 3280 906 nobi-

1694 936 1858 992 liores
1884 936 2090 991 militiae
2115 953 2229 993 suae
2250 937 2547 1009 aliquanti;
2576 939 2670 1010 qui
2693 955 2858 995 cursu
2881 941 2989 996 cito
3016 942 3070 996 in
3087 944 3280 999 urbem

1693 1027 1981 1083 Ramuiam
2014 1045 2073 1086 se
2097 1029 2459 1088 intruserunt.
2492 1030 2613 1088 Non
2641 1033 2788 1088 enim
2832 1033 3048 1106 longius
3092 1033 3282 1108 fugere

1691 1126 2004 1190 potuerunt.
2331 1122 2338 1128 ’

2256 1212 2490 1270 CAPUT
2524 1213 2715 1271 XVIII.

2116 1305 2195 1362 De
2233 1305 2364 1377 fuga
2398 1308 2535 1378 regis
2566 1307 2846 1364 Balduini.

1766 1400 1880 1457 Rex
1909 1409 2092 1458 autem
2113 1417 2239 1459 cum
2264 1402 2434 1458 nollet
2454 1418 2513 1458 se
2539 1401 2614 1457 ibi
2638 1403 2863 1471 includi,
2887 1404 3116 1460 malleus
3146 1405 3276 1460 alibi

1692 1496 1831 1550 mori
1861 1510 2028 1566 quam
2072 1495 2150 1549 ibi
2191 1494 2400 1549 utiliter
2445 1493 2716 1565 intercipi,
2759 1503 2984 1565 accepto
3027 1496 3278 1566 protinus

1691 1587 1944 1653 consilio,
1970 1585 2321 1641 committens
2362 1593 2558 1641 se‘tam
2587 1584 2748 1640 morti
2770 1600 2932 1656 quam
2960 1585 3103 1652 vitae,
3129 1584 3278 1640 foras

1691 1679 1840 1737 exire
1885 1689 2116 1735 conatus
2162 1689 2265 1734 est.
2311 1677 2378 1732 Et
2433 1677 2692 1734 adhibitis
2743 1677 2848 1733 sibi
2899 1677 3278 1732 tantummodo

1691 1773 1938 1844 quinque
1961 1771 2204 1842 collegis,
2232 1785 2373 1840 quos
2395 1779 2577 1825 tamen
2608 1783 2720 1824 non
2757 1769 2849 1824 diu
2899 1769 3110 1836 habuit,
3135 1785 3276 1839 quo-

1691 1865 1840 1919 niam
1883 1864 1950 1918 ab
2003 1863 2334 1918 adversariis
2377 1861 2574 1916 retenti
2620 1869 2774 1929 sunt,
2815 1875 2979 1917 cursu
3026 1863 3279 1932 praepetis

1694 1955 1820 2027 equi
1851 1963 2113 2010 montana
2136 1952 2353 2024 fugiens
2383 1953 2558 2024 petiit.
2597 1952 2790 2024 Itaque
2841 1951 3108 2008 Dominus
3151 1969 3278 2008 cum

1693 2048 1761 2104 de
1785 2047 2042 2117 manibus
2065 2045 2416 2100 inimicorum
2453 2060 2680 2101 suorum
2713 2043 3001 2100 fortiorem
3057 2044 3276 2116 eripuit.

1692 2139 1799 2209 Qui
1829 2141 2060 2195 libenter
2083 2150 2214 2193 tunc
2242 2138 2448 2193 Arsuth
2484 2136 2944 2208 proﬁcisceretur,
2982 2136 3028 2192 si
3071 2145 3278 2206 posset,

1693 2233 1790 2290 sed
1813 2232 2066 2304 hostibus
2097 2231 2149 2287 ei
2171 2229 2587 2296 obsistentibus,
2628 2229 2756 2285 illuc
2781 2229 2862 2284 ire
2896 2229 3162 2299 nequivit.
3213 2227 3280 2282 Ili

1691 2326 1878 2392 etiam,
1901 2323 1994 2394 qui
2013 2323 2068 2377 in
2098 2322 2232 2378 urbe
2256 2321 2577 2377 Ramulensi
2607 2329 3010 2387 remanserant,
3035 2327 3282 2390 postmo-

1693 2415 1823 2471 dum
1861 2423 2015 2471 extra
2041 2414 2244 2470 ostium
2267 2413 2418 2470 exire
2466 2427 2575 2468 non
2606 2420 2924 2482 potuerunt.
2980 2411 3064 2466 Ab
3114 2410 3280 2482 impia

1691 2507 1837 2564 enim
1864 2514 2024 2578 gente
2059 2504 2303 2578 undique
2329 2503 2561 2570 obsessi,
2583 2502 2850 2573 fdenique,
2911 2503 3049 2574 proh
3091 2502 3278 2558 dolor!

1691 2603 1762 2658 ab
1799 2601 2006 2658 eisdem
2027 2608 2156 2657 sunt
2182 2597 2585 2670 comprehensi.
2614 2595 2862 2665 Quorum
2887 2598 3156 2668 quosdam
3187 2612 3282 2654 oc-

1692 2693 1962 2759 ciderunt,
2007 2690 2276 2762 quosdam
2297 2705 2427 2746 vero
2473 2705 2658 2746 secum
2708 2689 2864 2746 vivos
2908 2689 3278 2745 abduxerunt.

1691 2782 1996 2853 Episcopus
2027 2790 2209 2837 autem
2232 2797 2357 2869 cum
2389 2782 2444 2836 in
2471 2780 2704 2837 ecclesia
2732 2779 2790 2835 S.
2823 2779 3041 2851 Georgii
3065 2781 3170 2836 hoc
3197 2781 3282 2836 in-

1693 2868 1994 2925 fortunium
2022 2868 2264 2938 contingi
2291 2865 2798 2937 audisset,Joppem
2819 2865 3016 2922 furtive
3045 2865 3276 2938 aufugit.

1691 2961 1838 3018 Heu!
1865 2978 2030 3034 quam
2058 2963 2266 3018 nobiles
2293 2971 2348 3017 et
2387 2961 2588 3032 probos
2625 2961 2827 3017 milites
2871 2977 2935 3017 ea
2962 2969 3283 3032 tempestate

1693 3055 2006 3122 amisimus,
2032 3063 2144 3109 tam
2175 3053 2230 3108 in
2272 3053 2418 3109 bello
2463 3053 2618 3123 prius
2657 3067 2826 3124 quam
2872 3051 2926 3106 in
2975 3060 3126 3108 turre
3165 3052 3282 3122 jam

1692 3146 1837 3202 dicta
1866 3145 2173 3216 posterius!
2219 3141 2449 3200 Occisus
2472 3151 2558 3200 est
2604 3144 2752 3199 enim
2809 3141 3120 3214 Stephanus
3167 3143 3284 3198 Ble-

38 3234 337 3309 Burgundite,
363 3250 418 3296 et
452 3239 616 3313 Htth
644 3240 1041 3299 Lizinlacensis
1074 3243 1244 3299 frater
1280 3243 1590 3316 Raymundi
1621 3270 1666 3333 ρ
1697 3239 2104 3333 sensis-comes,
2127 3237 2212 3292 vir
2240 3237 2562 3333 prudenset
2593 3235 2828 3304 nobilis;
2862 3234 3283 3307 Stephanusque

37 3330 236 3387 comitis.
259 3330 323 3387 Ili
353 3349 492 3390 cum
521 3348 695 3404 equos
726 3335 796 3390 ab
825 3335 1024 3392 amicis
1055 3337 1172 3392 suis
1230 3344 1286 3392 et
1344 3337 1593 3409 cognatis

37 3431 300 3489 querentes
333 3425 584 3480 mutuati
613 3435 831 3494 essent,
863 3442 990 3482 mox
1017 3427 1072 3482 in
1098 3443 1194 3484 eos
1222 3429 1594 3484 conscenden-

41 3521 123 3581 tes,
147 3531 314 3587 regem
338 3517 524 3574 secuti
569 3528 719 3580 sunt.
763 3517 879 3577 Hoc
931 3520 1199 3592 siquidem
1226 3521 1282 3576 in
1328 3522 1593 3578 modestia

35 3607 154 3676 regis
170 3624 359 3681 magna
388 3608 523 3677 fuit,
542 3609 638 3680 qui
669 3619 884 3683 gentem
919 3628 1079 3668 suam
1121 3621 1442 3684 exspectare
1493 3629 1592 3668 ne-

35 3697 189 3768 glexit,
218 3717 316 3759 nec
337 3702 633 3772 ordinate,
666 3703 812 3760 sicut
835 3713 1052 3776 oportet
1078 3707 1353 3777 sapienter
1379 3707 1479 3775 ire,
1522 3707 1592 3762 ad

32 3785 200 3845 bellum
223 3793 524 3863 processit.
551 3790 660 3848 Sed
682 3793 890 3864 absque
919 3793 1196 3865 peditibus
1225 3795 1428 3852 milites
1461 3812 1593 3854 suos

33 3894 340 3954 exspectans,
377 3887 714 3943 acceleravit
739 3887 926 3944 hostes
951 3898 1224 3958 appetere,
1250 3890 1423 3947 donec
1445 3891 1596 3962 igno-

33 3986 184 4032 ranter
204 3979 341 4035 intra
367 3979 785 4035 multitudinem
823 3980 1064 4036 Arabum
1109 3997 1170 4038 se
1219 3982 1475 4038 infixerit.
1527 3981 1594 4038 Et
1688 4023 1706 4038 .

32 4069 134 4136 quia
163 4070 209 4124 in
233 4073 516 4142 probitate
546 4089 645 4129 sua
675 4073 800 4143 plus
824 4089 989 4144 quam
1010 4073 1232 4130 deberet
1262 4073 1591 4142 conﬁdebat,

35 4172 116 4214 nec
143 4162 318 4230 plures
346 4178 480 4219 esse
503 4179 670 4233 quam
706 4164 855 4218 mille
882 4163 967 4220 vel
998 4164 1374 4236 septingentos
1406 4180 1594 4235 spera-

31 4246 120 4315 bat,
151 4251 264 4308 ideo
291 4255 374 4311 sic
417 4255 777 4326 properabat,
800 4263 880 4324 ut,
915 4264 1236 4326 antequam,
1281 4255 1594 4328 refugerent

32 4340 194 4400 obvius
214 4346 318 4403 illis
339 4347 578 4403 veniret.
601 4345 706 4403 Sed
727 4363 853 4403 cum
874 4349 1171 4404 exercitum
1193 4363 1386 4404 eorum
1409 4348 1594 4404 subito

34 4432 233 4494 intuitus
258 4451 431 4509 esset,
473 4444 674 4498 timore
701 4442 1028 4514 perterritus
1052 4443 1239 4496 animo
1281 4441 1586 4498 infremuit.

1697 3328 1834 3384 alter
1857 3327 2187 3400 Burgundiaa
2209 3342 2414 3384 comes.
2458 3325 2824 3384 Extorserunt
2880 3343 2940 3384 se
2988 3328 3115 3383 inde
3171 3337 3282 3384 tres

1697 3422 1920 3487 milites,
1945 3420 2038 3492 qui
2098 3421 2273 3491 plagis
2326 3428 2383 3476 et
2433 3419 2633 3476 ictibus
2678 3420 3031 3476 vehementer
3073 3421 3278 3487 amicti,

1697 3528 1864 3570 cursu
1897 3511 2130 3584 fugitivo
2159 3511 2498 3568 Hierusalem
2521 3520 2680 3567 nocte
2701 3512 2952 3582 sequenti
2995 3511 3277 3582 equitave-

1695 3614 1844 3660 runt.
1877 3603 1981 3672 Qui
2028 3605 2219 3660 urbem
2258 3603 2513 3676 ingressi,
2541 3603 2903 3658 infortunium
2947 3604 3095 3674 quod
3129 3605 3279 3660 acci-

1694 3701 1849 3756 derat
1878 3701 2090 3757 civibus
2141 3701 2582 3771 propalaverunt.
2630 3699 2706 3755 De
2751 3715 2878 3773 rege
2922 3710 3128 3769 autem,
3159 3701 3275 3757 sive

1694 3794 1926 3860 viveret,
1955 3793 2071 3849 sive
2105 3801 2359 3848 mortuus
2381 3801 2548 3858 esset,
2568 3791 2704 3846 nihil
2729 3807 2790 3848 se
2817 3793 2932 3848 veri
2964 3793 3106 3848 scire
3125 3793 3280 3848 disc-

1694 3895 1843 3943 runt.
1868 3885 2024 3944 Unde
2047 3885 2232 3944 statim
2257 3885 2440 3942 luctus
2469 3900 2579 3940 non
2609 3884 2871 3943 minimus
2895 3893 2980 3941 cst
3006 3894 3180 3942 ortus.

2279 3997 2510 4055 CAPUT
2545 3998 2691 4054 XIX.

1979 4091 2132 4159 Quod
2185 4108 2278 4148 rex
2325 4093 2592 4164 ingressus
2648 4100 2728 4147 est
2775 4090 2998 4148 Arsutlt.
3205 4143 3210 4148 .

1767 4184 1883 4240 Rex
1906 4193 2088 4240 autem
2115 4200 2241 4239 cum
2272 4193 2430 4240 nocte
2461 4185 2714 4256 sequenti
2757 4200 2858 4255 pro
2899 4185 3095 4240 timore
3139 4185 3281 4242 Ara--

1695 4277 1826 4333 bum
1860 4276 1915 4330 in
1965 4275 2244 4331 montanis
2291 4275 2618 4342 delituisset,
2660 4275 2749 4331 die
2791 4276 2954 4332 tertio
3003 4291 3127 4331 cum
3171 4291 3282 4330 uno

1695 4377 1906 4425 tantum
1925 4369 2097 4424 milite
2120 4377 2173 4424 et
2193 4370 2466 4441 armigero
2493 4369 2614 4441 ejus
2628 4369 2695 4424 de
2709 4370 2986 4425 montanis
2999 4384 3278 4441 egressus,

1694 4473 1960 4536 tanquam
2010 4463 2240 4534 quilibet
2287 4463 2601 4536 incognitus
2646 4479 2946 4530 erroneus,
2989 4479 3086 4534 per
3123 4463 3280 4519 devia

33 4527 256 4591 Amm“
305 4537 707 4594 θοηδοιθιίθηίε
752 4537 1119 4592 valetudinem
1167 4551 1476 4604 assumens,
1513 4552 1594 4591 νε·
1627 4622 1658 4627 _
1695 4557 2038 4613 desertorum
2095 4557 2348 4613 esuriens
2391 4565 2446 4612 et
2499 4557 2716 4624 sitiens,
2763 4557 2972 4612 Arsuth
3020 4557 3280 4627 oppidum

30 4626 180 4690 spexit
197 4643 350 4697 suos,
378 4646 523 4701 quos
549 4630 638 4700 pie
661 4631 969 4702 alloquens,
1020 4630 1098 4685 ait
1147 4649 1161 4686 :

27 4710 226 4787 Christi,
247 4730 302 4776 et
327 4722 497 4777 amici
520 4723 648 4790 mei,
679 4723 848 4778 nolite
885 4723 1086 4778 bellum
1143 4724 1249 4779 hoc
1297 4738 1586 4793 respuere;

29 4808 107 4862 sed
131 4815 318 4869 armati
347 4814 448 4870 Dei
487 4814 710 4882 virtute,
748 4830 850 4886 pro
897 4817 1302 4888 vobismetipsis
1361 4816 1592 4872 viriliter

33 4911 264 4972 pugnate.
289 4905 433 4962 Nam
458 4909 568 4963 sive
601 4909 847 4976 vivimus,
899 4909 1006 4964 sive
1050 4911 1328 4976 morimur,
1374 4909 1589 4964 Domini

29 5005 185 5050 sumus
212 4998 388 5072 (Rom.
421 5001 627 5072 xrv,8).
651 4999 809 5068 Quod
839 5001 886 5058 si
912 5002 1039 5074 quis
1071 5001 1255 5074 fugere
1279 5002 1587 5071 tentaverit,

26 5081 124 5153 iam
144 5105 244 5146 non
277 5101 366 5148 est
389 5109 516 5164 spes
541 5093 828 5150 evadendi.
855 5093 1158 5166 Pngnando
1201 5094 1452 5162 vincetis,
1498 5093 1586 5149 fn-

34 5179 206 5247 giendo
232 5186 464 5243 cadetis.
513 5207 533 5240 ι
577 5186 733 5244 Tunc
777 5196 980 5255 autem,
1027 5188 1287 5258 quoniam
1335 5188 1489 5243 locus
1535 5195 1591 5243 et

33 5276 224 5343 tempus
263 5288 384 5334 erat
439 5279 782 5334 moustrandi
844 5279 1168 5350 probitatem
1195 5321 1210 5345 ,
1263 5286 1484 5350 repente
1531 5279 1588 5334 in

37 5361 222 5424 Arabes
247 5369 378 5426 forti
427 5371 634 5443 impetu
665 5388 726 5428 se
761 5373 1123 5443 impegerunt.
1177 5371 1245 5426 Et
1297 5372 1424 5442 quia
1477 5386 1589 5426 non

37 5467 173 5512 erant
197 5462 373 5516 nostri
415 5464 704 5535 plusquam
738 5464 846 5518 200
873 5464 1099 5530 milites,
1140 5478 1172 5517 a
1225 5461 1300 5518 20
1351 5462 1592 5517 millibus

41 5547 370 5624 circumplexi
401 5566 543 5612 sunt.
587 5556 693 5625 Qui
739 5572 868 5613 cum
926 5573 957 5612 a
1005 5571 1264 5628 pressura
1308 5555 1590 5627 gentilium

41 5643 336 5708 gravissime
361 5647 764 5715 cohiberentur,
788 5657 842 5704 et
873 5649 1052 5719 major
1099 5663 1229 5719 pars
1275 5654 1592 5703 nostrorum

45 5731 257 5791 minima:
277 5737 429 5794 horae
447 5741 621 5811 spatio
670 5751 946 5812 perempta
983 5741 1298 5810 occidisset,
1322 5758 1462 5798 onus
1492 5741 1594 5795 hu-

43 5821 256 5888 iusmodi
286 5828 429 5885 ferre
446 5835 826 5904 nequiverunt,
852 5836 985 5904 quin
1031 5834 1243 5891 residui
1288 5835 1344 5889 in
1406 5832 1593 5904 fugam

51 5927 389 5993 verterentur;
415 5926 500 5982 sed
526 5927 652 5983 licet
677 5936 787 5983 tam
819 5929 964 5984 male
1011 5929 1090 5985 eis
1125 5927 1414 5996 acciderit,
1438 5926 1594 5998 prius

1221 4649 1241 4682 τ
1301 4628 1346 4685 θ
1392 4630 1592 4685 milites
1625 4622 1670 4678 ί)
1697 4667 1858 4706 suum
1881 4661 1965 4708 est
1989 4651 2290 4723 ingressus.
2318 4649 2436 4705 Una
2458 4650 2678 4721 quidem
2703 4622 2793 4706 res
2815 4650 2906 4708 illa
2945 4622 3110 4705 salu-ti
3154 4648 3279 4716 fuit,

1697 4745 1841 4816 quod
1868 4744 2032 4814 paulo
2051 4752 2175 4799 ante
2197 4743 2348 4798 illinc
2375 4750 2720 4800 recesserant
2747 4741 3030 4814 quingenti
3052 4742 3280 4798 hostiles

1698 4837 1918 4902 milites,
1947 4835 2042 4907 qui
2069 4835 2386 4906 aliquandiu
2415 4850 2637 4892 murum
2673 4833 2859 4904 Oppidi
2895 4833 3054 4904 (ιιιαεί
3094 4834 3282 4904 explo~

1695 4937 1908 4985 ratores
1946 4927 2295 4984 circuierant.
2341 4925 2494 4993 Quos
2513 4940 2862 4996 nequaquam
2903 4925 3188 4991 evasisset,
3233 4925 3280 4980 si

1697 5023 1766 5077 ab
1787 5022 1868 5076 eis
1895 5021 2049 5077 visus
2081 5029 2247 5083 esset.
2283 5018 2624 5090 Ingrediente
2651 5026 2834 5072 autem
2882 5031 3008 5086 rege
3051 5015 3291 5083 Arsuth,‘

1694 5114 1993 5186 gaudenter
2017 5128 2048 5167 a
2075 5114 2193 5169 suis
2219 5112 2539 5183 suscipitur.
2569 5109 2820 5167 Comedit
2849 5118 2904 5166 et
2929 5097 3084 5176 bibit,
3112 5117 3168 5164 rt
3187 5118 3280 5165 tu-

1695 5214 1841 5262 tatus
1861 5205 2140 5261 dormivit.
2171 5203 2286 5261 Hoc
2309 5205 2454 5259 enim
2488 5203 2806 5260 humanitas
2841 5201 3204 5258 desiderabat.

2293 5315 2525 5372 CAPUT
2560 5315 2680 5376 XX.
2748 5328 2752 5333 '

1697 5411 1852 5483 Quod
1881 5409 2036 5482 Hugo
2064 5411 2128 5465 de
2165 5409 2465 5483 Tiberiade,
2492 5419 2648 5483 atque
2683 5409 2994 5482 patriarcha
3030 5408 3297 5483 Hierosor

1767 5481 2078 5564 (statuarius,
2103 5481 2462 5564 innaugrilium
2486 5481 2620 5564 regis
2653 5490 3096 5564 properaverant,
3138 5490 3188 5535 et
3218 5481 3281 5562 de

1767 5551 1903 5608 bello
1923 5563 2136 5624 peracto
2152 5551 2476 5609 Christianis
2502 5551 2797 5608 videntibus
2821 5554 3015 5608 virtute
3042 5563 3092 5608 et
3125 5551 3282 5606 aurci-

1763 5625 1839 5678 lio
1865 5633 2065 5680 sancto:
2092 5624 2287 5680 crucis.

1766 5737 1892 5809 Ipso
1926 5738 2015 5794 die
2039 5753 2168 5794 ecce
2193 5737 2349 5808 Ilugo
2375 5737 2443 5794 de
2474 5737 2764 5795 Tiberiadc
2789 5738 3010 5794 civitate
3030 5736 3279 5800 veniens,

1699 5848 1842 5888 unus
1862 5832 1929 5888 de
1952 5832 2306 5903 optimatibus
2332 5833 2494 5904 regis,
2520 5832 2614 5902 qui
2633 5833 2750 5904 jam
2800 5831 3122 5888 confusione
3161 5827 3282 5897 ejus

1699 5925 1881 5988 audita
1913 5926 2169 5994 solatium
2209 5925 2432 5998 aliquod
2477 5926 2622 5998 genti
2679 5926 2915 5984 residuae
2967 5921 3282 5997 impendere
