3850 6310
507 343 612 398 883

1075 341 1166 397 AD
1206 312 1654 398 cbnsrmnun
1694 337 1987 395 APPEND.
2025 336 2090 393 ιι.
2129 367 2200 378 -
2238 338 2509 396 nonum.
2549 339 2640 395 ns
2674 338 2899 396 θειιο
2935 339 3180 398 εΑεπο.
3639 344 3718 404 stt

505 469 633 508 vum
664 459 748 507 est
783 451 968 524 igitur,
998 451 1082 506 vel
1116 453 1542 523 nequissimum;
1575 460 1633 506 ut
1660 451 1806 507 illius
1840 453 2089 506 deseram
2121 454 2166 514 Α
2196 451 2461 520 viderent,
2505 452 2794 524 utrobique
2819 462 3038 524 sumpto
3084 453 3316 508 invicem
3355 451 3474 506 utili
3517 453 3721 526 consilio,

504 545 842 610 societatem,
870 545 958 599 cui
1005 545 1268 614 prodesse
1309 545 1478 600 debeo
1519 559 1692 612 usque
1722 544 1789 598 ad
1833 529 2086 598 mor'tem.

503 637 724 707 Adjuvit
760 646 940 692 autem
975 636 1121 693 Deus
1163 636 1634 706 archiepiscOpum
1665 635 2001 692 Edessenum
2038 633 2091 688 in

503 731 744 786 vinculis
767 731 880 802 jam
904 730 1166 801 positum.
1193 728 1366 796 Quem
1398 743 1523 784 eum
1549 728 1616 784 de
1658 728 1860 784 reculis
1892 728 2010 784 suis
2037 735 2093 784 et

502 824 829 880 utensilibus
854 832 918 878 ut
950 822 1260 893 jumentum
1303 819 1468 876 Turci
1511 828 1854 888 onerassent,
1899 829 2090 891 patro-

502 916 648 970 cinio
678 915 962 986 cujusdam
993 913 1184 969 militis
1209 912 1611 983 armipotentis,
1639 912 1733 983 qui
1755 927 1855 983 pro
1879 928 1945 968 eo
1965 910 2090 967 ani-

504 1023 650 1062 mam
693 1022 846 1062 suam
887 1005 1210 1061 charitative
1256 1005 1471 1076 posuit,
1517 1005 1820 1076 opitulante
1864 1003 1975 1060 Deo
2023 1003 2092 1060 de

499 1098 754 1154 manibus
773 1112 963 1153 eorum
983 1096 1125 1152 miro
1142 1112 1244 1153 suo
1263 1111 1400 1152 ausu
1419 1111 1547 1152 eum
1568 1096 1787 1168 eripuit.
1804 1093 1922 1150 Non
1943 1094 2089 1150 enim

497 1191 736 1245 animam
758 1205 911 1244 suam
938 1205 1105 1259 quam
1133 1204 1193 1245 se
1219 1189 1600 1260 pretiosiorem
1624 1188 1772 1245 fecit.
1805 1187 1957 1244 Multi
1982 1187 2088 1244 ita-

494 1297 603 1351 que
634 1281 689 1335 in
736 1281 837 1335 hac
863 1289 1052 1336 nostra
1088 1282 1526 1353 peregrinatione
1557 1281 1672 1337 zelo
1697 1280 1790 1336 Dei
1823 1281 2087 1336 efferven-

493 1381 596 1437 tcs,
626 1385 681 1426 et
701 1371 869 1426 vitam
901 1387 1058 1427 suam
1093 1372 1329 1428 breviari
1361 1381 1635 1443 optantes,
1666 1373 1826 1428 beato
1865 1373 1972 1427 line
1995 1373 2090 1429 de—

493 1461 670 1533 fungi,
694 1470 748 1516 et
780 1477 906 1517 eum
935 1460 1157 1518 Christo
1198 1461 1305 1518 frui
1335 1463 1519 1534 quiete
1551 1463 1899 1519 studuerunt.
1935 1463 2090 1520 Sicut

493 1553 740 1625 quidam,
768 1553 1046 1626 aliquibus
1082 1554 1149 1610 de
1178 1555 1383 1611 nostris
1415 1555 1767 1612 audientibus
1809 1564 1864 1612 et
1903 1555 2091 1611 viden-

496 1646 664 1712 tibus,
694 1646 824 1700 dum
849 1661 1001 1700 eram
1026 1645 1169 1719 apud
1198 1646 1572 1715 Antiochiam,
1599 1663 1723 1702 cum
1755 1647 1969 1703 audiret
1997 1664 2088 1702 no-

492 1752 620 1791 men
663 1736 880 1792 Domini
928 1752 960 1792 a
1004 1738 1243 1808 quodam
1278 1738 1487 1809 perlido
1519 1755 1644 1795 cum
1689 1755 1884 1810 magna
1916 1739 2087 1794 deho-

497 1828 808 1884 nestatiom
855 1826 1252 1900 blasphemari,
1299 1829 1514 1885 vivilico
1544 1829 1738 1900 spiritu
1785 1831 2084 1899 animatus,

493 1920 641 1976 dicto
683 1923 1012 1978 contradixit
1047 1931 1102 1977 et
1144 1921 1310 1978 facto.
1357 1921 1425 1977 Et
1471 1923 1733 1978 continuo
1774 1923 2082 1980 calcaribus

493 2029 696 2084 equum
725 2031 993 2086 pungens,
1025 2015 1410 2071 assistentibus
1451 2015 1508 2070 in
1547 2015 1696 2072 circo
1738 2015 2083 2072 vivacissime

494 2106 885 2178 interrogando
912 2106 1133 2163 intulit:
1173 2126 1192 2160 ι
1226 2105 1283 2162 Si
1309 2108 1434 2178 quis
1475 2118 1718 2163 vestrum
1751 2107 1804 2163 in
1827 2109 2083 2180 paradiso

493 2214 713 2254 caenare
748 2199 1042 2267 desiderat,
1080 2215 1228 2256 nunc
1267 2215 1481 2257 mecum
1527 2200 1734 2269 veniat,
1764 2209 1818 2256 et
1865 2217 2080 2257 mecum

492 2291 776 2359 prandeat.
804 2289 1039 2362 Jamjam
1065 2291 1211 2347 enim
1239 2292 1423 2348 abibo.
1451 2311 1470 2346 ι
1501 2291 1607 2360 Qui
1632 2309 1760 2349 mox
1783 2293 1974 2349 lancea
2000 2293 2082 2348 vi-

490 2382 646 2437 brata
677 2382 819 2438 inter
848 2383 1090 2441 hostium
1120 2383 1290 2440 millia
1319 2399 1379 2440 se
1404 2384 1673 2452 inserens,
1705 2385 1944 2456 primum
1975 2385 2081 2441 sibi

489 2474 711 2529 obvium
754 2475 1028 2532 subruens
1064 2475 1360 2543 interemit,
1409 2476 1538 2533 licet
1576 2477 1897 2536 interimens
1933 2479 2081 2535 illico

489 2565 915 2623 interimeretur.
945 2566 1133 2639 Itaque
1169 2567 1274 2623 [ide
1319 2569 1709 2626 circumfultus
1729 2579 1784 2626 et
1811 2587 1928 2642 spe,
1959 2588 2082 2627 mu-

487 2657 746 2728 nitusque
773 2659 1062 2725 charitate,
1098 2658 1330 2716 feliciter
1355 2661 1632 2717 occubuit.
1671 2661 1806 2730 Quis
1835 2680 2079 2735 unquam

487 2749 694 2806 audivit
715 2751 856 2807 tale?
875 2751 1069 2808 Adhuc
1088 2752 1302 2823 positus
1326 2753 1381 2808 in
1407 2753 1587 2822 terris,
1606 2755 1720 2826 jam
1745 2755 2082 2826 gloriabatur

490 2843 548 2898 in
569 2843 744 2899 emlis.
787 2842 1084 2914 Propterea
1124 2846 1409 2914 laetamini,
1435 2848 1587 2916 caali,
1607 2857 1662 2904 et
1689 2849 1784 2920 qui
1819 2849 2079 2906 habitatis

494 2935 552 2988 in
577 2935 682 2993 eis.
712 2934 779 2990 Et
809 2944 894 2992 est
932 2937 1090 2993 nobis
1122 2939 1312 3009 utique
1339 2940 1656 3009 laetandum,
1687 2950 1743 2998 et
1762 2941 2078 3012 jucundan-

487 3028 647 3095 dum,
685 3029 814 3100 quia
859 3031 1097 3102 gaudent
1142 3032 1322 3106 angeli
1371 3034 1438 3090 de
1477 3044 1631 3090 tanto
1655 3046 1910 3092 consorte
1946 3053 2078 3109 aug-

488 3123 738 3178 mentati.
800 3121 977 3196 Prope
1029 3134 1210 3181 autem
1255 3135 1375 3182 erat
1419 3127 1515 3199 qui
1547 3143 1673 3183 eum
1718 3128 1992 3195 audiebat,
2025 3138 2080 3185 et

489 3215 809 3272 donativum
855 3218 906 3274 ei
956 3219 1255 3290 pensabat,
1297 3228 1353 3276 et
1396 3221 1580 3278 sedem
1635 3237 1930 3294 perennem
1979 3238 2077 3296 pa-

487 3309 670 3368 rabat.

1041 3447 1276 3504 CAPUT
1309 3448 1525 3506 XXVII.

487 3557 566 3614 De
611 3556 923 3613 liberatione
956 3561 1176 3633 comitis
1204 3560 1482 3633 Balduini,
1529 3569 1580 3616 et
1618 3560 1684 3618 de
1723 3561 1912 3633 pretio
1939 3563 2080 3618 inter

948 3628 1124 3700 ipsum
1158 3641 1209 3687 et
1243 3631 1594 3688 Tancredum.

555 3763 692 3824 Cum
715 3774 898 3821 autem
922 3765 1082 3820 annis
1107 3763 1220 3821 fere
1244 3766 1489 3839 quinque
1516 3766 1755 3824 domnus
1778 3765 2078 3826 Balduinus

486 3855 544 3910 in
589 3855 826 3916 vinculis
864 3866 1048 3913 tentus
1094 3856 1310 3926 fuisset,
1361 3859 1506 3916 datis
1540 3859 1824 3917 obsidibus
1866 3861 2076 3930 electis,

486 3949 590 4006 fide
620 3949 941 4020 interposita
963 3967 1090 4008 cum
1114 3962 1458 4008 sacramento
1486 3953 1591 4010 sub
1633 3954 2080 4012 interminatione

486 4050 550 4100 ut
575 4041 1002 4112 redemptionem
1042 4044 1312 4111 redderet,
1345 4061 1472 4101 eum
1500 4055 1689 4117 postea
1727 4047 1830 4118 ipsi
1846 4047 2080 4118 gobsidcs

484 4132 724 4188 carceris
758 4135 1013 4190 custodes
1035 4134 1388 4191 callidissime
1414 4146 1723 4203 necassent,
1750 4117 1826 4193 de
1844 4117 2078 4196 'carcere

485 4225 680 4280 evasit.
735 4223 891 4282 Unde
931 4226 1239 4298 adjutorem
1293 4228 1672 4285 fidelissimum
1723 4228 2075 4286 Goseelinum

485 4315 702 4382 habuit;
743 4317 836 4372 sed
867 4334 991 4374 cum
1037 4318 1102 4374 ad
1147 4318 1409 4376 Edessam
1455 4321 1642 4375 urbem
1689 4336 1846 4376 suam
1888 4331 2074 4391 postea

483 4407 667 4475 rediit,
701 4408 929 4468 introire
971 4410 1027 4465 in
1054 4424 1175 4469 eam
1219 4426 1328 4466 non
1368 4411 1564 4482 potuit,
1599 4411 1725 4484 quia
1759 4411 2076 4470 Tancredus

2192 543 2261 598 ad
2287 545 2638 600 concordiam
2663 559 2758 600 eos
2788 544 3141 598 reduxerunt.

2727 633 2959 690 CAPUT
2996 633 3234 690 XXVIII.

2349 727 2507 795 Quod
2538 727 2886 782 Boamundus
2915 727 2970 780 in
3001 725 3209 781 Gallias
3238 726 3609 796 transfretavit.

2263 817 2423 876 Tunc
2462 817 2816 873 Boamundus
2847 817 2902 871 in
2950 816 3140 872 multis
3179 816 3480 884 desolatus,
3517 827 3574 872 ut
3606 835 3731 892 supe-

2191 911 2309 967 rius
2333 910 2447 982 jam
2479 911 2687 966 dictum
2711 918 2817 976 est,
2837 908 2896 964 in
2927 907 3134 965 Gallias
3156 909 3517 965 transfretans
3541 920 3615 966 est
3632 929 3729 982 pro-

2189 1001 2386 1060 fectus.
2431 1000 2536 1058 Ubi
2570 1003 2713 1058 inter
2749 1010 2948 1058 caetera
2992 1000 3211 1073 negotia
3253 999 3488 1071 Philippi
3531 1003 3657 1074 regis
3682 1003 3728 1060 ﬁ.

2190 1092 2318 1146 liam
2345 1093 2566 1148 nomine
2588 1090 2993 1160 Constantiam,
3016 1107 3246 1148 uxorem
3267 1091 3446 1157 duxit,
3471 1101 3524 1147 et
3547 1093 3594 1146 in
3620 1095 3732 1165 Apu-

2190 1184 2321 1239 liam
2348 1183 2585 1251 reduxit,
2610 1183 2677 1239 de
2697 1200 2804 1255 qua
2836 1183 2980 1240 filios
3002 1183 3143 1240 duos
3164 1183 3378 1240 habuit.
3397 1182 3625 1250 Quorum
3641 1189 3734 1256 qui-

2188 1275 2312 1332 dem
2367 1275 2549 1346 priore
2584 1284 2716 1331 natu
2769 1275 3029 1343 obeunte,
3072 1275 3344 1347 posterior
3387 1290 3516 1332 vero
3557 1278 3734 1334 nomine

2189 1382 2300 1438 quo
2324 1375 2479 1438 pater
2504 1375 2854 1438 nuncupatus
2877 1367 3052 1424 haeres
3079 1367 3368 1424 remansit.

2753 1478 2986 1536 CAPUT
3025 1479 3222 1536 XXIX.

2263 1575 2418 1642 Quod
2451 1574 2756 1637 Tancredus
2785 1591 2907 1630 cum
2946 1573 3135 1628 Turris
3163 1590 3408 1646 pugnans
3436 1574 3684 1628 victoriam

2817 1646 3040 1716 adeptus
3061 1654 3160 1700 est.

2259 1739 2421 1794 Anno
2439 1738 2655 1795 Domini
2680 1736 2838 1805 ll05,
2857 1746 3107 1794 mortuus
3126 1747 3211 1794 est
3230 1752 3419 1793 cernes
3440 1735 3735 1795 Raimundus

2117 1817 2159 1872 Β
2188 1833 2345 1889 miles
2371 1832 2638 1888 emeritus
2667 1831 2721 1886 in
2752 1830 2952 1902 oppido
2979 1846 3083 1887 suo
3121 1839 3249 1887 ante
3293 1828 3552 1902 Tripolim
3584 1831 3737 1886 civita-

2185 1934 2293 1980 tem
2335 1925 2510 1995 pridie
2558 1923 2678 1978 Kal.
2723 1922 2940 1991 Martii;
2985 1923 3076 1979 cui
3126 1923 3398 1979 successit
3445 1937 3604 1993 nepos
3642 1924 3738 1992 eius

2184 2016 2510 2073 Guillelmus
2539 2015 2834 2072 Jordanus.
2866 2015 2944 2072 Ea
2981 2024 3304 2086 tempestate
3349 2013 3736 2070 Sarracenorum

2181 2116 2238 2164 et
2258 2107 2564 2164 Turcorum
2578 2107 2850 2179 protervia
2864 2107 3022 2163 solita
3046 2124 3155 2164 non
3180 2105 3384 2172 defuit;
3409 2122 3532 2162 cum
3554 2107 3735 2174 deinde,

2183 2214 2374 2256 mense
2402 2199 2600 2270 Aprili,
2627 2213 2726 2254 rex
2770 2197 3010 2270 Halapia:
3040 2198 3117 2271 (id
3158 2207 3244 2254 est
3269 2197 3515 2270 Calipti),
3552 2198 3738 2253 Radoan

2182 2289 2426 2356 nomine,
2457 2290 2525 2346 de
2555 2290 2778 2361 regione
2805 2289 2909 2346 sibi
2951 2288 3157 2345 contini
3184 2289 3488 2345 exercitum
3519 2289 3740 2344 adunavit

2181 2396 2294 2438 non
2343 2381 2672 2450 minimum,
2731 2389 2788 2438 et
2838 2390 3031 2439 contra
3080 2380 3428 2438 Tancredum
3476 2382 3741 2438 Antiochia:

2181 2474 2481 2546 principem
2514 2490 2685 2530 cornu
2711 2489 2876 2531 suum
2901 2474 2970 2530 ad
2997 2474 3356 2545 praeliandum
3391 2474 3552 2529 nimis
3575 2491 3737 2529 accen-

2182 2581 2305 2622 sum
2345 2567 2559 2623 extulit.
2591 2564 2909 2620 Tancredus
2932 2573 3114 2620 autem
3147 2579 3258 2620 non
3304 2564 3362 2618 in
3396 2564 3565 2618 multa
3591 2575 3738 2634 gente,

2181 2657 2275 2714 sed
2322 2657 2379 2713 in
2409 2656 2646 2713 Domino
2673 2657 2790 2728 spei
2818 2672 2934 2712 suae
2975 2655 3148 2728 figens
3191 2656 3514 2723 anchoram,
3552 2656 3742 2712 aciebus

2181 2749 2300 2806 suis
2355 2749 2495 2805 bene
2551 2749 2895 2820 compositis,
2935 2758 3128 2804 contra
3176 2749 3364 2805 hostes
3403 2749 3525 2804 illos
3580 2747 3742 2804 incun-

2181 2852 2396 2902 ctanter
2435 2843 2723 2915 equitavit.
2770 2841 2914 2909 Quid
2963 2841 3184 2913 longius
3239 2841 3460 2897 morer?
3504 2842 3742 2898 Audacter

2180 2949 2307 2995 ante
2333 2938 2613 2995 Artasium
2641 2937 2698 2992 iu
2718 2951 2816 2994 eos
2853 2936 3034 3004 irruit,
3064 2944 3138 3004 et,
3171 2934 3283 2991 Deo
3303 2935 3645 3006 suffragante,
3677 2936 3740 2989 illi

2179 3031 2432 3102 protinus
2477 3044 2681 3102 pavore
2727 3027 3048 3085 circumfusi
3097 3029 3263 3084 dorsa
3303 3026 3447 3099 fugae
3489 3027 3740 3082 dederunt.

2181 3121 2485 3194 Fugerunt,
2509 3130 2564 3178 et
2589 3119 2760 3194 fugati
2789 3129 2937 3176 sunt.
2966 3118 3072 3187 Qui
3104 3118 3292 3192 fugere
3316 3135 3428 3174 non
3457 3120 3640 3191 potuit,
3662 3135 3744 3174 nec

2188 3224 2420 3271 mortem
2449 3214 2651 3272 evasit.
2688 3212 2765 3269 De
2795 3213 3136 3284 interemptis
3177 3228 3288 3268 non
3337 3210 3443 3268 fuit
3488 3228 3742 3268 numerus.

2183 3306 2257 3364 De
2277 3307 2436 3378 equis
2473 3322 2664 3362 eorum
2693 3306 2877 3376 plures
2918 3305 3110 3361 habuit
3155 3303 3494 3362 Tancredus.
3544 3303 3744 3377 Signum

2178 3415 2399 3472 quoque
2424 3399 2570 3471 regis
2595 3397 2812 3470 fugitivi
2848 3396 3096 3453 retinuit.
3139 3396 3329 3452 Cornu
3359 3413 3462 3452 suo
3500 3399 3579 3453 sic
3605 3414 3746 3467 quas-

2178 3501 2300 3549 sato
2326 3491 2609 3547 mutilatus
2631 3490 2785 3546 abiit.
2818 3488 3166 3546 Gloritleatus
3187 3499 3271 3544 est
3291 3489 3460 3560 igitur
3490 3487 3645 3555 Deus,
3667 3487 3745 3558 qui

2178 3586 2296 3643 suis
2316 3600 2534 3656 semper
2568 3583 2823 3640 subvenit
2852 3581 3122 3638 fidelibus.
3167 3581 3245 3637 De
3282 3581 3636 3637 Antiochenis
3661 3581 3747 3636 hoc

2178 3677 2454 3734 tantillum
2499 3676 2760 3734 diximus.
2790 3672 2950 3732 Nunc
2985 3675 3054 3732 de
3091 3672 3492 3747 Hierosolymis
3532 3689 3634 3731 non
3680 3683 3748 3728 ta-

2181 3783 2335 3825 ceam
2343 3808 2357 3823 .

2747 3879 2980 3938 CAPUT
3013 3879 3183 3936 XXX.

2181 3991 2335 4059 Quod
2359 3992 2553 4047 iterum
2597 4008 2692 4048 rex
2717 3992 3006 4063 Babylonis
3048 4007 3258 4048 omnem
3301 3991 3590 4047 exercitum
3618 4007 3749 4045 suum

2251 4074 2436 4145 contra
2466 4081 2638 4135 regem
2660 4064 2992 4145 Dalduinum
3013 4064 3180 4133 misit,
3213 4073 3404 4118 contra
3423 4080 3553 4136 quos
3581 4063 3666 4117 ille
3685 4079 3754 4115 sc-

2250 4144 2353 4188 met
2387 4144 2728 4205 preparavit.

2252 4225 2617 4282 Referendum
2674 4236 2758 4283 est
2806 4228 2956 4283 enim
3005 4226 3284 4299 quomodo
3337 4243 3437 4283 rex
3485 4224 3753 4297 Babylonis

2179 4320 2300 4392 ipso
2330 4336 2477 4376 anno
2520 4330 2736 4392 gentem
2765 4321 3152 4378 coadunaverit
3191 4321 3452 4388 multam,
3476 4337 3640 4390 quam
3668 4320 3755 4372 As-

2181 4412 2448 4467 ealoniam
2491 4428 2587 4482 per
2637 4413 2846 4468 militiae
2891 4429 3007 4469 sua:
3057 4413 3252 4470 ducem
3295 4414 3366 4469 ad
3416 4413 3751 4484 pmliandum

482 4515 609 4559 cum
634 4502 749 4560 suis
779 4501 1062 4561 introitum
1085 4503 1134 4559 ei
1157 4505 1353 4560 vetuit.
1386 4503 1631 4574 Denique
1656 4505 1784 4576 quia
1809 4506 1914 4562 hoc
1935 4507 2074 4562 ratio
2106 4522 2160 4583 ο
2179 4513 2366 4560 eontra
2400 4503 2886 4560 Christianismum
2923 4505 3096 4573 misit,
3135 4506 3414 4562 arbitrans
3453 4515 3510 4561 et
3544 4505 3756 4561 moliens

490 4592 606 4647 ﬁeri
639 4593 909 4663 permisit,
930 4603 984 4650 et
1015 4595 1640 4666 prepterjusjurandum
1667 4596 1810 4666 quod
1835 4597 2072 4654 domnus

483 4683 836 4742 Boamundus
890 4696 1049 4742 antea
1105 4687 1379 4756 interponi
1429 4685 1581 4754 fecit,
1637 4696 1697 4742 ut
1745 4704 2074 4761 quocunque

483 4776 648 4830 modo
685 4777 752 4832 de
793 4779 1044 4849 captione
1078 4779 1406 4848 quandoque
1449 4779 1642 4845 exiret,
1687 4781 1807 4836 sine
1855 4792 2075 4839 contro-

483 4869 660 4927 versia
706 4879 904 4924 terram
939 4886 1095 4926 suam
1138 4869 1216 4924 illi
1260 4870 1529 4938 redderet,
1582 4889 1683 4928 nec
1724 4874 2070 4943 postmodum

483 4974 636 5013 mora
669 4958 818 5026 fuit,
877 4959 1178 5016 Balduinus
1238 4969 1296 5016 ct
1347 4961 1672 5019 Goscelinus
1723 4965 1834 5019 duo
1881 4974 2070 5021 contra

486 5046 826 5106 Tancredum
853 5051 1070 5105 tertium
1101 5051 1348 5122 praelium
1376 5054 1786 5111 commiserunt.
1813 5053 1913 5110 Cui
1944 5073 2072 5128 sup-

481 5139 726 5208 plicanti,
757 5148 812 5195 et
849 5157 1036 5212 pacem
1082 5145 1373 5214 quaerenti,
1421 5146 1731 5204 nullatenus
1781 5149 2070 5222 acquieve-

488 5239 636 5283 runt.
672 5227 780 5286 Sed
807 5230 1147 5299 Goscelinus,
1174 5237 1516 5308 congregatis
1547 5238 1576 5289 7
1613 5237 1916 5294 Turcorum
1949 5240 2070 5297 mil-

491 5321 656 5386 libus,
691 5319 1031 5378 Tancredum
1063 5326 1373 5396 importune
1397 5329 1462 5382 ad
1489 5324 1736 5399 praelium
1772 5331 2071 5398 lacessunt,

483 5420 538 5466 et
568 5411 952 5480 adjuvantibus
992 5415 1186 5473 Turcis
1213 5419 1496 5492 quingenti
1529 5421 1596 5477 de
1641 5423 1892 5479 clientela
1919 5424 2066 5480 Tan-

482 5501 631 5558 crcdi
659 5502 989 5562 ceciderunt.
1024 5508 1090 5564 Et
1128 5511 1251 5566 licet
1287 5513 1544 5584 primitus
1597 5513 1711 5570 fere
1759 5515 2070 5576 vinceretur

377 5677 384 5689 ‘
484 5589 833 5689 Tancredus,
853 5599 1089 5669 tandem,
1123 5603 1232 5659 Deo
1270 5606 1514 5676 juvante,
1565 5608 1723 5677 cujus
1761 5611 2068 5679 equitatum

483 5698 701 5752 semper
729 5685 861 5740 vidit
885 5691 1061 5746 vultus
1089 5695 1279 5760 victor,
1306 5697 1361 5750 in
1384 5713 1578 5766 campo
1601 5699 1865 5753 remansit
1892 5700 2068 5755 vietor

484 5771 731 5830 honoris.
783 5774 885 5831 Sed
933 5796 1054 5836 cum
1107 5785 1394 5855 optimates
1436 5796 1593 5842 terrae
1622 5788 1882 5844 damnum
1913 5792 2065 5846 nasci

2177 4613 2278 4652 nos
2309 4612 2504 4653 omnes
2531 4597 2597 4653 de
2646 4605 2793 4654 terra
2842 4608 3030 4654 sancta
3059 4599 3452 4654 exterminare.
3505 4597 3757 4653 Didicerat

2174 4688 2321 4744 enim
2352 4703 2456 4746 nos
2488 4706 2613 4745 esse
2653 4691 3040 4760 paucissimos,
3075 4700 3132 4746 et
3173 4693 3295 4747 sine
3329 4708 3604 4747 succursu
3644 4689 3756 4745 soli-

2176 4790 2354 4836 torum
2396 4782 2832 4853 peregrinorum.
2878 4782 3202 4855 Conglobati
3245 4785 3416 4854 igitur
3459 4794 3594 4840 sunt
3632 4780 3756 4853 apud

2176 4872 2505 4929 Ascalonem
2539 4882 2648 4928 tam
2687 4874 2894 4931 Arabes
2916 4876 3128 4945 equites
3159 4891 3325 4945 quam
3359 4875 3654 4946 Althiopes
3679 4890 3757 4943 pe-

2175 4965 2347 5033 dites;
2377 4982 2504 5022 cum
2547 4967 2747 5037 quibus
2783 4968 2948 5022 etiam
2994 4968 3216 5023 fuerunt
3239 4967 3404 5023 Turci
3446 4964 3756 5022 Damasceni

2175 5058 2298 5127 plus
2334 5058 2518 5114 minus
2551 5058 2719 5124 mille,
2754 5059 2846 5128 qui
2879 5058 3145 5130 sagittarii
3180 5067 3339 5114 erant
3370 5056 3756 5128 probatissimi.

2174 5149 2328 5216 Quod
2355 5167 2481 5206 cum
2504 5152 2618 5223 regi
2644 5149 3246 5206 Balduinoununtiatum
3273 5151 3492 5216 fuisset,
3541 5164 3755 5220 congre-

2173 5243 2318 5313 gavit
2342 5244 2570 5299 omuino
2599 5253 2811 5315 gentem
2848 5259 3030 5310 suam,
3053 5252 3109 5298 et
3126 5243 3464 5314 exspectavit
3488 5260 3585 5299 eos
3629 5241 3755 5313 apud

2171 5333 2418 5407 Joppem.
2450 5335 2516 5390 Et
2555 5335 2682 5406 quia
2724 5335 3028 5392 necessitas
3055 5336 3160 5391 hoc
3202 5335 3562 5406 exposcebat,
3591 5334 3756 5390 cuncti

2175 5427 2268 5496 qui
2293 5427 2346 5480 in
2379 5426 2608 5483 urbibus
2634 5427 3104 5482 conversabantur
3133 5441 3289 5481 arma
3316 5425 3461 5482 ferre
3499 5435 3754 5497 potentes,

2174 5519 2242 5574 ad
2277 5519 2477 5576 bellum
2521 5529 2900 5591 perrexerunt,
2941 5519 3185 5590 exceptis
3225 5519 3314 5574 his
3359 5519 3753 5576 tantummodo.

2173 5610 2268 5681 qui
2293 5627 2481 5668 muros
2510 5620 2672 5668 noctu
2701 5611 3060 5668 custodirent.
3094 5611 3285 5667 Timor
3324 5619 3378 5666 et
3411 5621 3621 5669 tremor
3643 5622 3755 5666 tunc

2177 5712 2441 5756 venerunt
2489 5719 2651 5772 super
2693 5719 2814 5758 nos.
2861 5701 3236 5757 Metuebamus
3273 5703 3422 5759 enim
3467 5720 3540 5758 ne
3584 5713 3672 5756 aut
3697 5703 3754 5754 de

2175 5793 2488 5849 civitatibus
2528 5795 2730 5850 nostris
2771 5794 3007 5864 aliquam
3033 5803 3192 5865 gente
3219 5810 3452 5850 vacuam
3484 5803 3750 5865 caperent,
