3850 6310
126 395 201 451 335
811 372 1180 432 FULCHENI
1225 371 1526 430 CARNOT.
1565 369 1744 426 HIST.
1787 368 2152 428 HIEROSOL.
2191 403 2263 416 —-
2300 371 2430 429 LIB.
2472 370 2536 428 ll.
3180 378 3282 432 886

121 512 189 562 aut
217 513 360 570 regem
384 508 493 550 cum
536 489 728 562 populo
759 504 862 546 suo
910 490 964 544 in
1007 490 1147 544 bello
1190 487 1584 544 interimcrcnt.
1617 486 1663 544 Α
1689 493 1967 541 raverunt.
1997 485 2370 559 Eleemosyna:
2409 501 2607 557 nempe
2647 485 2843 543 uberes
2872 487 3058 560 egenis
3085 487 3288 560 imper-

120 601 332 666 Augustus
353 594 454 641 erat
486 582 701 638 mensis.
733 581 1015 636 Caiiebant
1049 582 1196 638 enim
1246 581 1315 635 ab
1361 589 1594 651 utraque
1697 577 1809 633 tiue
1830 587 1975 633 sunt.
2007 577 2133 634 Haec
2170 579 2318 634 enim
2363 587 2492 635 sunt
2521 593 2706 649 opera,
2749 579 2952 650 quibus
2988 578 3134 637 Deus
3165 581 3288 652 pla-

117 697 228 759 parte
251 676 446 751 νηξιὶπί
477 673 807 739 diil'ereutes;
835 689 934 728 nec
962 686 1064 727 nos
1086 672 1230 740 illos,
1259 687 1362 728 nec
1391 671 1468 726 illi
1492 686 1594 728 nos
1695 679 1872 735 catur,
1907 670 2107 740 quibus
2135 671 2203 726 ad
2232 670 2462 726 salutem
2498 670 2788 737 excitatur,
2823 671 3026 741 quibus
3055 687 3288 728 conver-
3319 731 3322 734 ,

116 775 386 850 ipetebant.
420 769 664 825 Termino
714 779 916 832 autem,
964 776 1026 823 ut
1061 767 1288 838 Opinor,
1330 764 1595 820 divinitus
1695 777 1794 818 sus
1813 778 1923 818 non
1950 762 2211 834 relinquit
2232 771 2357 834 post
2379 777 2439 818 se
2459 761 2914 819 benedictionem.

115 865 344 937 disposito,
355 859 606 932 promovit
633 873 692 914 se
712 873 845 930 gens
873 855 1082 914 nefaria
1111 857 1180 912 ab
1218 855 1508 920 Ascalone,
1539 861 1595 910 et
2255 874 2488 932 CAPUT
2525 875 2718 932 χχχι,

112 962 328 1029 eruperunt
362 951 422 1006 ad
448 965 544 1006 nos
577 949 972 1020 approximare.
1019 946 1140 1014 Quo
1179 956 1482 1017 comperto,
1515 961 1597 1002 re-

1769 986 1887 1042 rgna
1935 968 2548 1042 Hierosolgmitanorum
2589 985 2708 1024 cum
2757 967 2965 1042 Turcis,
2987 977 3036 1024 et
3069 967 3289 1026 victoria

111 1063 275 1124 gressus
296 1053 369 1102 est
403 1058 488 1098 rex
530 1039 772 1112 Joppem,
798 1049 855 1096 et
891 1039 1156 1111 equitavit
1184 1054 1361 1110 usque
1388 1039 1457 1094 ad
1485 1037 1596 1095 Ra—
1783 1037 1803 1042 ⁷
1984 1037 2299 1111 αάεριιίρθν
2317 1041 2568 1096 virtutem
2585 1050 2786 1096 saneta:
2805 1040 2998 1094 crucis.

89 1141 258 1196 'mulam
292 1133 560 1191 civitatem.
593 1129 660 1186 Et
698 1131 826 1202 quia
861 1130 1069 1186 bonum
1116 1137 1234 1185 erat
1277 1129 1594 1186 omnimodo
1765 1131 1907 1190 Cum
1950 1131 2118 1205 igitur
2166 1131 2456 1188 Ramulam
2484 1133 2818 1203 patriarcha,
2863 1140 2926 1188 ut
2949 1133 3153 1188 dictum
3177 1138 3289 1200 est,

108 1241 267 1287 nostros
301 1224 508 1280 Domino
541 1223 836 1288 adhaerere,
859 1232 916 1278 et
957 1223 1014 1278 in
1047 1221 1158 1278 Deo
1189 1238 1342 1293 spem
1386 1231 1593 1278 certam
1696 1225 2055 1298 pervenisset,
2086 1234 2141 1282 et
2187 1240 2385 1283 aurora
2420 1234 2638 1297 postera
2672 1227 2858 1283 stellas
2897 1225 3160 1297 inciperet
3187 1225 3286 1280 de-

105 1339 250 1397 ponere
287 1319 440 1390 (Psal.
468 1334 633 1386 Lxxu,
660 1317 774 1388 28),
813 1318 1082 1388 inspirato
1129 1332 1162 1372 a
1206 1315 1439 1372 Domino
1482 1315 1594 1372 Deo
1695 1318 1898 1390 pellere
1923 1317 2212 1385 micantes,
2232 1317 2406 1388 gavisi
2441 1327 2569 1373 sunt
2596 1333 2789 1375 omnes
2810 1318 2878 1374 de
2905 1318 3139 1373 adventu
3160 1333 3284 1385 suo,

105 1416 290 1480 mnsilio,
321 1412 459 1468 misit
495 1427 591 1466 rex
635 1411 692 1466 in
746 1408 1089 1466 Hierusalem
1131 1409 1386 1465 nuntium
1429 1425 1593 1466 suum
1695 1420 1751 1470 et
1795 1413 2020 1470 excitati
2073 1427 2268 1470 omnes
2295 1422 2659 1470 cucurrerunt
2699 1412 2767 1468 ad
2816 1413 3187 1484 presbyteros,
3225 1417 3292 1468 ut

103 1509 291 1564 latinum
314 1503 375 1560 ad
399 1502 782 1575 patriarcham,
809 1510 866 1557 et
887 1501 1118 1565 clerum,
1140 1509 1308 1572 atque
1335 1502 1593 1573 plebecu-
1696 1511 1920 1576 peccata
1947 1521 2046 1563 sua
2070 1504 2180 1562 Deo
2197 1513 2256 1560 et
2271 1504 2355 1560 eis
2383 1504 2794 1560 conﬁterentur.
2819 1504 2901 1560 Ad
2920 1503 3286 1576 patriarcbam

101 1601 191 1666 lam,
214 1596 426 1667 ﬂagitans
462 1602 521 1650 ut
546 1593 748 1650 obnixe
786 1593 1181 1665 omnipotentis
1222 1593 1318 1651 Dei
1346 1602 1597 1651 exorare:
1696 1600 1952 1656 similiter
1977 1600 2292 1671 optimates,
2331 1599 2558 1655 verbum
2605 1597 2824 1654 salubre
2853 1597 3084 1668 aliquod,
3109 1597 3180 1652 ab
3219 1612 3288 1651 co

100 1686 466 1756 misericordiam,
497 1694 559 1742 ut
584 1685 917 1744 Christianis
957 1687 1077 1743 suis
1108 1686 1165 1742 in
1205 1687 1456 1758 angustia
1496 1703 1597 1758 po-
1699 1690 1911 1759 audire,
1937 1698 1994 1746 et
2026 1706 2056 1745 a
2087 1688 2328 1762 peccatis
2354 1688 2472 1745 suis
2499 1688 2708 1744 absolvi
2736 1688 3040 1759 cupientes.
3063 1687 3178 1743 Hoc
3206 1686 3291 1742 fa-

98 1783 183 1838 sitis
202 1796 330 1852 opem
357 1779 419 1835 de
443 1779 673 1836 excelsis
701 1779 833 1835 dare
869 1779 1207 1852 dignaretur.
1235 1779 1424 1836 Noluit
1463 1795 1594 1852 ergo
1699 1791 1808 1850 cto,
1838 1793 1989 1840 veste
2018 1782 2316 1854 pontificali
2344 1781 2656 1854 patriarcha
2693 1780 2942 1847 indutus,
2989 1779 3284 1851 gloriosam

97 1876 247 1946 legatus
265 1871 380 1928 satis
409 1879 660 1942 precatus
701 1871 1002 1942 quidquam
1030 1871 1296 1929 mercedis
1323 1871 1592 1943 accipere,
1627 1857 1669 1916 Β
1697 1890 1916 1932 crucem
1961 1875 2328 1942 Dominicam,
2358 1890 2483 1946 qua:
2513 1875 2568 1929 in
2592 1873 2794 1930 talibus
2825 1872 3058 1944 negotiis
3086 1871 3290 1927 deterri

97 1968 240 2021 timens
258 1979 314 2019 ne
333 1962 462 2018 forte
485 1961 810 2034 legationem
836 1963 984 2019 illam
1010 1978 1118 2019 non
1141 1971 1328 2034 posset
1353 1964 1593 2035 explere,
1699 1970 1932 2037 solebat,
1958 1970 2014 2025 in
2058 1967 2314 2025 manibus
2359 1967 2616 2038 sumpsit,
2646 1975 2701 2023 et
2720 1965 2990 2022 ordinatis
3021 1975 3081 2019 ut
3107 1964 3294 2020 decuit

94 2064 160 2112 aut
181 2053 442 2111 mercedem
483 2053 635 2110 illam
676 2054 837 2111 vivus
877 2053 1184 2126 acquirere.
1217 2052 1325 2111 Sed
1368 2070 1596 2126 sperans
1697 2062 1933 2119 catervis
1966 2061 2034 2118 de
2086 2061 2352 2117 militibus
2378 2068 2436 2116 et
2458 2058 2755 2130 peditibus,
2805 2057 3072 2113 adversus
3123 2055 3293 2111 hosti-

92 2147 341 2218 quandoque
381 2145 446 2202 de
485 2144 677 2201 labore
724 2145 830 2202 hoc
869 2145 1066 2202 devoto
1095 2145 1593 2223 remunerationem
1697 2152 1802 2209 lem
1847 2152 2150 2209 exercitum
2181 2150 2462 2223 progressi
2505 2159 2655 2207 sunt.
2704 2148 2904 2206 Milites
2933 2147 3111 2204 nostri
3132 2154 3294 2202 erant

92 2257 132 2296 se
159 2247 487 2310 perceptarum
534 2253 566 2292 a
613 2236 759 2305 Deo,
805 2239 1308 2310 commendansque
1355 2238 1596 2294 animam
1697 2245 2002 2318 quingenti,
2025 2244 2268 2315 exceptis
2284 2243 2392 2300 illis
2414 2242 2510 2314 qui
2533 2241 2759 2297 militari
2785 2241 3008 2297 nomine
3032 2255 3142 2295 non
3167 2255 3293 2296 cen-

89 2345 198 2384 SWB
235 2335 280 2382 ει
325 2342 514 2397 corpus
560 2343 728 2384 suum
762 2327 819 2384 in
871 2344 1068 2384 manus
1117 2327 1432 2386 Conditoris
1487 2329 1594 2398 Sili.
1698 2340 1980 2406 sehantur,
2020 2337 2559 2409 tamenequitantes.
2591 2335 2806 2392 Pedites
2825 2347 2956 2390 vero
2983 2333 3154 2389 nostri
3179 2348 3288 2388 non

88 2417 432 2490 Hierosolymam
463 2432 697 2489 propere
724 2433 833 2473 non
859 2418 1070 2474 distulit
1091 2419 1190 2474 ire.
1227 2418 1332 2486 Qui
1363 2419 1596 2475 Domino

1769 2430 1934 2502 rpiius
1959 2445 2124 2502 quam
2153 2430 2265 2486 duo
2287 2428 2456 2484 millia
2480 2427 2916 2484 aestimabantur.
2957 2424 3161 2498 Pagani
3188 2441 3289 2480 au—

86 2510 256 2564 dacente
288 2509 405 2564 illuc
431 2509 704 2581 pervenit,
735 2517 791 2565 et
815 2510 1100 2582 ingressus
1131 2511 1404 2568 civitatem
1448 2511 1594 2583 quod

1766 2541 1808 2579 ω
1828 2523 2143 2595 quindecim
2167 2522 2338 2578 millia
2369 2529 2483 2576 tam
2508 2519 2578 2578 de
2598 2519 2875 2591 peditibus
2893 2533 3058 2591 quam
3087 2517 3158 2574 de
3178 2517 3286 2572 mi-

84 2601 291 2673 quaembat
325 2618 426 2656 non
459 2602 680 2658 celavit.
705 2601 828 2670 Quo
867 2602 1238 2671 manifestato,
1264 2604 1480 2675 jussum
1512 2613 1598 2661 cst

1768 2617 1886 2676 ibus
1909 2616 2311 2688 deputabantur
2331 2659 2347 2682 ,
2371 2615 2466 2687 qui
2503 2622 2665 2671 nocte
2687 2613 2778 2669 illa
2801 2627 2910 2670 non
2937 2613 3098 2684 longe
3121 2627 3155 2667 a
3179 2610 3288 2666 lia-

83 2694 367 2763 apatriarcha
404 2711 733 2767 campanam
763 2695 1029 2766 majorem
1061 2712 1282 2764 sonare,
1307 2707 1361 2753 et
1379 2706 1594 2770 gentem

1767 2710 1849 2766 uia
1900 2709 2060 2781 quasi
2103 2717 2343 2780 quatuor
2382 2705 2658 2763 milliariis
2710 2704 2973 2778 hospitali
3008 2713 3156 2762 sunt.
3181 2703 3287 2770 Qui

80 2796 170 2842 ante
191 2802 238 2842 se
257 2796 408 2843 totam
435 2789 692 2844 adunari.
731 2807 750 2840 ι
797 2785 842 2844 Ο
877 2788 1096 2858 fratres,
1128 2789 1324 2861 inquit,
1351 2789 1514 2846 amici
1541 2800 1597 2847 et
1696 2813 1825 2855 cum
1859 2813 2042 2871 regem
2075 2813 2239 2854 mane
2265 2804 2458 2853 contra
2486 2811 2547 2852 se
2585 2795 2836 2852 viderent
2861 2809 2987 2853 cum
3013 2793 3132 2851 suis
3154 2810 3286 2865 pro-

79 2880 181 2934 servi
211 2879 308 2948 Dei,
335 2897 456 2937 ecce
492 2897 631 2939 vere
679 2882 879 2939 bellum
921 2881 1070 2954 quod
1110 2882 1408 2939 audieratis
1447 2882 1597 2939 futu—
1695 2889 1910 2958 cedere,
1947 2889 2240 2947 confestim
2285 2889 2354 2946 ad
2395 2888 2644 2961 pmiium
2670 2894 3105 2958 separaverunt.
3132 2885 3289 2940 Atta-

80 2987 188 3037 rum;
214 2988 319 3026 nam
349 2973 448 3029 hoc
475 2974 755 3030 referente
779 2974 994 3041 nuntio,
1024 2973 1216 3044 procul
1249 2974 1416 3031 dubio
1437 2975 1595 3032 nobis

1764 2997 1823 3040 en
1843 2982 2091 3042 versutia
2105 2997 2299 3039 eorum
2316 2980 2715 3054 aliquantulum
2745 2987 2877 3036 tunc
2896 2985 3159 3051 quassata
3177 2986 3284 3043 est,

73 3073 134 3118 est
153 3073 384 3133 paratum.
416 3064 482 3121 Et
511 3066 650 3143 quia
681 3067 800 3126 sine
829 3066 1016 3126 divino
1046 3065 1252 3121 auxilio
1282 3066 1594 3125 nullatenus
1695 3089 1823 3132 cum
1863 3083 2074 3147 partem
2101 3090 2270 3131 unam
2306 3073 2375 3130 de
2412 3073 2657 3130 exercitu
2703 3086 2828 3140 suo,
2871 3069 2967 3128 sed
2993 3069 3286 3132 minorem.

75 3155 178 3226 senti
214 3167 359 3216 ωηω
394 3160 708 3230 poterimus
759 3159 1056 3224 obsistere.
1099 3159 1444 3216 dementiam
1497 3157 1667 3236 Dei,
1695 3176 1824 3222 ante
1865 3164 2156 3220 Ramuiam
2205 3164 2422 3222 mittere
2442 3163 2854 3236 disposuerant,
2884 3171 2945 3218 ut
2984 3160 3286 3220 exercitum

72 3250 531 3321 omnesimplorate,
579 3260 646 3307 ut
690 3251 812 3323 regi
840 3259 1032 3308 nostro
1068 3249 1336 3308 Balduino
1381 3260 1436 3308 ct
1473 3249 1667 3309 suis.“
1695 3267 1947 3316 nostrum
1977 3257 2258 3325 fallerent;
2291 3255 2557 3328 majorem
2591 3272 2722 3313 vero
2742 3251 3295 3327 partemmittilmia

71 3341 264 3397 omnibus
291 3343 523 3400 clemens
552 3343 780 3415 adjutor
805 3345 870 3414 in
896 3345 1004 3402 hoc
1031 3343 1220 3416 praelia
1271 3343 1594 3402 imminente
1695 3363 1820 3419 pem
1867 3356 2197 3415 statuerant,
2240 3355 2302 3405 ut
2329 3355 2385 3403 et
2418 3362 2540 3404 eam
2583 3347 2880 3413 assilirent,
2909 3355 2964 3402 et
2995 3344 3157 3402 nobis
3185 3359 3288 3402 nc-

67 3432 259 3504 dignetur
287 3435 490 3492 adesse.
523 3435 757 3493 Distulit
801 3437 1023 3509 quidem
1059 3452 1160 3494 rex
1185 3436 1347 3493 hodie
1389 3437 1592 3495 bellum
1695 3437 2000 3495 scientibus
2040 3446 2317 3508 caperent.
2351 3435 2459 3494 Sed
2489 3453 2617 3494 eum
2669 3453 2852 3509 regem
2889 3437 3156 3493 adversus
3188 3449 3300 3495 eos.

68 3523 307 3593 ﬁeri,sicut
346 3543 440 3601 per
464 3528 624 3585 hunc
653 3529 1061 3602 hrevigeruium
1101 3529 1264 3585 nobis
1297 3529 1462 3586 modo
1491 3544 1594 3586 no-
1693 3530 1778 3588 sic
1796 3531 2044 3602 equitare
2083 3529 2694 3602 prospicerent,,.simul.:
2717 3529 2980 3602 reglobati
3005 3538 3136 3586 sunt
3171 3544 3286 3584 mc-

64 3625 146 3672 tum
166 3617 292 3687 iacit,
332 3621 605 3692 quatinus
637 3622 726 3678 die
753 3621 1016 3691 crastina,
1048 3637 1172 3694 qua:
1196 3621 1314 3679 dies
1345 3621 1450 3678 erit
1478 3621 1590 3680 Do-
1692 3623 1883 3680 limine
1905 3639 2008 3680 suo
2035 3622 2290 3680 confuso.
2320 3620 2432 3679 Nec
2455 3637 2611 3679 mora
2640 3622 2874 3694 longior,
2895 3621 2990 3680 alii
3018 3621 3157 3678 alios
3185 3620 3324 3688 imm,

63 3710 231 3777 miaica,
253 3728 354 3784 qua
375 3713 643 3771 Christus
670 3729 703 3770 a
727 3715 960 3772 mortuis
995 3715 1318 3784 resurrexit,
1341 3715 1591 3780 securius
1691 3717 1983 3788 petierunt.
2019 3714 2176 3774 Tunc
2193 3715 2367 3788 ciypci
2396 3723 2678 3783 resonant,
2700 3713 2911 3772 et.ferri
2933 3713 3129 3770 “stridet
3149 3727 3283 3768 acu-

58 3803 288 3875 preiietur,
328 3815 382 3864 et
424 3807 711 3879 adjunctis
737 3807 1077 3865 orationibus
1127 3807 1328 3864 vestris
1354 3817 1412 3865 et
1442 3808 1588 3865 eiee-
1691 3824 1838 3865 men.
1869 3807 2157 3878 Factoque‘
2175 3807 2401 3878 impetu,
2430 3805 2691 3878 utrinque
2712 3806 3156 3863 exclamaverunt
3172 3820 3291 3862 nos

58 3897 244 3967 mosynis
263 3899 398 3969 apud.
423 3897 610 3954 Deum
637 3897 953 3966 roboratus,
974 3897 1340 3958 confidentius
1364 3907 1585 3970 pugnet.
1690 3899 1792 3955 stri
1821 3913 2016 3955 omnes
2055 3906 2248 3954 contra
2267 3912 2362 3953 eos
2395 3915 2409 3953 :
2438 3895 2684 3954 Christus
2720 3897 2908 3963 uincit,
2929 3893 3179 3955 Christus
3199 3911 3282 3948 re-

53 3983 330 4059 Quapmpter
372 3989 429 4045 in
470 3990 586 4048 hac
627 3999 807 4057 nocte,
835 3989 994 4061 juxta
1036 3991 1242 4047 dictum
1298 3990 1584 4062 Apostoli:
1689 3999 1842 4063 gnat,
1883 3988 2128 4046 Christus
2152 3990 2401 4060 imperat,
2434 3989 2579 4046 sicut
2618 3988 2699 4046 eis
2721 3987 2941 4061 jussum
2974 3984 3281 4045 fueratJlli

61 4072 256 4145 Vigilare,
285 4088 420 4134 state
445 4080 506 4133 in
530 4079 662 4149 ﬁde,
688 4080 867 4134 omnia
892 4089 1064 4134 vestra
1086 4080 1219 4150 ﬁant
1249 4081 1305 4134 in
1327 4079 1589 4135 alacritate
1689 4091 1873 4139 autem
1899 4080 2380 4139 circumvallantes
2414 4095 2537 4148 nos,
2567 4094 2940 4152 conquassare
2967 4089 3022 4135 et
3047 4077 3282 4135 confun—

49 4164 89 4234 (l
106 4166 204 4224 Car.
229 4187 331 4238 xvr,
361 4171 452 4239 i3,
488 4172 610 4242 ﬂ).
639 4169 774 4227 Cras
799 4172 947 4227 ibitis
978 4187 1074 4244 per
1100 4171 1218 4228 ioca
1245 4171 1302 4230 in
1326 4171 1462 4228 urbe
1484 4171 1590 4229 hac
1687 4175 1818 4232 dere
1845 4183 2175 4247 putaverunt
2200 4173 2437 4245 penitus.
2470 4173 2636 4230 Turci
2661 4187 2792 4230 vero
2833 4188 2901 4230 ex
2927 4187 3082 4228 more
3105 4171 3278 4244 sagit-

49 4271 212 4327 sancta,
227 4263 526 4334 diligentes
555 4273 736 4323 voset
764 4263 1119 4322 humiliantes
1153 4263 1383 4335 pedibus
1407 4263 1584 4319 nuda-
1687 4267 1812 4324 tarii
1842 4282 1944 4324 nos
1991 4275 2140 4334 retro
2187 4274 2464 4339 gyrantes,
2488 4275 2544 4323 et
2585 4265 2909 4339 sagittarum
2939 4265 3122 4337 pluvia
3162 4265 3279 4336 pla-

45 4351 110 4418 tis,
147 4364 191 4410 et
221 4354 514 4414 Dominum
574 4356 746 4413 Deum
785 4366 1034 4413 nostrum
1082 4358 1170 4428 pie
1205 4358 1584 4428 deprecantes,
1687 4370 1897 4434 gantes,
1920 4359 2036 4430 jam
2083 4373 2313 4415 arcuum
2335 4357 2509 4415 cilicia
2540 4357 2884 4425 dimiserant,
2915 4358 3032 4428 jam
3064 4357 3277 4427 vaginis

43 4444 158 4501 uide
183 4446 527 4505 inimicorum
570 4458 887 4504 nostrorum
924 4449 1179 4505 manibus
1220 4465 1323 4505 nos
1368 4449 1580 4505 liberet.
1681 4455 1848 4508 ‘enses
1889 4458 2262 4516 extraxerant,
2304 4449 2506 4520 quibus
2550 4465 2652 4507 nos
2681 4449 2935 4506 cominus
2983 4446 3276 4512 feriebant,

40 4531 126 4605 Ego
142 4537 242 4610 ipse
253 4541 365 4612 jam
387 4543 525 4598 illuc
554 4541 726 4606 vado;
745 4541 1084 4614 jamjamque
1104 4557 1136 4597 a
1161 4541 1316 4598 vobis
1335 4541 1579 4611 discedo,
1607 4555 1662 4618 ι)
1686 4558 1812 4600 cum
1841 4559 1960 4610 rex,
1986 4543 2093 4600 hoc
2117 4550 2420 4612 comperto,
2447 4541 2756 4598 audacitate
2785 4541 3032 4598 munitus
3055 4540 3276 4611 signum

37 4643 218 4688 monens
245 4644 322 4702 ut,
349 4635 398 4690 si
430 4635 568 4706 quis
589 4650 656 4690 ex
678 4635 834 4690 vobis
861 4634 949 4690 hic
979 4635 1232 4692 residuus
1253 4650 1406 4690 arma
1436 4633 1578 4692 ferre
1685 4649 1846 4690 suum
1877 4634 2062 4689 album
2100 4633 2169 4689 de
2210 4646 2379 4686 manu
2434 4631 2723 4702 cujusdam
2773 4630 2972 4687 militis
3008 4629 3096 4686 sui
3122 4627 3272 4683 abri-

35 4723 156 4792 valet,
190 4743 396 4784 mecum
436 4739 696 4802 prompte
734 4731 934 4786 veniat.
977 4729 1090 4790 Rex
1129 4731 1278 4788 enim
1318 4731 1592 4790 omnibus.
1684 4729 1824 4800 puit,
1854 4737 1910 4785 et
1942 4743 2068 4786 cum
2091 4728 2284 4800 paucis
2309 4725 2439 4785 illuc
2460 4725 2742 4785 celerrime
2762 4737 3012 4789 currens,
3043 4736 3272 4792 oppres-

33 4814 209 4887 indiget.
244 4841 261 4873 ι
315 4821 389 4878 Ut
436 4823 580 4894 quid
622 4823 746 4895 plus
798 4825 1017 4880 moror?
1085 4824 1475 4884 Conscendunt
1518 4826 1576 4882 in
1681 4820 2104 4877 sis-succurrere
2133 4820 2348 4892 sategit.
2381 4817 2485 4887 Qui
2512 4832 2637 4874 cum
2659 4816 2876 4882 statim,
2895 4813 3006 4870 Deo
3022 4812 3270 4884 juvante,

31 4920 161 4976 (quos
199 4914 296 4970 £50
335 4916 509 4973 simul
554 4925 664 4971 tam
708 4917 922 4988 equites
957 4933 1122 4989 quam
1163 4918 1476 4989 peditesLet
1501 4919 1576 4975 ita
1684 4912 1995 4985 impetendo
2013 4910 2224 4968 Turcos
2242 4920 2299 4968 et
2322 4909 2621 4967 occidendo
2645 4907 3014 4978 dispersisset,
3043 4906 3112 4960 ad
3143 4921 3283 4961 mae.

29 5011 152 5056 nocte
173 5005 493 5065 imminente
535 5010 787 5065 celeriter
813 5021 1202 5082 perrexerunt,
1245 5021 1299 5068 et
1333 5012 1582 5072 diluculo
1677 5007 1856 5077 jorem
1907 5006 2312 5063 multitudinem
2344 5002 2773 5060 Sarracenorum
2821 5009 2876 5056 et
2897 4997 3140 5054 Arabum
3165 4996 3268 5052 Ᾰί-

29 5086 268 5157 Ramulam
299 5100 500 5160 urbem
528 5112 912 5172 pervenerunt.
941 5101 1046 5170 Qui
1075 5113 1259 5159 autem
1289 5104 1346 5160 in
1383 5103 1580 5160 Hieru-
1681 5099 2040 5170 tiriopumque
2086 5097 2354 5163 recurrit;
2386 5095 2481 5151 sed
2510 5109 2610 5150 nec
2643 5093 2700 5148 in
2740 5089 3138 5156 invasionibus,
3167 5106 3273 5144 nec

26 5186 160 5243 salem
185 5203 594 5262 remanserunt,
638 5197 896 5266 precibus
942 5206 999 5254 et
1039 5198 1403 5270 eieemosynis
1441 5197 1581 5254 alili-
1679 5192 1736 5248 in
1767 5193 2219 5263 percussionibus
2247 5200 2609 5260 utrorumque
2637 5186 2872 5257 amplius
2903 5184 3264 5252 immorabor,

23 5275 364 5352 ctionibusque
407 5283 820 5341 studiosissime
855 5294 1206 5342 vacaverunt.
1252 5284 1438 5357 Usque
1476 5287 1581 5346 bos
1677 5284 1809 5357 quia
1852 5285 1976 5342 volo
2027 5294 2239 5340 arctare
2290 5281 2545 5354 paginam
2599 5278 2772 5334 limite
2812 5276 3079 5349 parciore.
3121 5275 3268 5332 Deus

23 5383 112 5430 ram
133 5376 487 5432 meridianam
513 5377 779 5436 ecclesias
804 5379 1040 5436 invisere
1066 5395 1174 5436 non
1201 5391 1574 5440 cessaverunt.
1677 5379 1825 5436 enim
1846 5377 2192 5447 omnipotens
2213 5389 2496 5431 servorum
2521 5387 2746 5430 suorum
2776 5386 3048 5442 nusquam
3070 5369 3267 5426 imme-

21 5455 263 5520 Cantando
305 5466 623 5537 plorabant,
669 5467 932 5539 plorando
979 5470 1302 5539 cantabant;
1343 5487 1471 5528 nam
1515 5472 1571 5529 in
1681 5487 1824 5540 mor,
1853 5471 2047 5528 nolens
2075 5465 2869 5537 Chrisﬁanossuosapertidis
2891 5462 3000 5519 illis
3029 5461 3264 5529 destrui;

21 5557 327 5619 processione
356 5559 548 5616 clerici
578 5560 683 5616 hoc
726 5559 1015 5618 faciebant.
1046 5560 1161 5633 Ego
1195 5577 1415 5634 quoque
1442 5579 1569 5620 cum
1677 5564 1772 5636 qui
1795 5577 1895 5635 pro
1930 5561 2051 5633 ejus
2073 5574 2260 5617 amore
2278 5567 2333 5614 et
2355 5558 2578 5614 nomine
2608 5556 2921 5628 ampliando
2947 5555 3013 5610 de
3043 5552 3260 5623 longius

21 5640 128 5712 ipsis
149 5649 372 5722 nudipes
401 5653 654 5708 orabam.
689 5651 924 5726 Majores
948 5655 1114 5710 etiam
1143 5664 1272 5710 natu
1302 5667 1478 5726 usque
1500 5657 1570 5713 ad
1675 5655 1802 5728 quis
1831 5654 2078 5726 partibus
2125 5650 2467 5708 Hierusalem
2512 5658 2796 5718 venerant,
2840 5647 3107 5704 dederunt
3127 5657 3278 5712 gens.

22 5732 177 5794 horam
194 5756 396 5800 nonam
428 5744 518 5800 die
539 5745 631 5800 illa
652 5761 762 5800 non
795 5747 1171 5813 comederunt,
1197 5761 1298 5803 nec
1333 5747 1572 5805 infantes
1675 5748 1842 5818 impia
1878 5745 2063 5818 fugam
2111 5743 2474 5814 repentinam,
2526 5740 2798 5815 fugientes
2827 5753 3002 5809 usque
3029 5733 3256 5789 Ascalo-

21 5831 300 5896 Kmitricum
334 5837 508 5896 ubera
536 5847 824 5909 suxerunt,
857 5839 1034 5898 donec
1061 5839 1206 5901 fame
1247 5841 1426 5898 vexati
1451 5841 1569 5917 plo-
1674 5856 1820 5900 nem.
1847 5837 1892 5898 0
1915 5840 1961 5898 si
1985 5838 2109 5913 capi
2131 5837 2401 5913 potuisset
2427 5836 2812 5898 Semeiumuch
2837 5834 2949 5892 dux
2979 5832 3126 5890 illius
3147 5828 3254 5887 mi-.
