3804 6312
99 369 190 423 889
825 361 1199 418 FULCHEHH
1251 360 1337 416 CA
1349 358 1555 416 RNOT.
1597 357 1601 411 ἲ

1873 349 2188 414 ιΕιιοεοι.
2227 387 2300 399 -
2333 355 2462 413 LIB.
2483 355 2564 413 H.
2830 361 2836 368 ’
3249 361 3375 420 890'

98 487 316 544 raverat;
355 475 452 533 sed
486 475 544 530 in
591 473 764 530 reditu
797 473 1148 543 postmodum
1197 471 1429 527 obierat.
1480 469 1666 522 Mense
1694 467 1736 524 A
1769 467 2104 536 proﬁciens,
2137 467 2245 523 nisi
2274 460 2422 540 quod
2471 475 2668 524 contra
2712 467 3356 544 imperatorem'aliquas

97 572 293 624 demum
328 565 623 621 Novembri
657 563 846 620 eodem
885 580 1050 631 anno,
1083 579 1210 620 cum
1238 563 1540 628 insolitam,
1570 575 1667 615 sie-
1768 560 2094 616 moliebatur
2118 549 2368 629 insidias,
2402 570 2593 618 contra
2611 577 2774 633 quem
2803 577 3026 633 quoque
3058 565 3357 635 imperator

98 663 264 718 vitiam
289 657 623 714 Ascalonita;
643 657 986 722 cll‘ervercnt,
1020 655 1088 710 ad
1123 655 1338 711 radices
1376 662 1668 709 montano-
1765 650 2020 720 faciebat,
2047 653 2270 709 tandem
2297 669 2395 724 per
2430 653 2802 710 internuntios
2827 655 3124 710 concordia
3167 658 3354 727 prolo-

98 770 202 810 rum
238 762 558 808 nostrorum
593 751 735 807 inter
787 749 1078 804 Hamulam
1117 758 1172 804 et
1209 747 1553 804 Hierusalem
1583 746 1667 800 in-
1765 752 1912 810 cuta,
1938 759 2064 800 cum
2084 747 2250 800 etiam
2277 746 2578 816 imperator
2599 747 2666 802 ad
2689 759 2815 803 eum
2842 763 2968 802 cum
2990 748 3230 804 exercitu
3255 764 3358 806 suo

97 848 244 903 sidias
285 853 610 917 posuerunt,
641 852 702 898 ut
731 859 900 900 unam
933 842 1110 914 gentis
1132 850 1334 896 nostrm
1365 848 1664 904 catervam,
1759 836 1874 907 jam
1899 837 2353 907 approximassct,
2378 838 2542 894 amici
2568 838 2872 894 adinvicem
2897 841 3358 899 conventionibus

95 951 238 1008 quam
261 935 325 990 de
356 933 534 1005 Joppe
565 932 902 988 Hierusalem
951 942 1084 987 tunc
1108 931 1308 987 ituram
1339 931 1664 996 didicerant,
1764 929 2088 986 intermistis
2125 930 2253 986 facti
2289 939 2437 986 sunt.
2467 929 2853 987 Iuravit-enim
2901 931 3222 988 Boamundo
3254 933 3358 988 im—

97 1041 303 1083 occursu
336 1025 630 1095 repentino
669 1023 1009 1100 invaderent.
1060 1023 1166 1077 Sed
1195 1023 1300 1077 hoc
1323 1019 1556 1091 Iuppitis
1583 1021 1670 1074 in-
1764 1029 1986 1091 perator
2017 1039 2182 1094 super
2221 1023 2482 1095 reliquias
2514 1024 2966 1095 pretiosissimas,
3014 1025 3354 1097 peregrinos,

97 1121 283 1185 timato,
327 1116 380 1172 in
433 1131 612 1187 equos
643 1115 828 1170 festini
864 1115 1323 1172 conscenderunt.
1353 1112 1418 1168 Et
1446 1128 1569 1167 cum
1598 1111 1666 1167 ad
1765 1114 1833 1170 de
1857 1115 2062 1185 quibus
2087 1115 2201 1186 jam
2247 1131 2392 1188 sarpe
2421 1115 2593 1172 fatum
2620 1124 2728 1184 est,
2765 1125 2876 1172 tam
2909 1117 2964 1172 in
3009 1126 3152 1173 terra
3187 1134 3356 1188 quam

96 1214 252 1267 locum
305 1209 640 1266 insidiarum
687 1199 881 1264 nuntio
913 1209 990 1263 rei
1025 1208 1252 1263 ductore
1280 1214 1663 1277 pervenerunt,
1767 1207 1821 1262 in
1867 1209 2028 1274 mari,
2061 1217 2276 1280 quanto
2299 1209 2468 1266 latius
2517 1209 2810 1280 imperium
2854 1209 2976 1278 ejus
3022 1209 3357 1265 extendeba-

95 1306 384 1359 dnbitantes
408 1303 596 1360 adhuc
616 1319 685 1358 an
701 1319 893 1359 verum
919 1302 1168 1369 dixisset,
1196 1301 1331 1357 visis
1354 1300 1460 1356 illis
1487 1308 1656 1354 cxter-
1769 1312 1878 1370 tur,
1909 1303 2098 1359 abillo
2133 1303 2222 1358 die
2257 1311 2312 1358 et
2335 1303 2594 1375 deinceps
2633 1319 2694 1360 se
2740 1303 3086 1360 salvaturum.
3129 1312 3185 1358 et
3225 1317 3361 1357 con-

97 1401 171 1455 riti
201 1399 349 1454 valde
376 1399 706 1454 timuerunt.
735 1380 906 1453 Erant
951 1397 1099 1452 enim
1129 1397 1332 1452 milites
1354 1396 1468 1452 fere
1502 1395 1666 1466 quin-
1768 1405 2139 1464 servaturum,
2186 1405 2256 1451 ne
2297 1395 2424 1466 quis
2457 1412 2646 1450 eorum
2703 1396 3055 1466 diriperetur,
3087 1395 3172 1449 vel
3218 1394 3362 1448 male

96 1493 241 1565 genti,
284 1503 338 1547 et
381 1492 600 1562 pedites
657 1489 1053 1562 propemodum
1100 1490 1268 1547 mille.
1300 1488 1484 1545 Nostri
1535 1503 1665 1544 vero
1767 1497 2116 1544 tractaretur.
2166 1487 2260 1544 Ille
2305 1504 2526 1560 quoque
2569 1489 2887 1560 imperatori
2925 1487 3133 1559 juravit
3169 1503 3360 1558 pacem

96 1586 290 1654 milites,
339 1601 449 1639 non
481 1584 779 1655 plusquam
818 1583 905 1639 75.
933 1581 1145 1650 Quibus
1188 1598 1314 1638 cum
1337 1598 1448 1637 non
1482 1581 1668 1636 liceret
1765 1591 1822 1636 ct
1852 1581 2164 1638 lidelitatem
2191 1582 2506 1637 omnimode
2531 1581 2840 1638 tenendam.
2873 1580 2978 1648 Qui
3006 1581 3354 1652 postmodum

93 1681 233 1735 etiam
262 1678 515 1734 meditari
543 1677 677 1748 quid
717 1675 982 1744 facerent,
1011 1685 1066 1732 et
1093 1692 1206 1732 non
1224 1684 1345 1732 erat
1375 1675 1456 1732 eis
1487 1675 1667 1731 salva-
1766 1676 2056 1732 occasione
2089 1676 2271 1730 habita
2305 1676 2561 1746 Apuliam
2594 1676 2879 1743 remeavit,
2910 1685 3122 1746 partem
3153 1675 3362 1731 excrci-

97 1774 162 1828 tio
191 1772 233 1827 si
255 1770 527 1843 fugerent,
552 1780 610 1826 et
635 1787 788 1827 mors
817 1786 928 1825 non
957 1771 1144 1826 deerat
1171 1769 1218 1824 si
1243 1784 1480 1840 pugnam
1513 1783 1666 1824 com-
1698 1831 1736 1843 ﬁ
1768 1777 1858 1824 tus
1885 1769 1970 1824 sui
2001 1768 2272 1824 minorem
2317 1784 2504 1825 secum
2545 1770 2835 1825 reducens.
2876 1768 3013 1826 Pars
3047 1771 3194 1825 enim
3243 1786 3360 1826 ma-

95 1831 365 1931 mittereni,
395 1863 617 1935 gratius
640 1863 924 1934 elegerunt
951 1860 1252 1917 honorifice
1294 1861 1340 1917 si
1373 1861 1662 1932 continge-
1697 1831 1739 1888 Β
1759 1857 1852 1930 jor
1877 1859 2241 1926 Hierusalem,
2267 1869 2626 1927 utvoverant,
2651 1875 2750 1931 per
2771 1877 2922 1917 mare
2946 1861 3178 1932 profecti
3208 1871 3359 1930 sunt,

95 1968 162 2013 ret
195 1957 348 2024 mori,
375 1973 550 2028 quam
601 1955 744 2029 fugat
785 1955 1010 2011 infamia
1059 1955 1411 2026 postmodum
1458 1954 1659 2010 notari.
1765 1953 1891 2026 Ipso
1917 1968 2065 2010 anno
2093 1952 2382 2025 Philippus
2412 1969 2504 2009 rex
2531 1953 2775 2010 Francia:
2801 1955 2952 2012 dedit
2998 1955 3164 2012 linem
3211 1957 3358 2012 vita.

96 2050 272 2120 lmpetu
321 2051 496 2123 igitur
544 2066 678 2106 mox
732 2049 788 2104 in
819 2064 917 2106 eos
953 2048 1100 2105 facto
1125 2057 1529 2115 momentaneo,
1555 2047 1660 2102 mi-
2285 2044 2520 2102 CAPUT
2559 2044 2849 2102 XXXVIII.
2925 2069 2928 2072 η

95 2159 196 2202 rum
223 2144 274 2199 in
302 2145 532 2200 modum
569 2143 829 2200 hostilem
857 2141 1030 2200 aciem
1059 2149 1506 2214 penetraverunt,
1535 2155 1664 2212 pro-
2107 2140 2187 2197 De
2206 2133 2478 2196 obsidione
2498 2141 2645 2196 urbis
2671 2139 3042 2212 Tripolitanis.

97 2235 358 2292 sternendo
389 2251 487 2292 eos
513 2244 573 2292 et
607 2235 929 2292 occidendo.
973 2231 1030 2289 ln
1053 2249 1166 2306 quo
1200 2233 1500 2289 certamine
1535 2247 1662 2288 cum
1833 2236 1996 2292 Anno
2029 2236 2168 2292 1109
2193 2236 2346 2292 etab
2381 2233 2720 2290 Hierusalem
2765 2243 2923 2304 capta
2971 2234 3060 2303 II,
3103 2233 3364 2290 Ilertran-

97 2326 251 2382 acrius
293 2325 592 2383 Sarraceni
631 2339 691 2383 se
736 2326 984 2382 viderent
1023 2324 1252 2392 conteri,
1297 2324 1662 2380 audacitatem
1763 2328 1868 2386 dus
1908 2327 2202 2384 Haimundi
2230 2327 2451 2384 comitis
2481 2326 2630 2382 lilius
2652 2325 2806 2380 venit
2825 2325 3110 2396 Tripolim,
3141 2325 3362 2382 adbibi-

98 2434 228 2473 suam
273 2417 510 2476 Domino
539 2419 764 2476 volente
810 2419 1122 2490 perdentes,
1170 2417 1374 2474 bellare
1404 2432 1652 2473 cessave-
1765 2421 1834 2478 tis
1861 2420 2234 2477 Januensibus
2261 2435 2474 2487 secum,
2504 2435 2631 2476 cum
2654 2419 2832 2474 classe
2845 2418 3070 2473 navium
3088 2427 3361 2474 rostrata-

97 2521 222 2566 ηιηῑ·
256 2511 404 2578 οηυά
447 2529 580 2569 cum
611 2512 860 2568 viderent
903 2512 1106 2567 milites
1138 2511 1334 2578 nostri,
1380 2510 1662 2581 potentius
1762 2531 1886 2570 rum
1909 2513 2022 2569 fere
2049 2513 2135 2568 70.
2156 2513 2292 2580 Qua:
2315 2529 2508 2568 omnes
2535 2511 2609 2568 ibi
2637 2512 3039 2583 applicuerunt.
3066 2512 3242 2578 Quam
3266 2527 3362 2566 ur-

99 2617 177 2658 eos
199 2613 574 2673 pervastarunt,
608 2614 662 2661 et
684 2620 826 2676 quos
857 2603 933 2659 illi
972 2604 1163 2676 fugare
1191 2613 1540 2675 putaverunt,
1567 2619 1662 2660 eos
1763 2607 1908 2675 bem,
1927 2605 2435 2678 scilicetTripolim,
2453 2605 2672 2660 volebat
2693 2605 3036 2675 impugnare,
3057 2612 3113 2658 et
3141 2604 3246 2658 sub
3271 2618 3366 2674 pa-

99 2696 244 2751 nostri
271 2696 452 2768 fugere
478 2699 886 2768 compulerunt.
917 2697 994 2752 De
1016 2697 1218 2769 quibus
1241 2697 1426 2768 plures
1445 2696 1663 2752 occide—
1761 2702 1862 2758 tris
1893 2702 1977 2757 sui
1996 2701 2120 2772 jure
2147 2697 2494 2755 haereditario
2531 2698 2808 2770 prepriam
2831 2697 3134 2769 possidere.
3178 2695 3358 2764 Quam

100 2799 294 2854 "Iubet
318 2790 383 2846 de
424 2791 590 2862 cquis
627 2807 818 2846 eorum
863 2791 1134 2862 plurimos
1186 2791 1550 2844 retinuerunt.
1584 2788 1661 2845 De
1762 2810 1888 2852 eum
1920 2793 2206 2849 obsidione
2229 2791 2552 2857 cinxissent,
2579 2800 2698 2846 orta
2733 2789 2828 2846 lite
2871 2788 3163 2845 confestim
3217 2789 3361 2844 inter

99 2881 330 2938 militibus
368 2884 579 2940 nostris
623 2900 734 2938 non
783 2884 1072 2954 plusquam
1135 2893 1249 2938 tres
1295 2882 1656 2953 perdidimus.
1761 2881 3174 2953 BertrannumetGuillelmumJordanemcognatum
3191 2896 3354 2936 suum

101 2970 188 3027 Sed
229 2975 470 3030 clientela
533 2991 728 3031 eorum
775 2975 843 3030 de
889 2975 1156 3045 jumentis
1205 2973 1412 3030 nostris
1451 2973 1662 3044 aliquot
1761 2979 1858 3050 qui
1888 2990 2010 3034 eam
2038 2977 2718 3049 semperimpugnaverat,
2748 2984 3044 3046 postquam
3075 2973 3358 3046 Haymun-

99 3065 440 3137 amusium;
499 3068 573 3126 (ιο
625 3069 742 3126 δαῖε
793 3067 966 3125 ῐιοεῑνὶ
1027 3067 1286 3124 talionem
1341 3067 1659 3140 duplicave-
1760 3073 1865 3128 dus
1893 3087 2081 3128 comes
2108 3071 2340 3138 obierat,
2370 3078 2428 3126 et
2456 3069 2783 3126 versabatur
2814 3067 2924 3123 illic
2949 3065 3278 3122 Guillclmus
3304 3063 3358 3118 in

100 3167 220 3214 runt.
1687 3185 1732 3247 ρ
1763 3165 1982 3236 oppido,
2011 3165 2108 3235 qui
2139 3162 2607 3236 Monsal’eregrini
2639 3162 2866 3230 dicitur,
2920 3160 3141 3231 Tripoli
3176 3158 3361 3230 proxi-

601 3273 831 3331 CAPUT
865 3272 1110 3331 xxxv],
1762 3274 1875 3325 mo,
1913 3256 2256 3313 Bern-annus
2282 3256 2498 3313 dicebat
2527 3275 2542 3312 :
2575 3275 2594 3308 α
2629 3255 2746 3312 Mea
2793 3269 2918 3311 esse
2958 3254 3120 3310 debet
3166 3252 3361 3308 civitas

104 3359 228 3428 Quod
267 3365 613 3423 Boamundus
645 3378 926 3439 aggregato
967 3369 1204 3423 exercitu
1251 3378 1449 3423 terram
1492 3367 1606 3438 imp

1859 3343 2110 3406 reditario
2129 3350 2274 3421 jure,
2299 3350 2428 3421 quia
2457 3359 2612 3420 pater
2633 3365 2810 3415 meus,
2835 3347 2928 3418 qni
2952 3362 3072 3402 eam
3106 3344 3361 3416 primitus

633 3441 831 3494 ναίω-ἐς
857 3441 1104 3495 vastavit.
1762 3443 2089 3515 impugnare
2135 3444 2324 3514 coepit,
2375 3443 2430 3498 in
2477 3443 2812 3499 coarctando
2879 3441 3056 3507 illam,
3097 3439 3360 3510 oppidum

160 3526 337 3586 Eodem
370 3533 648 3603 siquidem
687 3549 854 3600 anno,
885 3541 1179 3604 postquam
1211 3531 1566 3588 Boamundus
1593 3531 1662 3587 de
1764 3536 1928 3602 istud,
1957 3536 2166 3592 scilicet
2194 3534 2844 3606 Montem—Peregrinum,
2877 3547 3074 3604 magna
3109 3531 3358 3602 probita-

103 3617 260 3677 Galliis
305 3641 594 3696 regressus
642 3634 747 3692 est,
804 3635 1135 3697 congregata
1163 3634 1323 3697 gente
1359 3635 1660 3695 quantum-
1763 3639 1816 3687 te
1842 3627 2150 3696 aedificavit,
2178 3637 2233 3683 et
2264 3635 2389 3698 post
2429 3642 2718 3683 excessum
2750 3641 2912 3682 suum
2944 3623 3078 3694 mihi
3105 3621 3361 3678 obtinen-

101 3725 282 3783 cunque
307 3719 504 3786 potuit,
530 3717 586 3772 in
617 3727 776 3788 portu
796 3716 1168 3784 Brundusino,
1196 3718 1394 3788 quiest
1431 3719 1484 3772 in
1507 3719 1660 3787 Apu-
1762 3719 1890 3777 dam
1927 3719 2096 3786 dedit,
2123 3719 2254 3775 dum
2285 3719 2521 3774 vivebat.
2550 3737 2570 3770 ι
2596 3716 2922 3774 Guillelmus
2943 3730 3077 3771 vero
3105 3714 3358 3770 dicebat:

103 3800 404 3868 lia,classem
429 3826 592 3866 suam
614 3810 846 3881 paravit.
871 3809 977 3877 Qui
1003 3826 1130 3866 cum
1163 3819 1378 3881 tempus
1398 3811 1464 3866 ad
1487 3820 1660 3866 trans-
1770 3831 1790 3864 ι
1819 3811 1937 3866 Mea
1976 3812 2166 3882 utique
2192 3811 2354 3868 debet
2389 3826 2532 3877 esse,
2573 3819 2628 3866 et
2653 3809 2870 3878 merito,
2895 3809 3024 3880 quia
3053 3813 3125 3864 ‘ct
3171 3807 3368 3862 hostes

100 3891 370 3982 fretandum
412 3911 817 3982 exspectasset
884 3912 1255 3973 Opportunum
1281 3947 1295 3969 ,
1371 3920 1450 3958 vn
1525 3902 1659 3959 ldus
1763 3905 1928 3977 hujus
1951 3905 2453 3961 ternchabitat'orcs
2476 3914 2600 3974 post
2621 3919 2908 3960 excessum
2945 3900 3165 3960 comitis
3205 3915 3360 3958 sem-

103 3981 315 4046 Octobris
340 4009 511 4048 naves
544 3992 780 4063 ingressi
808 3993 1120 4064 Bulgariam
1161 3993 1578 4064 navigaverunt,
1607 4003 1662 4049 et
1763 4015 1860 4070 per
1893 3997 2112 4052 coercui
2151 4007 2376 4052 strenue
2398 3995 2569 4052 armis
2605 3996 2764 4064 meis,
2801 4003 2856 4051 et
2881 4004 3082 4052 terram
3106 3994 3360 4066 adjaceno

103 4079 323 4141 Avalonis
363 4087 550 4158 portui
583 4087 983 4158 applicuerunt.
1011 4086 1080 4141 Et
1120 4087 1365 4143 Avalone
1394 4087 1660 4143 citissime
1762 4100 1868 4146 tem
1899 4091 2022 4146 urbi
2059 4089 2396 4160 ampliﬁcare
2423 4089 2608 4145 studui
2654 4098 2709 4145 et
2748 4087 3016 4146 laboravi.
3055 4107 3077 4142 3
3113 4087 3180 4146 Et
3225 4089 3364 4159 quia

107 4182 254 4243 rapta,
277 4176 560 4236 Duratium
594 4180 787 4235 urbem
822 4180 1112 4248 adeuntes,
1147 4196 1206 4234 Ill
1249 4179 1378 4236 ldus
1403 4178 1659 4234 Octobris
1760 4186 1866 4242 sub
1891 4185 2167 4242 discordia
2199 4200 2398 4256 magna
2422 4184 2491 4240 de
2517 4192 2663 4240 statu
2697 4198 2802 4240 suo
2835 4185 3016 4240 solent
3047 4183 3180 4252 labi,
3213 4192 3269 4239 et
3299 4183 3364 4238 iur

105 4266 414 4330 Obsederunt.
473 4275 583 4330 Sed
616 4273 746 4345 quia
790 4274 985 4330 civitas
1035 4273 1127 4329 illa
1173 4283 1288 4328 tam
1339 4273 1658 4329 hominibus
1759 4279 2051 4336 concordia
2081 4279 2312 4334 minima
2359 4277 2570 4350 augeri,
2607 4277 2932 4354 Guillelmus
2961 4276 3376 4352 malevolentia:

107 4374 239 4430 quam
265 4368 590 4424 Vicluaiibus
639 4368 775 4424 satis
803 4377 924 4424 erat
951 4368 1186 4436 munita,
1215 4368 1533 4424 obsessores
1561 4367 1656 4422 diu
1758 4388 1926 4431 causa
1959 4373 2024 4430 de
2050 4373 2269 4446 negotio
2296 4372 2390 4426 illo
2415 4371 2730 4427 retrahebat
2775 4386 2854 4438 se,
2886 4370 3226 4426 Bertranmts
3251 4386 3362 4424 au-

109 4447 332 4522 litigavit.
401 4459 652 4514 Habebat
714 4459 937 4530 quidem
998 4459 1237 4514 domnus
1302 4457 1655 4516 Boamundus
1759 4475 1866 4521 tem
1897 4483 2022 4521 cum
2065 4467 2183 4522 suis
2215 4465 2405 4520 urbem
2451 4463 2687 4518 viriliter
2721 4463 3030 4519 cohibebat.
3068 4463 3166 4518 Hic
3188 4463 3362 4518 nolles

109 4543 310 4644 qlfinque
337 4551 505 4644 millia
538 4551 796 4617 militum,
822 4561 878 4607 et
904 4551 974 4607 60
1025 4551 1193 4607 millia
1227 4551 1492 4644 peditum.
1549 4551 1655 4607 Fe-
1685 4537 1734 4596 Ι)
1759 4558 1912 4614 illum
1942 4575 2106 4630 posse
2127 4559 2412 4629 prolicere,
2441 4557 2532 4612 ille
2559 4571 2774 4628 quoque
2806 4556 2974 4611 nollet
3009 4556 3174 4611 etiam
3208 4557 3366 4612 hunc

109 4643 278 4694 nimam
302 4643 499 4715 quippe
530 4644 738 4698 nullam
768 4653 898 4700 tunc
931 4659 1119 4699 secum
1163 4643 1400 4700 transire
1445 4644 1654 4715 permi—
1755 4651 1957 4706 vivere.
1990 4648 2214 4705 Certant
2242 4665 2342 4720 pro
2387 4648 2632 4714 incertis,
2678 4656 2733 4704 ct
2784 4655 2914 4703 sunt
2957 4647 3150 4702 incerti
3175 4647 3241 4701 de
3271 4647 3362 4700 in-

111 4725 183 4793 εῖῑ,
217 4747 276 4788 ne
317 4737 646 4793 exercitibus
693 4737 1084 4808 impedimento
1135 4746 1322 4792 essent
1369 4746 1423 4794 et
1475 4736 1650 4793 oneri.
1755 4742 1941 4798 certis.
1972 4741 2326 4797 Contendunt
2354 4755 2453 4811 pro
2481 4740 2904 4804 momentaneis,
2934 4746 2989 4792 et
3037 4753 3148 4792 non
3198 4735 3360 4792 labo-

109 4813 215 4876 Et‘at
231 4827 432 4894 quidem
457 4830 755 4900 imperator
776 4828 1441 4900 Constantinopolitanus,
1469 4829 1611 4885 Alexi

1860 4843 1880 4889 t
1909 4851 2008 4906 pro
2041 4815 2288 4890 tElCI'HiS.
2307 4833 2551 4889 Currnnt
2579 4833 2674 4904 qui
2706 4831 2936 4887 forsitan
2963 4847 3072 4885 non
3104 4845 3361 4900 compre-

114 4913 315 4984 υθῐηίηθ,
343 4921 484 4991 genti
513 4930 714 4976 nostrae
743 4930 871 4976 tunc
901 4921 1055 4976 valde
1081 4922 1414 4988 contrarius,
1445 4931 1499 4978 et
1527 4921 1654 4991 Hie,-
1756 4927 2022 4982 bendunt.
2059 4926 2398 4982 Remanebat
2431 4925 2596 4998 igitur
2626 4925 2680 4979 in
2727 4925 2876 4978 bivio
2911 4923 3187 4978 bravium.
3230 4921 3356 4976 Non

113 5003 393 5077 rosolymam
414 5013 891 5085 peregrinantibus
935 5015 1020 5070 vel
1073 5013 1266 5072 fraude
1313 5016 1650 5071 clandestina
1755 5027 1839 5074 est
1874 5019 2134 5072 currentis
2165 5018 2350 5090 igitur,
2384 5033 2546 5087 neque
2569 5016 2835 5070 volentis:
2875 5015 2966 5069 sed
2987 5024 3066 5068 est
3101 5015 3349 5069 miseren-

114 5091 180 5145 vel
203 5096 432 5158 violentia
465 5104 756 5159 manilesta
808 5113 918 5158 tam
963 5122 1059 5175 per
1095 5115 1295 5160 terram
1342 5123 1508 5178 quam
1555 5125 1653 5178 per
1757 5112 1824 5165 tis
1852 5109 1950 5164 Dei
1975 5109 2148 5181 (Rom.
2179 5128 2255 5176 ιχ,
2285 5109 2394 5178 16).
2435 5108 2677 5165 Necdum
2726 5109 2918 5163 urbem
2961 5117 3261 5178 ceperant,
3299 5118 3352 5165 et

115 5197 238 5275 mare
258 5197 586 5260 perturbator
625 5205 680 5250 et
709 5206 992 5268 tyrannus.
1019 5199 1364 5270 Quapropter
1386 5200 1655 5256 Boamun-
1751 5204 1867 5275 jam
1903 5205 1970 5260 de
1999 5212 2228 5275 captura
2259 5205 2562 5275 litigabant.
2592 5203 2670 5257 Ad
2703 5209 2896 5256 nutum
2940 5201 3036 5256 Dei
3073 5211 3353 5257 momenta

117 5273 198 5375 tius
220 5283 442 5354 collecto,
479 5296 543 5343 ut
569 5288 780 5343 dictum
811 5297 916 5357 est,
951 5292 1218 5358 exercitu,
1255 5305 1455 5347 terram
1508 5294 1654 5350 illius
1755 5273 2125 5366 transvolant,
2149 5305 2206 5353 et
2230 5273 2593 5370 cegitatiOttes
2627 5293 2916 5351 hominum
2939 5309 3094 5350 vanae
3117 5296 3352 5352 subver-

117 5375 319 5444 tutravit,
347 5379 588 5436 civitates
612 5387 668 5436 ct
690 5381 887 5452 oppida
921 5385 1383 5454 comprehendere
1407 5385 1607 5443 nitens.
1757 5395 1967 5446 tuntur.
2595 5391 2598 5394 ’

592 5497 822 5555 CAPUT
859 5499 1125 5557 xxxv".
2289 5479 2520 5562 CAPUT
2556 5469 2801 5537 XXXIX.

121 5574 181 5632 De
208 5592 460 5647 concordia
491 5594 631 5648 inter
657 5594 1028 5662 imperatorem
1063 5605 1113 5648 et
1141 5594 1516 5650 Boamundem
1559 5613 1623 5651 sa.

1559 5613 1650 5651 δα-
2061 5577 2339 5644 Quomodo
2367 5576 2490 5632 urbs
2523 5574 2756 5648 Tripolis
2782 5583 2939 5647 capta
2961 5577 3051 5632 sit.

581 5674 848 5718 cremento
878 5666 1114 5736 ﬁrmata.
1826 5668 1891 5724 Et
1921 5685 2028 5724 non
2063 5669 2165 5724 fuit
2187 5686 2363 5743 mora,
2389 5678 2680 5742 postquam
2705 5684 2801 5725 rex
2830 5669 3130 5725 Balduinus
3156 5668 3224 5723 ad
3251 5668 3350 5723 ob-

175 5739 304 5802 Anno
323 5763 488 5811 autem
520 5755 657 5811 H08
703 5758 773 5812 ab
822 5755 1206 5814 Incarnatione
1255 5749 1646 5826 Domini,cum
1751 5763 2022 5820 sidioncm
2054 5763 2202 5818 venit
2243 5739 2412 5832 illam,
2448 5739 2772 5834 deprecatus
2816 5771 2900 5816 est
2945 5760 3252 5816 Januenses
3287 5768 3348 5814 ut

125 5841 222 5888 ante
244 5835 498 5903 Duratium
520 5849 633 5920 jam
665 5867 762 5922 per
797 5847 1230 5908 untun'Sedisset
1253 5867 1482 5920 annum,
1507 5853 1644 5911 nihil
1749 5859 1869 5929 ipso
1894 5873 2039 5913 anno
2063 5858 2316 5931 juvarcnt
2351 5873 2476 5916 cum
2523 5847 2591 5913 ad
2635 5855 2957 5928 capiendam
3007 5852 3336 5910 Ascalonem
