3850 6310
441 336 539 394 891
1013 332 1104 388 AD
1139 330 1592 391 GODEFRIDUM
1629 329 1922 387 APPEND.
1961 328 2028 388 11.
2067 359 2138 370 -
2174 328 2446 388 NONUM.
2490 329 2579 386 DE
2618 329 2840 387 BELLO
2880 329 3123 388 SACRO.
3577 340 3659 396 89!

441 463 604 524 atque
631 451 902 519 Beritum,
935 466 1038 507 nec
1078 467 1190 507 non
1211 452 1495 508 Sidcnem.
1528 447 1591 503 Et
1623 447 1875 518 contigit,
1905 447 2036 502 dum
2073 451 2107 514 ᾼ
2139 446 2420 517 petebant;
2447 445 2542 516 qui
2567 461 2665 516 per
2691 445 2966 516 regionem
2995 446 3144 500 illam
3166 447 3468 502 catervatim
3492 451 3662 510 discur.

439 547 760 603 ordiebatur
794 545 1148 604 concordiam
1192 547 1312 603 fieri
1355 546 1497 600 inter
1528 543 1671 598 duos
1697 548 2036 597 memoratos
2135 548 2356 606 rentes,
2414 538 2559 609 regis
2607 539 3002 608 exspectabant
3054 540 3364 596 adventum.
3421 543 3517 597 Sed
3567 547 3664 614 quia

439 640 691 707 comites,
725 640 912 696 nescio
934 654 1046 710 quo
1076 636 1405 704 infortunio,
1435 636 1566 692 dum
1609 643 1776 690 noctu
1821 633 2035 703 equita-

449 731 543 785 bat
585 729 912 786 Guillalmus
961 730 1052 784 ille
1095 727 1392 795 Jordanus,
1435 727 1647 798 sagittae
1690 725 1802 781 ictu
1853 739 2035 795 parva:

442 821 583 880 clam
615 821 838 877 interiit.
867 819 1299 877 Sciscitabantur
1315 834 1509 874 omnes
1530 817 1656 888 quis
1670 819 1774 872 hoc
1790 816 2031 882 fecisset;

447 913 542 967 sed
573 914 679 968 hoc
702 913 982 969 addiscere
1005 912 1391 982 nequiverunt.
1426 908 1493 964 Hi
1518 910 1726 975 dolent,
1775 908 1852 964 illi
1901 923 2035 979 gau-

443 1004 594 1058 dent.
636 1002 701 1059 lli
731 1004 916 1075 lugent
943 1003 1207 1068 amicum,
1242 1003 1320 1057 illi
1355 1002 1612 1057 lastantur
1654 1015 1820 1069 super
1849 997 2036 1052 inimi-

444 1112 570 1151 cum
600 1097 877 1151 obrutum.
908 1094 1188 1151 Remansit
1224 1095 1558 1151 Bertrandus
1605 1093 1748 1166 regis
1782 1090 2035 1146 Balduini

451 1188 615 1243 homo
635 1189 882 1243 ell'ectus.
921 1186 1078 1244 Tunc
1119 1187 1314 1244 civitas
1342 1187 1585 1258 undique
1611 1193 1887 1242 coarctata
1925 1191 2030 1238 est.

447 1277 724 1332 Laborant
761 1278 994 1346 externi,
1029 1287 1301 1333 vexantur
1337 1277 1557 1333 interni.
1590 1275 1698 1332 Sed
1733 1291 1858 1331 cum
1903 1275 2036 1329 Sar-

443 1371 625 1425 raceni
651 1371 808 1428 valde
839 1380 1276 1438 coarctarentur,
1318 1379 1376 1427 et
1420 1357 1570 1425 nulla
1620 1385 1746 1440 spes
1794 1369 1908 1440 jam
1954 1367 2035 1423 eis

440 1470 588 1518 esset
621 1463 909 1531 evadendi,
940 1463 1045 1519 sub
1086 1463 1212 1519 fidei
1238 1462 1493 1533 pactione
1529 1462 1737 1533 jurata,
1759 1469 1816 1516 et
1839 1475 1871 1514 a
1910 1474 2035 1531 rege

441 1557 788 1624 confirmata,
813 1573 882 1613 ne
903 1557 1312 1624 occiderentur,
1347 1557 1440 1613 sed
1473 1571 1807 1627 quocunque
1832 1553 2036 1610 vellent

441 1647 562 1702 sine
584 1647 1020 1703 contradictione
1049 1647 1283 1714 abirent,
1309 1648 1564 1718 permissi
1596 1657 1724 1702 sunt
1752 1662 1815 1700 ea
1843 1646 2035 1701 condi-

441 1737 590 1794 tione
617 1755 712 1794 rex
741 1750 796 1794 et
823 1740 909 1795 sui
933 1739 988 1794 in
1017 1755 1185 1795 unam
1207 1740 1360 1796 urbis
1379 1748 1589 1810 partem
1619 1739 1846 1810 ingredi.
1875 1737 2032 1805 Quod

2135 631 2385 687 sciebant
2433 631 2638 687 milites
2684 642 2904 688 nostros
2933 647 3058 689 esse
3093 633 3447 703 probissimos
3486 636 3670 693 bellato-

2136 741 2246 791 res,
2282 733 2336 780 et
2367 724 2648 780 mirabiles
2676 724 2744 780 de
2783 725 2990 781 lanceis
3021 742 3394 796 percussores,
3437 744 3534 783 non
3574 745 3673 789 sunt

2135 814 2256 870 ausi
2285 830 2413 871 cum
2439 814 2520 869 eis
2546 813 2747 870 bellum
2779 815 3144 881 committere,
3173 817 3268 872 sed
3316 815 3528 890 fugitiva
3553 822 3674 876 calli-

2134 907 2303 963 ditate
2335 907 2404 962 ab
2441 906 2522 964 eis
2547 907 2888 964 divertentes
2929 923 3029 963 uec
3059 909 3266 964 bellare
3309 910 3580 977 audebant,
3603 931 3678 972 nee

2136 1002 2190 1057 in
2221 1011 2424 1057 terram
2449 1018 2607 1058 suam
2631 1003 2891 1060 secedere
2922 1002 3199 1058 volebant.
3251 1001 3317 1056 Et
3357 1019 3476 1057 cum
3517 1009 3680 1063 astutia

2135 1093 2360 1150 taediosa
2392 1109 2490 1164 per
2518 1094 2635 1150 dies
2656 1095 2926 1165 plurimos
2950 1094 3200 1150 nolentes
3247 1094 3477 1164 praeliari
3505 1105 3680 1154 nostros

2135 1183 2366 1256 fatigare
2390 1186 2755 1255 studuissent,
2779 1195 3003 1258 sumpto
3020 1187 3368 1244 necessitatis
3395 1197 3449 1243 et
3474 1189 3681 1248 utilitatis

2135 1277 2387 1345 consilio,
2412 1279 2653 1335 munivit
2679 1296 2774 1336 rex
2821 1279 3086 1336 Edessam
3133 1280 3324 1336 urbem
3349 1295 3572 1349 annona,
3598 1299 3680 1354 qua

2136 1367 2372 1423 multum
2426 1368 2744 1442 indigebant
2782 1371 3177 1438 inhabitantes,
3205 1372 3336 1442 quia
3383 1383 3680 1433 vastaverant

2137 1459 2304 1516 Turci
2329 1461 2607 1533 regionem
2652 1463 2707 1518 in
2737 1463 2992 1519 circuitu.
3019 1462 3446 1535 Comprehensis
3487 1467 3680 1524 castellis

2134 1561 2190 1608 et
2216 1552 2452 1620 colonis,
2479 1554 2682 1625 quibus
2706 1555 2904 1611 civitas
2933 1556 3194 1627 praedicta
3241 1557 3573 1626 pascebatur,
3597 1574 3679 1613 non

2136 1646 2374 1717 amplius
2390 1656 2667 1704 morantes
2689 1648 2758 1704 ad
2781 1648 3008 1704 fluvium
3031 1656 3398 1704 memoratum
3426 1648 3677 1707 redierunt.

2136 1738 2242 1805 Qui
2269 1755 2394 1794 cum
2419 1739 2682 1810 paulatim
2720 1756 2846 1796 cum
2892 1741 3106 1800 ratibus
3154 1740 3349 1812 paucis
3389 1749 3442 1796 et
3490 1742 3679 1798 modicis

440 1831 572 1886 dum
601 1831 675 1886 ita
705 1831 880 1898 fieret,
905 1833 1093 1887 nescio
1118 1847 1229 1903 quo
1255 1841 1453 1887 eventu
1497 1842 1654 1887 ortus
1701 1839 1785 1887 est
1828 1831 2032 1886 tumul—
2063 1818 2105 1877 Β
2134 1831 2479 1901 transissent,
2497 1831 2792 1889 adfuerunt
2817 1832 2963 1888 illico
2987 1841 3112 1904 post
3139 1848 3235 1888 eos
3260 1832 3532 1888 venientes
3550 1831 3680 1888 Turci

441 1932 534 1978 tus
563 1939 796 1994 magnus
827 1924 968 1980 inter
997 1925 1240 1981 minores
1272 1922 1634 1980 Janucnsium
1677 1924 2030 1994 repentinus,

441 2018 538 2088 qui
569 2035 663 2090 per
688 2019 928 2076 chordas
977 2028 1032 2074 et
1066 2034 1166 2090 per
1199 2019 1377 2077 scalas
1422 2034 1642 2074 murum
1693 2017 2032 2074 conscende-

443 2118 595 2180 runt,
632 2119 687 2165 et
715 2111 906 2166 urbem
945 2111 1294 2166 introierunt.
1330 2109 1399 2166 Et
1435 2111 1530 2182 qui
1568 2111 1824 2168 inventus
1851 2119 1934 2167 est
1960 2110 2032 2166 ibi

445 2201 806 2269 Sarracenus,
840 2204 988 2260 illico
1020 2204 1200 2275 capite
1226 2212 1514 2260 truncatus
1546 2214 1650 2262 est.
1698 2204 1804 2272 Qui
1847 2213 2030 2260 autem

443 2299 500 2354 in
537 2300 688 2356 circo
710 2301 855 2373 regis
885 2299 1127 2369 fuerunt,
1154 2300 1313 2372 juxta
1342 2301 1651 2372 pactionem
1675 2299 1802 2356 inde
1828 2298 2029 2355 factam

441 2393 512 2448 ab
548 2408 615 2448 eo
635 2392 844 2449 defensi
869 2401 1018 2449 sunt.

444 2503 550 2580 Ter
573 2507 756 2580 decies
793 2507 1009 2563 Cancro
1037 2508 1260 2569 dederat
1279 2508 1393 2580 jam
1419 2508 1629 2565 lumina
1656 2507 1919 2577 Pluebus,

440 2577 500 2650 §i
532 2579 635 2634 tria
656 2579 725 2633 de
745 2595 975 2634 numero
1002 2590 1184 2636 tamen
1211 2577 1482 2650 ejiciendo
1512 2580 1747 2646 recidas,

446 2647 648 2706 Urbem
678 2665 807 2707 cum
833 2650 1097 2723 Tripolim
1127 2647 1353 2723 capiunt
1378 2668 1513 2725 gens
1553 2651 1747 2708 bellica
1778 2666 1874 2723 per
1900 2648 2032 2706 vim.

1047 2761 1280 2822 CAPUT
1313 2763 1428 2820 XL.

717 2853 993 2920 Quomodo
1023 2855 1238 2911 Beritus
1270 2858 1460 2912 civitas
1486 2865 1644 2928 capta
1663 2857 1755 2913 sit.

501 2968 661 3041 ᾼιιηο
680 2968 838 3037 1110,
853 2969 984 3026 dum
1005 2971 1212 3027 mensis
1224 2970 1558 3028 Februarius
1571 2973 1749 3028 adhuc
1769 2969 2036 3028 imbribus

443 3058 693 3115 hibernis
722 3069 898 3117 terras
920 3062 1220 3132 cohiberet,
1259 3062 1539 3134 profectus
1565 3071 1651 3119 est
1684 3079 1781 3118 rex
1813 3060 2036 3117 Baldui-

446 3165 554 3204 nus
581 3148 863 3205 Berithum
893 3151 1192 3220 civitatem,
1236 3162 1291 3208 et
1332 3153 1548 3209 obsedit
1569 3169 1713 3208 eam.
1744 3152 1847 3208 Cui
1885 3152 2036 3208 venit
2061 3185 2107 3246 ο

443 3242 500 3298 in
531 3244 796 3299 auxilium
829 3244 1165 3302 Bertrannus
1185 3261 1372 3303 comes
1396 3245 1792 3318 Tripolitanus,
1817 3253 1873 3302 et
1900 3260 2035 3301 con-

444 3335 589 3391 sedit
623 3337 900 3394 exercitus
927 3337 994 3394 ad
1024 3339 1262 3410 primum
1289 3339 1362 3394 ah
1397 3340 1532 3394 urbe
1577 3339 1834 3410 lapidem.
1867 3337 2036 3392 Cum-

443 3441 554 3497 que
573 3443 669 3498 per
695 3427 764 3484 75
786 3428 924 3497 dies,
949 3438 1011 3486 ut
1049 3431 1262 3502 opinor,
1287 3430 1563 3486 civitatem
1591 3431 1836 3502 undique
1879 3444 2038 3486 coar-

444 3525 708 3586 ctassent,
735 3527 791 3575 et
832 3535 1020 3588 naves,
1046 3537 1169 3592 quae
1210 3523 1278 3578 ad
1317 3521 1626 3578 subsidium
1664 3537 1856 3577 eorum
1907 3521 2038 3580 illuc

444 3610 829 3680 conﬂixerant,
860 3628 1029 3670 naves
1055 3622 1262 3670 nostra;
1288 3614 1430 3670 intra
1464 3623 1686 3686 portum
1731 3614 2037 3674 conclusis-

445 3711 588 3770 sent,
627 3703 876 3760 turribus
903 3704 1100 3776 ligneis
1150 3720 1310 3760 muro
1358 3714 1492 3761 tunc
1536 3705 1794 3774 admotis,
1839 3705 2040 3761 Franci

446 3796 622 3852 nostri
651 3813 792 3852 ausu
831 3812 1034 3869 magno
1075 3797 1143 3853 dc
1178 3798 1287 3854 illis
1332 3814 1498 3869 super
1543 3814 1766 3854 murum
1815 3798 2040 3854 nudatis

445 3901 570 3940 eum
594 3887 822 3944 ensibus
843 3887 1218 3960 prosilierunt.
1248 3887 1649 3946 Desoendentes
1671 3890 1854 3960 itaque
1877 3890 1931 3944 in
1953 3889 2036 3945 ci-

445 3976 692 4048 vitatem,
717 3995 844 4036 cum
878 3995 974 4051 per
1001 3993 1189 4052 portas
1218 3981 1383 4036 etiam
1409 3981 1567 4036 multi
1599 3981 2037 4054 ingrederentur,

445 4069 718 4142 fugientes
751 4073 942 4130 hostes
974 4073 1326 4129 vehementer
1354 4082 1770 4145 persequentes,
1801 4073 2040 4144 denique

445 4173 760 4235 peremptos
790 4174 1210 4237 superaverunt,
1252 4179 1558 4237 eorumque
1608 4164 1896 4236 pecuniam
1949 4173 2038 4221 to-

442 4284 556 4331 tam
586 4276 946 4348 diripuerunt.

443 4367 606 4440 Anno
643 4369 867 4440 milleno
892 4376 1146 4436 centeno,
1181 4368 1266 4426 bis
1288 4383 1510 4440 quoque
1537 4369 1733 4439 quino,

443 4437 647 4510 Urbem
681 4439 923 4494 Beritum
951 4441 1126 4496 virtus
1153 4437 1774 4510 capit—armipotentum.

443 4509 536 4565 llis
567 4511 750 4566 decies
783 4521 939 4567 ortus
963 4513 1067 4568 sub
1098 4509 1265 4567 Tauri
1295 4509 1476 4566 sidere
1501 4511 1765 4574 Phozbus,

451 4579 659 4652 l‘erqne
687 4593 988 4654 quaterque
1016 4583 1138 4650 fuit,
1163 4599 1289 4638 cum
1317 4581 1523 4638 factum
1546 4581 1774 4654 contigit
1797 4579 1962 4636 istud.

1033 4698 1265 4756 CAPUT
1304 4697 1444 4754 xu.
2009 4757 2025 4769 ο

439 4791 600 4857 Quod
650 4810 742 4849 rex
787 4793 1086 4848 Balduinus
1136 4791 1202 4846 et'
1230 4792 1471 4860 princeps
1517 4787 1820 4846 Tancredus
1853 4798 2038 4846 contra

628 4865 826 4920 Turcos
851 4864 1108 4920 Edessam
1139 4863 1435 4916 obsidentes
1457 4863 1682 4936 profecti
1705 4871 1847 4917 sunt.

521 4979 616 5037 His
639 4981 713 5036 ita
740 4980 932 5052 gestis,
971 4977 1134 5034 rediit
1159 4991 1255 5031 rex
1296 4975 1662 5042 Hierusalem,
1693 4975 1804 5037 Deo
1847 4977 2037 5034 laudes

447 5074 667 5130 debitas
699 5073 1034 5136 redditurus,
1065 5084 1164 5140 per
1192 5083 1355 5138 quem
1388 5067 1843 5138 triumphaverat.
1877 5067 2040 5124 Dein-

447 5167 515 5223 de
544 5164 758 5237 paravit
779 5179 838 5218 se
864 5164 1072 5217 iturum
1117 5167 1310 5216 contra
1354 5157 1588 5226 Turcos,
1633 5159 1728 5230 qui
1775 5159 2036 5215 Edessam

446 5257 856 5331 Mesopotamia:
886 5255 1080 5311 urbem
1107 5253 1451 5309 obsidebant.
1499 5252 1656 5308 Tunc
1687 5252 1906 5323 quidem
1953 5251 2038 5305 vi-

447 5353 633 5408 dimus
657 5356 930 5405 cometam
977 5362 1148 5402 unum
1196 5361 1296 5418 per
1333 5355 1522 5403 noctes
1563 5345 1794 5416 aliquot,
1838 5343 1905 5398 ad
1936 5360 2038 5400 au-

449 5451 628 5500 strum
670 5437 854 5493 radios
903 5453 1036 5494 suos
1080 5437 1483 5494 extendentem.
1511 5435 1830 5493 Tancredus
1875 5436 2040 5492 etiam

449 5543 584 5589 tunc
611 5530 874 5587 adunavit
899 5540 1112 5603 gentem
1142 5547 1302 5588 suam
1346 5530 1721 5598 Antiochiam,
1751 5537 2044 5601 quantam-

449 5637 673 5692 eunque
703 5623 902 5691 potuit,
922 5632 1235 5694 exspectato
1249 5623 1367 5696 jam
1395 5638 1523 5695 rege
1544 5638 1641 5692 per
1662 5622 1780 5677 dies
1809 5620 2038 5691 aliquot;

452 5712 551 5784 qui
575 5711 743 5767 simul
773 5715 1083 5785 congregati
1110 5724 1242 5771 sunt
1268 5726 1397 5770 aute
1426 5714 1652 5770 ﬂuvium
1682 5712 2036 5783 Euphratem.

455 5805 580 5871 Quo
609 5805 866 5878 transito,
895 5806 1221 5866 invenerunt
1265 5809 1449 5867 statim
1471 5806 1716 5882 Turcos,
1751 5821 1892 5880 quos
1940 5823 2036 5879 ap-

2063 4545 2113 4606 D

2134 1923 2452 1996 versipelles
2480 1935 2536 1981 et
2579 1941 2830 1996 rapaces,
2861 1925 2957 1996 qui
2984 1925 3186 1982 inultos
3214 1925 3283 1980 de
3314 1923 3572 1995 peditibus
3603 1942 3680 1979 no-

2133 2015 2264 2072 stris
2293 2015 2366 2070 ibi
2392 2017 2769 2088 arripuerunt,
2815 2024 2870 2072 et
2903 2015 2955 2070 in
2987 2013 3268 2072 Persidam
3299 2014 3616 2070 abduxerunt
3634 2021 3682 2072 de

2134 2110 2394 2166 Armenis
2430 2109 2687 2166 videlicet
2713 2109 2992 2180 inopibus,
3022 2125 3162 2180 quos
3206 2107 3374 2164 Turci
3406 2108 3514 2179 jam
3555 2108 3684 2179 impie

2138 2214 2509 2260 vastaverant.
2544 2203 2611 2259 Et
2643 2203 2773 2275 quia
2795 2203 3085 2260 difﬁcultas
3108 2211 3227 2259 erat
3263 2202 3462 2256 flumen
3497 2211 3607 2257 tunc
3634 2203 3684 2256 ad

2139 2314 2236 2354 eos
2266 2307 2632 2366 transmeare,
2655 2298 2792 2354 satis
2825 2298 2951 2352 inde
2986 2297 3237 2352 dolentes
3256 2295 3400 2350 viam
3435 2296 3685 2366 intemptata

2141 2396 2438 2445 tenuerunt
2469 2408 2482 2443 :
2511 2387 2830 2444 Tancredus
2860 2387 3046 2444 eundo
3073 2381 3448 2456 Antiochiam,
3473 2404 3558 2443 rex
3585 2400 3684 2442 rem

2135 2480 2419 2540 redeundo
2448 2479 2814 2538 Hierusalem.

2718 2593 2952 2651 CAPUT
2989 2592 3152 2649 XLII.

2139 2685 2416 2754 Quomodo
2449 2683 2638 2751 Sidon,
2675 2701 2796 2756 qua:
2836 2684 3050 2756 Sagitta
3093 2684 3318 2750 dicitur,
3368 2700 3402 2756 α
3447 2699 3554 2754 rege
3583 2691 3624 2736 et
3666 2700 3692 2736 α

2424 2755 2786 2811 Noroensibus
2823 2755 3033 2810 obsessa
3073 2765 3122 2810 et
3158 2765 3316 2826 capta
3358 2755 3447 2808 sit.

2206 2846 2597 2919 Applicuerant
2643 2847 2866 2902 interim
2917 2845 3090 2918 Joppe
3141 2862 3277 2919 gens
3343 2844 3581 2916 quaedam
3607 2843 3695 2898 No-

2138 2941 2375 3010 roensis,
2406 2957 2572 3012 quam
2606 2941 2674 2997 de
2705 2941 2842 2996 mari
2876 2941 3108 2996 occiduo
3155 2939 3516 2996 concitaverat
3558 2938 3694 3002 Deus,

2139 3046 2199 3094 ut
2227 3035 2567 3093 Hierusalem
2599 3037 3098 3108 peregrinarentur.
3141 3033 3390 3104 Quorum
3422 3035 3597 3091 classis
3621 3051 3698 3086 na-

2137 3132 2287 3187 vium
2327 3132 2397 3188 55
2441 3140 2579 3188 erat.
2629 3130 2836 3188 Horum
2879 3131 3092 3203 primus
3138 3140 3257 3187 erat
3301 3129 3516 3201 juvenis
3553 3127 3699 3182 forma

2137 3225 2294 3281 valde
2322 3224 2624 3296 speciosus,
2654 3223 2797 3296 regis
2825 3232 2987 3279 terrae
3027 3222 3176 3280 illius
3214 3238 3526 3296 germanus.
3563 3219 3700 3275 Cuni-

2137 3333 2244 3390 que
2265 3332 2550 3390 regressus
2566 3332 2660 3372 rex
2685 3315 2883 3372 fuisset
2904 3313 3270 3384 Hierusalem,
3292 3314 3521 3370 adventu
3542 3329 3700 3368 eorum

2137 3411 2380 3482 gavisus,
2407 3427 2531 3466 eum
2573 3411 2655 3468 eis
2696 3410 2913 3466 locutus
2959 3417 3046 3466 est
3088 3409 3471 3476 amicabiliter,
3506 3421 3702 3463 monens

2138 3517 2236 3558 eos
2257 3510 2314 3558 et
2331 3503 2656 3573 deprecans,
2683 3510 2744 3556 ut
2781 3517 2882 3571 pro
2923 3516 3112 3557 amore
3154 3500 3250 3556 Dei
3293 3509 3620 3556 morarentur
3658 3501 3704 3554 in

2138 3603 2285 3650 terra
2311 3609 2410 3650 sua
2436 3594 2864 3665 aliquantulum,
2889 3603 2942 3647 et
2961 3593 3219 3664 juvarent
3255 3591 3704 3648 Christianismum

2137 3685 2376 3756 amplius
2397 3686 2809 3757 provcheudum
2834 3694 2888 3741 et
2920 3684 3395 3756 ampliﬁcandum,
3440 3693 3497 3738 ut
3523 3684 3706 3754 expleto

2138 3785 2418 3848 utcunque
2463 3777 2684 3848 negotio
2729 3775 2958 3843 Christi,
3006 3777 3062 3832 in
3103 3785 3307 3832 terram
3356 3792 3507 3832 suam
3546 3785 3707 3846 postea

2138 3868 2343 3952 gratias
2377 3867 2490 3924 Deo
2513 3867 2834 3940 magnificas
2858 3868 3170 3924 redderent.
3207 3867 3386 3936 Quam
3425 3868 3707 3940 petitionem

2139 3958 2216 4014 illi
2239 3960 2470 4032 benigne
2491 3961 2878 4031 suscipientes,
2902 3959 3307 4032 responderunt
3339 3977 3450 4016 non
3491 3976 3581 4032 pro
3619 3959 3708 4013 alia

2139 4067 2306 4108 causa
2331 4051 2667 4110 Hierusalem
2693 4049 2930 4120 venisse,
2958 4053 3052 4110 sed
3074 4068 3408 4125 quocunque
3430 4069 3549 4109 cum
3571 4067 3707 4107 exer-

2141 4145 2252 4202 citu
2272 4161 2374 4201 suo
2396 4161 2491 4201 rex
2514 4146 2764 4218 progredi
2789 4147 2974 4214 vellet,
2993 4147 3095 4217 ipsi
3122 4148 3339 4202 marino
3364 4147 3550 4202 itinere
3570 4143 3709 4200 simul

2139 4237 2449 4294 voluntarie
2469 4238 2967 4309 proﬁciscerentur,
2991 4247 3203 4294 tantum
3223 4248 3283 4294 ut
3308 4238 3512 4294 victum
3537 4237 3611 4292 eis
3634 4252 3710 4290 ne-

2139 4331 2445 4386 cessarium
2491 4329 2805 4400 impendere
2848 4339 3085 4386 curaret.
3133 4329 3271 4385 Hinc
3289 4338 3374 4385 est
3392 4344 3710 4390 concessum,

2140 4422 2291 4479 illinc
2330 4431 2640 4495 peractum.
2683 4421 2897 4482 Etcum
2925 4422 3180 4494 primitus
3221 4421 3543 4476 Ascalonem
3582 4419 3713 4474 adire

2139 4512 2569 4585 disposuissent,
2619 4514 2913 4570 laudatiori
2955 4514 3175 4570 demum
3223 4523 3445 4584 sumpto
3485 4512 3710 4575 consilio,

2142 4605 2400 4662 Sidonem
2424 4607 2697 4662 civitatem
2753 4607 3018 4662 adeuntes
3045 4606 3396 4662 obsederunt.
3444 4605 3518 4658 De
3561 4604 3713 4658 Ptole-

2141 4700 2354 4766 maida,
2397 4717 2519 4770 quae
2557 4699 2904 4770 frequentius
2946 4699 3137 4754 Achon
3182 4698 3406 4765 dicitur,
3435 4698 3598 4752 movit
3635 4713 3712 4750 rex

2140 4790 2441 4848 exercitum
2477 4805 2661 4844 suum.
2707 4787 3018 4844 Noroeuses
3042 4804 3172 4844 vero
3194 4787 3261 4842 de
3302 4787 3475 4859 Joppe
3516 4787 3714 4856 navigio

2137 4891 2550 4955 processerunt.
2594 4881 2751 4936 Tunc
2793 4881 2989 4937 classis
3031 4878 3321 4936 admirabli
3365 4878 3636 4950 Babylonii
3669 4877 3712 4930 in

2142 4975 2310 5049 Tyrio
2353 4983 2513 5046 portu
2558 4975 2826 5041 latitabat,
2871 4990 2980 5044 qua
3023 4972 3325 5029 Sarraceni
3359 4973 3464 5027 ritu
3506 4971 3715 5043 piratico

2142 5068 2475 5125 Christianis
2498 5067 2706 5122 nostris
2728 5065 3031 5138 peregrinis
3051 5081 3293 5140 persaepe
3311 5066 3562 5131 oberant,
3585 5073 3635 5118 et
3653 5063 3717 5116 ci-

2142 5163 2338 5216 vitates
2360 5159 2687 5227 maritimas,
2711 5175 2852 5230 quas
2890 5159 3068 5216 adhuc
3110 5175 3204 5214 rex
3247 5158 3540 5230 Babylonis
3562 5154 3718 5227 possi-

2142 5254 2323 5321 debat,
2349 5253 2658 5308 munientes
2681 5251 3018 5324 vegetabant.
3043 5249 3184 5306 Cum
3210 5259 3395 5306 autem
3417 5250 3483 5306 de
3502 5248 3720 5304 Noroeu-

2144 5347 2298 5403 sibus
2342 5361 2691 5402 murmurare
2733 5345 3015 5402 audissent
3039 5385 3057 5412 ,
3119 5360 3222 5399 nec
3261 5344 3331 5400 de
3373 5353 3534 5419 portu
3573 5339 3719 5412 Tyrio

2142 5439 2349 5510 egredi,
2376 5453 2553 5509 neque
2575 5453 2701 5493 cum
2723 5437 2804 5494 eis
2831 5437 3088 5511 congredi
3130 5437 3253 5494 ausi
3297 5445 3450 5492 sunt.
3491 5433 3720 5502 Cumque

2143 5529 2213 5587 ad
2258 5529 2516 5585 Sidonem
2560 5539 2783 5584 ventum
2823 5538 2930 5598 est,
2977 5530 3193 5586 obsedit
3232 5545 3354 5586 eam
3383 5545 3486 5606 grex
3515 5544 3547 5582 a
3571 5537 3716 5586 terra.

2143 5620 2450 5679 Noroeuses
2472 5638 2656 5678 veroa
2690 5623 2848 5680 mari.
2895 5622 2963 5679 Et
3008 5622 3169 5680 factis
3209 5623 3503 5689 machinis,
3543 5619 3720 5677 terruit

2144 5715 2299 5770 valde
2321 5713 2463 5770 inter
2486 5731 2589 5770 nos
2614 5714 2828 5782 hostes,
2849 5715 2923 5771 ita
2963 5724 3025 5771 ut
3058 5724 3367 5785 quaererent
3406 5730 3435 5769 a
3477 5726 3600 5783 rege
3637 5707 3717 5780 qui

2145 5806 2388 5864 solidarii
2410 5816 2586 5877 erant,
2601 5815 2873 5880 quatenus
2894 5823 2990 5865 eos
3010 5823 3177 5865 sanos
3198 5807 3323 5864 inde
3343 5806 3494 5864 exire
3508 5800 3717 5878 permit-
