3850 6310
124 348 202 406 893

123 469 240 525 teret,
264 467 312 514 et
332 457 373 512 si
395 456 444 512 ei
468 456 722 527 placeret,
750 455 1018 528 agricolas
1037 455 1105 510 ad
1140 453 1498 510 excolendum
1545 461 1655 508 ter-
1681 463 1728 517 Α

121 573 187 611 ras
218 566 366 607 causa
406 549 659 606 utilitatis
699 563 810 605 suae
848 549 905 603 in
943 549 1082 603 urbe
1117 555 1482 602 remanerent.
1532 545 1647 601 Hoc
1696 605 1698 608 ,

119 648 355 719 petierunt,
380 643 482 698 hoc
516 642 961 712 impetraverunt.
991 640 1122 696 Sine
1142 641 1400 696 donativo
1423 639 1645 710 quidem

119 745 177 798 sic
208 736 742 794 solidarii-abierunt.
791 733 1061 790 Ruricolae
1080 747 1212 804 vero
1246 732 1353 790 sub
1393 732 1647 804 pactione

116 830 319 904 praedicta
341 825 560 898 paciﬁee
587 832 988 881 remanserunt.

116 923 205 977 iam
237 918 398 973 decies
439 916 632 971 novies
672 915 755 970 sol
792 914 996 969 viserat
1038 911 1504 977 Architenentem,

118 991 275 1048 Urbem
308 986 511 1042 Sidonii
553 1001 682 1042 cum
726 985 960 1040 reddunt
1002 999 1192 1039 mense
1235 981 1538 1038 Decembri.

619 1114 852 1173 CAPUT
877 1112 1062 1172 XLIII.

114 1235 171 1290 De
198 1233 456 1288 Turcorum
485 1233 714 1302 pessima
746 1231 1143 1302 inquietatione,
1171 1227 1488 1302 atqueiregis
1515 1225 1642 1283 Bal-

247 1248 456 1286 ircorum
485 1248 714 1299 pessima
746 1245 1143 1302 inquietatione,
1171 1245 1226 1283 at
1266 1245 1328 1282 ue
1351 1245 1468 1299 regi;

247 1303 403 1370 duini,
427 1310 476 1356 et
513 1300 772 1357 Tancredi
799 1313 984 1358 contra
1008 1319 1094 1357 eos
1125 1245 1468 1372 proﬂctione.

162 1443 290 1496 Anno
307 1439 459 1508 1111,
471 1439 684 1496 ebulliit
698 1455 730 1495 e
744 1436 969 1496 Perside
989 1438 1296 1496 Turcorum
1321 1453 1455 1511 gens
1479 1437 1648 1492 maxi-

111 1552 194 1600 ma,
218 1532 320 1604 qui,
339 1547 433 1602 per
455 1531 903 1605 Mesopotamiam
919 1541 1166 1588 meantes
1185 1529 1517 1603 Euphratem
1541 1530 1646 1585 ﬁu-

111 1629 222 1682 viinn
241 1625 584 1692 transierunt,
608 1635 664 1682 et
687 1625 1020 1682 obsederunt
1052 1633 1294 1681 castrum
1320 1625 1466 1694 quod
1501 1623 1646 1678 Tur-

109 1721 221 1776 bezel
239 1727 472 1786 vocatur,
501 1727 782 1776 morantes
806 1719 879 1774 ibi
909 1733 1021 1774 uno
1045 1733 1252 1774 mense.
1301 1717 1511 1772 Etcum
1537 1732 1646 1771 non

807 335 1180 396 FULCIIERII
1217 335 1519 396 CARNOT.
1560 334 1744 394 IIIS'I‘.
1781 333 2145 391 HIEROSOL.
2185 365 2256 376 --
2289 332 2424 391 LIB.
2461 332 2527 389 II.

3233 332 3345 390 894

2317 447 2550 505 CAPUT
2586 445 2772 502 XLIV.

1748 542 1902 609 Quod
1934 558 2022 598 rex
2059 541 2276 613 Tyrum,
2298 556 2417 613 qua'
2447 538 2553 613 Sur
2573 538 2792 613 dicitur,
2831 537 3054 607 obsedit,
3080 537 3171 594 sed
3209 535 3346 593 nihil

2417 612 2662 682 profecit.

1817 725 1931 783 Nec
1955 743 2108 783 mora
2140 727 2266 783 Inde
2301 725 2404 781 fuit
2431 767 2446 792 ,
2496 733 2758 796 apparati:
2789 723 3090 779 accelerato
3118 737 3343 794 aggres-

1747 835 1845 875 sus
1871 827 1955 874 est
1981 834 2075 872 rex
2097 816 2299 889 Tyrum
2329 816 2625 882 civitatem,
2654 831 2777 886 qua:
2804 813 2942 870 Soor
2968 812 3232 869 llebraice
3260 813 3346 868 di-
3371 810 3375 814 ’

1747 911 1910 976 citur,
1937 917 1994 964 et
2020 907 2232 963 obsedit
2257 921 2399 961 eam.
2432 903 2607 973 Quam
2637 920 2760 960 cum
2793 920 2889 976 per
2919 913 3157 975 quatuor
3187 919 3346 959 men-

1747 1013 1914 1062 seset
1941 1019 2008 1061 eo
2054 1003 2291 1074 amplius
2339 999 2636 1056 admodum
2685 1007 2956 1066 vexasset,
3003 997 3144 1053 idem
3177 996 3344 1052 etiam

1747 1113 1874 1152 cum
1901 1096 2020 1153 suis
2043 1095 2206 1150 εει]ἱο
2230 1102 2285 1149 et
2308 1092 2495 1148 labore
2523 1091 2678 1148 valde
2706 1090 2983 1162 fatigatus,
3015 1089 3189 1145 tristis
3220 1087 3346 1142 inde

1747 1189 2036 1246 abscessit.
2087 1186 2223 1242 Nam
2255 1202 2380 1242 cum
2411 1185 2550 1242 duas
2601 1194 2813 1252 turres,
2860 1200 3000 1255 quas
3051 1181 3346 1238 artiliciose

1747 1285 1956 1356 ligneas
2001 1296 2164 1338 muro
2209 1279 2432 1336 altiores
2463 1280 2580 1336 ﬁeri
2622 1279 2882 1350 iusserat,
2921 1293 3090 1349 prope
3121 1291 3343 1331 murum

1745 1376 1858 1447 jam
1907 1374 2244 1446 impegisset,
2289 1373 2433 1428 unde
2481 1372 2753 1426 civitatem
2789 1369 3250 1441 comprehendere
3283 1382 3345 1423 se

1750 1467 1999 1538 putabat,
2046 1465 2344 1522 sentientes
2394 1462 2682 1519 Sarraceni
2729 1478 2789 1518 se
2834 1461 2997 1516 morti
3040 1461 3344 1532 proximos,

1749 1562 1854 1617 nisi
1882 1569 2054 1616 artem
2081 1569 2198 1616 arte
2225 1559 2495 1626 fallerent,
2521 1557 2798 1628 ingenium
2830 1553 3048 1626 ingenio
3074 1568 3348 1623 opposue-

1749 1661 1900 1720 runt,
1931 1651 2258 1723 probitatcm
2315 1651 2584 1723 probitate
2633 1646 2958 1703 fefellerunt.
3008 1645 3147 1699 Cum
3195 1645 3346 1698 enim

1749 1747 2092 1803 altitudinem
2125 1747 2361 1802 turrium
2395 1755 2708 1800 nostrarum
2759 1756 2819 1796 se
2849 1753 3106 1808 superare
3131 1737 3350 1806 penitus

108 1813 460 1912 “mihi”?
485 1811 1198 1912 smiPHQmprehelfdéf’
1224 1811 1351 1882 quia
1378 1809 1516 1912 Forte
1538 1811 1644 1865 Si!"
1678 1850 1724 1912 Β
1751 1840 2173 1912 conspicerent,
2222 1837 2512 1895 confestim
2575 1843 2797 1907 egentes
2844 1829 3032 1886 auxilii
3080 1838 3348 1883 nocturna

107 1916 184 1973 est,
197 1907 336 1962 taedio
355 1907 624 1963 molestati
646 1907 974 1963 dimiserunt
994 1907 1358 1973 obsidionem,
1385 1907 1439 1961 in
1463 1916 1648 1977 partes

106 2001 258 2071 Caiipti
299 2001 448 2058 urbis
491 2002 825 2057 secedentes.
851 2000 987 2056 Nam
1028 2001 1223 2057 callide
1258 2001 1650 2068 versutiantes,

109 2094 418 2149 moliebantur
437 2093 654 2150 irritare
676 2092 1043 2161 Tancredum,
1067 2103 1126 2148 ut
1147 2101 1338 2149 contra
1359 2109 1456 2149 eos
1475 2093 1650 2149 exiret

107 2185 156 2240 ad
174 2185 371 2253 bellum,
394 2194 454 2242 ut
479 2186 550 2241 ab
589 2185 878 2242 Antiochia
917 2186 1230 2259 elongatum
1276 2195 1501 2257 possent
1521 2203 1648 2242 cum

106 2294 182 2333 sua
202 2288 344 2349 gente
386 2294 586 2350 magna
628 2295 756 2335 eum
800 2279 1144 2350 intercipere,
1191 2288 1246 2335 et
1284 2280 1509 2335 omnino
1550 2279 1650 2335 de-

106 2383 291 2428 struere.
317 2371 422 2428 Sed
447 2371 766 2429 Tancredus
791 2372 1048 2428 astutiam
1091 2373 1306 2428 astutiae
1345 2387 1648 2442 opponens,

106 2465 244 2520 uoluit
260 2481 349 2536 per
369 2465 594 2520 stultam
619 2464 903 2521 audaciam
929 2479 1087 2521 suam
1110 2463 1444 2521 confundere
1465 2465 1652 2536 probi-

105 2568 251 2624 tatem,
272 2558 359 2614 sed
383 2556 537 2613 misit
575 2557 785 2630 legatos
829 2556 944 2628 regi
976 2556 1264 2623 Balduino,
1304 2571 1400 2627 per
1421 2573 1516 2612 eos
1543 2557 1649 2612 bu-

104 2650 287 2704 millime
340 2650 691 2721 deposcens,
747 2658 809 2706 ut
851 2648 1276 2705 Christianismo
1330 2663 1652 2705 succurrere

102 2742 356 2798 festinaret.
381 2741 505 2810 Quo
525 2743 730 2810 audito,
756 2743 1050 2814 spopondit
1069 2757 1159 2797 rex
1183 2742 1448 2797 auxilium
1473 2740 1652 2797 facere

102 2835 304 2904 petitum.
328 2833 395 2890 Et
420 2844 566 2890 terra
592 2851 692 2891 sua
713 2835 1032 2892 custodibus
1055 2835 1368 2902 commissa,
1393 2849 1653 2905 propera-

100 2927 158 2980 vit
183 2925 241 2981 ad
281 2927 504 2994 bellum,
532 2926 740 2982 ducens
762 2942 948 2982 secum
989 2925 1352 2981 Bertrannum
1394 2925 1649 2982 comitem

100 3016 475 3089 Tripolitanum.
513 3017 620 3086 Qui
660 3034 784 3075 cum
830 3017 1209 3089 pervenissent
1250 3017 1317 3072 ad
1369 3017 1650 3088 oppidum,

98 3112 213 3180 quod
250 3110 489 3185 Rugcam
533 3120 870 3182 nuncupant,
915 3127 1083 3183 prepe
1117 3111 1342 3174 Rusam,
1368 3110 1542 3166 adfuit
1578 3111 1653 3165 ibi

1751 1933 2070 2004 operatione
2096 1932 2236 1988 duas
2265 1940 2446 1986 turres
2475 1927 2714 1985 murales
2743 1924 2797 1979 in
2826 1921 3060 1980 sublime
3085 1920 3222 1974 adeo
3255 1935 3352 1975 ex-

1751 2026 2017 2094 tulerunt,
2048 2033 2108 2082 ut
2150 2024 2218 2080 de
2245 2021 2499 2095 supernis
2529 2016 2956 2093 propugnaculis
3004 2029 3192 2068 earum
3226 2027 3346 2082 pro-

1750 2118 1978 2174 bissime
2006 2133 2066 2174 se
2095 2115 2470 2182 defenderent,
2499 2123 2554 2170 ct
2583 2115 2636 2168 in
2664 2124 2843 2167 turres
2873 2119 3092 2166 nostras
3122 2104 3352 2161 inferion

1751 2225 1841 2267 res
1870 2209 2052 2265 focum
2086 2209 2447 2270 accenderent
2470 2217 2526 2262 et
2551 2210 2988 2262 concremarent.
3026 2199 3148 2267 Quo
3178 2195 3353 2252 infor-

1751 2303 1908 2358 tunio
1938 2302 2138 2358 milites
2158 2301 2332 2358 nostri
2360 2299 2624 2370 superati,
2650 2297 2837 2353 dolore
2864 2309 3084 2366 quoque
3111 2292 3353 2347 cireum-

1753 2391 1883 2460 fusi,
1914 2401 2075 2463 rupto
2106 2391 2220 2462 spei
2249 2406 2364 2446 suae
2386 2388 2536 2455 fune,
2569 2401 2855 2458 regressus
2883 2394 2968 2440 est
3000 2398 3095 2437 rex
3134 2381 3348 2435 Achon.

1753 2484 1892 2540 Vere
1921 2500 2108 2539 verum
2133 2491 2218 2539 est
2244 2481 2593 2554 proverbium
2621 2479 2762 2535 istud
2792 2475 3056 2532 rusticani
3093 2493 3105 2530 :

1825 2575 2132 2644 fluterdum
2157 2574 2374 2628 buccam
2405 2571 2647 2626 cocfilear
2671 2571 2967 2641 frustratur
2989 2575 3249 2637 apertam.

1752 2667 1872 2724 Jam
1907 2683 2042 2740 gens
2087 2675 2276 2722 nostra
2307 2674 2588 2735 capturum
2629 2661 2944 2733 rapinarum
2973 2647 3347 2714 distribuerat.

1751 2762 1872 2819 iam
1891 2762 1984 2818 alii
2008 2761 2130 2816 aliis
2156 2758 2605 2831 proportionibus
2628 2755 2852 2810 incertis
2876 2751 3208 2808 invidebant.
3231 2747 3352 2804 Jam

1753 2854 1897 2911 diem
1948 2852 2222 2924 captionis
2273 2861 2536 2921 tanquam
2584 2848 2689 2904 sibi
2741 2856 2952 2903 certum
3009 2843 3348 2900 divinabant.

1754 2946 1938 3019 Equus
1961 2954 2188 3018 paratur
2209 2943 2280 2998 ad
2317 2942 2532 3009 bellum,
2558 2942 2637 2996 ait
2665 2939 2945 3005 Salomon,
2975 2937 3230 2991 Dominus
3255 2952 3354 2988 au-

1755 3048 1858 3094 tem
1886 3037 2114 3092 salutem
2137 3033 2390 3090 retribuet
2429 3033 2612 3101 (Prov.
2637 3049 2754 3100 xxI,
2781 3032 2895 3102 51).
2937 3029 3234 3085 Conﬁdunt
3263 3027 3351 3081 in-

1754 3132 1968 3187 terdum
2016 3130 2270 3186 homines
2322 3127 2378 3182 in
2416 3128 2618 3184 virtute
2645 3143 2766 3193 sua,
2799 3141 2908 3181 non
2938 3124 3354 3180 considerantes

102 3201 506 3276 Tancredusmui
531 3206 820 3296 adventum
846 3206 992 3276 regis
1013 3205 1127 3275 iam
1157 3222 1252 3276 per
1271 3205 1515 3276 quinque
1536 3205 1652 3261 dies
1679 3217 1720 3275 C
1751 3224 1882 3295 quid
1933 3225 2075 3295 apud
2128 3224 2300 3280 Deum
2346 3221 2632 3296 promeriti
2665 3221 2797 3286 sint,
2826 3218 2921 3290 qui
2949 3232 3084 3273 voce
3113 3230 3256 3286 saepe
3289 3214 3355 3268 il-

98 3305 486 3366 exspectaverat.
532 3294 654 3364 Quo
697 3312 822 3352 cum
862 3296 1060 3369 gaudio
1085 3309 1361 3368 suscepto,
1403 3298 1650 3368 deposita

98 3397 199 3443 sunt
237 3389 491 3458 tentoria,
537 3398 594 3446 et
631 3399 856 3453 extensa
919 3405 1080 3448 secus
1141 3389 1344 3447 ﬂumen
1385 3390 1650 3458 Fernum,

96 3479 483 3552 hospitalitatem
525 3491 748 3555 agentes
792 3481 1417 3555 Hierosolymitanicum
1462 3484 1653 3540 Antio-

97 3573 267 3631 chenis.
327 3573 397 3630 Et
461 3589 571 3630 non
615 3574 690 3630 ibi
733 3585 1031 3643 morantes,
1079 3585 1436 3647 perrexerunt
1476 3593 1653 3648 usque

95 3663 338 3733 Apamiam
381 3665 602 3733 urbem,
650 3681 773 3739 quae
811 3665 926 3736 jam
967 3667 1070 3723 sub
1113 3665 1400 3724 Tancredo
1440 3667 1635 3724 villica-

95 3755 242 3824 batur,
263 3758 475 3814 dudum
497 3758 567 3814 ab
587 3773 654 3814 eo
676 3759 1005 3830 probissime
1024 3769 1202 3831 capta.
1237 3745 1442 3817 Deinde
1463 3769 1651 3817 contra

98 3843 270 3903 Tereos
288 3848 570 3920 progressi
594 3856 743 3916 sunt,
767 3849 861 3921 qui
883 3858 1010 3904 ante
1035 3849 1227 3906 urbem
1251 3866 1417 3922 quam
1463 3849 1654 3906 dicunt

95 3937 300 3996 Sisaram
323 3951 512 3998 castra
541 3943 727 3999 metati
749 3951 898 4010 sunt,
922 3959 1090 4015 quam
1113 3943 1304 3998 urbem
1329 3943 1654 4000 litteratorie

92 4033 338 4090 nominare
377 4035 602 4103 nescio;
647 4036 742 4092 sed
785 4035 968 4092 Caesar
1011 4035 1203 4091 incola:
1244 4037 1486 4108 regionis
1529 4053 1650 4092 eam

92 4120 352 4191 rulgariter
392 4125 663 4191 vocitant,
703 4139 824 4194 qua:
871 4125 940 4179 ab
997 4123 1227 4195 Apamia
1271 4140 1366 4180 sex
1411 4125 1653 4180 millibus

92 4214 244 4270 distat.
286 4215 456 4272 Turci
503 4225 712 4285 autem,
752 4217 880 4288 quia
915 4218 1031 4288 jam
1080 4217 1368 4272 audierant
1410 4216 1653 4275 Francos

89 4315 246 4361 contra
265 4323 360 4363 eos
403 4307 682 4375 incedere,
721 4307 776 4362 in
803 4308 1052 4380 virgultis
1074 4316 1128 4362 et
1148 4307 1202 4362 in
1227 4308 1499 4364 elausuris
1521 4308 1654 4363 civi-

91 4397 192 4453 tatis
224 4400 514 4456 antedictae
538 4415 598 4455 se
641 4399 1005 4466 inseruerunt,
1033 4411 1094 4455 ut
1137 4399 1388 4455 securius
1429 4415 1488 4455 se
1511 4399 1653 4454 tueri

88 4503 294 4558 possent,
339 4493 388 4548 si
431 4492 575 4547 forte
617 4492 821 4561 impetu
866 4490 1201 4547 Francorum
1247 4503 1648 4548 coercerentur.

90 4577 448 4639 Verumtamen
475 4599 606 4639 cum
639 4583 841 4639 milites
871 4592 1094 4638 nostros
1117 4583 1556 4654 appropinquare
1582 4584 1650 4639 ad
1681 4575 1730 4635 D

86 4688 163 4729 eos
183 4677 616 4746 conspexissent,
640 4673 891 4731 exierunt
910 4673 978 4730 tle
1005 4675 1311 4730 munitione
1343 4673 1458 4744 jam
1483 4675 1649 4742 dicta,

88 4767 205 4834 genti
225 4778 424 4824 nostra:
449 4784 513 4823 se
545 4776 950 4823 monstrantes.
979 4766 1230 4822 Attamen
1275 4767 1558 4835 callentes,
1599 4775 1653 4822 et

85 4873 174 4912 non
205 4868 678 4931 praesumpserunt
715 4859 916 4914 bellare
941 4900 956 4924 ,
999 4868 1053 4914 et
1097 4859 1392 4913 noluerunt
1441 4857 1648 4929 fugere.

86 4948 251 5008 Milites
274 4970 404 5008 vero
430 4951 610 5008 nostri
631 4967 728 5022 per
750 4961 997 5008 catervas
1029 4951 1287 5019 ordinati,
1331 4967 1456 5007 cum
1503 4951 1652 5005 vide-

85 5053 289 5101 reuteos
313 5047 558 5117 sparsim
583 5059 677 5114 per
699 5060 923 5114 campos
962 5044 1292 5110 discurrere,
1334 5052 1389 5099 et
1431 5061 1541 5099 non
1582 5043 1649 5098 ad

83 5134 362 5195 bellandum
389 5156 453 5196 se
473 5147 687 5209 aptare,
705 5139 939 5194 vitantes
957 5139 1218 5193 damnum
1243 5139 1535 5194 noluerunt
1555 5154 1652 5194 eos

85 5227 335 5300 impetere.
379 5232 577 5302 Itaque
601 5240 710 5286 tam
737 5239 885 5286 metu
909 5246 1074 5301 quam
1114 5230 1354 5285 versutia
1397 5230 1653 5300 utrinque

83 5320 390 5382 circumﬂexi
417 5323 589 5380 Turci
613 5323 745 5378 inibi
784 5331 1186 5379 remanserunt.
1224 5321 1406 5377 Nostri
1433 5338 1652 5394 quoque

84 5414 276 5470 tramite
320 5415 572 5472 recidivo
597 5415 800 5470 reversi
841 5423 988 5470 sunt.
1033 5413 1097 5469 Et
1130 5415 1389 5484 quoniam
1417 5415 1652 5470 victuale

85 5512 174 5559 tam
194 5507 293 5562 sibi
312 5525 489 5580 quam
506 5509 772 5580 jumentis
812 5508 930 5564 suis
970 5507 1274 5574 deliciebat,
1301 5493 1649 5579 nequaquam

82 5596 259 5656 diutius
297 5616 396 5658 eos
440 5600 522 5656 ibi
561 5600 762 5655 morari
803 5599 1105 5671 oportebat.
1154 5597 1335 5654 Rediit
1379 5616 1472 5654 rex
1521 5596 1649 5653 Ilie-

86 5692 332 5760 rusalem,
390 5710 526 5749 cum
585 5709 697 5766 quo
753 5694 866 5751 illic
907 5709 1078 5752 cram.
1144 5690 1460 5750 Tancredus
1521 5706 1651 5748 vero

84 5780 400 5847 Auliocbiam
411 5830 424 5842 .

1753 3315 1866 3371 lum
1900 3316 2176 3383 invocant,
2206 3326 2261 3373 et
2289 3315 2548 3388 operibus
2579 3321 2815 3384 negant;
2869 3319 2925 3366 et
2953 3311 3075 3381 plus
3105 3306 3352 3379 probita-

1751 3418 1860 3466 tem
1894 3426 2051 3465 suam
2085 3410 2138 3464 in
2167 3409 2456 3480 acquisitis
2484 3407 2733 3474 laudant,
2762 3421 2929 3477 quam
2963 3399 3357 3459 misericordia

1753 3500 1849 3558 Dei
1873 3501 2081 3558 donum
2109 3502 2432 3574 glorilicent.

2338 3591 2570 3650 CAPUT
2602 3590 2766 3648 XLV.

2128 3685 2205 3741 De
2230 3695 2397 3740 morte
2426 3685 2689 3739 Tancredi
2716 3680 2993 3753 principis.

1824 3781 1987 3836 Anno
2018 3780 2179 3847 1112,
2225 3779 2423 3835 letliale
2463 3777 2707 3833 debitum
2736 3773 3053 3830 Tancredus
3099 3767 3351 3838 exsolvit,

1752 3873 1846 3945 qui
1887 3873 2285 3929 Antioclienum
2320 3871 2542 3942 regebat
2573 3869 2962 3940 principatum.

1752 3965 1872 4020 Jam
1904 3965 1989 4022 bis
2022 3964 2288 4020 terdecies
2325 3963 2406 4019 sol
2437 3963 2640 4018 viserat
2668 3959 3137 4022 Architenentem,

1753 4037 1893 4092 Cum
1930 4037 2100 4091 subiit
2128 4035 2274 4106 quod
2305 4042 2445 4102 erat,
2492 4043 2552 4089 ut
2578 4031 2726 4104 quod
2757 4031 2860 4086 fuit
2885 4029 2939 4085 id
2971 4028 3113 4084 foret
3141 4027 3280 4098 ipse.
3316 4036 3323 4042 '

1757 4149 2033 4205 Successit
2059 4147 2110 4204 ei
2140 4145 2390 4219 Rogerus
2413 4153 2680 4216 cognatus
2707 4143 2848 4215 ejus.
2881 4140 3043 4195 Anno
3070 4138 3164 4194 illo
3184 4136 3356 4192 bello-

1757 4255 1882 4294 rum
1912 4246 2164 4312 expertes
2188 4236 2414 4294 omnino
2443 4235 2669 4290 fuimus.

2323 4330 2555 4387 CAPUT
2592 4327 2778 4385 XLVI.

2202 4426 2280 4481 De
2308 4426 2474 4498 signis
2505 4421 2901 4494 apparentibus.

1823 4520 1965 4575 Anni
2001 4520 2140 4575 Ill3
2173 4521 2243 4574 ab
2272 4518 2654 4574 lncarnatioue
2685 4513 2991 4579 Dominica,
3013 4511 3143 4567 dum
3167 4523 3358 4565 mense

1756 4612 1810 4666 in
1862 4611 2060 4667 Martio
2111 4613 2298 4666 lunam
2348 4610 2687 4665 habebamus
2716 4607 2807 4673 28,
2845 4605 3083 4659 vidimus
3118 4601 3285 4657 solem
3321 4616 3354 4654 a

1754 4719 1916 4759 mane
1944 4717 2120 4772 usque
2166 4702 2236 4757 ad
2281 4701 2539 4771 primam,
2570 4706 2715 4754 eteo
2766 4694 3020 4764 amplius,
3053 4690 3356 4746 defectione

1754 4796 1993 4868 quadam
2026 4795 2096 4849 ab
2128 4809 2235 4848 una
2268 4802 2420 4864 parte
2469 4790 2754 4846 minorari.
2814 4786 2879 4840 Et
2908 4801 3054 4856 pars,
3085 4799 3207 4853 qua:
3237 4781 3353 4851 pri~

1755 4889 1925 4944 mitus
1953 4905 1982 4943 a
2013 4903 2233 4942 summo
2285 4885 2565 4941 tabescere
2609 4881 2795 4950 erepit,
2841 4878 3058 4932 tandem
3105 4873 3263 4944 quasi
3299 4873 3352 4926 in

1755 4977 1991 5032 rotundo
2055 4976 2123 5030 ad
2175 4976 2281 5029 ima
2331 4973 2566 5031 devenit.
2616 4971 2867 5024 Attamen
2918 4965 3001 5021 sol
3049 4963 3352 5019 claritatem

1758 5085 1914 5125 suam
1965 5084 2073 5123 non
2127 5068 2332 5123 amisit.
2386 5065 2490 5132 Qui
2522 5080 2628 5119 non
2660 5061 2967 5116 minoratus
2997 5065 3100 5121 est,
3132 5055 3260 5121 nisi,
3297 5063 3357 5110 ut

1757 5161 1992 5228 aestimo,
2041 5177 2072 5216 a
2124 5168 2320 5232 quarta
2370 5165 2524 5230 parte
2570 5171 2684 5210 sua:
2725 5152 2917 5208 forma:
2954 5143 3354 5221 aliquantulum

1757 5265 2046 5312 COI‘IIUIUS.

1759 5347 1874 5405 Iloc
1900 5347 2122 5419 eclipsis
2150 5354 2289 5413 erat,
2319 5343 2465 5416 quod
2493 5341 2575 5396 sol
2611 5339 2686 5394 ita
2718 5338 3024 5395 deﬁciebat.

2323 5438 2554 5494 CAPUT
2589 5435 2798 5492 XLVII.

1757 5530 1835 5586 De
1868 5529 2054 5600 praelio
2085 5537 2270 5583 contra
2306 5529 2504 5584 Turcos
2525 5537 2742 5600 peracto
2773 5529 2830 5581 in
2859 5543 2962 5600 quo
2996 5541 3088 5578 rex
3113 5531 3162 5577 et
3193 5519 3356 5600 Chri-

1827 5597 1993 5655 stiani
2021 5600 2145 5654 victi
2167 5609 2290 5653 sunt
2321 5609 2370 5655 et
2396 5617 2486 5671 per
2511 5597 2607 5655 hoc
2633 5599 2802 5654 multa
2837 5597 2982 5650 ntafa
3013 5599 3282 5650 venerunt.

1831 5692 2045 5747 [Estivo
2072 5691 2266 5746 deinde
2292 5700 2558 5764 tempore,
2585 5689 2900 5761 congregati
2925 5686 3091 5742 Turci
3119 5681 3356 5740 transie-

1764 5795 1892 5842 runt
1923 5785 2278 5857 Euphratem,
2310 5785 2811 5860 Hierosolymorum
2839 5790 3022 5855 partes
3047 5774 3278 5843 adituri;
3298 5781 3354 5829 et
