3850 6310
154 428 237 488 891

744 414 751 423 ”
816 412 1205 473 ιιτυιοῐιεῑιιι
1244 412 1546 470 CARNOT.
1588 411 1679 468 HIS

1810 411 2178 471 HIEROSOL.
2214 444 2285 457 -—-
2325 412 2455 470 LIB.
2489 411 2558 470 ll.

3262 415 3373 477 ωε

154 553 234 596 nos
256 530 518 605 ﬂagellare,
556 536 747 601 postea
774 529 946 586 voluit
972 536 1149 583 morte
1324 535 1379 582 et
1416 526 1673 582 imbecilli
1702 531 1753 588 Α
1780 532 1910 581 vero
1962 536 2232 596 rostratae,
2274 526 2394 583 alia:
2440 526 2828 599 negotiationis
2877 543 3094 585 annona
3127 543 3366 591 onusee.

151 644 285 688 manu
307 624 486 696 perire.

706 707 936 764 CAPUT
969 708 1031 766 L.

347 803 421 859 De
445 810 741 858 terrenam
770 801 952 855 multis
978 800 1112 855 locis
1138 801 1415 856 existente.

199 897 335 952 Anno
363 894 514 961 illi,
553 892 849 948 multitudo
884 893 1225 949 locustarum
1262 892 1472 949 infinita
1517 891 1674 948 ebul-

145 992 223 1056 liit,
247 1005 273 1043 a
301 995 440 1059 parte
467 984 677 1069 Arabiae
709 985 970 1061 advolans
1003 987 1059 1039 in
1091 995 1234 1040 terra
1284 984 1674 1058 Hierosolymi-

144 1092 261 1147 tana,
287 1095 399 1150 quas
428 1094 520 1149 per
544 1078 661 1133 dies
685 1078 998 1148 aliquantus
1032 1087 1242 1149 segetes
1282 1093 1471 1133 mense
1498 1077 1672 1148 Aprili

140 1185 183 1229 et
204 1172 327 1228 Maio
357 1171 581 1227 multum
619 1158 989 1226 vastaverunt.
1034 1168 1241 1225 Deinde
1264 1170 1353 1225 die
1383 1169 1523 1226 festo
1552 1185 1676 1226 san-

140 1264 197 1322 cti
225 1263 477 1319 Laurentii
517 1271 674 1318 terrae
701 1270 885 1318 motus
910 1261 1103 1321 factus
1131 1271 1234 1318 est.
1277 1261 1545 1333 Tempore
1574 1278 1674 1319 au-

139 1368 225 1414 tem
258 1356 512 1427 sequenti,
562 1356 707 1427 quod
752 1353 1125 1411 accidit.ldus
1151 1353 1495 1421 Novembris,
1529 1357 1674 1426 apud

138 1452 291 1507 urbem
319 1449 686 1515 Mamistriam,
704 1459 873 1513 terra:
894 1457 1076 1505 motus
1094 1458 1301 1520 partem
1335 1449 1552 1505 subruit
1575 1466 1677 1521 op-

137 1544 240 1614 pidi.
272 1541 391 1596 Item
429 1541 604 1612 major
624 1547 698 1596 ’et
740 1541 1022 1598 inauditus
1060 1542 1335 1613 regionem
1370 1543 1670 1599 Antioche-

137 1651 237 1690 nam
261 1635 384 1690 adeo
408 1649 503 1704 per
526 1634 644 1690 loca
672 1635 957 1691 concussit
983 1642 1044 1690 ut
1072 1635 1268 1706 oppida
1296 1636 1531 1706 plurima
1559 1637 1675 1694 sive

138 1734 242 1791 tota,
266 1725 368 1780 sive
399 1723 642 1791 dimidia,
686 1733 798 1780 tam
833 1727 1029 1782 domos
1068 1742 1233 1798 quam
1278 1728 1511 1783 muralia
1555 1730 1674 1786 solo

135 1829 263 1873 tenus
298 1818 604 1885 subrueret;
650 1819 707 1875 in
752 1834 862 1889 qua
907 1821 1072 1875 etiam
1124 1820 1285 1876 ruina
1328 1837 1455 1892 pars
1499 1823 1673 1894 plebis

134 1910 353 1975 suﬁocata
392 1909 618 1967 interiit.
681 1910 979 1967 Mariscum
1027 1912 1222 1968 dicunt
1276 1914 1552 1969 civitatem
1604 1912 1674 1970 ab

1776 616 1841 673 lli
1867 634 1901 674 a
1930 628 2082 690 parte
2109 621 2282 676 maris
2315 621 2545 691 egressi,
2571 629 2625 676 ct
2647 621 2739 676 alii
2766 630 2968 677 a-terra
3003 624 3177 691 parati
3226 626 3368 681 assi-

1773 710 1977 766 lierunt
2003 712 2216 767 urbem.
2262 710 2331 767 Et
2364 727 2490 767 cum
2520 728 2620 783 per
2649 713 2848 779 scalas,
2893 729 3034 785 quas
3061 730 3254 771 secum
3284 698 3369 773 at;

1774 803 2033 870 tulerant,
2076 820 2301 859 murum
2339 805 2640 862 ascendere
2670 814 3063 876 pertentarent,
3087 822 3120 862 a
3151 808 3364 865 civibus

1773 894 1903 951 licet
1926 896 2117 966 paucis
2139 904 2194 952 et
2226 897 2548 954 infirmitate
2590 897 2861 954 debilibus
2909 899 3143 955 viriliter
3164 901 3369 971 repulsi

1775 997 1925 1044 sunt.
1982 987 2091 1044 Sed
2143 1005 2270 1046 cum
2314 990 2564 1046 viderent
2612 1006 2672 1047 se
2726 1007 2835 1046 non
2870 1008 3033 1063 posse
3066 992 3397 1063 quidquam’

1775 1078 2044 1152 proferre,
2091 1081 2237 1137 sicut
2286 1080 2389 1136 rati
2432 1090 2582 1148 sunt,
2606 1090 2801 1153 praeter
2836 1095 3026 1153 portas
3054 1083 3207 1139 urbis
3229 1099 3370 1154 quas

1775 1170 1889 1243 igni
1924 1171 2370 1239 combusscrunt,
2420 1171 2673 1229 timentes
2695 1189 2765 1229 ne
2790 1173 2931 1231 forte
2977 1174 3373 1247 Hierosolymi—

1774 1263 1889 1319 tani
1917 1261 2154 1333 Joppitis
2180 1263 2447 1320 auxilium
2472 1264 2699 1334 ferrent,
2731 1267 2932 1337 quibus
2950 1267 3065 1338 jam
3090 1266 3193 1323 hoc
3221 1283 3367 1322 nun-

1776 1356 1968 1412 tiatum
1991 1354 2194 1423 fuerat,
2210 1355 2423 1412 reversi
2442 1367 2571 1413 sunt
2584 1357 2908 1414 Ascalonem
2930 1360 3026 1430 qui
3050 1375 3147 1430 per
3165 1369 3366 1416 terram

1774 1457 2064 1513 venerant;
2087 1449 2184 1520 qui
2218 1463 2352 1505 vero
2382 1462 2479 1518 per
2504 1464 2677 1518 mare,
2713 1450 2917 1522 Tyrum
2944 1452 3361 1523 navigaverunt,

1773 1539 1906 1597 Post
1928 1539 2047 1596 dies
2065 1547 2250 1595 autem
2276 1540 2728 1612 decem'regressi
2757 1541 3088 1601 Ascalonita:
3113 1540 3367 1613 Joppetn,

1776 1634 2109 1690 arbitrantes
2159 1633 2375 1704 providi
2424 1633 2765 1705 improvidos
2812 1634 3027 1695 assultu
3080 1634 3368 1706 repentino

1775 1722 2131 1779 confundere.
2180 1722 2287 1779 Sed
2330 1721 2478 1779 Deus
2519 1723 2890 1792 omnipotens,
2918 1724 3014 1794 qui
3049 1739 3146 1779 eos
3167 1724 3367 1795 primo,

1777 1816 2030 1872 similiter
2058 1817 2300 1872 secundo
2328 1828 2426 1872 eos
2452 1816 2691 1886 protexit
2718 1804 2775 1871 et
2794 1817 3158 1872 conservavit.
3190 1816 3249 1874 in
3276 1818 3374 1891 de-

1778 1907 2049 1964 fendendo
2077 1907 2243 1963 etiam
2264 1922 2325 1963 se
2350 1906 2664 1977 aliquantus
2685 1922 2753 1963 ex
2796 1905 2907 1962 illis
2928 1906 3272 1972 occiderunt,
3318 1915 3376 1962 et

135 2002 373 2057 Antiochia
410 2002 503 2069 60,
554 2013 616 2059 ut
655 2004 906 2073 aestimo,
948 2004 1240 2061 distantem
1283 2007 1574 2075 milliariis,
1617 2009 1674 2064 in

1780 2000 1844 2056 de
1869 1999 2029 2070 equis
2055 2013 2249 2054 eorum
2275 1999 2642 2055 retinuerunt.
2686 1995 2827 2052 Cum
2858 1995 3162 2053 fundibulis
3193 2011 3376 2066 caepe-

133 2101 255 2163 parte
295 2094 739 2163 septentrionali;
796 2111 964 2166 quam
1013 2096 1281 2153 subvenit
1338 2099 1395 2153 in
1461 2108 1674 2156 tantum
1775 2100 1908 2161 runt
1933 2092 2126 2147 urbem
2171 2092 2525 2159 cohibere,et
2553 2107 2682 2148 cum
2720 2091 2889 2147 scalis
2918 2099 2978 2146 ut
3005 2092 3161 2161 prius
3196 2099 3375 2147 tenta-

133 2185 381 2239 commotio
419 2186 532 2254 illa,
575 2194 638 2242 ut
677 2187 876 2244 domus
920 2198 974 2244 et
1016 2189 1249 2245 muralia
1280 2192 1499 2262 penitus
1545 2208 1673 2248 cor-

133 2283 338 2341 ruerent,
385 2284 439 2332 et
480 2279 745 2348 populum
799 2280 1239 2349 inbabitantem,
1292 2282 1428 2354 pron
1479 2284 1671 2340 dolor!

132 2375 347 2422 cunctum
359 2370 751 2441 exstingueret.
780 2371 939 2428 Aliud
970 2389 1190 2446 quoque
1214 2376 1496 2447 oppidum,
1525 2378 1675 2449 quod

132 2457 309 2515 Tialeth
346 2472 712 2532 nuncupatur,
745 2479 919 2536 prope
961 2465 1185 2523 ﬂuvium
1210 2466 1564 2540 Euphratem,
1590 2471 1678 2526 ni-

133 2551 380 2611 hilominus
406 2556 647 2612 subruit.

699 2668 929 2727 CAPUT
968 2671 1053 2728 ιι.
1088 2694 1094 2698 ·

133 2756 433 2839 υοιιάυιηιιι-
459 2760 788 2839 Turcorttm,
823 2773 890 2839 et_
915 2765 1188 2839 obsidione
1228 2765 1567 2839 loppitarum
1607 2770 1674 2826 ab

398 2834 732 2889 Ascalonitis
762 2845 812 2890 et
853 2834 1349 2907 Babyloniensibu’s.

182 2921 320 2979 Anno
341 2924 496 2992 ms,
525 2925 858 2995 probitatem
880 2936 935 2983 et
957 2928 1242 2985 audaciam
1269 2930 1486 2986 solitam
1509 2930 1676 2989 Turci

130 3024 425 3082 morantes,
441 3031 642 3074 mense
663 3016 827 3074 Iunio
847 3019 1011 3074 tacite
1038 3020 1175 3077 satis
1197 3019 1423 3076 flumine
1444 3023 1676 3080 transito

131 3104 375 3176 Euphrate,
425 3110 668 3183 ingressi
716 3120 847 3168 sunt
896 3110 1133 3184 Syriam,
1171 3122 1228 3170 ct
1264 3122 1444 3170 castra
1488 3117 1675 3172 metati

130 3205 231 3252 sunt
252 3197 380 3255 inter
409 3198 768 3257 Antiochiam
803 3210 860 3258 et
900 3200 1253 3269 Damascum,
1296 3204 1508 3262 scilicet
1550 3215 1678 3262 ante

1775 2192 1969 2240 verant
1989 2182 2242 2251 introire,
2272 2198 2414 2254 quas
2441 2184 2497 2239 in
2536 2183 2806 2241 naviculis
2825 2198 3015 2239 secum
3041 2183 3372 2239 detulerant.

1777 2276 1885 2333 Sed
1912 2292 2039 2333 cum
2079 2292 2182 2347 per
2228 2292 2323 2333 sex
2375 2276 2542 2331 horas
2589 2274 3154 2348 dieisefatigassent,
3185 2275 3374 2333 maesti

1775 2370 1942 2427 nimis
1963 2385 2091 2426 eum
2112 2368 2347 2425 mortuis
2370 2369 2488 2425 suis
2513 2369 2791 2426 abierunt.

2382 2479 2614 2553 CAPUT
2640 2479 2749 2535 LII.

1776 2575 1856 2633 De
1881 2593 2059 2649 pugna
2108 2574 2417 2649 Terrorum
2438 2583 2488 2629 et
2522 2573 2991 2649 A'utiocltenorum,
3014 2572 3073 2626 in
3101 2587 3208 2643 qua
3259 2570 3373 2625 Αιο

2119 2644 2345 2701 tiochem'
2370 2646 2648 2701 victoriam
2670 2644 2849 2715 adepti
2883 2653 3027 2701 sunt.

1758 2756 1769 2763 '
1846 2740 2012 2797 Turei
2033 2748 2217 2796 autem
2253 2739 2511 2810 superius
2538 2739 2830 2794 memorati
2862 2753 2989 2794 cum
3025 2744 3242 2808 gentem
3272 2748 3375 2791 nec

1776 2842 1948 2891 stram
1978 2848 2256 2889 remeasse
2282 2830 2703 2903 comperissent,
2740 2829 2978 2903 regressi
3004 2838 3134 2884 sunt
3158 2829 3228 2883 ad
3256 2837 3369 2888 sta—

1777 2928 1985 2984 tionem
2011 2942 2168 2983 suam
2198 2925 2460 2997 priorem,
2494 2932 2551 2980 et
2578 2925 2961 2980 discurrerunt
2986 2938 3085 2993 per
3118 2921 3374 2992 regiones

1779 3018 1971 3093 Syriae,
1999 3019 2279 3090 capientes
2307 3017 2532 3073 castella
2573 3025 2711 3088 quot
2747 3024 3068 3087 potuerunt,
3106 3012 3377 3085 villasque

1778 3111 2093 3183 praedando,
2133 3118 2298 3180 atque
2337 3107 2605 3165 vastando
2634 3106 2901 3178 patriam;
2945 3106 3192 3177 captivos
3211 3105 3383 3175 capti-

1779 3216 1987 3272 vasque
2007 3215 2197 3257 secum
2237 3198 2581 3256 abducendo.
2608 3196 2719 3254 Sed
2750 3213 2880 3254 cum
2912 3197 3019 3254 hoc
3063 3196 3376 3254 nuntiatum

129 3286 276 3344 Cesar
296 3291 592 3352 civitatem.
630 3291 733 3349 Ubi
764 3294 1018 3350 similiter
1051 3295 1107 3350 in
1135 3304 1337 3367 quarto
1365 3304 1493 3354 ante
1529 3313 1675 3354 anno
1709 3286 1749 3301 “’
1776 3300 1928 3349 esset
1971 3291 2355 3359 Antiochenis,
2405 3291 2503 3363 qui
2523 3291 2716 3361 sejam
2764 3298 3109 3347 retraxerunt
3136 3287 3382 3346 recidivo

129 3379 372 3437 stationem
396 3397 557 3439 suam
580 3382 851 3453 fecerant,
896 3393 960 3440 ut
986 3386 1240 3457 superius
1261 3386 1377 3457 jam
1406 3387 1674 3458 scriptum
1782 3382 2026 3450 tramite,
2051 3382 2201 3439 haud
2231 3382 2379 3439 lente
2405 3382 2475 3438 ad
2518 3381 2731 3440 Turcos
2759 3381 2965 3438 reversi
2994 3390 3142 3438 sunt.
3165 3379 3234 3438 Et
3250 3394 3377 3437 cum

128 3479 209 3527 est.
234 3471 575 3545 Comperiens
629 3487 812 3533 autem
843 3487 897 3534 et
922 3479 1105 3536 scicns
1135 3479 1532 3552 Tulelequinus,
1578 3496 1676 3541 rex

1780 3478 2317 3548 appropinquassent
2344 3477 2412 3533 ad
2436 3491 2557 3541 eos,
2589 3484 2646 3531 et
2667 3474 2902 3532 tentoria
2925 3489 3119 3530 eorum
3148 3474 3375 3543 propius

130 3560 581 3635 Damascenorum,
621 3569 983 3629 nihilominus
1019 3587 1080 3628 se
1121 3587 1247 3629 esse
1280 3573 1535 3630 odiosum
1569 3575 1678 3631 illis
1778 3586 1948 3642 quam
1993 3580 2283 3643 putassent
2308 3571 2678 3644 aspexissent,
2739 3568 3137 3625 ordinaverunt
3184 3567 3372 3623 statim

129 3670 261 3724 quam
293 3675 388 3715 nos
420 3659 798 3731 Christianos,
846 3673 1069 3735 propter
1108 3664 1469 3733 Maudulftun,
1513 3682 1677 3738 quem
1774 3664 1930 3720 acies
1959 3680 2112 3731 suas,
2151 3674 2209 3720 et
2226 3664 2633 3722 descenderunt
2658 3663 2716 3716 in
2745 3662 2930 3731 plana,
2956 3659 3169 3716 vexillis
3188 3658 3366 3729 expli-

132 3746 174 3801 iI
194 3752 464 3820 praeterito,
500 3762 563 3809 ut
600 3754 853 3825 superius
881 3756 1103 3829 legitur,
1147 3773 1296 3814 anno
1326 3759 1517 3815 dolose
1544 3774 1680 3815 con-
1778 3755 1918 3812 catis
1939 3764 2132 3811 contra
2157 3771 2254 3813 eos
2285 3756 2617 3829 equitantes.
2659 3751 2825 3809 Juxta
2866 3752 3074 3809 Sarmit
3113 3751 3376 3823 oppidum

128 3854 333 3900 senserat
352 3840 570 3916 perimf,
606 3848 701 3919 qui
728 3850 987 3921 magister
1018 3860 1237 3922 satrapa
1268 3850 1447 3908 fuerat
1474 3853 1681 3910 militiae

129 3945 301 4002 mm,
333 3935 459 3993 fecit
485 3953 624 3995 eum
653 3954 780 4012 rege
808 3940 1076 3998 Balduino
1100 3934 1156 3997 et
1191 3940 1406 4014 Rogero
1434 3944 1680 4016 principe

128 4024 424 4086 Antiocheno
452 4046 676 4102 pacem,
706 4041 766 4088 ut
790 4033 871 4089 eis
892 4034 1187 4104 adjunctus
1205 4036 1424 4091 duobus
1457 4036 1675 4104 tertius,

129 4119 255 4188 quasi
272 4119 544 4178 funiculus
567 4124 769 4194 triplex
789 4122 1113 4191 eﬁceretur,
1152 4141 1220 4182 ne
1241 4141 1271 4180 a
1298 4125 1496 4183 Turcis
1524 4135 1680 4198 post—

127 4210 329 4270 eafacile
351 4224 726 4288 rumperetur.
750 4217 1022 4274 Metuebat
1047 4219 1193 4275 enim
1223 4235 1313 4289 ne,
1344 4221 1391 4276 si
1420 4222 1571 4277 solus
1596 4236 1683 4277 re—

131 4314 352 4373 maneret,
379 4307 496 4378 ipse
512 4323 647 4365 eum
673 4325 840 4380 regno
866 4325 970 4367 suo
993 4312 1209 4383 penitus
1231 4300 1677 4369 confunderetur.

130 4390 421 4455 Necessitate
444 4416 583 4457 vero
613 4411 859 4473 urgente,
911 4412 968 4459 et
1012 4404 1367 4459 mandatione
1385 4404 1684 4462 Antiocho-

130 4502 293 4545 norum
313 4503 591 4561 monente,
623 4494 722 4549 ivit
747 4500 840 4550 rex
866 4496 935 4551 ad
984 4496 1232 4567 praelium
1263 4495 1380 4552 fore
1407 4504 1676 4568 putatum.

1772 3846 1886 3904 .fuit
1913 3848 2021 3904 hoc
2039 3849 2312 3919 praelium.
2343 3847 2596 3918 Cumque
2618 3845 2889 3919 vidissent
2911 3858 3008 3901 eos
3033 3843 3220 3909 Turei,
3247 3856 3377 3915 pars

1780 3955 1975 3997 eorum
2028 3955 2139 3996 una
2177 3940 2461 4012 sagittaria
2514 3938 2663 3994 illico
2717 3936 3212 3993 fortiter'obstitit.
3268 3935 3377 3992 Sed

1781 4030 1979 4088 Franci
2033 4032 2211 4113 nostri
2258 4030 2613 4086 animositate
2650 4029 2830 4086 valida
2858 4028 3142 4094 commoti,
3172 4028 3380 4099 eligen-

1780 4133 1865 4181 tes
1885 4124 1971 4181 vel
1998 4140 2096 4180 eos
2120 4139 2404 4195 superare,
2437 4123 2485 4179 si
2508 4122 2655 4178 Deus
2705 4121 3051 4187 concederet,
3101 4120 3189 4176 vel
3210 4133 3373 4191 stipe»

1772 4216 1896 4273 rari
1925 4218 1970 4273 si
1993 4217 2353 4289 permitteret,
2382 4230 2548 4288 quam
2568 4230 2669 4286 per
2692 4228 3146 4285 unumquemque
3171 4227 3379 4269 annum

1782 4307 1857 4363 ita
1884 4308 1954 4364 ab
1997 4309 2079 4365 eis
2129 4307 2625 4374 confunderentur,
2664 4306 2760 4362 ubi
2796 4306 3016 4364 turbam
3060 4306 3376 4362 densiorem

1764 4408 2204 4471 conspexerunt,
2248 4398 2479 4455 mirifice
2515 4412 2611 4454 eos
2658 4397 3034 4468 impetierunt.
3078 4395 3243 4452 Turci
3274 4410 3378 4450 au-

1785 4501 1895 4549 tem
1943 4491 2345 4565 aliquantulum
2396 4491 2654 4564 primitus
2693 4491 3015 4557 renitentes,
3060 4488 3186 4544 dein
3228 4486 3378 4542 haud

132 4581 215 4638 Sed
242 4601 357 4642 eum
399 4588 691 4644 audissent
738 4587 903 4645 Turci
950 4590 1019 4645 ad
1065 4582 1164 4646 eos
1215 4589 1331 4659 jam
1388 4590 1682 4661 appropin—
1715 4584 1929 4662 Dlente
1964 4594 2079 4641 tam
2128 4583 2553 4656 percussoribus
2594 4598 2762 4653 quam
2805 4580 3184 4638 occidentibus
3222 4587 3380 4650 terga

130 4689 314 4745 quasse,
342 4695 508 4751 quem
554 4680 957 4737 Antiochenses
990 4693 1044 4737 et
1081 4678 1410 4738 Damasceui
1449 4697 1547 4753 per
1572 4691 1684 4739 tres

130 4766 222 4825 fere
248 4789 457 4830 menses
499 4780 979 4845 exspectaverunt,
1023 4781 1330 4830 metuentes
1354 4774 1548 4830 mortis
1569 4789 1685 4830 sure

131 4863 417 4934 periculum,
471 4866 521 4922 si
580 4874 772 4922 contra
830 4875 1040 4923 tantam
1119 4875 1338 4939 gentem
1396 4867 1681 4949 bellarent,

130 4958 346 5024 quamvis
388 4959 569 5015 multo
597 4960 782 5029 plures
821 4968 1026 5027 essent,
1055 4960 1313 5016 abierunt
1345 4969 1493 5017 retro
1518 4961 1685 5016 tacito

130 5046 240 5102 satis
256 5058 421 5117 motu,
448 5059 505 5106 et
526 5050 817 5106 subierunt
839 5065 1035 5107 caveas
1069 5051 1364 5121 quasdam,
1386 5068 1495 5107 non
1526 5052 1685 5124 longe

130 5143 282 5195 tamen
308 5156 338 5197 a
378 5142 610 5199 nostris.
660 5142 892 5199 Et-cum
942 5144 1049 5200 hoc
1101 5142 1384 5211 fecissent,
1437 5144 1686 5199 arbitrati

131 5239 237 5286 sunt
263 5247 355 5290 rex
376 5243 431 5290 et
452 5234 547 5290 alii
586 5235 733 5306 quod
765 5251 798 5291 a
820 5236 1140 5307 regionibus
1205 5235 1412 5292 nostris
1459 5235 1689 5291 omnino

130 5316 498 5382 discessissent.
536 5324 888 5398 Quapropter
921 5341 1211 5399 regressus
1239 5334 1327 5383 est
1367 5341 1464 5382 rex
1510 5340 1690 5397 usque

129 5408 382 5484 Tripolim.
429 5416 577 5473 Dum
618 5428 800 5476 autem
852 5420 972 5476 haec
999 5419 1074 5476 ita
1101 5426 1416 5492 agerentur,
1452 5419 1688 5475 scientes

129 5499 426 5566 Ascalonita;
471 5520 682 5566 terram
720 5510 1271 5585 Hierosolymitanam
1300 5512 1568 5568 militibus
1587 5528 1689 5569 va-

133 5606 289 5666 esani,
332 5612 695 5659 aecurrerunt
740 5619 918 5679 usque
964 5603 1197 5676 Joppem
1245 5604 1529 5661 civitatem
1582 5620 1688 5661 no-

134 5696 298 5759 stram,
316 5703 372 5750 et
415 5705 793 5767 apposuerunt
819 5697 872 5753 ei
900 5697 1247 5753 obsidionem
1279 5705 1391 5752 tam
1412 5711 1513 5768 per
1538 5712 1692 5753 mare

134 5794 275 5851 quam
300 5801 399 5856 per
420 5797 650 5844 terram.
677 5788 864 5846 Adfuit
908 5788 1055 5845 enim
1079 5789 1154 5845 ibi
1185 5786 1513 5861 Babylonica
1543 5789 1690 5846 clas-o

137 5874 217 5944 sis,
238 5876 301 5934 70
338 5878 512 5937 ferme
539 5882 780 5950 navium,
827 5894 1066 5956 quarum
1114 5882 1236 5940 alia:
1269 5882 1541 5952 triremes,
1568 5880 1688 5939 alia:

1786 4678 2057 4750 fugientes
2090 4676 2380 4731 dederunt.
2426 4675 2503 4730 De
2547 4675 2751 4746 quibus
2798 4672 3051 4730 aestimati
3094 4679 3225 4727 sunt
3273 4670 3381 4727 tria

1784 4770 1955 4826 millia
1983 4767 2174 4834 occisi,
2217 4767 2361 4839 capti
2406 4766 2585 4821 multi.
2619 4764 2686 4820 Et
2707 4765 2801 4836 qui
2831 4763 3010 4820 occidi
3049 4763 3378 4829 vitaverunt,

1784 4859 1912 4934 fuga
1939 4875 1998 4917 se
2032 4860 2425 4915 liberaverunt.
2456 4856 2835 4913 Tabernacula
2874 4873 2975 4913 sua
3002 4854 3378 4927 perdiderunt,

1785 4954 1842 5009 in
1876 4954 2080 5024 quibus
2128 4953 2299 5008 multa
2330 4949 2563 5023 pecunia
2591 4956 2649 5006 et
2673 4949 2928 5004 utensilia
2968 4954 3201 5018 reperta.
3225 4953 3379 5001 sunt.

1785 5047 1959 5118 Cujus
1985 5045 2232 5117 pecuniae
2260 5044 2494 5117 pretium
2522 5044 2828 5110 aestimatae,
2852 5039 2958 5096 500
2997 5039 3379 5111 bysantiorum

1788 5138 1960 5195 millia
1982 5145 2230 5209 reputata
2275 5146 2425 5192 sunt.
2462 5134 2724 5206 Captivos
2766 5142 2986 5190 nostros
3025 5131 3099 5187 ibi
3140 5132 3381 5203 relique-

1789 5239 1940 5297 runt,
1987 5239 2099 5286 tam
2134 5227 2375 5283 Francos
2421 5242 2588 5299 quam
2622 5226 2827 5299 Syros;
2859 5225 3117 5280 mulieres
3160 5237 3384 5295 quoque

1788 5337 1919 5380 suas
1952 5330 2009 5377 ct
2045 5322 2296 5387 ancillas,
2330 5320 2684 5391 camelosque
2725 5317 3187 5389 quamplurimos.
3212 5315 3382 5372 Millia

1789 5414 2069 5471 mulorum
2113 5411 2421 5485 pereensita
2461 5419 2594 5468 sunt
2620 5419 2676 5466 et
2698 5427 2991 5482 equorum.
3035 5408 3176 5466 Vere
3234 5408 3381 5464 Dens

1792 5506 2063 5563 mirabilis
2104 5506 2160 5563 in
2209 5505 2431 5562 cunctis
2479 5504 2828 5563 mirabilibus
2879 5505 3016 5569 suis.
3063 5502 3202 5558 Dum
3232 5502 3380 5559 enim

1792 5598 2273 5671 Hierosolymitani
2326 5613 2438 5653 una
2489 5613 2617 5654 cum
2666 5597 3030 5652 Antioclienis
3084 5594 3380 5664 Damasce-

1789 5691 1987 5761 nisque
2014 5692 2190 5764 parati
2214 5690 2283 5748 ad
2313 5690 2670 5760 prmi-landum
2707 5688 2949 5757 fuerunt,
2983 5688 3121 5744 nihil
3156 5684 3382 5741 omnino

1789 5785 2162 5858 profecerunt.
2198 5782 2457 5853 Nunquid
2485 5784 2542 5839 in
2568 5782 2919 5838 multitudine
2962 5779 3141 5853 gentis
3166 5783 3384 5834 constat

1789 5876 2019 5936 victoria
2062 5876 2415 5936 bellantium?
2452 5875 2799 5941 Mementote.
2822 5872 3276 5941 Machabaeorum,
3325 5873 3382 5920 et
