3850 6310
462 392 571 451 899

461 599 518 652 in
563 597 781 652 Domini
811 598 1146 653 confidentes
1197 598 1419 664 virtute,
1483 609 1609 650 cum
1641 593 1830 665 paucis
1871 593 2042 648 multa

463 689 635 744 millia
663 696 1099 759 prostraverunt.

463 776 559 848 llis
589 778 664 832 ita
691 779 996 848 descriptis,
1023 778 1126 832 erit
1146 777 1288 832 actio
1318 784 1445 848 nota
1477 775 1695 848 futuris.

463 846 598 920 Tres
625 849 853 903 aberant
871 846 1061 920 noctes
1097 859 1156 920 ut
1186 849 1365 920 abiret
1391 847 1631 920 Virginis
1657 854 1891 920 astrum,

461 916 600 988 Cum
624 920 765 973 male
795 916 1068 988 deceptrix
1096 917 1304 974 Turcos
1342 916 1562 972 fortuna
1598 917 1810 972 fefellit.

462 985 733 1044 Omnibus
757 990 898 1043 unde
923 985 1056 1043 satis
1085 989 1293 1058 liquido
1324 998 1469 1058 patet
1499 1004 1622 1044 esse
1647 986 1980 1055 cavendum,

460 1058 601 1115 Ante
636 1061 712 1130 rei
744 1060 904 1113 finem
932 1059 1067 1112 nihil
1093 1075 1335 1129 unquam
1363 1060 1581 1115 credere
1610 1067 1842 1114 certum.

460 1150 583 1222 lpso
604 1168 750 1208 anno
781 1153 975 1206 iterum
1000 1152 1262 1208 subversa
1298 1162 1380 1208 est
1403 1154 1535 1210 urbs
1562 1152 1862 1208 Mamistria
1896 1159 2058 1206 terrae

461 1252 632 1297 motu.
666 1243 816 1299 Alias
844 1243 1009 1298 etiam
1034 1244 1088 1298 in
1126 1244 1347 1317 regione
1372 1245 1710 1300 Antiochena
1737 1260 1848 1299 non
1873 1242 2057 1298 minus

458 1334 678 1388 accidit.
705 1336 862 1389 Anno
880 1334 1073 1389 eodem
1097 1336 1240 1390 venit
1277 1337 1503 1407 quidam
1549 1336 1842 1406 episcopus
1880 1333 2059 1390 Aura-

459 1423 694 1477 sicensis
725 1423 794 1477 ab
831 1425 1136 1494 apostolico
1165 1426 1368 1481 missus
1390 1425 1852 1497 Hierosolymam,
1878 1434 1932 1480 et
1959 1423 2059 1480 de-

459 1515 646 1584 posuit
688 1513 982 1570 Arnulfutn
1032 1517 1400 1586 patriarcbam
1443 1517 1512 1573 de
1565 1517 1692 1572 sede
1745 1532 1864 1570 sua.
1913 1515 2055 1582 Qua-

459 1617 682 1677 propter
723 1606 955 1662 Romam
1004 1608 1167 1676 adiit,
1227 1617 1281 1664 et
1321 1609 1755 1680 patriarchatum
1826 1621 2056 1678 recupe-

462 1705 622 1761 ravit.

1056 1791 1286 1848 CAPUT
1327 1790 1461 1847 Llll.

780 1887 859 1943 De
892 1896 1068 1942 castro
1098 1888 1152 1941 in
1188 1885 1388 1940 Arabia
1413 1893 1735 1939 constructo.

535 1974 616 2029 Eo
636 1991 781 2032 anno
804 1977 1079 2048 profectus
1107 1986 1192 2033 est
1217 1991 1311 2032 rex
1336 1976 1636 2030 Balduinus
1674 1975 1728 2029 in
1773 1972 2056 2039 Arabiam,

464 2077 520 2123 et
556 2068 841 2125 aediﬁcavit
887 2071 960 2124 ibi
989 2080 1230 2126 castrum
1254 2085 1424 2124 unum
1473 2069 1527 2122 in
1579 2067 1878 2122 tnonticulo
1928 2081 2062 2138 quo—

465 2159 590 2214 dam
616 2159 724 2215 situ
760 2160 912 2224 forti,
951 2176 1057 2216 non
1083 2160 1242 2231 longe
1271 2175 1300 2214 a
1346 2159 1484 2213 mari
1520 2158 1726 2224 Rubro,
1755 2157 1850 2211 sed
1897 2154 2059 2226 quasi

465 2251 676 2306 dierum
713 2252 880 2306 trium
905 2253 1117 2318 itinere,
1159 2252 1229 2306 ab
1267 2250 1604 2307 Hierusalem
1641 2264 1772 2304 vero
1801 2255 2057 2318 quatuor,

470 2349 527 2394 et
556 2342 741 2410 posuit
773 2342 826 2395 in
875 2357 941 2397 eo
991 2341 1269 2408 custodes,
1316 2341 1412 2412 qui
1469 2340 1660 2411 patriae
1699 2339 1847 2394 illius
1883 2336 2061 2392 domi-

465 2443 731 2489 narentur
761 2435 831 2490 ad
861 2436 1152 2491 utilitatem
1175 2434 1606 2491 Christianismi.
1636 2431 1793 2500 Quod
1815 2439 2059 2486 castrum

463 2527 537 2582 ob
581 2526 1050 2582 honoriﬁcentiam
1097 2527 1185 2584 sui
1230 2525 1488 2598 Regalem
1522 2534 1764 2582 montem
1785 2530 2060 2587 nominari

463 2618 770 2686 constituit,
795 2618 926 2689 quia
963 2634 1132 2690 parvo
1183 2626 1428 2688 tempore
1477 2633 1604 2674 cum
1644 2635 1819 2690 pauca
1879 2633 2058 2695 gente,

463 2707 558 2765 sed
586 2709 823 2764 maxima
847 2710 1137 2782 probitate,
1169 2709 1301 2766 illud
1320 2709 1702 2768 aadillcaverat.

1060 2820 1290 2878 CAPUT
1328 2821 1462 2878 LIV.

464 2909 545 2965 De
567 2911 899 2982 expeditione
943 2913 1078 2984 regis
1119 2913 1176 2968 in
1221 2915 1495 3039 .fldrt‘zbiam,
1526 2924 1577 2971 et
1606 2917 1670 2972 de
1708 2916 1789 2972 his
1825 2935 1943 2989 qua:
1971 2919 2061 2975 ubi

1188 3001 1238 3039 ιιι
1280 3003 1296 3038 ι
1327 3025 1344 3040 .

539 3073 700 3130 Anno
726 3076 864 3131 {H6
895 3118 911 3143 ,
947 3077 1170 3133 cum'de
1231 3076 1570 3134 Hierusalem
1613 3089 1857 3136 castrum
1898 3098 2061 3139 suum

466 3166 750 3222 revisurus
779 3184 872 3222 rex
909 3169 1228 3241 graderetur
1248 3169 1304 3223 in
1337 3171 1593 3226 Arabiam
1645 3187 1770 3227 cum
1808 3173 2060 3232 ducentis

1043 391 1136 447 AD
1173 387 1620 450 GODEFRIDUM
1659 385 1952 444 APPEND.
1989 383 2055 440 ιι.
2095 413 2168 425 -
2203 380 2474 442 MONUM.
2513 381 2604 440 DE
2639 381 2866 440 θειιο
2901 381 3146 442 SACRO.
3613 391 3695 450 ω.

367 581 370 583 Α
463 507 759 576 Gedeonis,
805 515 859 564 et
903 506 1134 564 aliorum
1165 508 1425 578 plurium,
1465 505 1562 577 qui
1587 519 1696 559 non
1723 504 1781 558 in
1810 518 1931 569 sua,
1956 500 2053 559 sed
2081 507 2129 564 Λ
2159 498 2299 555 Elim
2340 501 2457 570 jam
2489 499 2695 556 dictam
2723 515 2918 556 versus
2952 497 3388 570 Septentrionem
3411 509 3694 574 protentam,

2155 592 2249 646 ubi
2287 593 2449 647 linem
2473 591 2605 647 facit
2624 607 2736 646 non
2774 591 2987 662 longea
3017 599 3206 647 monte
3234 589 3408 658 Sinai,
3441 593 3529 648 sed
3554 610 3695 665 quan-

2155 695 2273 741 tum
2321 694 2500 756 potest
2522 701 2666 756 equo
2688 686 2889 756 aliquis
2918 701 3028 741 uno
3060 685 3150 741 die
3169 686 3462 757 proﬁcisci.
3484 689 3526 743 A
3551 667 3701 750 Rubro

2154 794 2287 834 vero
2310 779 2468 846 mari,
2497 778 2582 833 vel
2611 777 2681 832 ab
2705 777 2846 832 Elim
2862 787 3376 849 memorata,usque
3391 781 3457 835 ad
3472 797 3604 840 mare
3615 784 3703 841 lia—

2157 883 2350 940 gnum,
2376 883 2486 938 quo
2513 867 2585 923 ab
2606 866 2801 939 Joppe,
2837 867 3237 934 vel'Ascalone,
3263 862 3346 924 vel
3370 868 3526 938 Gaza,
3548 860 3703 932 versus

2158 956 2412 1012 Damiath
2461 958 2726 1029 pergitur,
2787 958 2892 1014 iter
2927 959 3111 1014 eundo
3166 959 3380 1016 dierum
3405 971 3617 1031 quatuor
3637 966 3703 1022 vel

2159 1049 2406 1120 quinque
2455 1049 2658 1120 equitis
2709 1049 3082 1106 ambulatione
3112 1051 3414 1109 aestimans.
3447 1052 3558 1121 Quo
3607 1057 3704 1115 sinu

2160 1137 2304 1193 inter
2347 1139 2463 1194 haec
2504 1138 2616 1193 duo
2645 1139 2819 1194 maria
2847 1140 3089 1211 cingitur
3116 1149 3230 1196 tota
3257 1141 3538 1214 IEgyptus,
3577 1156 3707 1220 atque

2157 1227 2434 1298 Numidia,
2465 1246 2568 1287 nec
2597 1245 2706 1286 non
2736 1230 3047 1304 Ethiopia,
3071 1249 3241 1304 quam
3280 1233 3469 1291 Gehon
3510 1241 3706 1308 paradisi

2164 1322 2386 1390 ﬂuvius,
2419 1323 2516 1395 qui
2569 1332 2658 1383 est
2702 1324 2880 1394 Nilus,
2939 1325 3158 1396 circuit,
3208 1336 3270 1384 ut
3316 1327 3541 1401 legimus
3587 1331 3709 1404 (Ges.

2162 1431 2224 1485 tt,
2259 1415 2370 1488 l3).

2747 1511 2980 1569 CAPUT
3016 1512 3151 1568 LVI.

2352 1661 2355 1663 _
2691 1601 2771 1655 De
2791 1603 3011 1671 [lumine
3033 1602 3230 1659 Gelton.

2239 1685 2466 1746 Possum
2502 1690 2713 1758 mirari,
2746 1692 2841 1750 sed
2899 1709 3181 1764 nunquam
3214 1693 3429 1764 rimari,
3479 1701 3713 1775 quomodo

2163 1783 2249 1839 vel
2281 1784 2517 1854 qualiter
2537 1784 2738 1841 ﬂuvius
2772 1785 2876 1842 iste
2899 1785 3113 1854 Gehon,
3136 1788 3232 1860 qui
3255 1788 3325 1844 de
3347 1791 3589 1860 paradiso
3609 1809 3712 1851 cum

2090 1886 2135 1947 Β
2163 1875 2341 1931 tribus
2362 1875 2486 1930 aliis
2516 1875 2714 1946 legitur
2755 1891 3034 1945 emanare,
3073 1887 3258 1934 ortum
3301 1895 3464 1935 suum
3511 1882 3716 1939 videatur

2161 1967 2361 2024 iterum
2410 1983 2755 2038 recuperare,
2791 1985 2919 2025 cum
2945 1970 3016 2026 ab
3056 1971 3313 2027 orientali
3358 1983 3512 2044 parte
3552 1975 3716 2031 haheat

2162 2077 2314 2118 mare
2345 2062 2614 2129 Rubrum,
2637 2070 2693 2118 et
2734 2063 2805 2118 ab
2833 2078 3058 2131 occasu,
3109 2063 3164 2118 in
3194 2080 3310 2135 quo
3356 2066 3560 2135 incidit,
3595 2085 3716 2125 mare

2161 2163 2434 2210 nostrum.
2487 2153 2663 2210 Habet
2711 2154 2858 2210 enim
2901 2155 3046 2211 inter
3071 2171 3132 2212 se
3181 2163 3237 2212 et
3287 2159 3548 2215 orientem
3594 2178 3717 2216 mare

2162 2245 2440 2314 Rubrum,
2490 2246 2545 2301 in
2581 2263 2693 2318 quo
2736 2247 2947 2304 oriente
2997 2248 3358 2320 intelligimus
3404 2266 3522 2307 esse
3546 2255 3719 2323 paradi-

2161 2357 2306 2398 sum.
2331 2340 2620 2409 Quomodo
2643 2357 2774 2398 vero
2796 2342 2942 2399 circa
2967 2358 3118 2398 mare
3146 2342 3282 2398 illud
3314 2343 3554 2400 Rubrum
3587 2363 3720 2402 resu-

2161 2433 2262 2489 mit
2285 2443 2466 2490 ortum
2495 2449 2680 2502 suum,
2706 2443 2762 2490 et
2787 2435 3064 2506 quomodo
3087 2437 3288 2493 transit
3312 2437 3443 2496 illud
3471 2455 3625 2508 mare,
3650 2442 3720 2497 vel

2162 2540 2273 2582 non
2306 2523 2524 2594 transit,
2554 2525 2902 2582 vehementer
2930 2526 3194 2582 admiror.

2729 2616 2962 2674 CAPUT
3028 2616 3188 2672 LVII.

2758 2710 2836 2767 De
2871 2710 3163 2781 Euphrate.

2233 2802 2311 2860 De
2335 2801 2615 2875 Euphrate
2643 2802 2896 2858 similiter
2921 2803 3251 2868 addicimus,
3281 2802 3430 2873 quod
3471 2801 3521 2856 in
3561 2803 3724 2858 Arme—

2163 2896 2254 2952 nia
2279 2904 2460 2951 ortum
2507 2911 2672 2950 suum
2721 2895 2941 2962 habeat,
2974 2905 3028 2950 et
3069 2903 3260 2966 postea
3311 2910 3408 2965 per
3456 2894 3724 2967 Mesopota-

2163 2987 2331 3042 miam
2380 2995 2671 3054 transeat,
2700 2987 2772 3041 24
2812 2985 3116 3053 milliariis,
3144 2994 3205 3041 ut
3247 2986 3466 3057 Opinor,
3507 2987 3574 3042 ab
3615 2988 3727 3042 urbe

2164 3077 2391 3136 Edessa.
2430 3077 2652 3145 Quaerat
2678 3078 2774 3150 qui
2803 3078 2940 3144 vult,
2967 3079 3143 3134 discat
3165 3078 3259 3149 qui
3289 3078 3452 3134 valet.
3483 3077 3612 3134 Nam
3641 3079 3726 3133 hoc

2163 3173 2378 3229 discere
2433 3187 2466 3227 a
2508 3171 2930 3242 quamplurihus
2969 3185 3213 3242 persaspe
3263 3171 3584 3242 inquirendo
3638 3181 3729 3226 stu-

467 3257 641 3313 ferme
665 3235 950 3327 militibus,
980 3277 1153 3331 usque
1174 3262 1244 3318 ad
1271 3259 1519 3317 Rubrum
1549 3279 1702 3319 mare
1724 3264 1826 3320 iter
1849 3267 2059 3336 agendo
2087 3235 2132 3298 Ο
2161 3265 2276 3331 dui,
2307 3265 2400 3320 sed
2429 3235 2544 3335 qui-
2561 3264 2667 3320 hoc
2680 3235 2831 3318 mihi
2863 3235 3168 3319 insinuaret
3210 3235 3555 3336 nequaquam
3590 3264 3721 3318 inve-

466 3352 760 3422 expedivit,
792 3361 854 3408 ut
890 3362 945 3408 et
972 3353 1179 3410 videret
1230 3355 1378 3426 quod
1435 3355 1678 3410 nondum
1725 3357 1955 3424 viderat,
2006 3367 2062 3415 et

467 3441 697 3498 fortuitu
730 3445 783 3498 in
825 3445 912 3499 via
939 3444 1149 3515 aliquid
1172 3445 1298 3500 boni
1331 3445 1476 3516 quod
1505 3446 1850 3502 desiderabat
1905 3447 2060 3504 inve-

468 3537 630 3591 niret.
685 3535 840 3592 Tunc
867 3536 1194 3593 invenerunt
1235 3536 1375 3593 Elim
1405 3538 1677 3593 civitatem
1714 3553 1874 3596 secus
1908 3540 2060 3596 littus

467 3627 712 3698 ejusdem
743 3630 930 3697 maris,
965 3629 1060 3685 ubi
1092 3631 1353 3701 populum
1399 3629 1759 3686 lsraeliticum
1783 3640 1910 3702 post
1938 3647 2060 3688 ma-

466 3720 545 3774 ris
569 3721 859 3776 transitum
885 3722 1220 3792 hospitatum
1239 3737 1362 3778 esse
1377 3722 1610 3793 legimus
1625 3720 1822 3792 (Exod.
1840 3722 2056 3790 “.27).

468 3809 674 3884 Dequa
697 3815 794 3885 qui
841 3815 916 3870 ibi
964 3816 1347 3882 versabantur,
1406 3814 1594 3870 audito
1623 3815 1768 3886 regis
1804 3815 2060 3882 adventu,

471 3907 685 3978 egressi
715 3915 882 3961 sunt:
915 3917 970 3962 et
999 3907 1264 3962 intrantes
1302 3906 1584 3962 naviculas
1626 3923 1778 3973 suas,
1806 3907 1858 3962 in
1910 3923 2062 3963 mare

469 4000 651 4071 pavidi
674 4016 734 4055 se
762 4000 1123 4071 impegerunt.
1159 3999 1298 4055 Cum
1330 4010 1510 4056 autem
1541 4016 1634 4055 rex
1663 4007 1718 4055 et
1753 3999 1839 4056 sui
1879 4000 2061 4054 locum

473 4093 627 4147 illum
655 4092 898 4163 quandiu
921 4092 1081 4147 libuit
1109 4092 1568 4158 censiderassent,
1605 4091 1809 4147 reversi
1837 4102 1966 4146 sunt
1993 4092 2062 4148 ad

473 4182 730 4254 Regalem
760 4191 1005 4238 montem
1027 4190 1270 4238 castrum
1294 4181 1686 4248 suum,deinde
1701 4179 2060 4236 Hierusalem.

471 4275 576 4342 Qui
599 4291 725 4330 cum
756 4275 916 4330 nobis
940 4291 1003 4330 ea
1034 4291 1156 4345 quae
1189 4275 1442 4329 viderant
1487 4283 1799 4351 narrarent,
1822 4273 2063 4328 delecta-

470 4365 669 4420 bamur
699 4374 809 4419 tam
834 4365 996 4420 dictis
1029 4381 1195 4435 quam
1246 4365 1298 4419 in
1343 4365 1546 4421 cocleis
1581 4363 1840 4430 marinis,
1883 4373 1938 4420 et
1985 4364 2066 4419 la-

471 4457 617 4528 pillis
638 4457 968 4528 quibusdam
990 4459 1204 4529 generis
1224 4457 1527 4523 tenerrimi,
1559 4472 1683 4528 qum
1708 4457 1867 4513 nobis
1903 4457 2064 4515 allata

472 4551 870 4606 monstrabant.
899 4550 1013 4622 Ego
1049 4552 1163 4621 ipse
1191 4551 1351 4605 avido
1369 4550 1535 4605 corde
1557 4550 1712 4620 plene
1738 4550 1978 4605 rimabar
1995 4552 2061 4608 ab

473 4639 628 4712 ipsis,
640 4643 948 4712 cujusmodi
967 4658 1118 4697 mare
1127 4652 1263 4708 erat,
1276 4642 1369 4712 qui
1384 4641 1491 4696 huc
1503 4657 1677 4711 usque
1687 4641 2061 4698 dubitaveram

472 4742 656 4789 utrum
679 4736 884 4790 salsum
906 4751 976 4788 an
1011 4734 1170 4790 dulce
1189 4742 1338 4801 erat;
1373 4741 1631 4804 stagnum
1663 4734 1756 4803 velf
1776 4734 1948 4802 lacus,
1969 4745 2065 4792 aut

473 4825 684 4882 intrans
705 4836 760 4881 et
782 4828 972 4882 exiens
1006 4837 1063 4881 ut
1089 4840 1240 4880 mare
1263 4823 1528 4892 Galilam;
1558 4824 1673 4882 sive
1713 4835 1857 4882 meta
1905 4827 2055 4882 ﬁnali

472 4918 890 4974 concluderetur
958 4927 1024 4972 ut
1070 4931 1222 4971 mare
1296 4915 1576 4971 Mortuum
1655 4918 1801 4988 quod
1868 4916 2065 4974 Jorda-

471 5025 596 5065 nem
637 5011 851 5080 recipit,
878 5010 970 5065 sed
1005 5018 1195 5080 postea
1243 5024 1516 5079 nusquam
1550 5009 1766 5066 emittit.
1819 5008 1956 5065 Nam
1993 5011 2062 5066 ab

470 5108 660 5156 austro
687 5100 830 5172 apud
861 5098 1032 5171 Segor
1045 5100 1321 5156 civitatem
1352 5099 1492 5156 Loth
1517 5099 1679 5156 linem
1699 5099 1850 5157 facit.

1082 5210 1312 5267 CAPUT
1351 5211 1461 5268 LV.

999 5302 1077 5358 De
1132 5304 1270 5358 mari
1328 5303 1525 5360 Rubro.

476 5375 659 5450 Ἠοο
689 5403 872 5450 autem
919 5411 1071 5452 mare
1123 5395 1369 5452 Rubrum
1401 5397 1629 5464 dictum,
1653 5411 1721 5453 eo
1769 5395 1917 5467 quod
1968 5411 2059 5452 sa-

468 5485 639 5541 burra
699 5496 756 5541 et
815 5485 984 5556 lapilli
1005 5488 1158 5542 rubri
1222 5489 1334 5544 sint
1380 5488 1435 5542 in
1504 5487 1694 5543 fetido.
1751 5485 1911 5542 Unde
1973 5486 2059 5540 in-

471 5579 750 5634 tuentibus
793 5580 1022 5635 rubrum
1052 5588 1230 5651 patet;
1289 5581 1437 5652 quod
1478 5581 1644 5635 etiam
1671 5580 1726 5635 in
1759 5594 1890 5635 vase
1913 5566 2055 5650 quo-

470 5673 602 5728 libet
673 5674 950 5741 haustum,
1003 5682 1266 5745 tanquam
1313 5674 1461 5730 aliud
1531 5689 1703 5741 mare,
1768 5673 2052 5743 limpidum

467 5774 552 5820 est
573 5773 628 5820 et
660 5765 866 5821 album.
893 5765 1089 5822 Dicunt
1118 5766 1249 5821 illud
1272 5781 1303 5820 a
1337 5767 1472 5820 mari
1497 5765 1718 5821 Oceano
1751 5765 1990 5820 derivari
2020 5781 2052 5819 a

468 5866 622 5926 parte
653 5858 909 5929 australi,
933 5858 1095 5938 quasi
1149 5859 1335 5928 lingua
1378 5865 1653 5929 cruptum,
1678 5865 1734 5912 et
1780 5871 1954 5928 usque
1982 5856 2049 5910 ad

2161 3357 2280 3412 nire
2300 3355 2474 3427 potui.
2505 3354 2805 3412 Committo
2837 3361 3045 3411 autem‘
3064 3355 3140 3410 illi
3185 3355 3500 3421 enucleare,
3533 3355 3625 3426 qui
3647 3370 3727 3410 su-

2161 3464 2257 3520 per
2278 3449 2447 3504 cmlos
2472 3447 2638 3504 etiam
2669 3462 2842 3518 aquas
2866 3446 3100 3503 miriﬁce
3141 3447 3325 3503 inesse
3369 3446 3586 3513 statuit;
3627 3445 3730 3516 qui-

2161 3557 2268 3612 que
2294 3557 2389 3597 eas
2409 3541 2462 3596 in
2495 3540 2777 3596 montibus
2801 3548 2856 3596 et
2883 3540 3117 3597 collibus
3153 3549 3212 3596 et
3245 3542 3590 3596 convallibus
3614 3539 3726 3596 oriri

2161 3633 2313 3701 facit,
2335 3643 2392 3690 ct
2431 3649 2530 3704 per
2555 3633 2804 3690 occultos
2845 3642 3058 3690 meatus
3094 3632 3353 3690 cursibus
3396 3634 3589 3689 vividis
3633 3632 3731 3687 vias

2162 3726 2463 3782 multiﬁdas
2491 3725 2573 3782 eis
2603 3725 2836 3796 praabuit
2857 3767 2872 3792 ,
2906 3733 2962 3781 et
2984 3725 3038 3780 in
3067 3741 3220 3780 mare
3256 3724 3493 3796 denique
3530 3725 3729 3780 mirabi-

2164 3819 2286 3875 liter
2309 3818 2518 3874 inducit
2545 3825 2599 3873 ct
2639 3815 2869 3872 reducit.
2903 3813 3063 3870 Exitu
3091 3815 3364 3886 siquidem
3396 3815 3526 3871 anni
3555 3828 3729 3886 appro-

2162 3913 2480 3984 pinquante,
2512 3908 2761 3966 molestia
2791 3908 3037 3978 corporis
3087 3907 3377 3979 ingruente
3400 3949 3416 3975 ,
3474 3907 3600 3978 quia
3652 3921 3731 3962 rex

2163 4003 2306 4058 mori
2337 4011 2468 4057 tunc
2513 3999 2724 4067 timuit,
2752 3998 2962 4054 dimisit
3006 4013 3236 4053 uxorem
3287 4013 3449 4052 suam
3506 3996 3731 4066 superius

2165 4092 2878 4162 memoratam,Siculorum
2901 4091 3114 4148 scilicet
3141 4089 3509 4156 comitissam,
3538 4089 3732 4143 nomine

2165 4186 2648 4257 Adelaidcm,quia
2670 4185 2876 4257 injuste
2896 4186 3127 4240 duxerat
3145 4199 3294 4252 eam,
3315 4199 3385 4238 eo
3413 4182 3558 4253 quod
3579 4181 3731 4236 adhuc

2165 4280 2374 4339 viveret
2391 4295 2513 4348 sua,
2539 4295 2706 4351 quam
2740 4277 2887 4350 apud
2918 4276 3109 4332 urbem
3150 4274 3418 4332 Edessam
3458 4282 3585 4330 ante
3609 4281 3732 4329 recte

2168 4373 2424 4430 duxerat.

2730 4463 2962 4522 CAPUT
2995 4460 3176 4517 LVIII.

2425 4555 2500 4612 De
2531 4557 2770 4611 maxima
2807 4555 3113 4627 pestilentia
3151 4554 3508 4608 locustarum.

2239 4651 2398 4707 Anno
2435 4651 2574 4707 ΗΠ
2624 4652 2692 4707 ab
2724 4651 3108 4708 incarnatione
3145 4648 3390 4714 Domini,
3430 4647 3612 4718 regina
3637 4658 3732 4700 me-

2166 4754 2378 4798 morata
2431 4757 2464 4797 e
2515 4750 2674 4812 portu
2706 4740 3042 4797 Ptolemaida
3079 4754 3302 4812 egressa
3329 4779 3347 4806 ,
3387 4736 3477 4793 die
3508 4751 3613 4808 qua
3638 4734 3728 4788 rita

2167 4834 2547 4889 ecclesiastico
2590 4834 2779 4888 litania
2824 4832 3003 4903 major
3042 4832 3331 4887 decantata
3380 4836 3497 4895 est,
3547 4835 3728 4897 septem

2167 4941 2292 4981 cum
2319 4925 2549 4980 navibus
2575 4925 2631 4980 in
2661 4924 2925 4980 comitatu
2954 4938 3058 4979 suo
3083 4922 3332 4978 Siciliam
3354 4917 3726 4976 transfretavit.

2166 5014 2534 5071 Deindedllaio
2563 5031 2751 5071 mense
2769 5015 3161 5071 advolaverunt
3186 5013 3241 5067 in
3265 5021 3472 5068 terram
3494 5009 3725 5065 Hieroso-

2163 5109 2485 5177 lymitanam
2530 5109 2870 5164 locustarum
2905 5107 3116 5162 infinita
3167 5105 3486 5171 multitudo,
3518 5101 3728 5172 amplius

2161 5209 2326 5258 solito
2354 5202 2680 5258 devorantes
2709 5211 2820 5257 tam
2840 5201 3030 5256 vineas
3057 5215 3225 5272 quam
3255 5207 3493 5270 segetes,
3515 5212 3614 5252 nec
3633 5208 3727 5249 non

2161 5297 2389 5352 arbores
2416 5297 2762 5368 omnigeuas,
2793 5311 2933 5366 quas
2955 5295 3204 5350 videritis
3232 5294 3503 5361 iaccurate
3531 5290 3599 5346 ad
3625 5301 3727 5344 mo-

2161 5407 2276 5446 rem
2314 5389 2588 5446 exercitus
2625 5390 2912 5445 hominum
2948 5404 3044 5459 per
3069 5389 3188 5443 vias
3218 5395 3484 5458 tanquam
3519 5382 3727 5442 consilio

2163 5483 2392 5556 provido
2416 5484 2732 5554 prolocutas
2752 5481 2944 5538 ordine
2990 5480 3264 5552 progredi.
3303 5479 3372 5534 Et
3398 5479 3540 5534 facta
3580 5490 3726 5547 expe-

2162 5575 2372 5632 ditione
2399 5591 2500 5630 sua
2539 5574 2759 5640 diurna,
2795 5573 2917 5629 alia:
2952 5572 3200 5643 pedites,
3229 5572 3354 5628 alia:
3380 5587 3512 5627 vero
3558 5569 3726 5624 volan-

2159 5677 2242 5724 tes
2263 5709 2278 5734 ,
2312 5667 2613 5736 hospitium
2637 5666 2742 5722 sibi
2771 5665 3137 5720 communiter
3152 5664 3452 5735 eligebant.
3474 5663 3724 5718 Consum-

2158 5763 2268 5832 ptis
2298 5761 2482 5830 itaqu‘e
2511 5759 2696 5814 herbis
2722 5757 3098 5824 viridioribus,
3121 5766 3176 5811 et
3203 5757 3468 5812 arborum
3504 5749 3723 5810 corrosis

2159 5850 2478 5917 corticibus,
2509 5858 2620 5906 tam
2658 5849 2814 5906 bruci
2839 5864 3007 5920 quam
3045 5847 3274 5904 locusta:
3295 5845 3611 5905 catervatim
3639 5841 3721 5896 ah-
