3850 6310
156 424 232 485 901

812 401 1180 466 FULCHERH
1213 401 1513 464 CARNOT.
1577 401 1647 457 Ill

1749 445 1760 459 .
1797 397 2164 460 arenosa.
2205 433 2274 444 ο-
2309 400 2440 458 UB.
2483 399 2555 458 ll.

3278 327 3286 336 ς

156 543 309 597 ierunt.
327 518 370 588 0
391 526 695 599 improbitas
722 523 1012 580 hominum
1033 536 1290 592 perverse
1309 520 1649 575 incessanter
1679 527 1721 581 Α
1755 533 1970 574 rescere
1989 518 2146 583 solet,
2160 533 2286 572 cum
2305 516 2422 587 jam
2441 515 2525 572 sol
2545 514 2677 570 oriri
2699 514 2879 572 debet.
2893 513 2954 572 In
2977 515 3158 575 fronte
3175 519 3344 576 etiam

151 618 530 698 malignantinlt!
554 617 660 673 Tot
676 625 732 672 et
752 617 916 671 tantis
940 631 1042 671 nos
1067 614 1332 670 Conditor
1362 620 1550 668 noster
1571 612 1650 666 in-

152 715 481 789 crepatiombus
520 709 687 781 tangit
709 751 724 776 ,
760 717 814 763 et
848 707 1173 778 praemuniit;
1213 705 1386 776 signis
1409 705 1646 771 territat,

150 811 276 868 minis
294 805 518 870 concitat,
548 800 888 857 documentis
912 799 1122 865 edocet,
1147 796 1372 869 ﬂagellis
1395 805 1644 864 coercet;

147 913 188 958 et
220 912 396 969 semper
412 897 460 950 in
483 893 854 964 iniquitatibus
878 891 1085 947 nostris
1105 890 1492 960 persistentes,
1528 903 1648 943 mo-

145 995 229 1049 nita
251 991 350 1061 ejus
368 985 682 1055 contemptui
716 984 1004 1049 habemus,
1030 992 1083 1037 et
1103 981 1386 1052 praeceptis
1410 981 1531 1050 ejus
1553 996 1648 1036 su-

148 1085 273 1156 perbe
316 1077 651 1136 eontraimusl
685 1076 827 1143 Quid
858 1075 1093 1140 mirum,
1125 1075 1172 1129 si
1208 1072 1495 1128 Sarraceni
1519 1114 1532 1139 ,
1559 1072 1646 1127 vel

142 1177 272 1247 iniqui
297 1172 502 1238 domini,
531 1168 788 1224 auferunt
814 1168 973 1223 nobis
1018 1177 1193 1222 terras
1227 1174 1488 1232 nostras,
1517 1181 1644 1220 cum

143 1283 218 1320 nos
242 1281 284 1320 :n
308 1264 652 1336 proximorum
680 1267 998 1313 nostrorum
1029 1272 1193 1328 agros
1217 1270 1414 1309 manus
1455 1263 1647 1308 exten-

139 1359 278 1412 dimus
303 1367 535 1423 rapaces,
575 1365 715 1420 quos
750 1349 974 1420 quidem
1012 1347 1299 1402 autaratri
1342 1345 1647 1400 sulcatione

138 1445 444 1502 fraudulenter
495 1449 888 1506 excurtamus,
939 1447 1035 1493 aut
1081 1435 1647 1492 circumventionibus

136 1538 300 1609 cupidis
322 1533 653 1604 subripiendo
675 1532 980 1603 privamus,
1021 1538 1076 1584 et
1105 1539 1328 1584 nostros
1367 1527 1646 1582 malitiose

135 1647 184 1687 ex
205 1630 274 1684 his
297 1624 737 1698 augmentamus?
783 1621 926 1690 Quid
951 1623 1173 1688 mirum,
1199 1621 1246 1676 si
1275 1619 1386 1674 Deo
1416 1620 1646 1690 permit-

135 1732 260 1789 tente,
284 1731 384 1776 sata
411 1727 589 1775 nostra
617 1718 700 1773 vel
728 1734 914 1774 mures
945 1718 998 1772 in
1025 1726 1170 1772 terra
1189 1717 1302 1787 jam
1319 1731 1386 1771 ert
1414 1715 1646 1787 pnitui-

133 1835 183 1874 ne
205 1816 408 1871 radicata
443 1814 728 1886 dissipent,
758 1815 842 1870 vel
872 1824 993 1886 post
1034 1813 1089 1868 in
1120 1813 1288 1884 spicis
1313 1810 1428 1882 jam
1459 1811 1644 1866 adulta

1751 610 1892 679 signi
1919 610 2104 680 hujus,
2120 611 2174 664 in
2202 626 2264 665 ea
2277 610 2528 665 videlicet
2551 617 2724 680 parte,
2744 610 3068 667 videbamus
3093 613 3341 670 alborem

1750 701 1909 771 quasi
1933 702 2153 756 deberet
2180 701 2309 756 luna
2336 701 2490 756 oriri.
2522 699 2677 756 Unde
2710 710 2853 756 terra
2874 701 3216 773 undique,'et
3234 720 3343 759 cae-

1751 801 1866 848 tera
1893 793 2008 849 loca
2033 793 2177 848 circa
2205 809 2306 850 nos
2325 793 2636 860 existentia,
2661 794 2806 850 clare
2831 795 3157 851 candebant.
3186 795 3344 863 Quod

1750 885 1798 940 si
1823 887 1877 940 in
1903 887 2174 940 matutino
2197 886 2277 942 sic
2298 886 2560 953 eveniret,
2610 887 2922 942 diceremus
2967 902 3182 954 omnes,
3210 889 3340 958 quia

1749 977 1864 1032 dies
1893 977 2038 1032 clara
2065 987 2166 1033 est.
2190 977 2635 1048 Conjiciebamus
2669 995 2800 1051 ergo
2837 981 2964 1035 inde
2987 981 3073 1034 vel
3118 981 3344 1052 sangui-

1749 1089 1873 1129 nem
1901 1074 2133 1129 multum
2163 1074 2215 1130 in
2254 1075 2394 1131 bello
2431 1075 2789 1144 fundendum,
2821 1085 2914 1132 aut
2940 1077 3088 1132 aliud
3135 1077 3343 1148 aliquid

1749 1180 1859 1219 non
1881 1165 2066 1220 minus
2085 1166 2335 1236 praesagii
2361 1166 2592 1222 minacis
2627 1166 2744 1222 fore
2768 1166 3048 1235 futurum;
3077 1168 3172 1224 sed
3193 1168 3344 1240 quod

1749 1257 2015 1312 incertum
2064 1258 2434 1325 habebamus,
2492 1258 2724 1314 Domino
2773 1258 2884 1314 Deo
2939 1259 3341 1330 disponendum

1749 1348 2054 1403 humillime
2074 1349 2573 1406 committebamus.
2623 1350 2781 1417 Quod
2811 1352 2978 1406 etiam
3025 1360 3340 1422 portentum

1748 1439 1815 1493 ad
1845 1439 2252 1494 defunctinnem
2282 1455 2675 1510 personarum,
2703 1456 2826 1512 quae
2865 1457 3011 1496 anno
3040 1441 3160 1512 ipso
3187 1442 3341 1498 obie-

1747 1539 1906 1596 runt,
1940 1531 2315 1603 significantes
2369 1533 2634 1604 aliquanti
2695 1535 2875 1590 sortiti
2934 1544 3082 1591 sunt.
3131 1534 3340 1592 Subse-

1747 1632 1979 1692 quenter
2019 1625 2166 1680 enim
2199 1625 2404 1680 mortui
2435 1635 2585 1691 sunt,
2633 1624 2918 1682 Paschalis
2967 1643 3108 1699 papa
3152 1644 3340 1684 mense

1746 1713 2035 1783 Januario,
2075 1715 2375 1772 Balduinus
2429 1733 2524 1773 rex
2579 1715 3084 1790 Hierosolymorum
3153 1735 3341 1775 mense

1748 1807 1944 1878 Aprili,
1978 1823 2078 1864 nec
2121 1824 2232 1864 non
2278 1825 2418 1864 uxor
2454 1809 2575 1881 ejus
2613 1809 2668 1865 in
2721 1809 2912 1866 Sicilia
2938 1852 2954 1878 ,
2997 1827 3163 1881 quant
3192 1813 3344 1866 dere-

132 1873 312 1963 locusta:
343 1873 611 1973 devorent,
639 1873 733 1961 aut
761 1873 928 1961 etiam
957 1905 1012 1960 in
1041 1873 1331 1976 granariis.
1367 1903 1648 1960 vermibus
1682 1873 1722 1928 Β
1749 1873 2005 1972 liquerat.
2042 1899 2438 1974 Hierosolymis
2482 1873 2649 1958 etiam
2696 1873 3030 1974 patriarcha
3053 1903 3340 1970 Arnulfus,

130 2001 256 2072 quibu
276 1999 442 2063 slibet,
465 2006 559 2052 aut
583 1998 774 2053 nidore
797 1999 1013 2054 calcino
1034 1997 1322 2064 laedantur,
1345 2012 1470 2052 curn
1494 1996 1647 2052 deci-

129 2106 216 2147 mas
235 2088 326 2146 Deo
344 2089 548 2145 debitas
573 2089 658 2145 vel
684 2087 1065 2145 fraudulenter
1087 2088 1392 2157 reddimus,
1409 2089 1496 2144 vel
1526 2104 1648 2145 om-

128 2184 224 2238 nino
246 2182 484 2256 sacrilege
525 2182 866 2238 retinemus?

632 2271 865 2328 CAPUT
904 2270 1044 2328 LIX.

586 2365 666 2422 De
728 2367 880 2440 signo
950 2367 1113 2421 (unm.

174 2453 391 2528 Sequenti
423 2457 646 2529 quidem
679 2474 904 2527 mense,
946 2459 1042 2530 qui
1071 2457 1270 2514 Junius
1295 2464 1447 2526 erat,
1478 2471 1648 2530 appa-

122 2549 203 2603 ruit
225 2550 362 2605 nobis
383 2551 436 2605 in
460 2551 664 2607 coelum
713 2552 1141 2623 suSpicientibus
1179 2551 1308 2607 luna
1365 2559 1492 2623 post
1516 2549 1646 2623 galli

123 2651 312 2709 cantum,
341 2643 487 2714 prius
532 2653 650 2700 tota
697 2645 863 2700 rubea
883 2686 898 2712 ,
925 2645 1229 2700 novissime
1259 2659 1408 2710 vero,
1433 2652 1646 2699 mutato

119 2734 293 2790 rubore.
315 2735 590 2807 nigredine
635 2739 772 2793 adeo
804 2736 1012 2792 fuscata
1041 2746 1128 2793 est
1155 2745 1214 2792 ut
1240 2737 1350 2791 vim
1373 2737 1458 2792 sui
1482 2737 1647 2791 lumi-

121 2825 186 2879 nis
204 2841 283 2896 per
317 2828 447 2884 duas
475 2828 595 2885 fere
630 2830 795 2886 horas
842 2832 1112 2902 perderet.
1163 2831 1410 2902 Contigit
1458 2839 1643 2886 autem

121 2919 285 2977 ht-cdie
302 2937 399 2993 qua
417 2939 536 2978 eam
561 2924 780 2980 tertiam
804 2925 1074 2980 decimam
1100 2924 1457 2979 habebamus.
1486 2923 1644 2991 Quod

119 3025 154 3066 si
176 3023 334 3083 quarta
383 3017 598 3073 decima
627 3017 716 3074 die
742 3027 889 3074 esset
932 3018 1057 3084 illo,
1087 3017 1337 3089 eclipsim
1381 3017 1644 3073 nimirum

117 3119 204 3172 ejus
215 3121 317 3163 esse
331 3109 776 3182 intelliget-emus.
791 3108 948 3178 Quod
959 3125 1090 3180 ergo
1110 3125 1211 3182 pro
1229 3110 1386 3182 signo
1412 3110 1464 3166 id
1484 3125 1644 3166 acce-

120 3197 278 3265 pimus,
303 3216 362 3256 ex
383 3202 486 3258 hoc
506 3203 738 3274 quidam
763 3204 1152 3276 eonjectabant
1177 3204 1382 3260 rubore
1423 3203 1476 3258 in
1507 3219 1644 3275 pra:-
1671 3225 1712 3284 ο

116 3285 172 3340 lio
197 3287 294 3345 fore
331 3291 670 3350 fundendum
698 3298 1055 3363 sanguinem;
1093 3298 1186 3353 alii
1208 3315 1339 3355 vero
1363 3300 1647 3374 nigredine

117 3377 438 3449 signiﬁcabant
485 3401 779 3444 venturam
824 3389 1046 3446 famem.
1095 3389 1206 3448 Nos
1250 3408 1380 3448 vero
1407 3394 1646 3466 disposi-

121 3470 224 3526 tioui
251 3482 298 3528 et
321 3478 680 3545 providentia:
713 3479 806 3538 Dei
839 3482 946 3538 hoc
985 3483 1404 3554 commisimus,
1453 3487 1548 3558 qui
1591 3487 1647 3543 in

116 3563 203 3618 sola
223 3575 269 3620 et
297 3568 416 3624 luna
443 3571 738 3642 discipulis
762 3575 880 3630 suis
909 3576 1161 3647 prmdixit
1188 3578 1342 3650 signa
1368 3577 1484 3636 fore
1511 3597 1640 3636 ven-

114 3662 206 3710 tura
230 3657 367 3729 (Luc.
392 3679 506 3731 xxr,
538 3665 661 3735 25).
689 3663 793 3734 Qui
815 3668 1008 3736 etiam,
1037 3670 1259 3740 quando
1282 3672 1418 3739 vult,
1449 3683 1648 3728 terram

115 3748 212 3816 facit
238 3762 436 3810 tremere
469 3755 650 3826 (Psal.
682 3774 799 3827 cur,
845 3759 960 3832 52),
997 3769 1053 3817 et
1097 3771 1286 3832 postea
1327 3765 1645 3835 quiescere;

111 3841 220 3907 quod
245 3844 636 3919 subsequenter
677 3850 876 3906 accidit
903 3851 958 3906 in
988 3852 1182 3908 eodem
1229 3870 1420 3912 mense
1471 3857 1648 3914 noctis

113 3925 392 4004 intempesta:
412 3937 665 4007 silentio,
696 3955 750 3994 vr
777 3938 896 3996 Kal.
920 3939 1075 3998 Julii.
1133 3987 1146 3998 .

659 4031 890 4090 CAPUT
933 4034 1046 4090 LX.

331 4122 406 4178 De
433 4134 619 4180 castra
655 4142 816 4198 prope
848 4127 1045 4198 Tyrum
1076 4129 1364 4200 redi/irato.

159 4205 287 4269 'l'unc
311 4216 604 4274 aadificavit
625 4234 723 4275 rex
754 4221 1033 4290 quoddam
1059 4230 1304 4278 castrum
1340 4238 1508 4295 prope
1548 4222 1646 4296 l‘y-

109 4311 200 4354 mm
247 4306 461 4374 urbem,
520 4309 672 4364 intra
724 4311 978 4381 quintum
1027 4313 1096 4368 ab
1138 4313 1272 4369 urbe
1306 4315 1643 4384 milliarium,

107 4393 216 4461 quod
242 4401 448 4455 vocavit
475 4400 814 4457 Scandalion
834 4445 850 4471 ,
877 4413 932 4458 et
963 4402 1232 4476 Campum
1261 4405 1461 4462 Leonis
1486 4407 1649 4464 inter-

107 4496 348 4555 pretatum,
371 4502 426 4548 et
452 4494 750 4551 resarcivit
773 4495 956 4552 diruta
985 4497 1107 4568 ejus
1127 4540 1142 4566 ,
1173 4508 1228 4554 et
1250 4500 1436 4570 posuit
1468 4500 1523 4556 in
1576 4516 1644 4558 eo

105 4580 315 4640 custodes
338 4585 407 4641 ad
443 4587 819 4643 coercendum
857 4589 1050 4644 urbem
1083 4591 1424 4662 praedictam.

626 4675 879 4742 CAPUT
903 4678 1041 4736 LXI.

303 4765 380 4822 De
406 4768 564 4840 signo
604 4771 840 4825 mirabili
872 4772 927 4826 in
953 4771 1062 4826 sale
1083 4783 1389 4842 apparente.

155 4849 329 4912 Eodem
345 4874 515 4928 anno,
548 4876 741 4916 mense
762 4860 1077 4930 Decembri,
1111 4873 1269 4919 nocte
1297 4865 1488 4936 quinta
1525 4877 1647 4937 post

102 4942 482 5021 eclipsimlunaa,
511 4967 641 5025 quae
662 4954 943 5010 acciderat
968 4970 1093 5010 cum
1127 4955 1342 5011 tertiam
1374 4957 1641 5015 decimam

101 5044 580 5114 pronuntiahamus,
605 5047 847 5104 vidimus
889 5063 1083 5104 omnes
1128 5049 1330 5105 ccelum
1361 5060 1522 5107 nocte
1557 5053 1644 5107 in-

100 5142 240 5201 empta
261 5135 313 5192 in
338 5139 760 5209 septentrionali
784 5148 938 5210 parte
958 5140 1044 5196 vel
1070 5140 1215 5212 ignei
1243 5141 1328 5197 vel
1360 5143 1646 5214 sanguinei

99 5224 262 5284 coloris
286 5227 496 5303 fulgore
523 5246 863 5302 respersum.
897 5230 1055 5299 Quod
1078 5232 1295 5303 signum
1337 5233 1512 5305 signis
1536 5235 1644 5289 mi-

101 5314 233 5374 riﬁcis
265 5321 483 5391 plenum
525 5321 930 5393 suspicientes,
979 5321 1330 5378 vehementer
1389 5324 1645 5380 admirati

99 5419 274 5465 sumus.
316 5410 455 5468 Nam
493 5428 594 5483 per
616 5412 857 5468 medium
885 5413 1149 5469 ruborem
1181 5413 1358 5481 illum,
1401 5414 1495 5486 qui
1538 5415 1646 5485 pri-

98 5497 233 5557 mitus
251 5504 513 5572 paulatim
539 5520 860 5561 excrescere
887 5505 1077 5576 erepit,
1107 5505 1435 5561 videbamus
1458 5507 1644 5563 radios

98 5589 276 5650 alburni
296 5597 500 5654 coloris
532 5598 889 5670 quamplures
917 5599 989 5655 ab
1036 5599 1150 5654 imo
1182 5615 1404 5655 sursum
1441 5599 1642 5655 mirum

99 5681 142 5736 in
168 5689 374 5745 modum
401 5693 622 5760 extolli,
647 5709 796 5749 nunc
823 5702 971 5760 ante,
997 5708 1147 5748 nunc
1182 5701 1331 5748 retro
1350 5735 1368 5761 ,
1400 5709 1548 5750 nunc
1590 5694 1647 5748 in

100 5781 262 5838 medio.
297 5783 354 5839 In
391 5795 554 5857 parte
583 5796 766 5843 autem
793 5785 1050 5854 inferiori
1082 5787 1284 5843 coelum
1313 5789 1541 5858 parebat
1567 5787 1647 5844 al-

100 5868 222 5944 bum,
246 5891 306 5934 ac
333 5879 378 5935 si
405 5895 614 5935 aurora
645 5889 790 5938 esset
813 5879 941 5950 diei,
969 5896 1094 5952 qua:
1119 5894 1292 5954 prope
1337 5881 1482 5938 diem
1523 5881 1658 5938 cla-'

1750 1994 2052 2065 imperator
2076 2009 2300 2065 quoque
2347 1992 2996 2064 Constantinopolitanus
3041 1994 3257 2059 Alexis,
3281 2003 3338 2050 et

1747 2085 1843 2141 alii
1869 2087 2228 2158 quamplurcs
2255 2100 2512 2157 proceres
2536 2086 2840 2141 inmundo.

2325 2175 2559 2232 CAPUT
2594 2175 2757 2232 LXII.

2081 2265 2159 2322 De
2185 2276 2353 2322 morte
2379 2268 2516 2338 regis
2542 2267 2799 2322 Balduini
2827 2267 3013 2338 primi.

1814 2359 1976 2416 Anno
2005 2375 2034 2416 a
2059 2369 2218 2432 partu
2245 2358 2486 2431 Virginis
2528 2360 2688 2427 1118,
2725 2375 2852 2415 curn
2901 2360 2956 2414 in
2983 2358 3133 2415 exitu
3159 2357 3342 2422 Martii

1745 2452 1954 2508 mensis
1981 2453 2196 2520 urbem,
2223 2467 2387 2523 quam
2413 2450 2762 2507 Pharamiam
2787 2451 3097 2518 nominant,
3129 2450 3346 2507 δειδυῖ-

1745 2561 1854 2602 nus
1897 2560 1995 2601 rex
2038 2560 2350 2616 aggressus,
2384 2544 2654 2600 hostiliter
2687 2542 2955 2600 vastando
3000 2543 3342 2615 diripuisset,

1745 2637 1834 2692 die
1856 2638 2118 2707 quadam,
2141 2652 2267 2692 cum
2298 2637 2676 2692 deambularet
2695 2635 2946 2702 fluvium,
2975 2651 3140 2706 quem
3164 2635 3338 2692 Graeci

1746 2731 1936 2787 dicunt
1965 2729 2169 2795 Nilum,
2203 2729 2415 2786 Hebraei
2462 2739 2646 2786 autem
2689 2729 2862 2796 Geon,
2900 2729 3101 2800 oppido
3129 2744 3342 2785 memo—

1749 2832 1867 2878 rato
1893 2823 2226 2893 proximum,
2251 2838 2376 2878 cum
2413 2822 2710 2893 aliquantis
2729 2821 2798 2899 de
2844 2823 2966 2878 suis
2986 2823 3144 2878 laetus
3173 2822 3343 2878 adiis-

1746 2925 1849 2983 set,
1877 2913 2030 2972 etde
2075 2914 2320 2986 piscibus
2361 2914 2473 2970 illic
2522 2912 2760 2970 inventis
2798 2924 3083 2985 equestres
3131 2914 3341 2970 lanceis

1747 3008 1863 3063 suis
1891 3016 2050 3063 caute
2079 3007 2372 3078 cepissent,
2406 3015 2462 3062 et
2506 3007 2574 3062 ad
2606 3007 2842 3078 hospitia
2888 3024 2987 3063 sua
3031 3008 3098 3063 ad
3147 3008 3340 3064 urbem

1745 3100 2030 3172 praefatam
2075 3092 2422 3167 detulissent,
2467 3109 2523 3156 et
2545 3116 2613 3156 ex
2643 3099 2728 3158 eis
2761 3101 3148 3167 comedissent,
3172 3101 3346 3157 sensit

1746 3210 1842 3251 rex
1879 3195 2212 3252 intrinsecus
2268 3211 2328 3252 se
2371 3210 2576 3267 angore
2622 3197 2794 3269 plagae
2831 3211 2946 3252 suae
2993 3197 3195 3253 veteris
3218 3213 3344 3268 gra-

1748 3288 1972 3344 vissime
1997 3297 2258 3344 renovato
2277 3287 2570 3343 debilitari.
2621 3287 2741 3356 Quo
2758 3317 2766 3324 -
2785 3288 2903 3344 suis
2926 3287 3218 3344 confestim
3255 3289 3344 3344 in-

1749 3381 1959 3447 timato,
1990 3396 2092 3451 pro
2126 3381 2443 3436 infirmitate
2491 3381 2639 3437 illius
2682 3381 2870 3437 audita
2906 3380 3088 3436 cuncti
3112 3381 3343 3452 proinde

1747 3473 2140 3542 compatientes
2169 3471 2477 3528 contristati
2519 3481 2575 3528 et
2606 3471 2917 3528 conturbati
2959 3481 3110 3528 sunt.
3143 3471 3341 3536 Redite

1747 3571 1928 3618 autem
1967 3572 2193 3647 statuto,
2238 3579 2366 3619 cum
2422 3581 2534 3620 non
2586 3573 2772 3635 posset
2813 3579 2910 3620 rex
2958 3564 3230 3636 equitare,
3271 3565 3342 3620 de

1748 3654 2083 3725 papilionum
2129 3655 2354 3724 perticis
2400 3655 2658 3711 lecticam
2702 3655 2753 3712 ei
2814 3665 3236 3727 apparaverunt,
3283 3655 3344 3713 in

1747 3763 1852 3819 qua
1882 3762 2006 3804 eum
2055 3748 2483 3804 collocaverunt.
2519 3747 2586 3804 Et
2631 3765 2880 3820 praseone
2913 3749 3132 3822 signum
3166 3765 3341 3806 cornu

1748 3841 1937 3906 dante,
1970 3856 2222 3896 remeare
2273 3839 2615 3896 Hierusalem
2663 3841 2904 3897 edictum
2946 3851 3051 3898 est.
3080 3842 3346 3912 Cumque

1749 3947 1924 4001 usque
1946 3930 2151 3995 villam,
2191 3947 2315 4002 qua:
2355 3931 2560 3986 dicitur
2607 3930 2787 4000 Laris,
2832 3933 3233 4004 pervenissent,
3261 3933 3346 3988 in-

1748 4023 2005 4079 firmitate
2053 4025 2360 4096 ingruente,
2403 4033 2460 4079 et
2501 4023 2654 4078 illum
2699 4026 2920 4095 penitus
2957 4032 3342 4096 consumente,

1747 4114 2080 4186 defungitur.
2109 4115 2172 4170 Et
2202 4116 2396 4171 locatis
2422 4116 2542 4186 ejus
2570 4116 2847 4174 intestinis
2873 4126 2926 4173 et
2957 4118 3151 4186 salitis,
3177 4128 3345 4189 atque

1749 4209 1804 4264 in
1845 4209 2026 4264 loculo
2073 4209 2332 4276 conditis,
2397 4208 2833 4282 Hierosolymam
2881 4218 3338 4283 properaveruut.

1748 4298 1845 4356 Die
1883 4301 2174 4371 siquidem,
2197 4316 2308 4370 quo
2339 4299 2644 4371 palmarum
2676 4301 2814 4356 rami
2849 4317 2916 4357 ex
2957 4317 3110 4357 more
3138 4301 3339 4358 deferri

1747 4392 1943 4459 solent,
1967 4393 2314 4448 ordinatione
2358 4391 2474 4459 Dei,
2520 4402 2577 4448 ct
2627 4402 2823 4448 eventu
2869 4394 3213 4464 inopinabili,
3267 4396 3338 4452 ad

1747 4485 2176 4556 proccssionem,
2216 4501 2339 4556 quae
2372 4485 2440 4540 de
2487 4497 2674 4541 monte
2716 4483 2911 4542 Oliveti
2936 4487 2991 4542 in
3018 4487 3213 4543 vallem
3241 4485 3338 4542 που

1670 4585 1721 4646 D
1748 4579 1943 4649 saphat
1987 4587 2118 4633 tunc
2166 4577 2551 4645 descendebat,
2592 4587 2807 4633 caterva
2858 4579 3125 4650 lugubris,
3155 4587 3212 4636 et
3239 4578 3340 4633 do-

1751 4671 1896 4727 lendi
1930 4669 2140 4726 funeris
2171 4669 2331 4724 latrix
2359 4669 2598 4724 advenit.
2629 4669 2750 4736 Quo
2783 4669 2922 4736 viso,
2961 4679 3017 4725 et
3059 4669 3203 4725 sicut
3223 4678 3342 4726 erat

1750 4765 1992 4836 cognito,
2040 4778 2143 4835 pro
2191 4771 2357 4819 cantu
2406 4762 2634 4828 luctum,
2679 4778 2780 4833 pro
2826 4761 3012 4817 laetitia
3054 4761 3338 4832 gemitum,

1749 4856 1932 4913 cuncti
1959 4857 2052 4927 qui
2096 4855 2324 4910 aderant
2371 4855 2659 4911 dederunt.
2713 4853 2936 4908 Plorant
2979 4851 3198 4920 Franci,
3253 4853 3342 4908 lu-

1749 4959 1878 5022 gent
1899 4949 2044 5022 Syri,
2068 4958 2123 5005 et
2143 4949 2239 5020 qui
2261 4950 2367 5004 hoc
2398 4945 2656 5003 videbant
2688 4945 2997 5004 Sarraceni.
3029 4946 3166 5014 Quis
3189 4946 3336 5003 enim

1751 5059 1810 5100 se
1859 5043 2142 5100 continere
2179 5052 2384 5112 posset,
2426 5040 2520 5110 qui
2559 5055 2668 5094 non
2708 5039 2783 5094 ibi
2827 5039 2914 5108 pie
2955 5037 3140 5094 ﬂeret?
3169 5038 3339 5112 Igitur

1750 5146 1883 5194 tunc
1912 5137 1979 5192 ad
2006 5135 2196 5191 urbem
2242 5133 2552 5201 redeuntes,
2592 5141 2706 5187 tam
2738 5133 2921 5188 clerus
2972 5148 3137 5204 quam
3167 5149 3333 5204 popa.

1749 5227 1858 5294 lus,
1889 5225 2134 5284 fecerunt
2167 5223 2312 5295 quod
2341 5221 2515 5278 dolori
2555 5221 2810 5276 convenit
2845 5231 2902 5277 et
2927 5224 3334 5280 consuetudini.

1750 5319 1817 5376 Et
1835 5320 2164 5390 sepelierunt
2185 5314 2388 5388 cum_in
2413 5312 2681 5386 Golgotha
2697 5313 2853 5386 juxta
2869 5296 3342 5372 Godefridum'dt';

1749 5430 1892 5481 cem,
1930 5425 2249 5485 germanum
2280 5422 2468 5463 suum.

1747 5525 1886 5583 Cum
1918 5538 2009 5576 rex
2039 5521 2142 5575 istc
2169 5519 2299 5583 ruit,
2328 5516 2665 5589 Francorum
2693 5533 2826 5589 gens
2855 5518 2943 5588 pia
2966 5518 3113 5575 flevit
3138 5537 3160 5586 ;

1821 5594 1996 5663 Hujus
2023 5600 2144 5646 erat
2177 5599 2426 5663 scutum,
2444 5588 2614 5663 robur
2642 5588 3021 5663 etlauxili‘um.

1749 5665 1884 5722 Nam
1905 5657 2017 5718 fuit
2039 5678 2191 5716 arma
2224 5661 2360 5725 suis,
2391 5661 2555 5714 timor
2579 5660 2852 5726 hostibus,
2901 5660 3078 5717 hostis
3101 5670 3156 5719 et
3185 5657 3337 5716 illis:

1822 5736 1942 5790 Dux
1964 5733 2177 5788 validus
2211 5733 2425 5803 patria},
2463 5730 2768 5803 consimilis
2794 5729 2963 5803 Josu_e

1750 5808 1965 5871 Achon,
2000 5799 2332 5869 Caesaream,
2372 5801 2676 5867 Berithum,
2707 5816 2882 5856 necne
2904 5799 3188 5868 Sidonem,

1821 5870 2067 5940 Abstulit.
2087 5874 2325 5934 infandis
2354 5871 2605 5930 hostibus
2642 5870 2933 5948 indigenis.
