  <div class='ocr_page' id='page_1' title='image "/cluster/home/n/w/nwhite01/storage/ocr_20150623/155/hvd.32044015473838/457.png"; bbox 0 0 3850 6310; ppageno 0'>
   <div class='ocr_carea' id='block_1_1' title="bbox 1074 278 3196 363">
    <p class='ocr_par' dir='ltr' id='par_1_1' title="bbox 1074 278 3196 363">
     <span class='ocr_line' id='line_1_1' title="bbox 1074 278 3196 363; baseline -0.001 -11"><span class='ocrx_word' id='word_1_1' title='bbox 1074 297 1168 352; x_wconf 83' lang='lat' dir='ltr'><strong>AD</strong></span> <span class='ocrx_word' id='word_1_2' title='bbox 1206 296 1657 363; x_wconf 74' lang='lat' dir='ltr'><strong>GODEFRIDUM</strong></span> <span class='ocrx_word' id='word_1_3' title='bbox 1693 292 1984 351; x_wconf 80' lang='lat' dir='ltr'><strong>APPEND.</strong></span> <span class='ocrx_word' id='word_1_4' title='bbox 2022 292 2087 349; x_wconf 89' lang='lat' dir='ltr'><strong>ll.</strong></span> <span class='ocrx_word' id='word_1_5' title='bbox 2112 278 2197 337; x_wconf 73' lang='grc' dir='ltr'><strong>ῖ-</strong></span> <span class='ocrx_word' id='word_1_6' title='bbox 2237 282 2532 351; x_wconf 68' lang='lat' dir='ltr'><strong>IIONUM.“</strong></span> <span class='ocrx_word' id='word_1_7' title='bbox 2547 292 2637 349; x_wconf 87' lang='lat' dir='ltr'><strong>DE</strong></span> <span class='ocrx_word' id='word_1_8' title='bbox 2673 292 2897 352; x_wconf 85' lang='lat' dir='ltr'><strong>BELLO</strong></span> <span class='ocrx_word' id='word_1_9' title='bbox 2936 284 3196 351; x_wconf 61' lang='lat' dir='ltr'><strong>saeuo;</strong></span> 
     </span>
    </p>
   </div>
   <div class='ocr_carea' id='block_1_2' title="bbox 3625 302 3693 361">
    <p class='ocr_par' dir='ltr' id='par_1_2' title="bbox 3625 302 3693 361">
     <span class='ocr_line' id='line_1_2' title="bbox 3625 302 3693 361; baseline 0 0"><span class='ocrx_word' id='word_1_10' title='bbox 3625 302 3693 361; x_wconf 67' lang='grc' dir='ltr'><strong>θοι</strong></span> 
     </span>
    </p>
   </div>
   <div class='ocr_carea' id='block_1_3' title="bbox 515 407 3485 482">
    <p class='ocr_par' dir='ltr' id='par_1_3' title="bbox 515 407 3485 482">
     <span class='ocr_line' id='line_1_3' title="bbox 515 407 3485 482; baseline -0.001 -13"><span class='ocrx_word' id='word_1_11' title='bbox 515 413 645 469; x_wconf 76' lang='lat' dir='ltr'><strong>Post</strong></span> <span class='ocrx_word' id='word_1_12' title='bbox 670 422 853 469; x_wconf 88' lang='lat' dir='ltr'><strong>terras.</strong></span> <span class='ocrx_word' id='word_1_13' title='bbox 865 410 1131 478; x_wconf 78' lang='lat' dir='ltr'><strong>Arabum,</strong></span> <span class='ocrx_word' id='word_1_14' title='bbox 1157 413 1247 473; x_wconf 77' lang='lat' dir='ltr'><strong>vel,</strong></span> <span class='ocrx_word' id='word_1_15' title='bbox 1261 428 1386 482; x_wconf 70' lang='lat' dir='ltr'><strong>quae</strong></span> <span class='ocrx_word' id='word_1_16' title='bbox 1404 420 1633 481; x_wconf 88' lang='lat' dir='ltr'><strong>tangunt</strong></span> <span class='ocrx_word' id='word_1_17' title='bbox 1658 426 1808 465; x_wconf 86' lang='lat' dir='ltr'><strong>mare</strong></span> <span class='ocrx_word' id='word_1_18' title='bbox 1823 409 2092 475; x_wconf 81' lang='lat' dir='ltr'><strong>Rubrum,</strong></span> <span class='ocrx_word' id='word_1_19' title='bbox 2124 417 2169 472; x_wconf 78' lang='grc' dir='ltr'><strong>Λ</strong></span> <span class='ocrx_word' id='word_1_20' title='bbox 2210 476 2240 482; x_wconf 76' lang='lat'>_</span> <span class='ocrx_word' id='word_1_21' title='bbox 2269 407 2742 482; x_wconf 80' lang='lat' dir='ltr'><strong>Mensibus_atqne</strong></span> <span class='ocrx_word' id='word_1_22' title='bbox 2765 409 2941 482; x_wconf 74' lang='lat' dir='ltr'><strong>tribus</strong></span> <span class='ocrx_word' id='word_1_23' title='bbox 2969 409 3191 482; x_wconf 79' lang='lat' dir='ltr'><strong>insuper</strong></span> <span class='ocrx_word' id='word_1_24' title='bbox 3216 410 3485 479; x_wconf 87' lang='lat' dir='ltr'><strong>appositis.</strong></span> 
     </span>
    </p>
   </div>
   <div class='ocr_carea' id='block_1_4' title="bbox 584 481 1773 553">
    <p class='ocr_par' dir='ltr' id='par_1_4' title="bbox 584 481 1773 553">
     <span class='ocr_line' id='line_1_4' title="bbox 584 481 1773 553; baseline -0.021 2"><span class='ocrx_word' id='word_1_25' title='bbox 584 483 805 553; x_wconf 59' lang='lat' dir='ltr'><strong>Addidit</strong></span> <span class='ocrx_word' id='word_1_26' title='bbox 828 481 1075 553; x_wconf 85' lang='lat' dir='ltr'><strong>imperio,</strong></span> <span class='ocrx_word' id='word_1_27' title='bbox 1105 481 1348 553; x_wconf 87' lang='lat' dir='ltr'><strong>subdidit</strong></span> <span class='ocrx_word' id='word_1_28' title='bbox 1378 482 1666 550; x_wconf 78' lang='lat' dir='ltr'><strong>obsequio.</strong></span> <span class='ocrx_word' id='word_1_29' title='bbox 1764 506 1773 553; x_wconf 80' lang='grc' dir='ltr'><strong> </strong></span> 
     </span>
    </p>
   </div>
   <div class='ocr_carea' id='block_1_5' title="bbox 517 548 2070 623">
    <p class='ocr_par' dir='ltr' id='par_1_5' title="bbox 517 548 2070 623">
     <span class='ocr_line' id='line_1_5' title="bbox 517 548 2070 623; baseline -0.002 -17"><span class='ocrx_word' id='word_1_30' title='bbox 517 548 880 623; x_wconf 68' lang='grc' dir='ltr'><strong>ΕιΤι-ἰροιὶῐῐι</strong></span> <span class='ocrx_word' id='word_1_31' title='bbox 905 548 1076 622; x_wconf 52' lang='grc' dir='ltr'><strong>ὀρρίῃ</strong></span> <span class='ocrx_word' id='word_1_32' title='bbox 1108 552 1201 623; x_wconf 80' lang='lat' dir='ltr'><strong>sed</strong></span> <span class='ocrx_word' id='word_1_33' title='bbox 1223 561 1278 623; x_wconf 87' lang='lat' dir='ltr'><strong>et</strong></span> <span class='ocrx_word' id='word_1_34' title='bbox 1299 552 1503 623; x_wconf 85' lang='lat' dir='ltr'><strong>Arsuth</strong></span> <span class='ocrx_word' id='word_1_35' title='bbox 1528 548 1657 604; x_wconf 79' lang='grc' dir='ltr'><strong>ἰιοιι</strong></span> <span class='ocrx_word' id='word_1_36' title='bbox 1705 549 1888 604; x_wconf 89' lang='lat' dir='ltr'><strong>minus</strong></span> <span class='ocrx_word' id='word_1_37' title='bbox 1910 549 2070 616; x_wconf 90' lang='lat' dir='ltr'><strong>ursit,</strong></span> 
     </span>
    </p>
   </div>
   <div class='ocr_carea' id='block_1_6' title="bbox 586 620 1695 694">
    <p class='ocr_par' dir='ltr' id='par_1_6' title="bbox 586 620 1695 694">
     <span class='ocr_line' id='line_1_6' title="bbox 586 620 1695 694; baseline -0.002 -18"><span class='ocrx_word' id='word_1_38' title='bbox 586 620 859 694; x_wconf 74' lang='lat' dir='ltr'><strong>Pluraque</strong></span> <span class='ocrx_word' id='word_1_39' title='bbox 884 620 1138 692; x_wconf 63' lang='lat' dir='ltr'><strong>praiterea</strong></span> <span class='ocrx_word' id='word_1_40' title='bbox 1166 620 1294 675; x_wconf 90' lang='lat' dir='ltr'><strong>fecit</strong></span> <span class='ocrx_word' id='word_1_41' title='bbox 1316 622 1523 694; x_wconf 77' lang='lat' dir='ltr'><strong>honore</strong></span> <span class='ocrx_word' id='word_1_42' title='bbox 1560 627 1695 674; x_wconf 86' lang='lat' dir='ltr'><strong>rata.</strong></span> 
     </span>
    </p>
   </div>
   <div class='ocr_carea' id='block_1_7' title="bbox 516 690 1958 764">
    <p class='ocr_par' dir='ltr' id='par_1_7' title="bbox 516 690 1958 764">
     <span class='ocr_line' id='line_1_7' title="bbox 516 690 1958 764; baseline -0.003 -16"><span class='ocrx_word' id='word_1_43' title='bbox 516 690 1017 764; x_wconf 55' lang='lat' dir='ltr'><strong>Obtinuit&#39;regnum</strong></span> <span class='ocrx_word' id='word_1_44' title='bbox 1044 707 1141 747; x_wconf 89' lang='lat' dir='ltr'><strong>rex</strong></span> <span class='ocrx_word' id='word_1_45' title='bbox 1169 698 1294 746; x_wconf 88' lang='lat' dir='ltr'><strong>octo</strong></span> <span class='ocrx_word' id='word_1_46' title='bbox 1314 691 1612 761; x_wconf 79' lang='lat' dir='ltr'><strong>decemque</strong></span> <span class='ocrx_word' id='word_1_47' title='bbox 1640 705 1737 761; x_wconf 89' lang='lat' dir='ltr'><strong>per</strong></span> <span class='ocrx_word' id='word_1_48' title='bbox 1759 704 1958 756; x_wconf 89' lang='lat' dir='ltr'><strong>annos,</strong></span> 
     </span>
    </p>
   </div>
   <div class='ocr_carea' id='block_1_8' title="bbox 2205 476 3534 550">
    <p class='ocr_par' dir='ltr' id='par_1_8' title="bbox 2205 476 3534 550">
     <span class='ocr_line' id='line_1_8' title="bbox 2205 476 3534 550; baseline 0.002 -16"><span class='ocrx_word' id='word_1_49' title='bbox 2205 476 2312 550; x_wconf 74' lang='lat' dir='ltr'><strong>Sex</strong></span> <span class='ocrx_word' id='word_1_50' title='bbox 2334 477 2527 550; x_wconf 17' lang='lat' dir='ltr'><strong>decies,</strong></span> <span class='ocrx_word' id='word_1_51' title='bbox 2544 476 2787 550; x_wconf 66' lang='lat' dir='ltr'><strong>Phoebus</strong></span> <span class='ocrx_word' id='word_1_52' title='bbox 2818 476 3067 535; x_wconf 81' lang='lat' dir='ltr'><strong>Vervecis</strong></span> <span class='ocrx_word' id='word_1_53' title='bbox 3093 476 3303 533; x_wconf 75' lang='lat' dir='ltr'><strong>viserat</strong></span> <span class='ocrx_word' id='word_1_54' title='bbox 3322 490 3534 550; x_wconf 84' lang='lat' dir='ltr'><strong>astrum,</strong></span> 
     </span>
    </p>
   </div>
   <div class='ocr_carea' id='block_1_9' title="bbox 2271 548 3285 606">
    <p class='ocr_par' dir='ltr' id='par_1_9' title="bbox 2271 548 3285 606">
     <span class='ocr_line' id='line_1_9' title="bbox 2271 548 3285 606; baseline 0 -3"><span class='ocrx_word' id='word_1_55' title='bbox 2271 549 2410 603; x_wconf 89' lang='lat' dir='ltr'><strong>Cum</strong></span> <span class='ocrx_word' id='word_1_56' title='bbox 2438 548 2739 604; x_wconf 88' lang='lat' dir='ltr'><strong>Balduinus</strong></span> <span class='ocrx_word' id='word_1_57' title='bbox 2768 565 2861 604; x_wconf 92' lang='lat' dir='ltr'><strong>rex</strong></span> <span class='ocrx_word' id='word_1_58' title='bbox 2892 550 3008 604; x_wconf 87' lang='lat' dir='ltr'><strong>obit</strong></span> <span class='ocrx_word' id='word_1_59' title='bbox 3029 550 3285 606; x_wconf 85' lang='lat' dir='ltr'><strong>eximius.</strong></span> 
     </span>
    </p>
   </div>
   <div class='ocr_carea' id='block_1_10' title="bbox 2202 615 3464 687">
    <p class='ocr_par' dir='ltr' id='par_1_10' title="bbox 2202 615 3464 687">
     <span class='ocr_line' id='line_1_10' title="bbox 2202 615 3464 687; baseline 0.002 -14"><span class='ocrx_word' id='word_1_60' title='bbox 2202 615 2388 687; x_wconf 76' lang='lat' dir='ltr'><strong>Octies</strong></span> <span class='ocrx_word' id='word_1_61' title='bbox 2411 627 2467 674; x_wconf 90' lang='lat' dir='ltr'><strong>ct</strong></span> <span class='ocrx_word' id='word_1_62' title='bbox 2490 619 2671 674; x_wconf 81' lang='lat' dir='ltr'><strong>decies</strong></span> <span class='ocrx_word' id='word_1_63' title='bbox 2693 618 2900 675; x_wconf 80' lang='lat' dir='ltr'><strong>faciens</strong></span> <span class='ocrx_word' id='word_1_64' title='bbox 2930 635 3146 675; x_wconf 89' lang='lat' dir='ltr'><strong>menses</strong></span> <span class='ocrx_word' id='word_1_65' title='bbox 3165 619 3464 687; x_wconf 59' lang='lat' dir='ltr'><strong>,duodenos,</strong></span> 
     </span>
    </p>
   </div>
   <div class='ocr_carea' id='block_1_11' title="bbox 2204 685 3627 762">
    <p class='ocr_par' dir='ltr' id='par_1_11' title="bbox 2204 685 3627 762">
     <span class='ocr_line' id='line_1_11' title="bbox 2204 685 3627 762; baseline 0.006 -20"><span class='ocrx_word' id='word_1_66' title='bbox 2204 685 2368 761; x_wconf 77' lang='lat' dir='ltr'><strong>Regis</strong></span> <span class='ocrx_word' id='word_1_67' title='bbox 2398 689 2566 746; x_wconf 87' lang='lat' dir='ltr'><strong>babes</strong></span> <span class='ocrx_word' id='word_1_68' title='bbox 2593 704 2768 746; x_wconf 90' lang='lat' dir='ltr'><strong>annos</strong></span> <span class='ocrx_word' id='word_1_69' title='bbox 2789 690 3024 761; x_wconf 87' lang='lat' dir='ltr'><strong>patriam</strong></span> <span class='ocrx_word' id='word_1_70' title='bbox 3056 685 3257 762; x_wconf 80' lang='lat' dir='ltr'><strong>quibus</strong></span> <span class='ocrx_word' id='word_1_71' title='bbox 3282 685 3471 761; x_wconf 86' lang='lat' dir='ltr'><strong>Optime</strong></span> <span class='ocrx_word' id='word_1_72' title='bbox 3498 694 3627 751; x_wconf 84' lang='lat' dir='ltr'><strong>rexit.</strong></span> 
     </span>
    </p>
   </div>
   <div class='ocr_carea' id='block_1_12' title="bbox 1418 986 2902 1135">
    <p class='ocr_par' dir='ltr' id='par_1_12' title="bbox 1418 986 2902 1135">
     <span class='ocr_line' id='line_1_12' title="bbox 1418 986 2902 1135; baseline 0.005 -10"><span class='ocrx_word' id='word_1_73' title='bbox 1418 986 1883 1127; x_wconf 80' lang='lat' dir='ltr'><strong>INCIPIT</strong></span> <span class='ocrx_word' id='word_1_74' title='bbox 1954 1033 2316 1125; x_wconf 84' lang='lat' dir='ltr'>LIBER</span> <span class='ocrx_word' id='word_1_75' title='bbox 2382 1036 2902 1135; x_wconf 80' lang='lat' dir='ltr'><strong>TERTIUS</strong></span> 
     </span>
    </p>
   </div>
   <div class='ocr_carea' id='block_1_13' title="bbox 1600 1200 2696 1308">
    <p class='ocr_par' dir='ltr' id='par_1_13' title="bbox 1600 1200 2696 1308">
     <span class='ocr_line' id='line_1_13' title="bbox 1600 1200 2696 1308; baseline 0.005 -7"><span class='ocrx_word' id='word_1_76' title='bbox 1600 1200 1969 1305; x_wconf 62' lang='lat' dir='ltr'><strong>na‘CessIs</strong></span> <span class='ocrx_word' id='word_1_77' title='bbox 2005 1247 2332 1305; x_wconf 72' lang='lat' dir='ltr'><strong>BALDUINI</strong></span> <span class='ocrx_word' id='word_1_78' title='bbox 2372 1248 2696 1308; x_wconf 81' lang='lat' dir='ltr'><strong>SECUNDI.</strong></span> 
     </span>
    </p>
   </div>
   <div class='ocr_carea' id='block_1_14' title="bbox 1021 1425 1586 1482">
    <p class='ocr_par' dir='ltr' id='par_1_14' title="bbox 1021 1425 1586 1482">
     <span class='ocr_line' id='line_1_14' title="bbox 1021 1425 1586 1482; baseline 0.002 -1"><span class='ocrx_word' id='word_1_79' title='bbox 1021 1425 1251 1481; x_wconf 81' lang='lat' dir='ltr'><strong>CAPUT</strong></span> <span class='ocrx_word' id='word_1_80' title='bbox 1291 1425 1586 1482; x_wconf 79' lang='lat' dir='ltr'><strong>PRIMUM.</strong></span> 
     </span>
    </p>
   </div>
   <div class='ocr_carea' id='block_1_15' title="bbox 520 1517 2094 1643">
    <p class='ocr_par' dir='ltr' id='par_1_15' title="bbox 520 1517 2094 1643">
     <span class='ocr_line' id='line_1_15' title="bbox 520 1517 2094 1643; baseline 0 -69"><span class='ocrx_word' id='word_1_81' title='bbox 520 1522 672 1587; x_wconf 76' lang='lat' dir='ltr'><strong>Quod</strong></span> <span class='ocrx_word' id='word_1_82' title='bbox 719 1518 804 1573; x_wconf 82' lang='lat' dir='ltr'><strong>die</strong></span> <span class='ocrx_word' id='word_1_83' title='bbox 841 1517 1068 1573; x_wconf 73' lang='lat' dir='ltr'><strong>Pascha:</strong></span> <span class='ocrx_word' id='word_1_84' title='bbox 1103 1518 1405 1643; x_wconf 53' lang='lat' dir='ltr'><strong>Balduizms</strong></span> <span class='ocrx_word' id='word_1_85' title='bbox 1446 1518 1491 1573; x_wconf 84' lang='lat' dir='ltr'><strong>ll</strong></span> <span class='ocrx_word' id='word_1_86' title='bbox 1529 1520 1599 1575; x_wconf 75' lang='lat' dir='ltr'><strong>sit</strong></span> <span class='ocrx_word' id='word_1_87' title='bbox 1621 1518 1677 1572; x_wconf 88' lang='lat' dir='ltr'><strong>in</strong></span> <span class='ocrx_word' id='word_1_88' title='bbox 1708 1534 1878 1590; x_wconf 82' lang='lat' dir='ltr'><strong>regem</strong></span> <span class='ocrx_word' id='word_1_89' title='bbox 1902 1535 2094 1574; x_wconf 81' lang='lat' dir='ltr'><strong>conse-</strong></span> 
     </span>
     <span class='ocr_line' id='line_1_16' title="bbox 1209 1606 1410 1643; baseline 0.005 -1"><span class='ocrx_word' id='word_1_90' title='bbox 1209 1606 1301 1643; x_wconf 87' lang='lat' dir='ltr'><strong>cra</strong></span> <span class='ocrx_word' id='word_1_91' title='bbox 1330 1606 1410 1643; x_wconf 78' lang='lat' dir='ltr'><strong>us.</strong></span> 
     </span>
    </p>
   </div>
   <div class='ocr_carea' id='block_1_16' title="bbox 1209 1606 1410 1647">
    <p class='ocr_par' dir='ltr' id='par_1_16' title="bbox 1209 1606 1410 1647">
     <span class='ocr_line' id='line_1_17' title="bbox 1209 1606 1410 1647; baseline 0.025 -5"><span class='ocrx_word' id='word_1_92' title='bbox 1209 1606 1410 1647; x_wconf 72' lang='grc' dir='ltr'><strong>εναιαδ.</strong></span> 
     </span>
    </p>
   </div>
   <div class='ocr_carea' id='block_1_17' title="bbox 2203 1426 3710 1503">
    <p class='ocr_par' dir='ltr' id='par_1_17' title="bbox 2203 1426 3710 1503">
     <span class='ocr_line' id='line_1_18' title="bbox 2203 1426 3710 1503; baseline 0.007 -22"><span class='ocrx_word' id='word_1_93' title='bbox 2203 1426 2507 1484; x_wconf 69' lang='lat' dir='ltr'><strong>Antiochiae</strong></span> <span class='ocrx_word' id='word_1_94' title='bbox 2546 1429 2802 1499; x_wconf 85' lang='lat' dir='ltr'><strong>princeps</strong></span> <span class='ocrx_word' id='word_1_95' title='bbox 2852 1444 2978 1487; x_wconf 89' lang='lat' dir='ltr'><strong>cum</strong></span> <span class='ocrx_word' id='word_1_96' title='bbox 3025 1428 3344 1501; x_wconf 82' lang='lat' dir='ltr'><strong>proceribus</strong></span> <span class='ocrx_word' id='word_1_97' title='bbox 3386 1431 3493 1490; x_wconf 88' lang='lat' dir='ltr'><strong>suis</strong></span> <span class='ocrx_word' id='word_1_98' title='bbox 3520 1442 3568 1490; x_wconf 89' lang='lat' dir='ltr'><strong>ct</strong></span> <span class='ocrx_word' id='word_1_99' title='bbox 3598 1447 3710 1503; x_wconf 76' lang='lat' dir='ltr'><strong>gente</strong></span> 
     </span>
    </p>
   </div>
   <div class='ocr_carea' id='block_1_18' title="bbox 2204 1518 3713 1597">
    <p class='ocr_par' dir='ltr' id='par_1_18' title="bbox 2204 1518 3713 1597">
     <span class='ocr_line' id='line_1_19' title="bbox 2204 1518 3713 1597; baseline 0.003 -23"><span class='ocrx_word' id='word_1_100' title='bbox 2204 1533 2305 1574; x_wconf 89' lang='lat' dir='ltr'><strong>sua</strong></span> <span class='ocrx_word' id='word_1_101' title='bbox 2356 1528 2547 1574; x_wconf 89' lang='lat' dir='ltr'><strong>contra</strong></span> <span class='ocrx_word' id='word_1_102' title='bbox 2596 1518 2804 1576; x_wconf 88' lang='lat' dir='ltr'><strong>Turcos</strong></span> <span class='ocrx_word' id='word_1_103' title='bbox 2855 1529 3199 1592; x_wconf 74' lang='lat' dir='ltr'><strong>pugnaturus</strong></span> <span class='ocrx_word' id='word_1_104' title='bbox 3246 1522 3461 1589; x_wconf 90' lang='lat' dir='ltr'><strong>exierit,</strong></span> <span class='ocrx_word' id='word_1_105' title='bbox 3504 1533 3554 1578; x_wconf 85' lang='lat' dir='ltr'><strong>et</strong></span> <span class='ocrx_word' id='word_1_106' title='bbox 3595 1543 3713 1597; x_wconf 78' lang='lat' dir='ltr'><strong>prope</strong></span> 
     </span>
    </p>
   </div>
   <div class='ocr_carea' id='block_1_19' title="bbox 2203 1607 3714 1684">
    <p class='ocr_par' dir='ltr' id='par_1_19' title="bbox 2203 1607 3714 1684">
     <span class='ocr_line' id='line_1_20' title="bbox 2203 1607 3714 1684; baseline 0.007 -21"><span class='ocrx_word' id='word_1_107' title='bbox 2203 1607 2519 1665; x_wconf 84' lang='lat' dir='ltr'><strong>Arthasium</strong></span> <span class='ocrx_word' id='word_1_108' title='bbox 2557 1611 2815 1681; x_wconf 87' lang='lat' dir='ltr'><strong>oppidum</strong></span> <span class='ocrx_word' id='word_1_109' title='bbox 2866 1611 3227 1684; x_wconf 73' lang='lat' dir='ltr'><strong>interemptus</strong></span> <span class='ocrx_word' id='word_1_110' title='bbox 3275 1615 3536 1682; x_wconf 89' lang='lat' dir='ltr'><strong>ceciderit,</strong></span> <span class='ocrx_word' id='word_1_111' title='bbox 3578 1617 3714 1675; x_wconf 73' lang='lat' dir='ltr'><strong>tibide</strong></span> 
     </span>
    </p>
   </div>
   <div class='ocr_carea' id='block_1_20' title="bbox 588 1700 3715 1778">
    <p class='ocr_par' dir='ltr' id='par_1_20' title="bbox 588 1700 3715 1778">
     <span class='ocr_line' id='line_1_21' title="bbox 588 1700 3715 1778; baseline 0.003 -21"><span class='ocrx_word' id='word_1_112' title='bbox 588 1703 759 1777; x_wconf 77' lang='lat' dir='ltr'><strong>Igitur</strong></span> <span class='ocrx_word' id='word_1_113' title='bbox 780 1703 1040 1765; x_wconf 86' lang='lat' dir='ltr'><strong>defuncto</strong></span> <span class='ocrx_word' id='word_1_114' title='bbox 1068 1720 1196 1777; x_wconf 86' lang='lat' dir='ltr'><strong>rege</strong></span> <span class='ocrx_word' id='word_1_115' title='bbox 1228 1704 1516 1772; x_wconf 88' lang='lat' dir='ltr'><strong>Balduino,</strong></span> <span class='ocrx_word' id='word_1_116' title='bbox 1540 1704 1676 1761; x_wconf 90' lang='lat' dir='ltr'><strong>inito</strong></span> <span class='ocrx_word' id='word_1_117' title='bbox 1704 1704 1887 1762; x_wconf 87' lang='lat' dir='ltr'><strong>statim</strong></span> <span class='ocrx_word' id='word_1_118' title='bbox 1913 1701 2100 1760; x_wconf 86' lang='lat' dir='ltr'><strong>Hiero-</strong></span> <span class='ocrx_word' id='word_1_119' title='bbox 2133 1719 2175 1778; x_wconf 73' lang='grc' dir='ltr'><strong>Β</strong></span> <span class='ocrx_word' id='word_1_120' title='bbox 2201 1700 2556 1758; x_wconf 88' lang='lat' dir='ltr'><strong>Antiochenis</strong></span> <span class='ocrx_word' id='word_1_121' title='bbox 2598 1711 2805 1774; x_wconf 81' lang='lat' dir='ltr'><strong>septem</strong></span> <span class='ocrx_word' id='word_1_122' title='bbox 2855 1703 3026 1759; x_wconf 86' lang='lat' dir='ltr'><strong>millia</strong></span> <span class='ocrx_word' id='word_1_123' title='bbox 3072 1712 3205 1759; x_wconf 92' lang='lat' dir='ltr'><strong>sunt</strong></span> <span class='ocrx_word' id='word_1_124' title='bbox 3255 1704 3441 1773; x_wconf 86' lang='lat' dir='ltr'><strong>occisi,</strong></span> <span class='ocrx_word' id='word_1_125' title='bbox 3473 1708 3533 1762; x_wconf 86' lang='lat' dir='ltr'><strong>de</strong></span> <span class='ocrx_word' id='word_1_126' title='bbox 3571 1707 3715 1766; x_wconf 68' lang='lat' dir='ltr'><strong>Turcis</strong></span> 
     </span>
    </p>
   </div>
   <div class='ocr_carea' id='block_1_21' title="bbox 463 1771 2099 1868">
    <p class='ocr_par' dir='ltr' id='par_1_21' title="bbox 463 1771 2099 1868">
     <span class='ocr_line' id='line_1_22' title="bbox 463 1771 2099 1868; baseline 0 -16"><span class='ocrx_word' id='word_1_127' title='bbox 463 1771 481 1785; x_wconf 39' lang='lat'><strong>‘</strong></span> <span class='ocrx_word' id='word_1_128' title='bbox 506 1771 832 1868; x_wconf 50' lang='lat' dir='ltr'><strong>.solvmitani</strong></span> <span class='ocrx_word' id='word_1_129' title='bbox 853 1797 1106 1864; x_wconf 82' lang='lat' dir='ltr'><strong>consilio,</strong></span> <span class='ocrx_word' id='word_1_130' title='bbox 1123 1771 1211 1864; x_wconf 78' lang='lat' dir='ltr'><strong>ne,</strong></span> <span class='ocrx_word' id='word_1_131' title='bbox 1243 1812 1370 1868; x_wconf 86' lang='lat' dir='ltr'><strong>rege</strong></span> <span class='ocrx_word' id='word_1_132' title='bbox 1398 1771 1666 1865; x_wconf 82' lang='lat' dir='ltr'><strong>carentes,</strong></span> <span class='ocrx_word' id='word_1_133' title='bbox 1694 1798 2099 1854; x_wconf 80' lang='lat' dir='ltr'><strong>aestimarentur</strong></span> 
     </span>
    </p>
   </div>
   <div class='ocr_carea' id='block_1_22' title="bbox 508 1887 2103 1963">
    <p class='ocr_par' dir='ltr' id='par_1_22' title="bbox 508 1887 2103 1963">
     <span class='ocr_line' id='line_1_23' title="bbox 508 1887 2103 1963; baseline -0.001 -19"><span class='ocrx_word' id='word_1_134' title='bbox 508 1887 835 1956; x_wconf 77' lang='lat' dir='ltr'><strong>debiliores,</strong></span> <span class='ocrx_word' id='word_1_135' title='bbox 865 1898 1190 1963; x_wconf 85' lang='lat' dir='ltr'><strong>creaverunt</strong></span> <span class='ocrx_word' id='word_1_136' title='bbox 1220 1888 1324 1946; x_wconf 85' lang='lat' dir='ltr'><strong>sibi</strong></span> <span class='ocrx_word' id='word_1_137' title='bbox 1358 1904 1539 1959; x_wconf 84' lang='lat' dir='ltr'><strong>regem</strong></span> <span class='ocrx_word' id='word_1_138' title='bbox 1583 1887 1911 1944; x_wconf 87' lang='lat' dir='ltr'><strong>Balduinum</strong></span> <span class='ocrx_word' id='word_1_139' title='bbox 1932 1888 2103 1944; x_wconf 85' lang='lat' dir='ltr'><strong>comi-</strong></span> 
     </span>
    </p>
   </div>
   <div class='ocr_carea' id='block_1_23' title="bbox 521 1980 2099 2053">
    <p class='ocr_par' dir='ltr' id='par_1_23' title="bbox 521 1980 2099 2053">
     <span class='ocr_line' id='line_1_24' title="bbox 521 1980 2099 2053; baseline 0.001 -17"><span class='ocrx_word' id='word_1_140' title='bbox 521 1990 631 2036; x_wconf 88' lang='lat' dir='ltr'><strong>tem</strong></span> <span class='ocrx_word' id='word_1_141' title='bbox 664 1980 914 2036; x_wconf 85' lang='lat' dir='ltr'><strong>videlicet</strong></span> <span class='ocrx_word' id='word_1_142' title='bbox 939 1980 1300 2047; x_wconf 86' lang='lat' dir='ltr'><strong>Edesscnum,</strong></span> <span class='ocrx_word' id='word_1_143' title='bbox 1327 1982 1472 2053; x_wconf 85' lang='lat' dir='ltr'><strong>regis</strong></span> <span class='ocrx_word' id='word_1_144' title='bbox 1513 1981 1755 2038; x_wconf 80' lang='lat' dir='ltr'><strong>defuncti</strong></span> <span class='ocrx_word' id='word_1_145' title='bbox 1784 1991 2099 2053; x_wconf 80' lang='lat' dir='ltr'><strong>cognatum.</strong></span> 
     </span>
    </p>
   </div>
   <div class='ocr_carea' id='block_1_24' title="bbox 518 2073 2103 2145">
    <p class='ocr_par' dir='ltr' id='par_1_24' title="bbox 518 2073 2103 2145">
     <span class='ocr_line' id='line_1_25' title="bbox 518 2073 2103 2145; baseline 0.002 -16"><span class='ocrx_word' id='word_1_146' title='bbox 518 2074 647 2142; x_wconf 87' lang='lat' dir='ltr'><strong>Qui,</strong></span> <span class='ocrx_word' id='word_1_147' title='bbox 676 2074 906 2130; x_wconf 89' lang='lat' dir='ltr'><strong>transito</strong></span> <span class='ocrx_word' id='word_1_148' title='bbox 951 2073 1227 2145; x_wconf 86' lang='lat' dir='ltr'><strong>Euphrate</strong></span> <span class='ocrx_word' id='word_1_149' title='bbox 1270 2074 1457 2142; x_wconf 84' lang='lat' dir='ltr'><strong>ﬂuvio,</strong></span> <span class='ocrx_word' id='word_1_150' title='bbox 1487 2073 1827 2132; x_wconf 79' lang='lat' dir='ltr'><strong>Hierusalem</strong></span> <span class='ocrx_word' id='word_1_151' title='bbox 1874 2076 2103 2132; x_wconf 91' lang='lat' dir='ltr'><strong>fortuitu</strong></span> 
     </span>
    </p>
   </div>
   <div class='ocr_carea' id='block_1_25' title="bbox 518 2166 2104 2236">
    <p class='ocr_par' dir='ltr' id='par_1_25' title="bbox 518 2166 2104 2236">
     <span class='ocr_line' id='line_1_26' title="bbox 518 2166 2104 2236; baseline 0.004 -16"><span class='ocrx_word' id='word_1_152' title='bbox 518 2166 833 2233; x_wconf 75' lang='lat' dir='ltr'><strong>advenerat,</strong></span> <span class='ocrx_word' id='word_1_153' title='bbox 863 2181 990 2221; x_wconf 89' lang='lat' dir='ltr'><strong>cum</strong></span> <span class='ocrx_word' id='word_1_154' title='bbox 1023 2166 1422 2236; x_wconf 70' lang='lat' dir='ltr'><strong>praedecessore</strong></span> <span class='ocrx_word' id='word_1_155' title='bbox 1446 2167 1750 2227; x_wconf 82' lang='lat' dir='ltr'><strong>locuturus.</strong></span> <span class='ocrx_word' id='word_1_156' title='bbox 1783 2167 2104 2225; x_wconf 86' lang='lat' dir='ltr'><strong>Communi-</strong></span> 
     </span>
    </p>
   </div>
   <div class='ocr_carea' id='block_1_26' title="bbox 514 2257 1755 2326">
    <p class='ocr_par' dir='ltr' id='par_1_26' title="bbox 514 2257 1755 2326">
     <span class='ocr_line' id='line_1_27' title="bbox 514 2257 1755 2326; baseline 0.002 -11"><span class='ocrx_word' id='word_1_157' title='bbox 514 2265 603 2326; x_wconf 82' lang='lat' dir='ltr'><strong>_ter</strong></span> <span class='ocrx_word' id='word_1_158' title='bbox 632 2257 862 2325; x_wconf 83' lang='lat' dir='ltr'><strong>electus,</strong></span> <span class='ocrx_word' id='word_1_159' title='bbox 892 2258 980 2314; x_wconf 91' lang='lat' dir='ltr'><strong>die</strong></span> <span class='ocrx_word' id='word_1_160' title='bbox 1009 2257 1236 2315; x_wconf 78' lang='lat' dir='ltr'><strong>Pascha:</strong></span> <span class='ocrx_word' id='word_1_161' title='bbox 1265 2267 1353 2314; x_wconf 92' lang='lat' dir='ltr'><strong>est</strong></span> <span class='ocrx_word' id='word_1_162' title='bbox 1376 2268 1755 2318; x_wconf 85' lang='lat' dir='ltr'><strong>consecratus.</strong></span> 
     </span>
    </p>
   </div>
   <div class='ocr_carea' id='block_1_27' title="bbox 1139 2350 1471 2406">
    <p class='ocr_par' dir='ltr' id='par_1_27' title="bbox 1139 2350 1471 2406">
     <span class='ocr_line' id='line_1_28' title="bbox 1139 2350 1471 2406; baseline 0 0"><span class='ocrx_word' id='word_1_163' title='bbox 1139 2350 1370 2406; x_wconf 76' lang='lat' dir='ltr'><strong>CAPUT</strong></span> <span class='ocrx_word' id='word_1_164' title='bbox 1408 2350 1471 2406; x_wconf 89' lang='lat' dir='ltr'><strong>ll.</strong></span> 
     </span>
    </p>
   </div>
   <div class='ocr_carea' id='block_1_28' title="bbox 780 2440 1830 2517">
    <p class='ocr_par' dir='ltr' id='par_1_28' title="bbox 780 2440 1830 2517">
     <span class='ocr_line' id='line_1_29' title="bbox 780 2440 1830 2517; baseline 0.005 -22"><span class='ocrx_word' id='word_1_165' title='bbox 780 2440 860 2496; x_wconf 86' lang='lat' dir='ltr'><strong>De</strong></span> <span class='ocrx_word' id='word_1_166' title='bbox 882 2443 1121 2497; x_wconf 72' lang='lat' dir='ltr'><strong>exercitu</strong></span> <span class='ocrx_word' id='word_1_167' title='bbox 1147 2442 1475 2514; x_wconf 82' lang='lat' dir='ltr'><strong>Babylonico</strong></span> <span class='ocrx_word' id='word_1_168' title='bbox 1499 2454 1830 2517; x_wconf 82' lang='lat' dir='ltr'><strong>congregato.</strong></span> 
     </span>
    </p>
   </div>
   <div class='ocr_carea' id='block_1_29' title="bbox 584 2531 2099 2608">
    <p class='ocr_par' dir='ltr' id='par_1_29' title="bbox 584 2531 2099 2608">
     <span class='ocr_line' id='line_1_30' title="bbox 584 2531 2099 2608; baseline 0.007 -22"><span class='ocrx_word' id='word_1_169' title='bbox 584 2531 709 2603; x_wconf 83' lang='lat' dir='ltr'><strong>Ipso</strong></span> <span class='ocrx_word' id='word_1_170' title='bbox 751 2548 919 2602; x_wconf 87' lang='lat' dir='ltr'><strong>anno,</strong></span> <span class='ocrx_word' id='word_1_171' title='bbox 949 2550 1076 2591; x_wconf 92' lang='lat' dir='ltr'><strong>cum</strong></span> <span class='ocrx_word' id='word_1_172' title='bbox 1122 2544 1337 2607; x_wconf 87' lang='lat' dir='ltr'><strong>tempus</strong></span> <span class='ocrx_word' id='word_1_173' title='bbox 1365 2537 1793 2608; x_wconf 85' lang='lat' dir='ltr'><strong>subsequeretur</strong></span> <span class='ocrx_word' id='word_1_174' title='bbox 1828 2538 2099 2607; x_wconf 64' lang='lat' dir='ltr'><strong>aestivum,</strong></span> 
     </span>
    </p>
   </div>
   <div class='ocr_carea' id='block_1_30' title="bbox 516 2626 2101 2702">
    <p class='ocr_par' dir='ltr' id='par_1_30' title="bbox 516 2626 2101 2702">
     <span class='ocr_line' id='line_1_31' title="bbox 516 2626 2101 2702; baseline 0.004 -23"><span class='ocrx_word' id='word_1_175' title='bbox 516 2635 986 2697; x_wconf 76' lang='lat' dir='ltr'><strong>congregaverant</strong></span> <span class='ocrx_word' id='word_1_176' title='bbox 1023 2626 1306 2699; x_wconf 74' lang='lat' dir='ltr'><strong>Babylonii</strong></span> <span class='ocrx_word' id='word_1_177' title='bbox 1353 2628 1655 2684; x_wconf 88' lang='lat' dir='ltr'><strong>exercitum</strong></span> <span class='ocrx_word' id='word_1_178' title='bbox 1728 2630 1885 2685; x_wconf 80' lang='lat' dir='ltr'><strong>valde</strong></span> <span class='ocrx_word' id='word_1_179' title='bbox 1934 2646 2101 2702; x_wconf 87' lang='lat' dir='ltr'><strong>gran-</strong></span> 
     </span>
    </p>
   </div>
   <div class='ocr_carea' id='block_1_31' title="bbox 513 2717 2103 2793">
    <p class='ocr_par' dir='ltr' id='par_1_31' title="bbox 513 2717 2103 2793">
     <span class='ocr_line' id='line_1_32' title="bbox 513 2717 2103 2793; baseline 0.003 -21"><span class='ocrx_word' id='word_1_180' title='bbox 513 2717 639 2773; x_wconf 87' lang='lat' dir='ltr'><strong>dem</strong></span> <span class='ocrx_word' id='word_1_181' title='bbox 665 2736 680 2786; x_wconf 87' lang='lat'><strong>;</strong></span> <span class='ocrx_word' id='word_1_182' title='bbox 710 2718 879 2773; x_wconf 89' lang='lat' dir='ltr'><strong>millia</strong></span> <span class='ocrx_word' id='word_1_183' title='bbox 913 2735 1147 2789; x_wconf 90' lang='lat' dir='ltr'><strong>quorum</strong></span> <span class='ocrx_word' id='word_1_184' title='bbox 1190 2721 1603 2776; x_wconf 66' lang='lat' dir='ltr'><strong>aestimabantur</strong></span> <span class='ocrx_word' id='word_1_185' title='bbox 1647 2722 1716 2778; x_wconf 83' lang='grc'><strong>15</strong></span> <span class='ocrx_word' id='word_1_186' title='bbox 1748 2723 2017 2793; x_wconf 87' lang='lat' dir='ltr'><strong>equitum,</strong></span> <span class='ocrx_word' id='word_1_187' title='bbox 2048 2731 2103 2779; x_wconf 88' lang='lat' dir='ltr'><strong>ct</strong></span> 
     </span>
    </p>
   </div>
   <div class='ocr_carea' id='block_1_32' title="bbox 514 2809 2102 2887">
    <p class='ocr_par' dir='ltr' id='par_1_32' title="bbox 514 2809 2102 2887">
     <span class='ocr_line' id='line_1_33' title="bbox 514 2809 2102 2887; baseline 0.006 -24"><span class='ocrx_word' id='word_1_188' title='bbox 514 2809 588 2864; x_wconf 78' lang='lat'><strong>20</strong></span> <span class='ocrx_word' id='word_1_189' title='bbox 616 2810 882 2881; x_wconf 87' lang='lat' dir='ltr'><strong>peditum,</strong></span> <span class='ocrx_word' id='word_1_190' title='bbox 899 2812 1227 2868; x_wconf 86' lang='lat' dir='ltr'><strong>arbitrantes</strong></span> <span class='ocrx_word' id='word_1_191' title='bbox 1247 2811 1800 2887; x_wconf 75' lang='lat' dir='ltr'><strong>Hierosolymitanum</strong></span> <span class='ocrx_word' id='word_1_192' title='bbox 1819 2816 2102 2872; x_wconf 88' lang='lat' dir='ltr'><strong>destruere</strong></span> 
     </span>
    </p>
   </div>
   <div class='ocr_carea' id='block_1_33' title="bbox 513 2896 2099 2975">
    <p class='ocr_par' dir='ltr' id='par_1_33' title="bbox 513 2896 2099 2975">
     <span class='ocr_line' id='line_1_34' title="bbox 513 2896 2099 2975; baseline 0.005 -20"><span class='ocrx_word' id='word_1_193' title='bbox 513 2899 1022 2957; x_wconf 81' lang='lat' dir='ltr'><strong>Christianismum.</strong></span> <span class='ocrx_word' id='word_1_194' title='bbox 1073 2901 1318 2971; x_wconf 86' lang='lat' dir='ltr'><strong>Quibus,</strong></span> <span class='ocrx_word' id='word_1_195' title='bbox 1372 2919 1504 2960; x_wconf 90' lang='lat' dir='ltr'><strong>cum</strong></span> <span class='ocrx_word' id='word_1_196' title='bbox 1552 2920 1729 2975; x_wconf 89' lang='lat' dir='ltr'><strong>usque</strong></span> <span class='ocrx_word' id='word_1_197' title='bbox 1772 2896 2099 2962; x_wconf 82' lang='lat' dir='ltr'><strong>Ascalonem</strong></span> 
     </span>
    </p>
   </div>
   <div class='ocr_carea' id='block_1_34' title="bbox 2202 1792 3716 1869">
    <p class='ocr_par' dir='ltr' id='par_1_34' title="bbox 2202 1792 3716 1869">
     <span class='ocr_line' id='line_1_35' title="bbox 2202 1792 3716 1869; baseline 0.004 -19"><span class='ocrx_word' id='word_1_198' title='bbox 2202 1810 2333 1850; x_wconf 89' lang='lat' dir='ltr'><strong>vero</strong></span> <span class='ocrx_word' id='word_1_199' title='bbox 2354 1809 2454 1849; x_wconf 87' lang='lat' dir='ltr'><strong>nec</strong></span> <span class='ocrx_word' id='word_1_200' title='bbox 2483 1794 2646 1849; x_wconf 89' lang='lat' dir='ltr'><strong>etiam</strong></span> <span class='ocrx_word' id='word_1_201' title='bbox 2680 1792 2893 1866; x_wconf 78' lang='lat' dir='ltr'><strong>viginti.</strong></span> <span class='ocrx_word' id='word_1_202' title='bbox 2925 1792 3035 1851; x_wconf 89' lang='lat' dir='ltr'><strong>Nec</strong></span> <span class='ocrx_word' id='word_1_203' title='bbox 3062 1795 3375 1851; x_wconf 89' lang='lat' dir='ltr'><strong>mirandum</strong></span> <span class='ocrx_word' id='word_1_204' title='bbox 3406 1797 3452 1852; x_wconf 91' lang='lat' dir='ltr'><strong>si</strong></span> <span class='ocrx_word' id='word_1_205' title='bbox 3476 1800 3716 1869; x_wconf 67' lang='lat' dir='ltr'><strong>penniserit</strong></span> 
     </span>
    </p>
   </div>
   <div class='ocr_carea' id='block_1_35' title="bbox 2201 1883 3718 1951">
    <p class='ocr_par' dir='ltr' id='par_1_35' title="bbox 2201 1883 3718 1951">
     <span class='ocr_line' id='line_1_36' title="bbox 2201 1883 3718 1951; baseline 0.002 -10"><span class='ocrx_word' id='word_1_206' title='bbox 2201 1900 2299 1941; x_wconf 88' lang='lat' dir='ltr'><strong>eos</strong></span> <span class='ocrx_word' id='word_1_207' title='bbox 2344 1883 2488 1941; x_wconf 88' lang='lat' dir='ltr'><strong>Deus</strong></span> <span class='ocrx_word' id='word_1_208' title='bbox 2541 1883 2833 1951; x_wconf 86' lang='lat' dir='ltr'><strong>confundi,</strong></span> <span class='ocrx_word' id='word_1_209' title='bbox 2893 1901 3019 1942; x_wconf 87' lang='lat' dir='ltr'><strong>cum</strong></span> <span class='ocrx_word' id='word_1_210' title='bbox 3077 1886 3133 1941; x_wconf 90' lang='lat' dir='ltr'><strong>in</strong></span> <span class='ocrx_word' id='word_1_211' title='bbox 3191 1886 3396 1943; x_wconf 84' lang='lat' dir='ltr'><strong>divitiis</strong></span> <span class='ocrx_word' id='word_1_212' title='bbox 3449 1890 3718 1945; x_wconf 74' lang='lat' dir='ltr'><strong>multimodis</strong></span> 
     </span>
    </p>
   </div>
   <div class='ocr_carea' id='block_1_36' title="bbox 2202 1975 3717 2044">
    <p class='ocr_par' dir='ltr' id='par_1_36' title="bbox 2202 1975 3717 2044">
     <span class='ocr_line' id='line_1_37' title="bbox 2202 1975 3717 2044; baseline 0 -12"><span class='ocrx_word' id='word_1_213' title='bbox 2202 1976 2441 2032; x_wconf 84' lang='lat' dir='ltr'><strong>maxime</strong></span> <span class='ocrx_word' id='word_1_214' title='bbox 2486 1975 2848 2044; x_wconf 87' lang='lat' dir='ltr'><strong>abundantes,</strong></span> <span class='ocrx_word' id='word_1_215' title='bbox 2882 1991 2983 2032; x_wconf 88' lang='lat' dir='ltr'><strong>nec</strong></span> <span class='ocrx_word' id='word_1_216' title='bbox 3015 1975 3184 2032; x_wconf 89' lang='lat' dir='ltr'><strong>Deum</strong></span> <span class='ocrx_word' id='word_1_217' title='bbox 3227 1977 3508 2044; x_wconf 84' lang='lat' dir='ltr'><strong>timebant,</strong></span> <span class='ocrx_word' id='word_1_218' title='bbox 3542 1994 3624 2034; x_wconf 88' lang='lat' dir='ltr'><strong>nec</strong></span> <span class='ocrx_word' id='word_1_219' title='bbox 3646 1982 3717 2033; x_wconf 83' lang='lat' dir='ltr'><strong>lm-</strong></span> 
     </span>
    </p>
   </div>
   <div class='ocr_carea' id='block_1_37' title="bbox 2202 2063 3720 2140">
    <p class='ocr_par' dir='ltr' id='par_1_37' title="bbox 2202 2063 3720 2140">
     <span class='ocr_line' id='line_1_38' title="bbox 2202 2063 3720 2140; baseline 0 -16"><span class='ocrx_word' id='word_1_220' title='bbox 2202 2068 2407 2124; x_wconf 89' lang='lat' dir='ltr'><strong>minem</strong></span> <span class='ocrx_word' id='word_1_221' title='bbox 2439 2068 2495 2123; x_wconf 92' lang='lat' dir='ltr'><strong>in</strong></span> <span class='ocrx_word' id='word_1_222' title='bbox 2540 2068 2817 2139; x_wconf 89' lang='lat' dir='ltr'><strong>peccando</strong></span> <span class='ocrx_word' id='word_1_223' title='bbox 2842 2067 3252 2124; x_wconf 86' lang='lat' dir='ltr'><strong>reverebantur.</strong></span> <span class='ocrx_word' id='word_1_224' title='bbox 3300 2063 3437 2123; x_wconf 77' lang='lat' dir='ltr'><strong>Nam</strong></span> <span class='ocrx_word' id='word_1_225' title='bbox 3463 2070 3599 2140; x_wconf 72' lang='lat' dir='ltr'><strong>juxta</strong></span> <span class='ocrx_word' id='word_1_226' title='bbox 3618 2086 3720 2124; x_wconf 73' lang='lat' dir='ltr'><strong>uxo-</strong></span> 
     </span>
    </p>
   </div>
   <div class='ocr_carea' id='block_1_38' title="bbox 2200 2159 3722 2232">
    <p class='ocr_par' dir='ltr' id='par_1_38' title="bbox 2200 2159 3722 2232">
     <span class='ocr_line' id='line_1_39' title="bbox 2200 2159 3722 2232; baseline -0.001 -16"><span class='ocrx_word' id='word_1_227' title='bbox 2200 2176 2321 2216; x_wconf 89' lang='lat' dir='ltr'><strong>rem</strong></span> <span class='ocrx_word' id='word_1_228' title='bbox 2357 2175 2516 2217; x_wconf 87' lang='lat' dir='ltr'><strong>suam</strong></span> <span class='ocrx_word' id='word_1_229' title='bbox 2545 2159 2663 2231; x_wconf 89' lang='lat' dir='ltr'><strong>ipse</strong></span> <span class='ocrx_word' id='word_1_230' title='bbox 2686 2159 2940 2232; x_wconf 87' lang='lat' dir='ltr'><strong>princeps</strong></span> <span class='ocrx_word' id='word_1_231' title='bbox 2973 2175 3100 2217; x_wconf 90' lang='lat' dir='ltr'><strong>cum</strong></span> <span class='ocrx_word' id='word_1_232' title='bbox 3145 2160 3398 2232; x_wconf 86' lang='lat' dir='ltr'><strong>pluribus</strong></span> <span class='ocrx_word' id='word_1_233' title='bbox 3437 2162 3548 2217; x_wconf 87' lang='lat' dir='ltr'><strong>aliis</strong></span> <span class='ocrx_word' id='word_1_234' title='bbox 3564 2162 3722 2216; x_wconf 53' lang='lat' dir='ltr'><strong>adulta.</strong></span> 
     </span>
    </p>
   </div>
   <div class='ocr_carea' id='block_1_39' title="bbox 2202 2251 3723 2323">
    <p class='ocr_par' dir='ltr' id='par_1_39' title="bbox 2202 2251 3723 2323">
     <span class='ocr_line' id='line_1_40' title="bbox 2202 2251 3723 2323; baseline -0.001 -15"><span class='ocrx_word' id='word_1_235' title='bbox 2202 2252 2346 2308; x_wconf 89' lang='lat' dir='ltr'><strong>rium</strong></span> <span class='ocrx_word' id='word_1_236' title='bbox 2403 2252 2746 2323; x_wconf 84' lang='lat' dir='ltr'><strong>impudenter</strong></span> <span class='ocrx_word' id='word_1_237' title='bbox 2802 2251 3197 2310; x_wconf 85' lang='lat' dir='ltr'><strong>committebat.</strong></span> <span class='ocrx_word' id='word_1_238' title='bbox 3258 2252 3544 2309; x_wconf 87' lang='lat' dir='ltr'><strong>Dominum</strong></span> <span class='ocrx_word' id='word_1_239' title='bbox 3600 2269 3723 2309; x_wconf 83' lang='lat' dir='ltr'><strong>suum</strong></span> 
     </span>
    </p>
   </div>
   <div class='ocr_carea' id='block_1_40' title="bbox 2200 2342 3723 2416">
    <p class='ocr_par' dir='ltr' id='par_1_40' title="bbox 2200 2342 3723 2416">
     <span class='ocr_line' id='line_1_41' title="bbox 2200 2342 3723 2416; baseline 0 -17"><span class='ocrx_word' id='word_1_240' title='bbox 2200 2342 2507 2401; x_wconf 90' lang='lat' dir='ltr'><strong>Boamundi</strong></span> <span class='ocrx_word' id='word_1_241' title='bbox 2552 2344 2725 2400; x_wconf 84' lang='lat' dir='ltr'><strong>ﬁlium</strong></span> <span class='ocrx_word' id='word_1_242' title='bbox 2765 2342 2819 2398; x_wconf 91' lang='lat' dir='ltr'><strong>in</strong></span> <span class='ocrx_word' id='word_1_243' title='bbox 2849 2344 3044 2416; x_wconf 87' lang='lat' dir='ltr'><strong>Apulia</strong></span> <span class='ocrx_word' id='word_1_244' title='bbox 3073 2360 3199 2402; x_wconf 90' lang='lat' dir='ltr'><strong>cum</strong></span> <span class='ocrx_word' id='word_1_245' title='bbox 3231 2356 3406 2401; x_wconf 87' lang='lat' dir='ltr'><strong>matre</strong></span> <span class='ocrx_word' id='word_1_246' title='bbox 3435 2362 3528 2403; x_wconf 89' lang='lat' dir='ltr'><strong>sua</strong></span> <span class='ocrx_word' id='word_1_247' title='bbox 3553 2361 3723 2400; x_wconf 81' lang='lat' dir='ltr'><strong>moran-</strong></span> 
     </span>
    </p>
   </div>
   <div class='ocr_carea' id='block_1_41' title="bbox 2201 2434 3724 2507">
    <p class='ocr_par' dir='ltr' id='par_1_41' title="bbox 2201 2434 3724 2507">
     <span class='ocr_line' id='line_1_42' title="bbox 2201 2434 3724 2507; baseline -0.003 -14"><span class='ocrx_word' id='word_1_248' title='bbox 2201 2443 2311 2493; x_wconf 81' lang='lat' dir='ltr'><strong>tem</strong></span> <span class='ocrx_word' id='word_1_249' title='bbox 2333 2435 2733 2504; x_wconf 78' lang='lat' dir='ltr'><strong>exhaeredabat,</strong></span> <span class='ocrx_word' id='word_1_250' title='bbox 2763 2445 2818 2492; x_wconf 90' lang='lat' dir='ltr'><strong>et</strong></span> <span class='ocrx_word' id='word_1_251' title='bbox 2850 2436 3021 2493; x_wconf 88' lang='lat' dir='ltr'><strong>multa</strong></span> <span class='ocrx_word' id='word_1_252' title='bbox 3045 2436 3151 2492; x_wconf 86' lang='lat' dir='ltr'><strong>alia</strong></span> <span class='ocrx_word' id='word_1_253' title='bbox 3179 2446 3290 2493; x_wconf 89' lang='lat' dir='ltr'><strong>tam</strong></span> <span class='ocrx_word' id='word_1_254' title='bbox 3321 2434 3439 2506; x_wconf 87' lang='lat' dir='ltr'><strong>ipse</strong></span> <span class='ocrx_word' id='word_1_255' title='bbox 3465 2452 3608 2507; x_wconf 86' lang='lat' dir='ltr'><strong>quam</strong></span> <span class='ocrx_word' id='word_1_256' title='bbox 3628 2452 3724 2506; x_wconf 84' lang='lat' dir='ltr'><strong>pre-</strong></span> 
     </span>
    </p>
   </div>
   <div class='ocr_carea' id='block_1_42' title="bbox 2202 2527 3723 2601">
    <p class='ocr_par' dir='ltr' id='par_1_42' title="bbox 2202 2527 3723 2601">
     <span class='ocr_line' id='line_1_43' title="bbox 2202 2527 3723 2601; baseline -0.003 -17"><span class='ocrx_word' id='word_1_257' title='bbox 2202 2543 2356 2584; x_wconf 89' lang='lat' dir='ltr'><strong>ceres</strong></span> <span class='ocrx_word' id='word_1_258' title='bbox 2402 2527 2488 2583; x_wconf 88' lang='lat' dir='ltr'><strong>sui</strong></span> <span class='ocrx_word' id='word_1_259' title='bbox 2536 2529 2767 2585; x_wconf 86' lang='lat' dir='ltr'><strong>vivendo</strong></span> <span class='ocrx_word' id='word_1_260' title='bbox 2825 2530 3060 2601; x_wconf 87' lang='lat' dir='ltr'><strong>superbe</strong></span> <span class='ocrx_word' id='word_1_261' title='bbox 3104 2538 3160 2585; x_wconf 87' lang='lat' dir='ltr'><strong>et</strong></span> <span class='ocrx_word' id='word_1_262' title='bbox 3208 2530 3488 2585; x_wconf 84' lang='lat' dir='ltr'><strong>luxuriose</strong></span> <span class='ocrx_word' id='word_1_263' title='bbox 3526 2530 3723 2599; x_wconf 78' lang='lat' dir='ltr'><strong>agebant</strong></span> 
     </span>
    </p>
   </div>
   <div class='ocr_carea' id='block_1_43' title="bbox 2202 2618 3726 2693">
    <p class='ocr_par' dir='ltr' id='par_1_43' title="bbox 2202 2618 3726 2693">
     <span class='ocr_line' id='line_1_44' title="bbox 2202 2618 3726 2693; baseline -0.004 -17"><span class='ocrx_word' id='word_1_264' title='bbox 2202 2618 2415 2688; x_wconf 85' lang='lat' dir='ltr'><strong>Quibus</strong></span> <span class='ocrx_word' id='word_1_265' title='bbox 2436 2621 2695 2693; x_wconf 88' lang='lat' dir='ltr'><strong>competit</strong></span> <span class='ocrx_word' id='word_1_266' title='bbox 2732 2638 2927 2678; x_wconf 85' lang='lat' dir='ltr'><strong>versus</strong></span> <span class='ocrx_word' id='word_1_267' title='bbox 2959 2622 3061 2678; x_wconf 89' lang='lat' dir='ltr'><strong>iste</strong></span> <span class='ocrx_word' id='word_1_268' title='bbox 3087 2620 3379 2678; x_wconf 86' lang='lat' dir='ltr'><strong>Davidieus</strong></span> <span class='ocrx_word' id='word_1_269' title='bbox 3402 2622 3506 2677; x_wconf 82' lang='lat' dir='ltr'><strong>dici</strong></span> <span class='ocrx_word' id='word_1_270' title='bbox 3528 2640 3541 2676; x_wconf 86' lang='lat'><strong>:</strong></span> <span class='ocrx_word' id='word_1_271' title='bbox 3565 2620 3726 2674; x_wconf 72' lang='lat' dir='ltr'><strong>Prodit;</strong></span> 
     </span>
    </p>
   </div>
   <div class='ocr_carea' id='block_1_44' title="bbox 2201 2708 3730 2784">
    <p class='ocr_par' dir='ltr' id='par_1_44' title="bbox 2201 2708 3730 2784">
     <span class='ocr_line' id='line_1_45' title="bbox 2201 2708 3730 2784; baseline -0.001 -19"><span class='ocrx_word' id='word_1_272' title='bbox 2201 2712 2355 2783; x_wconf 73' lang='lat' dir='ltr'><strong>quasi</strong></span> <span class='ocrx_word' id='word_1_273' title='bbox 2376 2728 2442 2766; x_wconf 81' lang='lat' dir='ltr'><strong>ea:</strong></span> <span class='ocrx_word' id='word_1_274' title='bbox 2475 2711 2631 2783; x_wconf 79' lang='lat' dir='ltr'><strong>adipe</strong></span> <span class='ocrx_word' id='word_1_275' title='bbox 2650 2712 2906 2784; x_wconf 83' lang='lat' dir='ltr'><strong>iniquitas</strong></span> <span class='ocrx_word' id='word_1_276' title='bbox 2958 2728 3137 2766; x_wconf 82' lang='lat' dir='ltr'><strong>eorum</strong></span> <span class='ocrx_word' id='word_1_277' title='bbox 3163 2711 3343 2783; x_wconf 79' lang='lat' dir='ltr'><strong>(Psal.</strong></span> <span class='ocrx_word' id='word_1_278' title='bbox 3382 2727 3543 2777; x_wconf 77' lang='lat' dir='ltr'><strong>Lxxu,</strong></span> <span class='ocrx_word' id='word_1_279' title='bbox 3565 2711 3628 2777; x_wconf 79' lang='grc' dir='ltr'><strong>Ἰ).</strong></span> <span class='ocrx_word' id='word_1_280' title='bbox 3655 2708 3730 2763; x_wconf 61' lang='lat' dir='ltr'><strong>Va</strong></span> 
     </span>
    </p>
   </div>
   <div class='ocr_carea' id='block_1_45' title="bbox 2201 2804 3650 2862">
    <p class='ocr_par' dir='ltr' id='par_1_45' title="bbox 2201 2804 3650 2862">
     <span class='ocr_line' id='line_1_46' title="bbox 2201 2804 3650 2862; baseline -0.003 -2"><span class='ocrx_word' id='word_1_281' title='bbox 2201 2804 2347 2861; x_wconf 90' lang='lat' dir='ltr'><strong>enim</strong></span> <span class='ocrx_word' id='word_1_282' title='bbox 2379 2805 2522 2861; x_wconf 87' lang='lat' dir='ltr'><strong>inter</strong></span> <span class='ocrx_word' id='word_1_283' title='bbox 2552 2804 2778 2862; x_wconf 88' lang='lat' dir='ltr'><strong>delicias</strong></span> <span class='ocrx_word' id='word_1_284' title='bbox 2808 2804 3087 2862; x_wconf 79' lang='lat' dir='ltr'><strong>afﬂuentes</strong></span> <span class='ocrx_word' id='word_1_285' title='bbox 3113 2806 3310 2861; x_wconf 83' lang='lat' dir='ltr'><strong>modus</strong></span> <span class='ocrx_word' id='word_1_286' title='bbox 3339 2804 3650 2861; x_wconf 76' lang='lat' dir='ltr'><strong>servabatur.</strong></span> 
     </span>
    </p>
   </div>
   <div class='ocr_carea' id='block_1_46' title="bbox 2809 2916 3167 2974">
    <p class='ocr_par' dir='ltr' id='par_1_46' title="bbox 2809 2916 3167 2974">
     <span class='ocr_line' id='line_1_47' title="bbox 2809 2916 3167 2974; baseline -0.003 0"><span class='ocrx_word' id='word_1_287' title='bbox 2809 2916 3040 2974; x_wconf 84' lang='lat' dir='ltr'><strong>CAPUT</strong></span> <span class='ocrx_word' id='word_1_288' title='bbox 3076 2916 3167 2973; x_wconf 80' lang='lat' dir='ltr'><strong>1V.</strong></span> 
     </span>
    </p>
   </div>
   <div class='ocr_carea' id='block_1_47' title="bbox 515 2992 3731 3080">
    <p class='ocr_par' dir='ltr' id='par_1_47' title="bbox 515 2992 3731 3080">
     <span class='ocr_line' id='line_1_48' title="bbox 515 2992 3731 3080; baseline -0.001 -18"><span class='ocrx_word' id='word_1_289' title='bbox 515 2992 916 3062; x_wconf 69' lang='grc' dir='ltr'><strong>ροηεηὶεεθιιι,</strong></span> <span class='ocrx_word' id='word_1_290' title='bbox 950 3009 1045 3049; x_wconf 65' lang='grc' dir='ltr'><strong>νει</strong></span> <span class='ocrx_word' id='word_1_291' title='bbox 1080 2993 1550 3063; x_wconf 73' lang='lat' dir='ltr'><strong>Damascenorum.</strong></span> <span class='ocrx_word' id='word_1_292' title='bbox 1574 2995 1953 3068; x_wconf 72' lang='grc' dir='ltr'><strong>Τυιάθίιυίηυδ</strong></span> <span class='ocrx_word' id='word_1_293' title='bbox 1972 3014 2097 3055; x_wconf 74' lang='lat' dir='ltr'><strong>cum</strong></span> <span class='ocrx_word' id='word_1_294' title='bbox 2204 3008 2358 3078; x_wconf 82' lang='lat' dir='ltr'><strong>Quod</strong></span> <span class='ocrx_word' id='word_1_295' title='bbox 2373 3026 2464 3066; x_wconf 81' lang='lat' dir='ltr'><strong>rea:</strong></span> <span class='ocrx_word' id='word_1_296' title='bbox 2476 2992 2799 3077; x_wconf 81' lang='lat' dir='ltr'><strong>Baldttinus,</strong></span> <span class='ocrx_word' id='word_1_297' title='bbox 2820 3018 3031 3080; x_wconf 87' lang='lat' dir='ltr'><strong>sumpta</strong></span> <span class='ocrx_word' id='word_1_298' title='bbox 3049 3027 3201 3063; x_wconf 79' lang='lat' dir='ltr'><strong>cruce</strong></span> <span class='ocrx_word' id='word_1_299' title='bbox 3210 3007 3513 3079; x_wconf 83' lang='lat' dir='ltr'><strong>Dominica,</strong></span> <span class='ocrx_word' id='word_1_300' title='bbox 3535 3006 3597 3062; x_wconf 81' lang='lat' dir='ltr'><strong>ad</strong></span> <span class='ocrx_word' id='word_1_301' title='bbox 3610 3006 3731 3059; x_wconf 72' lang='lat' dir='ltr'><strong>auxi-</strong></span> 
     </span>
    </p>
   </div>
   <div class='ocr_carea' id='block_1_48' title="bbox 515 3084 2100 3158">
    <p class='ocr_par' dir='ltr' id='par_1_48' title="bbox 515 3084 2100 3158">
     <span class='ocr_line' id='line_1_49' title="bbox 515 3084 2100 3158; baseline 0.006 -20"><span class='ocrx_word' id='word_1_302' title='bbox 515 3092 679 3154; x_wconf 84' lang='lat' dir='ltr'><strong>gente</strong></span> <span class='ocrx_word' id='word_1_303' title='bbox 700 3100 802 3139; x_wconf 86' lang='lat' dir='ltr'><strong>sua</strong></span> <span class='ocrx_word' id='word_1_304' title='bbox 834 3085 888 3139; x_wconf 92' lang='lat' dir='ltr'><strong>in</strong></span> <span class='ocrx_word' id='word_1_305' title='bbox 911 3084 1245 3155; x_wconf 73' lang='lat' dir='ltr'><strong>adiutorium</strong></span> <span class='ocrx_word' id='word_1_306' title='bbox 1281 3088 1567 3158; x_wconf 89' lang='lat' dir='ltr'><strong>processit,</strong></span> <span class='ocrx_word' id='word_1_307' title='bbox 1590 3087 1886 3146; x_wconf 77' lang='lat' dir='ltr'><strong>Iordanem</strong></span> <span class='ocrx_word' id='word_1_308' title='bbox 1915 3097 2100 3147; x_wconf 88' lang='lat' dir='ltr'><strong>trans-</strong></span> 
     </span>
    </p>
   </div>
   <div class='ocr_carea' id='block_1_49' title="bbox 522 3173 2102 3253">
    <p class='ocr_par' dir='ltr' id='par_1_49' title="bbox 522 3173 2102 3253">
     <span class='ocr_line' id='line_1_50' title="bbox 522 3173 2102 3253; baseline 0.007 -26"><span class='ocrx_word' id='word_1_309' title='bbox 522 3190 767 3245; x_wconf 81' lang='lat' dir='ltr'><strong>gressus.</strong></span> <span class='ocrx_word' id='word_1_310' title='bbox 810 3173 1077 3237; x_wconf 74' lang='lat' dir='ltr'><strong>Prattcrea</strong></span> <span class='ocrx_word' id='word_1_311' title='bbox 1137 3185 1271 3235; x_wconf 87' lang='lat' dir='ltr'><strong>tunc</strong></span> <span class='ocrx_word' id='word_1_312' title='bbox 1332 3179 1528 3237; x_wconf 85' lang='lat' dir='ltr'><strong>classis</strong></span> <span class='ocrx_word' id='word_1_313' title='bbox 1574 3195 1685 3236; x_wconf 91' lang='lat' dir='ltr'><strong>non</strong></span> <span class='ocrx_word' id='word_1_314' title='bbox 1743 3181 1957 3238; x_wconf 90' lang='lat' dir='ltr'><strong>modica</strong></span> <span class='ocrx_word' id='word_1_315' title='bbox 2005 3198 2102 3253; x_wconf 86' lang='lat' dir='ltr'><strong>per</strong></span> 
     </span>
    </p>
   </div>
   <div class='ocr_carea' id='block_1_50' title="bbox 520 3266 2100 3339">
    <p class='ocr_par' dir='ltr' id='par_1_50' title="bbox 520 3266 2100 3339">
     <span class='ocr_line' id='line_1_51' title="bbox 520 3266 2100 3339; baseline 0.006 -18"><span class='ocrx_word' id='word_1_316' title='bbox 520 3280 674 3322; x_wconf 85' lang='lat' dir='ltr'><strong>mare</strong></span> <span class='ocrx_word' id='word_1_317' title='bbox 703 3266 831 3324; x_wconf 77' lang='lat' dir='ltr'><strong>illuc</strong></span> <span class='ocrx_word' id='word_1_318' title='bbox 858 3282 1032 3339; x_wconf 84' lang='lat' dir='ltr'><strong>usque</strong></span> <span class='ocrx_word' id='word_1_319' title='bbox 1072 3270 1321 3326; x_wconf 88' lang='lat' dir='ltr'><strong>nocitura</strong></span> <span class='ocrx_word' id='word_1_320' title='bbox 1372 3271 1730 3328; x_wconf 87' lang='lat' dir='ltr'><strong>nihilominus</strong></span> <span class='ocrx_word' id='word_1_321' title='bbox 1758 3274 1926 3330; x_wconf 88' lang='lat' dir='ltr'><strong>venit.</strong></span> <span class='ocrx_word' id='word_1_322' title='bbox 1961 3274 2100 3331; x_wconf 83' lang='lat' dir='ltr'><strong>Exin</strong></span> 
     </span>
    </p>
   </div>
   <div class='ocr_carea' id='block_1_51' title="bbox 522 3356 2099 3437">
    <p class='ocr_par' dir='ltr' id='par_1_51' title="bbox 522 3356 2099 3437">
     <span class='ocr_line' id='line_1_52' title="bbox 522 3356 2099 3437; baseline 0.006 -26"><span class='ocrx_word' id='word_1_323' title='bbox 522 3363 637 3413; x_wconf 84' lang='lat' dir='ltr'><strong>tam</strong></span> <span class='ocrx_word' id='word_1_324' title='bbox 664 3356 871 3420; x_wconf 70' lang='lat' dir='ltr'><strong>bellicae</strong></span> <span class='ocrx_word' id='word_1_325' title='bbox 909 3373 1076 3429; x_wconf 85' lang='lat' dir='ltr'><strong>quam</strong></span> <span class='ocrx_word' id='word_1_326' title='bbox 1123 3360 1403 3418; x_wconf 87' lang='lat' dir='ltr'><strong>mercibus</strong></span> <span class='ocrx_word' id='word_1_327' title='bbox 1445 3371 1662 3418; x_wconf 71' lang='lat' dir='ltr'><strong>onustae</strong></span> <span class='ocrx_word' id='word_1_328' title='bbox 1700 3378 1866 3420; x_wconf 89' lang='lat' dir='ltr'><strong>naves</strong></span> <span class='ocrx_word' id='word_1_329' title='bbox 1896 3362 2099 3437; x_wconf 82' lang='lat' dir='ltr'><strong>Tyrum</strong></span> 
     </span>
    </p>
   </div>
   <div class='ocr_carea' id='block_1_52' title="bbox 512 3448 2103 3523">
    <p class='ocr_par' dir='ltr' id='par_1_52' title="bbox 512 3448 2103 3523">
     <span class='ocr_line' id='line_1_53' title="bbox 512 3448 2103 3523; baseline 0.007 -20"><span class='ocrx_word' id='word_1_330' title='bbox 512 3448 792 3515; x_wconf 83' lang='lat' dir='ltr'><strong>adierunt.</strong></span> <span class='ocrx_word' id='word_1_331' title='bbox 817 3448 923 3517; x_wconf 87' lang='lat' dir='ltr'><strong>Qui</strong></span> <span class='ocrx_word' id='word_1_332' title='bbox 939 3459 1123 3509; x_wconf 86' lang='lat' dir='ltr'><strong>autem</strong></span> <span class='ocrx_word' id='word_1_333' title='bbox 1146 3468 1244 3523; x_wconf 91' lang='lat' dir='ltr'><strong>per</strong></span> <span class='ocrx_word' id='word_1_334' title='bbox 1261 3461 1462 3509; x_wconf 87' lang='lat' dir='ltr'><strong>terram</strong></span> <span class='ocrx_word' id='word_1_335' title='bbox 1481 3464 1768 3523; x_wconf 91' lang='lat' dir='ltr'><strong>venerunt,</strong></span> <span class='ocrx_word' id='word_1_336' title='bbox 1785 3465 1911 3512; x_wconf 88' lang='lat' dir='ltr'><strong>ante</strong></span> <span class='ocrx_word' id='word_1_337' title='bbox 1931 3457 2103 3517; x_wconf 84' lang='lat' dir='ltr'><strong>Asca-</strong></span> 
     </span>
    </p>
   </div>
   <div class='ocr_carea' id='block_1_53' title="bbox 514 3538 2100 3613">
    <p class='ocr_par' dir='ltr' id='par_1_53' title="bbox 514 3538 2100 3613">
     <span class='ocr_line' id='line_1_54' title="bbox 514 3538 2100 3613; baseline 0.007 -20"><span class='ocrx_word' id='word_1_338' title='bbox 514 3538 696 3603; x_wconf 81' lang='lat' dir='ltr'><strong>lonem</strong></span> <span class='ocrx_word' id='word_1_339' title='bbox 721 3540 923 3597; x_wconf 87' lang='lat' dir='ltr'><strong>bellum</strong></span> <span class='ocrx_word' id='word_1_340' title='bbox 949 3552 1332 3613; x_wconf 79' lang='lat' dir='ltr'><strong>exspectantes</strong></span> <span class='ocrx_word' id='word_1_341' title='bbox 1370 3554 1774 3603; x_wconf 84' lang='lat' dir='ltr'><strong>remanserunt.</strong></span> <span class='ocrx_word' id='word_1_342' title='bbox 1816 3546 1970 3604; x_wconf 87' lang='lat' dir='ltr'><strong>Tunc</strong></span> <span class='ocrx_word' id='word_1_343' title='bbox 2004 3563 2100 3604; x_wconf 87' lang='lat' dir='ltr'><strong>rex</strong></span> 
     </span>
    </p>
   </div>
   <div class='ocr_carea' id='block_1_54' title="bbox 422 3630 2101 3711">
    <p class='ocr_par' dir='ltr' id='par_1_54' title="bbox 422 3630 2101 3711">
     <span class='ocr_line' id='line_1_55' title="bbox 422 3630 2101 3711; baseline 0.006 -25"><span class='ocrx_word' id='word_1_344' title='bbox 422 3700 423 3703; x_wconf 19' lang='grc' dir='ltr'><strong>η</strong></span> <span class='ocrx_word' id='word_1_345' title='bbox 515 3630 818 3689; x_wconf 80' lang='lat' dir='ltr'><strong>Balduinus</strong></span> <span class='ocrx_word' id='word_1_346' title='bbox 866 3649 993 3690; x_wconf 92' lang='lat' dir='ltr'><strong>cum</strong></span> <span class='ocrx_word' id='word_1_347' title='bbox 1038 3632 1398 3692; x_wconf 77' lang='lat' dir='ltr'><strong>Antiochenis</strong></span> <span class='ocrx_word' id='word_1_348' title='bbox 1431 3645 1487 3693; x_wconf 91' lang='lat' dir='ltr'><strong>ct</strong></span> <span class='ocrx_word' id='word_1_349' title='bbox 1530 3635 1907 3708; x_wconf 90' lang='lat' dir='ltr'><strong>Tripolitanis,</strong></span> <span class='ocrx_word' id='word_1_350' title='bbox 1958 3655 2101 3711; x_wconf 90' lang='lat' dir='ltr'><strong>quos</strong></span> 
     </span>
    </p>
   </div>
   <div class='ocr_carea' id='block_1_55' title="bbox 514 3719 2097 3799">
    <p class='ocr_par' dir='ltr' id='par_1_55' title="bbox 514 3719 2097 3799">
     <span class='ocr_line' id='line_1_56' title="bbox 514 3719 2097 3799; baseline 0.007 -24"><span class='ocrx_word' id='word_1_351' title='bbox 514 3719 584 3776; x_wconf 85' lang='lat' dir='ltr'><strong>ad</strong></span> <span class='ocrx_word' id='word_1_352' title='bbox 634 3720 741 3776; x_wconf 87' lang='lat' dir='ltr'><strong>hoc</strong></span> <span class='ocrx_word' id='word_1_353' title='bbox 780 3731 1056 3780; x_wconf 86' lang='lat' dir='ltr'><strong>certamen</strong></span> <span class='ocrx_word' id='word_1_354' title='bbox 1097 3725 1284 3782; x_wconf 89' lang='lat' dir='ltr'><strong>venire</strong></span> <span class='ocrx_word' id='word_1_355' title='bbox 1327 3742 1425 3797; x_wconf 90' lang='lat' dir='ltr'><strong>per</strong></span> <span class='ocrx_word' id='word_1_356' title='bbox 1473 3727 1680 3798; x_wconf 84' lang='lat' dir='ltr'><strong>legatos</strong></span> <span class='ocrx_word' id='word_1_357' title='bbox 1725 3731 2097 3799; x_wconf 80' lang='lat' dir='ltr'><strong>mandaverat,</strong></span> 
     </span>
    </p>
   </div>
   <div class='ocr_carea' id='block_1_56' title="bbox 514 3812 2096 3894">
    <p class='ocr_par' dir='ltr' id='par_1_56' title="bbox 514 3812 2096 3894">
     <span class='ocr_line' id='line_1_57' title="bbox 514 3812 2096 3894; baseline 0.008 -27"><span class='ocrx_word' id='word_1_358' title='bbox 514 3812 781 3875; x_wconf 83' lang='lat' dir='ltr'><strong>adversus</strong></span> <span class='ocrx_word' id='word_1_359' title='bbox 806 3815 1061 3871; x_wconf 87' lang='lat' dir='ltr'><strong>hostilem</strong></span> <span class='ocrx_word' id='word_1_360' title='bbox 1098 3818 1398 3874; x_wconf 90' lang='lat' dir='ltr'><strong>exercitum</strong></span> <span class='ocrx_word' id='word_1_361' title='bbox 1426 3819 1727 3878; x_wconf 89' lang='lat' dir='ltr'><strong>bellaturus</strong></span> <span class='ocrx_word' id='word_1_362' title='bbox 1763 3825 2096 3894; x_wconf 86' lang='lat' dir='ltr'><strong>properavit,</strong></span> 
     </span>
    </p>
   </div>
   <div class='ocr_carea' id='block_1_57' title="bbox 517 3905 2095 3983">
    <p class='ocr_par' dir='ltr' id='par_1_57' title="bbox 517 3905 2095 3983">
     <span class='ocr_line' id='line_1_58' title="bbox 517 3905 2095 3983; baseline 0.008 -22"><span class='ocrx_word' id='word_1_363' title='bbox 517 3912 573 3961; x_wconf 85' lang='lat' dir='ltr'><strong>et</strong></span> <span class='ocrx_word' id='word_1_364' title='bbox 599 3905 772 3961; x_wconf 82' lang='lat' dir='ltr'><strong>Azoto</strong></span> <span class='ocrx_word' id='word_1_365' title='bbox 795 3908 1073 3977; x_wconf 88' lang='lat' dir='ltr'><strong>quondam</strong></span> <span class='ocrx_word' id='word_1_366' title='bbox 1097 3909 1313 3967; x_wconf 88' lang='lat' dir='ltr'><strong>civitate</strong></span> <span class='ocrx_word' id='word_1_367' title='bbox 1342 3910 1656 3969; x_wconf 67' lang='lat' dir='ltr'><strong>Pbilistbaaa</strong></span> <span class='ocrx_word' id='word_1_368' title='bbox 1692 3916 1945 3983; x_wconf 89' lang='lat' dir='ltr'><strong>trausita,</strong></span> <span class='ocrx_word' id='word_1_369' title='bbox 1973 3927 2095 3972; x_wconf 84' lang='lat' dir='ltr'><strong>teu-</strong></span> 
     </span>
    </p>
   </div>
   <div class='ocr_carea' id='block_1_58' title="bbox 515 3996 2097 4077">
    <p class='ocr_par' dir='ltr' id='par_1_58' title="bbox 515 3996 2097 4077">
     <span class='ocr_line' id='line_1_59' title="bbox 515 3996 2097 4077; baseline 0.009 -28"><span class='ocrx_word' id='word_1_370' title='bbox 515 3996 659 4067; x_wconf 84' lang='lat' dir='ltr'><strong>toria</strong></span> <span class='ocrx_word' id='word_1_371' title='bbox 682 3998 750 4053; x_wconf 88' lang='lat' dir='ltr'><strong>de</strong></span> <span class='ocrx_word' id='word_1_372' title='bbox 777 4000 1067 4070; x_wconf 76' lang='lat' dir='ltr'><strong>sagittariis</strong></span> <span class='ocrx_word' id='word_1_373' title='bbox 1115 4002 1337 4072; x_wconf 82' lang='lat' dir='ltr'><strong>deponi,</strong></span> <span class='ocrx_word' id='word_1_374' title='bbox 1362 4014 1416 4059; x_wconf 91' lang='lat' dir='ltr'><strong>et</strong></span> <span class='ocrx_word' id='word_1_375' title='bbox 1443 4003 1603 4077; x_wconf 80' lang='lat' dir='ltr'><strong>deligi</strong></span> <span class='ocrx_word' id='word_1_376' title='bbox 1650 4006 1921 4077; x_wconf 86' lang='lat' dir='ltr'><strong>disposuit</strong></span> <span class='ocrx_word' id='word_1_377' title='bbox 1948 4007 2097 4063; x_wconf 88' lang='lat' dir='ltr'><strong>haud</strong></span> 
     </span>
    </p>
   </div>
   <div class='ocr_carea' id='block_1_59' title="bbox 513 4085 2097 4168">
    <p class='ocr_par' dir='ltr' id='par_1_59' title="bbox 513 4085 2097 4168">
     <span class='ocr_line' id='line_1_60' title="bbox 513 4085 2097 4168; baseline 0.009 -28"><span class='ocrx_word' id='word_1_378' title='bbox 513 4085 672 4158; x_wconf 80' lang='lat' dir='ltr'><strong>longe</strong></span> <span class='ocrx_word' id='word_1_379' title='bbox 692 4102 724 4141; x_wconf 87' lang='lat' dir='ltr'><strong>a</strong></span> <span class='ocrx_word' id='word_1_380' title='bbox 755 4087 1092 4160; x_wconf 82' lang='lat' dir='ltr'><strong>Babyloniis,</strong></span> <span class='ocrx_word' id='word_1_381' title='bbox 1117 4090 1192 4146; x_wconf 88' lang='lat' dir='ltr'><strong>ita</strong></span> <span class='ocrx_word' id='word_1_382' title='bbox 1225 4102 1283 4148; x_wconf 91' lang='lat' dir='ltr'><strong>ut</strong></span> <span class='ocrx_word' id='word_1_383' title='bbox 1306 4095 1577 4152; x_wconf 85' lang='lat' dir='ltr'><strong>exercitus</strong></span> <span class='ocrx_word' id='word_1_384' title='bbox 1604 4110 1831 4168; x_wconf 90' lang='lat' dir='ltr'><strong>uterque</strong></span> <span class='ocrx_word' id='word_1_385' title='bbox 1857 4100 2097 4168; x_wconf 85' lang='lat' dir='ltr'><strong>quotidie</strong></span> 
     </span>
    </p>
   </div>
   <div class='ocr_carea' id='block_1_60' title="bbox 512 4179 2098 4261">
    <p class='ocr_par' dir='ltr' id='par_1_60' title="bbox 512 4179 2098 4261">
     <span class='ocr_line' id='line_1_61' title="bbox 512 4179 2098 4261; baseline 0.009 -28"><span class='ocrx_word' id='word_1_386' title='bbox 512 4179 776 4237; x_wconf 86' lang='lat' dir='ltr'><strong>alterutro</strong></span> <span class='ocrx_word' id='word_1_387' title='bbox 819 4190 1043 4252; x_wconf 88' lang='lat' dir='ltr'><strong>aspectu</strong></span> <span class='ocrx_word' id='word_1_388' title='bbox 1087 4185 1236 4239; x_wconf 88' lang='lat' dir='ltr'><strong>cerni</strong></span> <span class='ocrx_word' id='word_1_389' title='bbox 1275 4195 1477 4255; x_wconf 89' lang='lat' dir='ltr'><strong>posset.</strong></span> <span class='ocrx_word' id='word_1_390' title='bbox 1520 4188 1625 4244; x_wconf 86' lang='lat' dir='ltr'><strong>Sed</strong></span> <span class='ocrx_word' id='word_1_391' title='bbox 1672 4191 1804 4261; x_wconf 89' lang='lat' dir='ltr'><strong>quia</strong></span> <span class='ocrx_word' id='word_1_392' title='bbox 1840 4190 1931 4244; x_wconf 87' lang='lat' dir='ltr'><strong>alii</strong></span> <span class='ocrx_word' id='word_1_393' title='bbox 1960 4191 2098 4248; x_wconf 88' lang='lat' dir='ltr'><strong>alios</strong></span> 
     </span>
    </p>
   </div>
   <div class='ocr_carea' id='block_1_61' title="bbox 510 4271 2095 4352">
    <p class='ocr_par' dir='ltr' id='par_1_61' title="bbox 510 4271 2095 4352">
     <span class='ocr_line' id='line_1_62' title="bbox 510 4271 2095 4352; baseline 0.008 -27"><span class='ocrx_word' id='word_1_394' title='bbox 510 4271 668 4329; x_wconf 87' lang='lat' dir='ltr'><strong>valde</strong></span> <span class='ocrx_word' id='word_1_395' title='bbox 710 4273 930 4344; x_wconf 79' lang='lat' dir='ltr'><strong>aggredi</strong></span> <span class='ocrx_word' id='word_1_396' title='bbox 975 4273 1362 4347; x_wconf 78' lang='lat' dir='ltr'><strong>formidabant,</strong></span> <span class='ocrx_word' id='word_1_397' title='bbox 1404 4287 1459 4334; x_wconf 87' lang='lat' dir='ltr'><strong>ct</strong></span> <span class='ocrx_word' id='word_1_398' title='bbox 1508 4280 1691 4336; x_wconf 89' lang='lat' dir='ltr'><strong>vivere</strong></span> <span class='ocrx_word' id='word_1_399' title='bbox 1744 4298 1912 4352; x_wconf 86' lang='lat' dir='ltr'><strong>quam</strong></span> <span class='ocrx_word' id='word_1_400' title='bbox 1955 4283 2095 4337; x_wconf 89' lang='lat' dir='ltr'><strong>mori</strong></span> 
     </span>
    </p>
   </div>
   <div class='ocr_carea' id='block_1_62' title="bbox 511 4364 2091 4438">
    <p class='ocr_par' dir='ltr' id='par_1_62' title="bbox 511 4364 2091 4438">
     <span class='ocr_line' id='line_1_63' title="bbox 511 4364 2091 4438; baseline 0.008 -19"><span class='ocrx_word' id='word_1_401' title='bbox 511 4364 805 4431; x_wconf 83' lang='lat' dir='ltr'><strong>malebant,</strong></span> <span class='ocrx_word' id='word_1_402' title='bbox 839 4381 963 4421; x_wconf 82' lang='lat' dir='ltr'><strong>eum</strong></span> <span class='ocrx_word' id='word_1_403' title='bbox 991 4382 1088 4438; x_wconf 92' lang='lat' dir='ltr'><strong>per</strong></span> <span class='ocrx_word' id='word_1_404' title='bbox 1109 4378 1218 4425; x_wconf 90' lang='lat' dir='ltr'><strong>tres</strong></span> <span class='ocrx_word' id='word_1_405' title='bbox 1240 4369 1354 4426; x_wconf 88' lang='lat' dir='ltr'><strong>fere</strong></span> <span class='ocrx_word' id='word_1_406' title='bbox 1395 4387 1613 4428; x_wconf 86' lang='lat' dir='ltr'><strong>menses</strong></span> <span class='ocrx_word' id='word_1_407' title='bbox 1644 4373 1848 4429; x_wconf 83' lang='lat' dir='ltr'><strong>dill‘erri</strong></span> <span class='ocrx_word' id='word_1_408' title='bbox 1883 4375 1978 4430; x_wconf 88' lang='lat' dir='ltr'><strong>tali</strong></span> <span class='ocrx_word' id='word_1_409' title='bbox 2000 4392 2091 4431; x_wconf 84' lang='lat' dir='ltr'><strong>ar-</strong></span> 
     </span>
    </p>
   </div>
   <div class='ocr_carea' id='block_1_63' title="bbox 2126 3091 2169 3150">
    <p class='ocr_par' dir='ltr' id='par_1_63' title="bbox 2126 3091 2169 3150">
     <span class='ocr_line' id='line_1_64' title="bbox 2126 3091 2169 3150; baseline 0 0"><span class='ocrx_word' id='word_1_410' title='bbox 2126 3091 2169 3150; x_wconf 88' lang='lat' dir='ltr'><strong>C</strong></span> 
     </span>
    </p>
   </div>
   <div class='ocr_carea' id='block_1_64' title="bbox 2700 3080 3282 3151">
    <p class='ocr_par' dir='ltr' id='par_1_64' title="bbox 2700 3080 3282 3151">
     <span class='ocr_line' id='line_1_65' title="bbox 2700 3080 3282 3151; baseline -0.002 -15"><span class='ocrx_word' id='word_1_411' title='bbox 2700 3080 2942 3136; x_wconf 77' lang='lat' dir='ltr'><strong>liandum</strong></span> <span class='ocrx_word' id='word_1_412' title='bbox 2964 3082 3282 3151; x_wconf 81' lang='lat' dir='ltr'><strong>properavit.</strong></span> 
     </span>
    </p>
   </div>
   <div class='ocr_carea' id='block_1_65' title="bbox 2273 3170 3737 3229">
    <p class='ocr_par' dir='ltr' id='par_1_65' title="bbox 2273 3170 3737 3229">
     <span class='ocr_line' id='line_1_66' title="bbox 2273 3170 3737 3229; baseline -0.002 -2"><span class='ocrx_word' id='word_1_413' title='bbox 2273 3170 2402 3229; x_wconf 84' lang='lat' dir='ltr'><strong>Post</strong></span> <span class='ocrx_word' id='word_1_414' title='bbox 2444 3172 2585 3229; x_wconf 79' lang='lat' dir='ltr'><strong>hanc</strong></span> <span class='ocrx_word' id='word_1_415' title='bbox 2628 3171 3095 3228; x_wconf 85' lang='lat' dir='ltr'><strong>Antiochenorum</strong></span> <span class='ocrx_word' id='word_1_416' title='bbox 3123 3171 3453 3229; x_wconf 87' lang='lat' dir='ltr'><strong>occisionem</strong></span> <span class='ocrx_word' id='word_1_417' title='bbox 3478 3178 3647 3227; x_wconf 83' lang='lat' dir='ltr'><strong>secuta</strong></span> <span class='ocrx_word' id='word_1_418' title='bbox 3674 3176 3737 3221; x_wconf 75' lang='lat' dir='ltr'><strong>est</strong></span> 
     </span>
    </p>
   </div>
   <div class='ocr_carea' id='block_1_66' title="bbox 2203 3261 3739 3335">
    <p class='ocr_par' dir='ltr' id='par_1_66' title="bbox 2203 3261 3739 3335">
     <span class='ocr_line' id='line_1_67' title="bbox 2203 3261 3739 3335; baseline -0.003 -15"><span class='ocrx_word' id='word_1_419' title='bbox 2203 3264 2440 3320; x_wconf 88' lang='lat' dir='ltr'><strong>secunda</strong></span> <span class='ocrx_word' id='word_1_420' title='bbox 2463 3264 2598 3320; x_wconf 84' lang='lat' dir='ltr'><strong>satis</strong></span> <span class='ocrx_word' id='word_1_421' title='bbox 2618 3263 2867 3330; x_wconf 87' lang='lat' dir='ltr'><strong>victoria,</strong></span> <span class='ocrx_word' id='word_1_422' title='bbox 2898 3279 3041 3334; x_wconf 71' lang='lat' dir='ltr'><strong>qure,</strong></span> <span class='ocrx_word' id='word_1_423' title='bbox 3065 3264 3396 3335; x_wconf 84' lang='lat' dir='ltr'><strong>propitiante</strong></span> <span class='ocrx_word' id='word_1_424' title='bbox 3428 3263 3560 3328; x_wconf 85' lang='lat' dir='ltr'><strong>Deo,</strong></span> <span class='ocrx_word' id='word_1_425' title='bbox 3588 3261 3739 3316; x_wconf 78' lang='lat' dir='ltr'><strong>Hiero-</strong></span> 
     </span>
    </p>
   </div>
   <div class='ocr_carea' id='block_1_67' title="bbox 2203 3354 3741 3430">
    <p class='ocr_par' dir='ltr' id='par_1_67' title="bbox 2203 3354 3741 3430">
     <span class='ocr_line' id='line_1_68' title="bbox 2203 3354 3741 3430; baseline -0.005 -18"><span class='ocrx_word' id='word_1_426' title='bbox 2203 3356 2531 3428; x_wconf 86' lang='lat' dir='ltr'><strong>solymitano</strong></span> <span class='ocrx_word' id='word_1_427' title='bbox 2560 3357 2763 3430; x_wconf 88' lang='lat' dir='ltr'><strong>populo</strong></span> <span class='ocrx_word' id='word_1_428' title='bbox 2786 3356 3015 3411; x_wconf 77' lang='lat' dir='ltr'><strong>miriﬁce</strong></span> <span class='ocrx_word' id='word_1_429' title='bbox 3036 3356 3320 3411; x_wconf 86' lang='lat' dir='ltr'><strong>successit.</strong></span> <span class='ocrx_word' id='word_1_430' title='bbox 3341 3354 3477 3410; x_wconf 80' lang='lat' dir='ltr'><strong>Nam</strong></span> <span class='ocrx_word' id='word_1_431' title='bbox 3499 3369 3613 3410; x_wconf 90' lang='lat' dir='ltr'><strong>cum</strong></span> <span class='ocrx_word' id='word_1_432' title='bbox 3634 3367 3741 3423; x_wconf 63' lang='lat' dir='ltr'><strong>pre-</strong></span> 
     </span>
    </p>
   </div>
   <div class='ocr_carea' id='block_1_68' title="bbox 2202 3443 3744 3519">
    <p class='ocr_par' dir='ltr' id='par_1_68' title="bbox 2202 3443 3744 3519">
     <span class='ocr_line' id='line_1_69' title="bbox 2202 3443 3744 3519; baseline -0.005 -17"><span class='ocrx_word' id='word_1_433' title='bbox 2202 3445 2383 3503; x_wconf 89' lang='lat' dir='ltr'><strong>dictus</strong></span> <span class='ocrx_word' id='word_1_434' title='bbox 2429 3445 2674 3518; x_wconf 81' lang='lat' dir='ltr'><strong>Rogerus</strong></span> <span class='ocrx_word' id='word_1_435' title='bbox 2723 3446 2837 3517; x_wconf 79' lang='lat' dir='ltr'><strong>regi</strong></span> <span class='ocrx_word' id='word_1_436' title='bbox 2886 3444 3384 3519; x_wconf 79' lang='lat' dir='ltr'><strong>ﬂicrosolymitano</strong></span> <span class='ocrx_word' id='word_1_437' title='bbox 3424 3461 3522 3517; x_wconf 84' lang='lat' dir='ltr'><strong>per</strong></span> <span class='ocrx_word' id='word_1_438' title='bbox 3560 3443 3744 3499; x_wconf 82' lang='lat' dir='ltr'><strong>nuntios</strong></span> 
     </span>
    </p>
   </div>
   <div class='ocr_carea' id='block_1_69' title="bbox 2203 3533 3742 3605">
    <p class='ocr_par' dir='ltr' id='par_1_69' title="bbox 2203 3533 3742 3605">
     <span class='ocr_line' id='line_1_70' title="bbox 2203 3533 3742 3605; baseline -0.005 -12"><span class='ocrx_word' id='word_1_439' title='bbox 2203 3539 2556 3605; x_wconf 86' lang='lat' dir='ltr'><strong>notillcasset,</strong></span> <span class='ocrx_word' id='word_1_440' title='bbox 2585 3548 2643 3593; x_wconf 90' lang='lat' dir='ltr'><strong>ut</strong></span> <span class='ocrx_word' id='word_1_441' title='bbox 2662 3538 2767 3593; x_wconf 90' lang='lat' dir='ltr'><strong>sibi</strong></span> <span class='ocrx_word' id='word_1_442' title='bbox 2795 3538 2863 3594; x_wconf 88' lang='lat' dir='ltr'><strong>ad</strong></span> <span class='ocrx_word' id='word_1_443' title='bbox 2877 3537 3308 3594; x_wconf 87' lang='lat' dir='ltr'><strong>succurrendum</strong></span> <span class='ocrx_word' id='word_1_444' title='bbox 3334 3537 3625 3601; x_wconf 77' lang='lat' dir='ltr'><strong>festinaret,</strong></span> <span class='ocrx_word' id='word_1_445' title='bbox 3643 3533 3742 3604; x_wconf 76' lang='lat' dir='ltr'><strong>quia</strong></span> 
     </span>
    </p>
   </div>
   <div class='ocr_carea' id='block_1_70' title="bbox 2202 3630 3745 3703">
    <p class='ocr_par' dir='ltr' id='par_1_70' title="bbox 2202 3630 3745 3703">
     <span class='ocr_line' id='line_1_71' title="bbox 2202 3630 3745 3703; baseline -0.005 -17"><span class='ocrx_word' id='word_1_446' title='bbox 2202 3630 2368 3687; x_wconf 89' lang='lat' dir='ltr'><strong>Turci</strong></span> <span class='ocrx_word' id='word_1_447' title='bbox 2398 3646 2523 3687; x_wconf 91' lang='lat' dir='ltr'><strong>cum</strong></span> <span class='ocrx_word' id='word_1_448' title='bbox 2550 3639 2708 3703; x_wconf 89' lang='lat' dir='ltr'><strong>gente</strong></span> <span class='ocrx_word' id='word_1_449' title='bbox 2729 3631 2897 3686; x_wconf 90' lang='lat' dir='ltr'><strong>multa</strong></span> <span class='ocrx_word' id='word_1_450' title='bbox 2939 3646 3064 3686; x_wconf 89' lang='lat' dir='ltr'><strong>eum</strong></span> <span class='ocrx_word' id='word_1_451' title='bbox 3095 3630 3452 3702; x_wconf 89' lang='lat' dir='ltr'><strong>impetcbant,</strong></span> <span class='ocrx_word' id='word_1_452' title='bbox 3477 3630 3656 3685; x_wconf 87' lang='lat' dir='ltr'><strong>relicto</strong></span> <span class='ocrx_word' id='word_1_453' title='bbox 3675 3642 3745 3680; x_wconf 79' lang='lat' dir='ltr'><strong>rex</strong></span> 
     </span>
    </p>
   </div>
   <div class='ocr_carea' id='block_1_71' title="bbox 2202 3719 3748 3798">
    <p class='ocr_par' dir='ltr' id='par_1_71' title="bbox 2202 3719 3748 3798">
     <span class='ocr_line' id='line_1_72' title="bbox 2202 3719 3748 3798; baseline -0.005 -18"><span class='ocrx_word' id='word_1_454' title='bbox 2202 3725 2441 3798; x_wconf 88' lang='lat' dir='ltr'><strong>negotio,</strong></span> <span class='ocrx_word' id='word_1_455' title='bbox 2465 3725 2534 3780; x_wconf 91' lang='lat' dir='ltr'><strong>ad</strong></span> <span class='ocrx_word' id='word_1_456' title='bbox 2568 3723 2716 3795; x_wconf 83' lang='lat' dir='ltr'><strong>quod</strong></span> <span class='ocrx_word' id='word_1_457' title='bbox 2743 3739 2868 3780; x_wconf 91' lang='lat' dir='ltr'><strong>cum</strong></span> <span class='ocrx_word' id='word_1_458' title='bbox 2893 3723 3009 3780; x_wconf 90' lang='lat' dir='ltr'><strong>suis</strong></span> <span class='ocrx_word' id='word_1_459' title='bbox 3035 3739 3146 3779; x_wconf 88' lang='lat' dir='ltr'><strong>non</strong></span> <span class='ocrx_word' id='word_1_460' title='bbox 3177 3724 3338 3795; x_wconf 83' lang='lat' dir='ltr'><strong>longe</strong></span> <span class='ocrx_word' id='word_1_461' title='bbox 3369 3740 3400 3778; x_wconf 90' lang='lat' dir='ltr'><strong>a</strong></span> <span class='ocrx_word' id='word_1_462' title='bbox 3427 3722 3654 3778; x_wconf 69' lang='lat' dir='ltr'><strong>Iordane</strong></span> <span class='ocrx_word' id='word_1_463' title='bbox 3672 3719 3748 3772; x_wconf 51' lang='lat' dir='ltr'><strong>Da.</strong></span> 
     </span>
    </p>
   </div>
   <div class='ocr_carea' id='block_1_72' title="bbox 2202 3816 3744 3888">
    <p class='ocr_par' dir='ltr' id='par_1_72' title="bbox 2202 3816 3744 3888">
     <span class='ocr_line' id='line_1_73' title="bbox 2202 3816 3744 3888; baseline -0.003 -15"><span class='ocrx_word' id='word_1_464' title='bbox 2202 3832 2489 3873; x_wconf 87' lang='lat' dir='ltr'><strong>mascenos</strong></span> <span class='ocrx_word' id='word_1_465' title='bbox 2539 3826 2950 3888; x_wconf 81' lang='lat' dir='ltr'><strong>expugnaturus</strong></span> <span class='ocrx_word' id='word_1_466' title='bbox 2993 3816 3196 3883; x_wconf 85' lang='lat' dir='ltr'><strong>ivcrat,</strong></span> <span class='ocrx_word' id='word_1_467' title='bbox 3241 3816 3409 3872; x_wconf 87' lang='lat' dir='ltr'><strong>ducto</strong></span> <span class='ocrx_word' id='word_1_468' title='bbox 3454 3830 3634 3872; x_wconf 85' lang='lat' dir='ltr'><strong>secum</strong></span> <span class='ocrx_word' id='word_1_469' title='bbox 3673 3828 3744 3883; x_wconf 74' lang='lat' dir='ltr'><strong>pa-</strong></span> 
     </span>
    </p>
   </div>
   <div class='ocr_carea' id='block_1_73' title="bbox 2200 3907 3747 3979">
    <p class='ocr_par' dir='ltr' id='par_1_73' title="bbox 2200 3907 3747 3979">
     <span class='ocr_line' id='line_1_74' title="bbox 2200 3907 3747 3979; baseline -0.005 -14"><span class='ocrx_word' id='word_1_470' title='bbox 2200 3911 2440 3965; x_wconf 87' lang='lat' dir='ltr'><strong>triarcha</strong></span> <span class='ocrx_word' id='word_1_471' title='bbox 2468 3926 2591 3966; x_wconf 90' lang='lat' dir='ltr'><strong>cum</strong></span> <span class='ocrx_word' id='word_1_472' title='bbox 2621 3916 2784 3965; x_wconf 74' lang='lat' dir='ltr'><strong>cruce</strong></span> <span class='ocrx_word' id='word_1_473' title='bbox 2807 3908 3112 3976; x_wconf 89' lang='lat' dir='ltr'><strong>Dominica,</strong></span> <span class='ocrx_word' id='word_1_474' title='bbox 3158 3924 3284 3965; x_wconf 90' lang='lat' dir='ltr'><strong>cum</strong></span> <span class='ocrx_word' id='word_1_475' title='bbox 3333 3907 3402 3965; x_wconf 88' lang='lat' dir='ltr'><strong>de</strong></span> <span class='ocrx_word' id='word_1_476' title='bbox 3429 3909 3631 3979; x_wconf 88' lang='lat' dir='ltr'><strong>campis</strong></span> <span class='ocrx_word' id='word_1_477' title='bbox 3658 3915 3747 3960; x_wconf 76' lang='lat' dir='ltr'><strong>sta-</strong></span> 
     </span>
    </p>
   </div>
   <div class='ocr_carea' id='block_1_74' title="bbox 2200 3998 3749 4072">
    <p class='ocr_par' dir='ltr' id='par_1_74' title="bbox 2200 3998 3749 4072">
     <span class='ocr_line' id='line_1_75' title="bbox 2200 3998 3749 4072; baseline -0.005 -16"><span class='ocrx_word' id='word_1_478' title='bbox 2200 4002 2409 4056; x_wconf 89' lang='lat' dir='ltr'><strong>tionum</strong></span> <span class='ocrx_word' id='word_1_479' title='bbox 2438 4017 2661 4057; x_wconf 87' lang='lat' dir='ltr'><strong>suarum</strong></span> <span class='ocrx_word' id='word_1_480' title='bbox 2691 4016 2787 4056; x_wconf 92' lang='lat' dir='ltr'><strong>eos</strong></span> <span class='ocrx_word' id='word_1_481' title='bbox 2810 4000 3062 4072; x_wconf 88' lang='lat' dir='ltr'><strong>ejecissct</strong></span> <span class='ocrx_word' id='word_1_482' title='bbox 3086 4001 3372 4068; x_wconf 87' lang='lat' dir='ltr'><strong>violenter,</strong></span> <span class='ocrx_word' id='word_1_483' title='bbox 3397 4001 3650 4056; x_wconf 89' lang='lat' dir='ltr'><strong>continuo</strong></span> <span class='ocrx_word' id='word_1_484' title='bbox 3670 3998 3749 4050; x_wconf 79' lang='lat' dir='ltr'><strong>An-</strong></span> 
     </span>
    </p>
   </div>
   <div class='ocr_carea' id='block_1_75' title="bbox 2201 4090 3746 4159">
    <p class='ocr_par' dir='ltr' id='par_1_75' title="bbox 2201 4090 3746 4159">
     <span class='ocr_line' id='line_1_76' title="bbox 2201 4090 3746 4159; baseline -0.005 -11"><span class='ocrx_word' id='word_1_485' title='bbox 2201 4093 2466 4148; x_wconf 88' lang='lat' dir='ltr'><strong>tiochenis</strong></span> <span class='ocrx_word' id='word_1_486' title='bbox 2495 4091 2855 4147; x_wconf 81' lang='lat' dir='ltr'><strong>auxiliaturus</strong></span> <span class='ocrx_word' id='word_1_487' title='bbox 2883 4092 3135 4159; x_wconf 89' lang='lat' dir='ltr'><strong>recurrit,</strong></span> <span class='ocrx_word' id='word_1_488' title='bbox 3164 4091 3373 4147; x_wconf 85' lang='lat' dir='ltr'><strong>ducens</strong></span> <span class='ocrx_word' id='word_1_489' title='bbox 3386 4107 3573 4147; x_wconf 85' lang='lat' dir='ltr'><strong>secum</strong></span> <span class='ocrx_word' id='word_1_490' title='bbox 3596 4090 3746 4144; x_wconf 64' lang='lat' dir='ltr'><strong>Cesa-</strong></span> 
     </span>
    </p>
   </div>
   <div class='ocr_carea' id='block_1_76' title="bbox 2199 4180 3750 4255">
    <p class='ocr_par' dir='ltr' id='par_1_76' title="bbox 2199 4180 3750 4255">
     <span class='ocr_line' id='line_1_77' title="bbox 2199 4180 3750 4255; baseline -0.004 -16"><span class='ocrx_word' id='word_1_491' title='bbox 2199 4184 2435 4240; x_wconf 89' lang='lat' dir='ltr'><strong>riensem</strong></span> <span class='ocrx_word' id='word_1_492' title='bbox 2462 4184 2799 4255; x_wconf 88' lang='lat' dir='ltr'><strong>episcopum,</strong></span> <span class='ocrx_word' id='word_1_493' title='bbox 2829 4183 2923 4255; x_wconf 86' lang='lat' dir='ltr'><strong>qui</strong></span> <span class='ocrx_word' id='word_1_494' title='bbox 2948 4199 3167 4240; x_wconf 88' lang='lat' dir='ltr'><strong>crucem</strong></span> <span class='ocrx_word' id='word_1_495' title='bbox 3195 4182 3546 4239; x_wconf 81' lang='lat' dir='ltr'><strong>Dominicam</strong></span> <span class='ocrx_word' id='word_1_496' title='bbox 3568 4184 3618 4237; x_wconf 91' lang='lat' dir='ltr'><strong>in</strong></span> <span class='ocrx_word' id='word_1_497' title='bbox 3638 4180 3750 4236; x_wconf 74' lang='lat' dir='ltr'><strong>bello</strong></span> 
     </span>
    </p>
   </div>
   <div class='ocr_carea' id='block_1_77' title="bbox 2198 4274 3752 4347">
    <p class='ocr_par' dir='ltr' id='par_1_77' title="bbox 2198 4274 3752 4347">
     <span class='ocr_line' id='line_1_78' title="bbox 2198 4274 3752 4347; baseline -0.003 -17"><span class='ocrx_word' id='word_1_498' title='bbox 2198 4284 2386 4347; x_wconf 88' lang='lat' dir='ltr'><strong>postea</strong></span> <span class='ocrx_word' id='word_1_499' title='bbox 2415 4283 2605 4330; x_wconf 86' lang='lat' dir='ltr'><strong>contra</strong></span> <span class='ocrx_word' id='word_1_500' title='bbox 2628 4275 2814 4331; x_wconf 86' lang='lat' dir='ltr'><strong>hostes</strong></span> <span class='ocrx_word' id='word_1_501' title='bbox 2836 4276 3040 4347; x_wconf 80' lang='lat' dir='ltr'><strong>Optime</strong></span> <span class='ocrx_word' id='word_1_502' title='bbox 3067 4276 3323 4346; x_wconf 80' lang='lat' dir='ltr'><strong>portavit.</strong></span> <span class='ocrx_word' id='word_1_503' title='bbox 3358 4274 3625 4332; x_wconf 87' lang='lat' dir='ltr'><strong>Comitem</strong></span> <span class='ocrx_word' id='word_1_504' title='bbox 3649 4287 3752 4326; x_wconf 72' lang='lat' dir='ltr'><strong>rem</strong></span> 
     </span>
    </p>
   </div>
   <div class='ocr_carea' id='block_1_78' title="bbox 2200 4363 3751 4440">
    <p class='ocr_par' dir='ltr' id='par_1_78' title="bbox 2200 4363 3751 4440">
     <span class='ocr_line' id='line_1_79' title="bbox 2200 4363 3751 4440; baseline -0.003 -18"><span class='ocrx_word' id='word_1_505' title='bbox 2200 4367 2597 4440; x_wconf 88' lang='lat' dir='ltr'><strong>Tripolitanum</strong></span> <span class='ocrx_word' id='word_1_506' title='bbox 2626 4383 2722 4422; x_wconf 78' lang='lat' dir='ltr'><strong>rex</strong></span> <span class='ocrx_word' id='word_1_507' title='bbox 2752 4366 2883 4423; x_wconf 88' lang='lat' dir='ltr'><strong>illuc</strong></span> <span class='ocrx_word' id='word_1_508' title='bbox 2916 4382 3104 4423; x_wconf 88' lang='lat' dir='ltr'><strong>secum</strong></span> <span class='ocrx_word' id='word_1_509' title='bbox 3134 4368 3311 4433; x_wconf 84' lang='lat' dir='ltr'><strong>duxit,</strong></span> <span class='ocrx_word' id='word_1_510' title='bbox 3354 4366 3676 4437; x_wconf 85' lang='lat' dir='ltr'><strong>fueruntque</strong></span> <span class='ocrx_word' id='word_1_511' title='bbox 3695 4363 3751 4419; x_wconf 80' lang='lat' dir='ltr'><strong>si-</strong></span> 
     </span>
    </p>
   </div>
   <div class='ocr_carea' id='block_1_79' title="bbox 509 4444 3751 4529">
    <p class='ocr_par' dir='ltr' id='par_1_79' title="bbox 509 4444 3751 4529">
     <span class='ocr_line' id='line_1_80' title="bbox 509 4444 3751 4529; baseline 0 -21"><span class='ocrx_word' id='word_1_512' title='bbox 509 4463 769 4524; x_wconf 83' lang='lat' dir='ltr'><strong>gumento</strong></span> <span class='ocrx_word' id='word_1_513' title='bbox 799 4456 1054 4528; x_wconf 90' lang='lat' dir='ltr'><strong>utrinque</strong></span> <span class='ocrx_word' id='word_1_514' title='bbox 1081 4460 1420 4529; x_wconf 88' lang='lat' dir='ltr'><strong>calluissent,</strong></span> <span class='ocrx_word' id='word_1_515' title='bbox 1447 4463 1608 4518; x_wconf 68' lang='lat' dir='ltr'><strong>mulio</strong></span> <span class='ocrx_word' id='word_1_516' title='bbox 1631 4464 1808 4521; x_wconf 75' lang='lat' dir='ltr'><strong>affecti</strong></span> <span class='ocrx_word' id='word_1_517' title='bbox 1834 4464 2093 4523; x_wconf 87' lang='lat' dir='ltr'><strong>Sarrace-</strong></span> <span class='ocrx_word' id='word_1_518' title='bbox 2125 4444 2172 4504; x_wconf 83' lang='grc' dir='ltr'><strong>Ῑ)</strong></span> <span class='ocrx_word' id='word_1_519' title='bbox 2198 4458 2312 4512; x_wconf 70' lang='lat' dir='ltr'><strong>mill</strong></span> <span class='ocrx_word' id='word_1_520' title='bbox 2345 4458 2547 4513; x_wconf 75' lang='lat' dir='ltr'><strong>milites</strong></span> <span class='ocrx_word' id='word_1_521' title='bbox 2581 4457 2801 4514; x_wconf 83' lang='lat' dir='ltr'><strong>ducenti</strong></span> <span class='ocrx_word' id='word_1_522' title='bbox 2849 4449 3266 4529; x_wconf 71' lang='lat' dir='ltr'><strong>Quinquagirfta.</strong></span> <span class='ocrx_word' id='word_1_523' title='bbox 3315 4457 3383 4514; x_wconf 85' lang='lat' dir='ltr'><strong>Et</strong></span> <span class='ocrx_word' id='word_1_524' title='bbox 3437 4475 3564 4516; x_wconf 86' lang='lat' dir='ltr'><strong>eum</strong></span> <span class='ocrx_word' id='word_1_525' title='bbox 3594 4455 3751 4511; x_wconf 81' lang='lat' dir='ltr'><strong>Antio-</strong></span> 
     </span>
    </p>
   </div>
   <div class='ocr_carea' id='block_1_80' title="bbox 511 4546 2095 4619">
    <p class='ocr_par' dir='ltr' id='par_1_80' title="bbox 511 4546 2095 4619">
     <span class='ocr_line' id='line_1_81' title="bbox 511 4546 2095 4619; baseline 0.01 -20"><span class='ocrx_word' id='word_1_526' title='bbox 511 4546 567 4600; x_wconf 93' lang='lat' dir='ltr'><strong>ni</strong></span> <span class='ocrx_word' id='word_1_527' title='bbox 592 4546 795 4602; x_wconf 86' lang='lat' dir='ltr'><strong>bellare</strong></span> <span class='ocrx_word' id='word_1_528' title='bbox 822 4560 1167 4619; x_wconf 82' lang='lat' dir='ltr'><strong>recusarunt,</strong></span> <span class='ocrx_word' id='word_1_529' title='bbox 1206 4561 1260 4607; x_wconf 84' lang='lat' dir='ltr'><strong>et</strong></span> <span class='ocrx_word' id='word_1_530' title='bbox 1291 4553 1618 4611; x_wconf 85' lang='lat' dir='ltr'><strong>Antiocheni</strong></span> <span class='ocrx_word' id='word_1_531' title='bbox 1659 4556 1727 4612; x_wconf 89' lang='lat' dir='ltr'><strong>ad</strong></span> <span class='ocrx_word' id='word_1_532' title='bbox 1749 4573 1850 4612; x_wconf 90' lang='lat' dir='ltr'><strong>sua</strong></span> <span class='ocrx_word' id='word_1_533' title='bbox 1883 4574 2095 4615; x_wconf 86' lang='lat' dir='ltr'><strong>remea—</strong></span> 
     </span>
    </p>
   </div>
   <div class='ocr_carea' id='block_1_81' title="bbox 510 4641 2093 4720">
    <p class='ocr_par' dir='ltr' id='par_1_81' title="bbox 510 4641 2093 4720">
     <span class='ocr_line' id='line_1_82' title="bbox 510 4641 2093 4720; baseline 0.011 -29"><span class='ocrx_word' id='word_1_534' title='bbox 510 4648 729 4707; x_wconf 85' lang='lat' dir='ltr'><strong>vcrunt,</strong></span> <span class='ocrx_word' id='word_1_535' title='bbox 763 4641 1022 4697; x_wconf 79' lang='lat' dir='ltr'><strong>trecentis</strong></span> <span class='ocrx_word' id='word_1_536' title='bbox 1068 4644 1333 4700; x_wconf 89' lang='lat' dir='ltr'><strong>militibus</strong></span> <span class='ocrx_word' id='word_1_537' title='bbox 1363 4646 1430 4701; x_wconf 90' lang='lat' dir='ltr'><strong>de</strong></span> <span class='ocrx_word' id='word_1_538' title='bbox 1482 4646 1600 4703; x_wconf 88' lang='lat' dir='ltr'><strong>suis</strong></span> <span class='ocrx_word' id='word_1_539' title='bbox 1625 4649 1735 4720; x_wconf 88' lang='lat' dir='ltr'><strong>regi</strong></span> <span class='ocrx_word' id='word_1_540' title='bbox 1764 4651 2093 4719; x_wconf 88' lang='lat' dir='ltr'><strong>commissis,</strong></span> 
     </span>
    </p>
   </div>
   <div class='ocr_carea' id='block_1_82' title="bbox 508 4729 2095 4809">
    <p class='ocr_par' dir='ltr' id='par_1_82' title="bbox 508 4729 2095 4809">
     <span class='ocr_line' id='line_1_83' title="bbox 508 4729 2095 4809; baseline 0.01 -28"><span class='ocrx_word' id='word_1_541' title='bbox 508 4729 601 4797; x_wconf 88' lang='lat' dir='ltr'><strong>qui</strong></span> <span class='ocrx_word' id='word_1_542' title='bbox 629 4730 676 4786; x_wconf 90' lang='lat' dir='ltr'><strong>si</strong></span> <span class='ocrx_word' id='word_1_543' title='bbox 705 4746 842 4799; x_wconf 78' lang='lat' dir='ltr'><strong>opus</strong></span> <span class='ocrx_word' id='word_1_544' title='bbox 883 4741 1029 4788; x_wconf 85' lang='lat' dir='ltr'><strong>esset</strong></span> <span class='ocrx_word' id='word_1_545' title='bbox 1054 4748 1235 4803; x_wconf 82' lang='lat' dir='ltr'><strong>regem</strong></span> <span class='ocrx_word' id='word_1_546' title='bbox 1287 4734 1356 4789; x_wconf 85' lang='lat' dir='ltr'><strong>ad</strong></span> <span class='ocrx_word' id='word_1_547' title='bbox 1402 4750 1641 4806; x_wconf 80' lang='lat' dir='ltr'><strong>pugnam</strong></span> <span class='ocrx_word' id='word_1_548' title='bbox 1676 4738 2016 4809; x_wconf 86' lang='lat' dir='ltr'><strong>roborarent,</strong></span> <span class='ocrx_word' id='word_1_549' title='bbox 2048 4742 2095 4796; x_wconf 90' lang='lat' dir='ltr'><strong>si</strong></span> 
     </span>
    </p>
   </div>
   <div class='ocr_carea' id='block_1_83' title="bbox 507 4819 1543 4897">
    <p class='ocr_par' dir='ltr' id='par_1_83' title="bbox 507 4819 1543 4897">
     <span class='ocr_line' id='line_1_84' title="bbox 507 4819 1543 4897; baseline 0.009 -23"><span class='ocrx_word' id='word_1_550' title='bbox 507 4819 720 4893; x_wconf 83' lang='lat' dir='ltr'><strong>Egyptii</strong></span> <span class='ocrx_word' id='word_1_551' title='bbox 747 4823 898 4879; x_wconf 86' lang='lat' dir='ltr'><strong>litem</strong></span> <span class='ocrx_word' id='word_1_552' title='bbox 919 4824 1118 4881; x_wconf 85' lang='lat' dir='ltr'><strong>iterare</strong></span> <span class='ocrx_word' id='word_1_553' title='bbox 1146 4834 1543 4897; x_wconf 80' lang='lat' dir='ltr'><strong>pertentarem.</strong></span> 
     </span>
    </p>
   </div>
   <div class='ocr_carea' id='block_1_84' title="bbox 1121 4916 1478 4974">
    <p class='ocr_par' dir='ltr' id='par_1_84' title="bbox 1121 4916 1478 4974">
     <span class='ocr_line' id='line_1_85' title="bbox 1121 4916 1478 4974; baseline 0.003 -2"><span class='ocrx_word' id='word_1_554' title='bbox 1121 4916 1352 4972; x_wconf 80' lang='lat' dir='ltr'><strong>CAPUT</strong></span> <span class='ocrx_word' id='word_1_555' title='bbox 1390 4917 1478 4974; x_wconf 86' lang='lat' dir='ltr'><strong>Ill.</strong></span> 
     </span>
    </p>
   </div>
   <div class='ocr_carea' id='block_1_85' title="bbox 503 5003 2092 5094">
    <p class='ocr_par' dir='ltr' id='par_1_85' title="bbox 503 5003 2092 5094">
     <span class='ocr_line' id='line_1_86' title="bbox 503 5003 2092 5094; baseline 0.009 -36"><span class='ocrx_word' id='word_1_556' title='bbox 503 5003 583 5059; x_wconf 81' lang='lat' dir='ltr'><strong>De</strong></span> <span class='ocrx_word' id='word_1_557' title='bbox 621 5005 807 5074; x_wconf 66' lang='lat' dir='ltr'><strong>praelia</strong></span> <span class='ocrx_word' id='word_1_558' title='bbox 847 5015 901 5061; x_wconf 75' lang='lat' dir='ltr'><strong>ct</strong></span> <span class='ocrx_word' id='word_1_559' title='bbox 946 5008 1207 5063; x_wconf 77' lang='lat' dir='ltr'><strong>occisione</strong></span> <span class='ocrx_word' id='word_1_560' title='bbox 1235 5009 1680 5094; x_wconf 69' lang='lat' dir='ltr'><strong>Amice/cenarum</strong></span> <span class='ocrx_word' id='word_1_561' title='bbox 1728 5032 1848 5071; x_wconf 85' lang='lat' dir='ltr'><strong>cum</strong></span> <span class='ocrx_word' id='word_1_562' title='bbox 1906 5015 2092 5073; x_wconf 76' lang='lat' dir='ltr'><strong>Turcis</strong></span> 
     </span>
    </p>
   </div>
   <div class='ocr_carea' id='block_1_86' title="bbox 1106 5092 1475 5152">
    <p class='ocr_par' dir='ltr' id='par_1_86' title="bbox 1106 5092 1475 5152">
     <span class='ocr_line' id='line_1_87' title="bbox 1106 5092 1475 5152; baseline 0.014 -21"><span class='ocrx_word' id='word_1_563' title='bbox 1106 5092 1475 5152; x_wconf 78' lang='lat' dir='ltr'><strong>pugnantium.</strong></span> 
     </span>
    </p>
   </div>
   <div class='ocr_carea' id='block_1_87' title="bbox 572 5163 2091 5251">
    <p class='ocr_par' dir='ltr' id='par_1_87' title="bbox 572 5163 2091 5251">
     <span class='ocr_line' id='line_1_88' title="bbox 572 5163 2091 5251; baseline 0.013 -34"><span class='ocrx_word' id='word_1_564' title='bbox 572 5163 733 5220; x_wconf 85' lang='lat' dir='ltr'><strong>Anno</strong></span> <span class='ocrx_word' id='word_1_565' title='bbox 758 5167 812 5221; x_wconf 84' lang='lat' dir='ltr'><strong>il</strong></span> <span class='ocrx_word' id='word_1_566' title='bbox 830 5167 893 5223; x_wconf 79' lang='grc'><strong>19</strong></span> <span class='ocrx_word' id='word_1_567' title='bbox 914 5169 983 5224; x_wconf 89' lang='lat' dir='ltr'><strong>ab</strong></span> <span class='ocrx_word' id='word_1_568' title='bbox 1007 5167 1389 5229; x_wconf 87' lang='lat' dir='ltr'><strong>Incarnatione</strong></span> <span class='ocrx_word' id='word_1_569' title='bbox 1414 5173 1653 5243; x_wconf 88' lang='lat' dir='ltr'><strong>Domini,</strong></span> <span class='ocrx_word' id='word_1_570' title='bbox 1678 5176 1929 5235; x_wconf 83' lang='lat' dir='ltr'><strong>Gelasius</strong></span> <span class='ocrx_word' id='word_1_571' title='bbox 1951 5195 2091 5251; x_wconf 89' lang='lat' dir='ltr'><strong>papa</strong></span> 
     </span>
    </p>
   </div>
   <div class='ocr_carea' id='block_1_88' title="bbox 501 5258 2092 5341">
    <p class='ocr_par' dir='ltr' id='par_1_88' title="bbox 501 5258 2092 5341">
     <span class='ocr_line' id='line_1_89' title="bbox 501 5258 2092 5341; baseline 0.011 -28"><span class='ocrx_word' id='word_1_572' title='bbox 501 5271 791 5313; x_wconf 85' lang='lat' dir='ltr'><strong>successor</strong></span> <span class='ocrx_word' id='word_1_573' title='bbox 832 5258 1114 5319; x_wconf 81' lang='lat' dir='ltr'><strong>Paschalis</strong></span> <span class='ocrx_word' id='word_1_574' title='bbox 1156 5265 1295 5321; x_wconf 88' lang='lat' dir='ltr'><strong>obiit</strong></span> <span class='ocrx_word' id='word_1_575' title='bbox 1354 5284 1408 5323; x_wconf 85' lang='lat' dir='ltr'><strong>Iv</strong></span> <span class='ocrx_word' id='word_1_576' title='bbox 1437 5268 1665 5326; x_wconf 81' lang='lat' dir='ltr'><strong>Kalend.</strong></span> <span class='ocrx_word' id='word_1_577' title='bbox 1696 5270 2008 5341; x_wconf 88' lang='lat' dir='ltr'><strong>Februarii,</strong></span> <span class='ocrx_word' id='word_1_578' title='bbox 2037 5284 2092 5330; x_wconf 88' lang='lat' dir='ltr'><strong>et</strong></span> 
     </span>
    </p>
   </div>
   <div class='ocr_carea' id='block_1_89' title="bbox 502 5347 2092 5432">
    <p class='ocr_par' dir='ltr' id='par_1_89' title="bbox 502 5347 2092 5432">
     <span class='ocr_line' id='line_1_90' title="bbox 502 5347 2092 5432; baseline 0.011 -29"><span class='ocrx_word' id='word_1_579' title='bbox 502 5347 750 5416; x_wconf 90' lang='lat' dir='ltr'><strong>sepultus</strong></span> <span class='ocrx_word' id='word_1_580' title='bbox 772 5361 856 5407; x_wconf 88' lang='lat' dir='ltr'><strong>est</strong></span> <span class='ocrx_word' id='word_1_581' title='bbox 878 5352 930 5406; x_wconf 93' lang='lat' dir='ltr'><strong>in</strong></span> <span class='ocrx_word' id='word_1_582' title='bbox 960 5351 1241 5412; x_wconf 86' lang='lat' dir='ltr'><strong>Cluuiaco.</strong></span> <span class='ocrx_word' id='word_1_583' title='bbox 1276 5356 1409 5414; x_wconf 84' lang='lat' dir='ltr'><strong>Post</strong></span> <span class='ocrx_word' id='word_1_584' title='bbox 1444 5376 1607 5432; x_wconf 90' lang='lat' dir='ltr'><strong>quem</strong></span> <span class='ocrx_word' id='word_1_585' title='bbox 1649 5363 1979 5420; x_wconf 76' lang='lat' dir='ltr'><strong>substitutus</strong></span> <span class='ocrx_word' id='word_1_586' title='bbox 2007 5374 2092 5421; x_wconf 89' lang='lat' dir='ltr'><strong>est</strong></span> 
     </span>
    </p>
   </div>
   <div class='ocr_carea' id='block_1_90' title="bbox 498 5437 2089 5525">
    <p class='ocr_par' dir='ltr' id='par_1_90' title="bbox 498 5437 2089 5525">
     <span class='ocr_line' id='line_1_91' title="bbox 498 5437 2089 5525; baseline 0.011 -32"><span class='ocrx_word' id='word_1_587' title='bbox 498 5437 771 5509; x_wconf 85' lang='lat' dir='ltr'><strong>Calixtus,</strong></span> <span class='ocrx_word' id='word_1_588' title='bbox 823 5442 917 5512; x_wconf 88' lang='lat' dir='ltr'><strong>qui</strong></span> <span class='ocrx_word' id='word_1_589' title='bbox 946 5442 1185 5504; x_wconf 68' lang='lat' dir='ltr'><strong>.Viennae</strong></span> <span class='ocrx_word' id='word_1_590' title='bbox 1218 5450 1373 5505; x_wconf 90' lang='lat' dir='ltr'><strong>urbis</strong></span> <span class='ocrx_word' id='word_1_591' title='bbox 1400 5452 1847 5525; x_wconf 85' lang='lat' dir='ltr'><strong>archiepiscopus</strong></span> <span class='ocrx_word' id='word_1_592' title='bbox 1889 5456 2089 5511; x_wconf 83' lang='lat' dir='ltr'><strong>extite-</strong></span> 
     </span>
    </p>
   </div>
   <div class='ocr_carea' id='block_1_91' title="bbox 444 5526 2087 5612">
    <p class='ocr_par' dir='ltr' id='par_1_91' title="bbox 444 5526 2087 5612">
     <span class='ocr_line' id='line_1_92' title="bbox 444 5526 2087 5612; baseline 0.015 -34"><span class='ocrx_word' id='word_1_593' title='bbox 444 5574 451 5604; x_wconf 27' lang='lat'>;</span> <span class='ocrx_word' id='word_1_594' title='bbox 500 5535 610 5582; x_wconf 85' lang='lat' dir='ltr'><strong>rat.</strong></span> <span class='ocrx_word' id='word_1_595' title='bbox 656 5526 1025 5591; x_wconf 82' lang='lat' dir='ltr'><strong>Prolixitatem</strong></span> <span class='ocrx_word' id='word_1_596' title='bbox 1074 5537 1321 5598; x_wconf 68' lang='lat' dir='ltr'><strong>historia:</strong></span> <span class='ocrx_word' id='word_1_597' title='bbox 1358 5541 1745 5612; x_wconf 86' lang='lat' dir='ltr'><strong>fastidiemus,</strong></span> <span class='ocrx_word' id='word_1_598' title='bbox 1795 5545 1842 5601; x_wconf 91' lang='lat' dir='ltr'><strong>si</strong></span> <span class='ocrx_word' id='word_1_599' title='bbox 1887 5555 2087 5603; x_wconf 87' lang='lat' dir='ltr'><strong>cuncta</strong></span> 
     </span>
    </p>
   </div>
   <div class='ocr_carea' id='block_1_92' title="bbox 490 5626 2081 5715">
    <p class='ocr_par' dir='ltr' id='par_1_92' title="bbox 490 5626 2081 5715">
     <span class='ocr_line' id='line_1_93' title="bbox 490 5626 2081 5715; baseline 0.013 -42"><span class='ocrx_word' id='word_1_600' title='bbox 490 5632 764 5715; x_wconf 76' lang='lat' dir='ltr'><strong>enarrare</strong></span> <span class='ocrx_word' id='word_1_601' title='bbox 806 5626 1070 5715; x_wconf 81' lang='lat' dir='ltr'><strong>velimus,</strong></span> <span class='ocrx_word' id='word_1_602' title='bbox 1111 5647 1234 5702; x_wconf 68' lang='lat' dir='ltr'><strong>quae</strong></span> <span class='ocrx_word' id='word_1_603' title='bbox 1279 5634 1583 5700; x_wconf 79' lang='lat' dir='ltr'><strong>hoc.anno</strong></span> <span class='ocrx_word' id='word_1_604' title='bbox 1636 5636 1692 5691; x_wconf 88' lang='lat' dir='ltr'><strong>in</strong></span> <span class='ocrx_word' id='word_1_605' title='bbox 1734 5637 2081 5694; x_wconf 82' lang='lat' dir='ltr'><strong>Antiochcna</strong></span> 
     </span>
    </p>
   </div>
   <div class='ocr_carea' id='block_1_93' title="bbox 503 5709 2080 5800">
    <p class='ocr_par' dir='ltr' id='par_1_93' title="bbox 503 5709 2080 5800">
     <span class='ocr_line' id='line_1_94' title="bbox 503 5709 2080 5800; baseline 0.012 -34"><span class='ocrx_word' id='word_1_606' title='bbox 503 5709 728 5781; x_wconf 80' lang='lat' dir='ltr'><strong>regione</strong></span> <span class='ocrx_word' id='word_1_607' title='bbox 760 5709 1140 5779; x_wconf 82' lang='lat' dir='ltr'><strong>miserabiliter</strong></span> <span class='ocrx_word' id='word_1_608' title='bbox 1174 5737 1492 5782; x_wconf 85' lang='lat' dir='ltr'><strong>evenerunt.</strong></span> <span class='ocrx_word' id='word_1_609' title='bbox 1522 5726 1811 5794; x_wconf 86' lang='lat' dir='ltr'><strong>Quomodo</strong></span> <span class='ocrx_word' id='word_1_610' title='bbox 1832 5726 2080 5800; x_wconf 80' lang='lat' dir='ltr'><strong>Rogerus</strong></span> 
     </span>
    </p>
   </div>
   <div class='ocr_carea' id='block_1_94' title="bbox 2103 5830 2163 5842">
    <p class='ocr_par' dir='ltr' id='par_1_94' title="bbox 2103 5830 2163 5842">
     <span class='ocr_line' id='line_1_95' title="bbox 2103 5830 2163 5842; baseline 0 0"><span class='ocrx_word' id='word_1_611' title='bbox 2103 5830 2163 5842; x_wconf 64' lang='grc' dir='ltr'><strong>’ν</strong></span> 
     </span>
    </p>
   </div>
   <div class='ocr_carea' id='block_1_95' title="bbox 2195 4548 3752 4622">
    <p class='ocr_par' dir='ltr' id='par_1_95' title="bbox 2195 4548 3752 4622">
     <span class='ocr_line' id='line_1_96' title="bbox 2195 4548 3752 4622; baseline -0.001 -19"><span class='ocrx_word' id='word_1_612' title='bbox 2195 4548 2375 4603; x_wconf 89' lang='lat' dir='ltr'><strong>cbiam</strong></span> <span class='ocrx_word' id='word_1_613' title='bbox 2402 4549 2798 4619; x_wconf 90' lang='lat' dir='ltr'><strong>pervenissent,</strong></span> <span class='ocrx_word' id='word_1_614' title='bbox 2825 4550 2976 4605; x_wconf 91' lang='lat' dir='ltr'><strong>misit</strong></span> <span class='ocrx_word' id='word_1_615' title='bbox 3000 4565 3094 4605; x_wconf 85' lang='lat' dir='ltr'><strong>rex</strong></span> <span class='ocrx_word' id='word_1_616' title='bbox 3122 4551 3190 4605; x_wconf 84' lang='lat' dir='ltr'><strong>ad</strong></span> <span class='ocrx_word' id='word_1_617' title='bbox 3221 4549 3535 4608; x_wconf 85' lang='lat' dir='ltr'><strong>Edessenos</strong></span> <span class='ocrx_word' id='word_1_618' title='bbox 3564 4550 3752 4622; x_wconf 73' lang='lat' dir='ltr'><strong>legatio-</strong></span> 
     </span>
    </p>
   </div>
   <div class='ocr_carea' id='block_1_96' title="bbox 2194 4637 3751 4713">
    <p class='ocr_par' dir='ltr' id='par_1_96' title="bbox 2194 4637 3751 4713">
     <span class='ocr_line' id='line_1_97' title="bbox 2194 4637 3751 4713; baseline -0.001 -22"><span class='ocrx_word' id='word_1_619' title='bbox 2194 4653 2341 4703; x_wconf 90' lang='lat' dir='ltr'><strong>nem,</strong></span> <span class='ocrx_word' id='word_1_620' title='bbox 2389 4637 2711 4708; x_wconf 81' lang='lat' dir='ltr'><strong>praecipiens</strong></span> <span class='ocrx_word' id='word_1_621' title='bbox 2755 4638 2857 4705; x_wconf 90' lang='lat' dir='ltr'><strong>eis,</strong></span> <span class='ocrx_word' id='word_1_622' title='bbox 2904 4648 2964 4694; x_wconf 92' lang='lat' dir='ltr'><strong>ut</strong></span> <span class='ocrx_word' id='word_1_623' title='bbox 3005 4640 3073 4694; x_wconf 87' lang='lat' dir='ltr'><strong>ad</strong></span> <span class='ocrx_word' id='word_1_624' title='bbox 3119 4640 3346 4707; x_wconf 90' lang='lat' dir='ltr'><strong>bellum,</strong></span> <span class='ocrx_word' id='word_1_625' title='bbox 3396 4642 3553 4713; x_wconf 87' lang='lat' dir='ltr'><strong>quod</strong></span> <span class='ocrx_word' id='word_1_626' title='bbox 3595 4649 3751 4697; x_wconf 71' lang='lat' dir='ltr'><strong>contra</strong></span> 
     </span>
    </p>
   </div>
   <div class='ocr_carea' id='block_1_97' title="bbox 2194 4728 3751 4801">
    <p class='ocr_par' dir='ltr' id='par_1_97' title="bbox 2194 4728 3751 4801">
     <span class='ocr_line' id='line_1_98' title="bbox 2194 4728 3751 4801; baseline 0.002 -18"><span class='ocrx_word' id='word_1_627' title='bbox 2194 4729 2405 4785; x_wconf 87' lang='lat' dir='ltr'><strong>Turcos</strong></span> <span class='ocrx_word' id='word_1_628' title='bbox 2454 4728 2633 4784; x_wconf 87' lang='lat' dir='ltr'><strong>facere</strong></span> <span class='ocrx_word' id='word_1_629' title='bbox 2675 4731 3014 4801; x_wconf 80' lang='lat' dir='ltr'><strong>satagebant,</strong></span> <span class='ocrx_word' id='word_1_630' title='bbox 3059 4731 3169 4787; x_wconf 90' lang='lat' dir='ltr'><strong>cito</strong></span> <span class='ocrx_word' id='word_1_631' title='bbox 3211 4732 3410 4789; x_wconf 90' lang='lat' dir='ltr'><strong>itinere</strong></span> <span class='ocrx_word' id='word_1_632' title='bbox 3442 4733 3751 4791; x_wconf 80' lang='lat' dir='ltr'><strong>festinarent.</strong></span> 
     </span>
    </p>
   </div>
   <div class='ocr_carea' id='block_1_98' title="bbox 2193 4820 3757 4898">
    <p class='ocr_par' dir='ltr' id='par_1_98' title="bbox 2193 4820 3757 4898">
     <span class='ocr_line' id='line_1_99' title="bbox 2193 4820 3757 4898; baseline -0.001 -23"><span class='ocrx_word' id='word_1_633' title='bbox 2193 4820 2404 4887; x_wconf 89' lang='lat' dir='ltr'><strong>Quibus</strong></span> <span class='ocrx_word' id='word_1_634' title='bbox 2426 4835 2551 4877; x_wconf 89' lang='lat' dir='ltr'><strong>cum</strong></span> <span class='ocrx_word' id='word_1_635' title='bbox 2579 4836 2705 4893; x_wconf 88' lang='lat' dir='ltr'><strong>rege</strong></span> <span class='ocrx_word' id='word_1_636' title='bbox 2727 4832 2781 4877; x_wconf 86' lang='lat' dir='ltr'><strong>et</strong></span> <span class='ocrx_word' id='word_1_637' title='bbox 2810 4822 3190 4891; x_wconf 85' lang='lat' dir='ltr'><strong>Antiochenis,</strong></span> <span class='ocrx_word' id='word_1_638' title='bbox 3232 4825 3326 4895; x_wconf 90' lang='lat' dir='ltr'><strong>qui</strong></span> <span class='ocrx_word' id='word_1_639' title='bbox 3350 4825 3420 4881; x_wconf 89' lang='lat' dir='ltr'><strong>de</strong></span> <span class='ocrx_word' id='word_1_640' title='bbox 3444 4828 3624 4898; x_wconf 88' lang='lat' dir='ltr'><strong>primo</strong></span> <span class='ocrx_word' id='word_1_641' title='bbox 3640 4824 3757 4878; x_wconf 86' lang='lat' dir='ltr'><strong>bello</strong></span> 
     </span>
    </p>
   </div>
   <div class='ocr_carea' id='block_1_99' title="bbox 2193 4909 3755 4984">
    <p class='ocr_par' dir='ltr' id='par_1_99' title="bbox 2193 4909 3755 4984">
     <span class='ocr_line' id='line_1_100' title="bbox 2193 4909 3755 4984; baseline 0.001 -19"><span class='ocrx_word' id='word_1_642' title='bbox 2193 4909 2465 4982; x_wconf 80' lang='lat' dir='ltr'><strong>fugerant,</strong></span> <span class='ocrx_word' id='word_1_643' title='bbox 2493 4910 2579 4966; x_wconf 83' lang='lat' dir='ltr'><strong>vel</strong></span> <span class='ocrx_word' id='word_1_644' title='bbox 2620 4920 2853 4967; x_wconf 87' lang='lat' dir='ltr'><strong>mortem</strong></span> <span class='ocrx_word' id='word_1_645' title='bbox 2896 4912 3083 4984; x_wconf 89' lang='lat' dir='ltr'><strong>aliquo</strong></span> <span class='ocrx_word' id='word_1_646' title='bbox 3127 4925 3326 4970; x_wconf 79' lang='lat' dir='ltr'><strong>eventu</strong></span> <span class='ocrx_word' id='word_1_647' title='bbox 3357 4927 3662 4981; x_wconf 81' lang='lat' dir='ltr'><strong>evaserant,</strong></span> <span class='ocrx_word' id='word_1_648' title='bbox 3682 4930 3755 4983; x_wconf 78' lang='lat' dir='ltr'><strong>ag-</strong></span> 
     </span>
    </p>
   </div>
   <div class='ocr_carea' id='block_1_100' title="bbox 2194 5003 3755 5081">
    <p class='ocr_par' dir='ltr' id='par_1_100' title="bbox 2194 5003 3755 5081">
     <span class='ocr_line' id='line_1_101' title="bbox 2194 5003 3755 5081; baseline 0.003 -25"><span class='ocrx_word' id='word_1_649' title='bbox 2194 5003 2452 5074; x_wconf 77' lang='lat' dir='ltr'><strong>gregalis,</strong></span> <span class='ocrx_word' id='word_1_650' title='bbox 2485 5003 2843 5059; x_wconf 88' lang='lat' dir='ltr'><strong>commissum</strong></span> <span class='ocrx_word' id='word_1_651' title='bbox 2891 5012 2977 5061; x_wconf 91' lang='lat' dir='ltr'><strong>est</strong></span> <span class='ocrx_word' id='word_1_652' title='bbox 3015 5007 3260 5076; x_wconf 62' lang='lat' dir='ltr'><strong>praelium</strong></span> <span class='ocrx_word' id='word_1_653' title='bbox 3307 5024 3482 5080; x_wconf 88' lang='lat' dir='ltr'><strong>prope</strong></span> <span class='ocrx_word' id='word_1_654' title='bbox 3505 5010 3755 5081; x_wconf 86' lang='lat' dir='ltr'><strong>oppidum,</strong></span> 
     </span>
    </p>
   </div>
   <div class='ocr_carea' id='block_1_101' title="bbox 2193 5092 3756 5165">
    <p class='ocr_par' dir='ltr' id='par_1_101' title="bbox 2193 5092 3756 5165">
     <span class='ocr_line' id='line_1_102' title="bbox 2193 5092 3756 5165; baseline 0.005 -19"><span class='ocrx_word' id='word_1_655' title='bbox 2193 5093 2340 5164; x_wconf 89' lang='lat' dir='ltr'><strong>quod</strong></span> <span class='ocrx_word' id='word_1_656' title='bbox 2384 5092 2711 5149; x_wconf 87' lang='lat' dir='ltr'><strong>Sardanium</strong></span> <span class='ocrx_word' id='word_1_657' title='bbox 2760 5106 2980 5165; x_wconf 88' lang='lat' dir='ltr'><strong>vocant,</strong></span> <span class='ocrx_word' id='word_1_658' title='bbox 3022 5098 3091 5154; x_wconf 89' lang='lat' dir='ltr'><strong>ab</strong></span> <span class='ocrx_word' id='word_1_659' title='bbox 3111 5098 3406 5157; x_wconf 76' lang='lat' dir='ltr'><strong>Antiochia</strong></span> <span class='ocrx_word' id='word_1_660' title='bbox 3445 5103 3520 5159; x_wconf 70' lang='grc'><strong>24</strong></span> <span class='ocrx_word' id='word_1_661' title='bbox 3546 5103 3756 5158; x_wconf 81' lang='lat' dir='ltr'><strong>millibus</strong></span> 
     </span>
    </p>
   </div>
   <div class='ocr_carea' id='block_1_102' title="bbox 2192 5182 3757 5265">
    <p class='ocr_par' dir='ltr' id='par_1_102' title="bbox 2192 5182 3757 5265">
     <span class='ocr_line' id='line_1_103' title="bbox 2192 5182 3757 5265; baseline 0.004 -27"><span class='ocrx_word' id='word_1_662' title='bbox 2192 5182 2423 5238; x_wconf 84' lang='lat' dir='ltr'><strong>distans.</strong></span> <span class='ocrx_word' id='word_1_663' title='bbox 2460 5182 2813 5256; x_wconf 84' lang='lat' dir='ltr'><strong>Fueruntque</strong></span> <span class='ocrx_word' id='word_1_664' title='bbox 2843 5187 3044 5244; x_wconf 89' lang='lat' dir='ltr'><strong>milites</strong></span> <span class='ocrx_word' id='word_1_665' title='bbox 3065 5190 3239 5244; x_wconf 89' lang='lat' dir='ltr'><strong>nostri</strong></span> <span class='ocrx_word' id='word_1_666' title='bbox 3263 5192 3623 5265; x_wconf 76' lang='lat' dir='ltr'><strong>septingenti,</strong></span> <span class='ocrx_word' id='word_1_667' title='bbox 3644 5191 3757 5246; x_wconf 73' lang='grc' dir='ltr'><strong>Τυτο</strong></span> 
     </span>
    </p>
   </div>
   <div class='ocr_carea' id='block_1_103' title="bbox 2192 5274 3756 5355">
    <p class='ocr_par' dir='ltr' id='par_1_103' title="bbox 2192 5274 3756 5355">
     <span class='ocr_line' id='line_1_104' title="bbox 2192 5274 3756 5355; baseline 0.003 -25"><span class='ocrx_word' id='word_1_668' title='bbox 2192 5274 2241 5330; x_wconf 92' lang='lat' dir='ltr'><strong>ci</strong></span> <span class='ocrx_word' id='word_1_669' title='bbox 2270 5290 2398 5330; x_wconf 89' lang='lat' dir='ltr'><strong>vero</strong></span> <span class='ocrx_word' id='word_1_670' title='bbox 2425 5274 2496 5329; x_wconf 76' lang='lat'><strong>20</strong></span> <span class='ocrx_word' id='word_1_671' title='bbox 2522 5277 2712 5332; x_wconf 90' lang='lat' dir='ltr'><strong>millia.</strong></span> <span class='ocrx_word' id='word_1_672' title='bbox 2741 5277 2872 5334; x_wconf 82' lang='lat' dir='ltr'><strong>Gazi</strong></span> <span class='ocrx_word' id='word_1_673' title='bbox 2893 5280 3195 5337; x_wconf 85' lang='lat' dir='ltr'><strong>vocabatur</strong></span> <span class='ocrx_word' id='word_1_674' title='bbox 3219 5283 3403 5355; x_wconf 81' lang='lat' dir='ltr'><strong>major</strong></span> <span class='ocrx_word' id='word_1_675' title='bbox 3429 5301 3639 5341; x_wconf 84' lang='lat' dir='ltr'><strong>eorum.</strong></span> <span class='ocrx_word' id='word_1_676' title='bbox 3662 5282 3756 5336; x_wconf 82' lang='lat' dir='ltr'><strong>Non</strong></span> 
     </span>
    </p>
   </div>
   <div class='ocr_carea' id='block_1_104' title="bbox 2190 5366 3758 5443">
    <p class='ocr_par' dir='ltr' id='par_1_104' title="bbox 2190 5366 3758 5443">
     <span class='ocr_line' id='line_1_105' title="bbox 2190 5366 3758 5443; baseline 0.004 -23"><span class='ocrx_word' id='word_1_677' title='bbox 2190 5375 2324 5436; x_wconf 87' lang='lat' dir='ltr'><strong>puto</strong></span> <span class='ocrx_word' id='word_1_678' title='bbox 2352 5366 2622 5422; x_wconf 86' lang='lat' dir='ltr'><strong>silendum</strong></span> <span class='ocrx_word' id='word_1_679' title='bbox 2641 5369 2788 5439; x_wconf 90' lang='lat' dir='ltr'><strong>quod</strong></span> <span class='ocrx_word' id='word_1_680' title='bbox 2811 5368 3023 5427; x_wconf 89' lang='lat' dir='ltr'><strong>Turcus</strong></span> <span class='ocrx_word' id='word_1_681' title='bbox 3045 5373 3271 5443; x_wconf 84' lang='lat' dir='ltr'><strong>quidam</strong></span> <span class='ocrx_word' id='word_1_682' title='bbox 3290 5375 3596 5433; x_wconf 69' lang='lat' dir='ltr'><strong>advertens</strong></span> <span class='ocrx_word' id='word_1_683' title='bbox 3615 5392 3758 5431; x_wconf 84' lang='lat' dir='ltr'><strong>unum</strong></span> 
     </span>
    </p>
   </div>
   <div class='ocr_carea' id='block_1_105' title="bbox 2190 5457 3746 5536">
    <p class='ocr_par' dir='ltr' id='par_1_105' title="bbox 2190 5457 3746 5536">
     <span class='ocr_line' id='line_1_106' title="bbox 2190 5457 3746 5536; baseline 0.006 -25"><span class='ocrx_word' id='word_1_684' title='bbox 2190 5457 2258 5512; x_wconf 87' lang='lat' dir='ltr'><strong>de</strong></span> <span class='ocrx_word' id='word_1_685' title='bbox 2279 5457 2540 5514; x_wconf 88' lang='lat' dir='ltr'><strong>militibus</strong></span> <span class='ocrx_word' id='word_1_686' title='bbox 2565 5462 2772 5517; x_wconf 90' lang='lat' dir='ltr'><strong>nostris</strong></span> <span class='ocrx_word' id='word_1_687' title='bbox 2795 5462 3037 5535; x_wconf 81' lang='lat' dir='ltr'><strong>linguam</strong></span> <span class='ocrx_word' id='word_1_688' title='bbox 3068 5482 3299 5524; x_wconf 89' lang='lat' dir='ltr'><strong>noscere</strong></span> <span class='ocrx_word' id='word_1_689' title='bbox 3321 5467 3625 5536; x_wconf 84' lang='lat' dir='ltr'><strong>Persicam,</strong></span> <span class='ocrx_word' id='word_1_690' title='bbox 3650 5469 3746 5523; x_wconf 78' lang='lat' dir='ltr'><strong>alio</strong></span> 
     </span>
    </p>
   </div>
   <div class='ocr_carea' id='block_1_106' title="bbox 2190 5553 3761 5627">
    <p class='ocr_par' dir='ltr' id='par_1_106' title="bbox 2190 5553 3761 5627">
     <span class='ocr_line' id='line_1_107' title="bbox 2190 5553 3761 5627; baseline 0.007 -24"><span class='ocrx_word' id='word_1_691' title='bbox 2190 5556 2351 5604; x_wconf 91' lang='lat' dir='ltr'><strong>cutus</strong></span> <span class='ocrx_word' id='word_1_692' title='bbox 2383 5557 2469 5605; x_wconf 89' lang='lat' dir='ltr'><strong>est</strong></span> <span class='ocrx_word' id='word_1_693' title='bbox 2515 5556 2666 5618; x_wconf 85' lang='lat' dir='ltr'><strong>eum,</strong></span> <span class='ocrx_word' id='word_1_694' title='bbox 2717 5553 2942 5610; x_wconf 87' lang='lat' dir='ltr'><strong>(licens:</strong></span> <span class='ocrx_word' id='word_1_695' title='bbox 2982 5574 3002 5607; x_wconf 71' lang='grc' dir='ltr'><strong>ε</strong></span> <span class='ocrx_word' id='word_1_696' title='bbox 3046 5554 3167 5612; x_wconf 86' lang='lat' dir='ltr'><strong>Tibi</strong></span> <span class='ocrx_word' id='word_1_697' title='bbox 3220 5559 3372 5627; x_wconf 87' lang='lat' dir='ltr'><strong>dico,</strong></span> <span class='ocrx_word' id='word_1_698' title='bbox 3432 5560 3662 5626; x_wconf 77' lang='lat' dir='ltr'><strong>France,</strong></span> <span class='ocrx_word' id='word_1_699' title='bbox 3681 5574 3761 5614; x_wconf 84' lang='lat' dir='ltr'><strong>cur</strong></span> 
     </span>
    </p>
   </div>
   <div class='ocr_carea' id='block_1_107' title="bbox 2190 5639 3761 5710">
    <p class='ocr_par' dir='ltr' id='par_1_107' title="bbox 2190 5639 3761 5710">
     <span class='ocr_line' id='line_1_108' title="bbox 2190 5639 3761 5710; baseline 0.007 -15"><span class='ocrx_word' id='word_1_700' title='bbox 2190 5655 2294 5695; x_wconf 91' lang='lat' dir='ltr'><strong>nos</strong></span> <span class='ocrx_word' id='word_1_701' title='bbox 2320 5639 2635 5710; x_wconf 84' lang='lat' dir='ltr'><strong>despicitis?</strong></span> <span class='ocrx_word' id='word_1_702' title='bbox 2662 5658 2761 5697; x_wconf 87' lang='lat' dir='ltr'><strong>cur</strong></span> <span class='ocrx_word' id='word_1_703' title='bbox 2791 5646 2845 5699; x_wconf 91' lang='lat' dir='ltr'><strong>in</strong></span> <span class='ocrx_word' id='word_1_704' title='bbox 2871 5662 3072 5702; x_wconf 82' lang='lat' dir='ltr'><strong>vanum</strong></span> <span class='ocrx_word' id='word_1_705' title='bbox 3100 5649 3367 5706; x_wconf 87' lang='lat' dir='ltr'><strong>laboratis</strong></span> <span class='ocrx_word' id='word_1_706' title='bbox 3387 5653 3414 5706; x_wconf 70' lang='grc' dir='ltr'><strong>’ἒ</strong></span> <span class='ocrx_word' id='word_1_707' title='bbox 3447 5652 3650 5709; x_wconf 83' lang='lat' dir='ltr'><strong>Contra</strong></span> <span class='ocrx_word' id='word_1_708' title='bbox 3678 5664 3761 5705; x_wconf 72' lang='lat' dir='ltr'><strong>nos</strong></span> 
     </span>
    </p>
   </div>
   <div class='ocr_carea' id='block_1_108' title="bbox 2190 5731 3761 5812">
    <p class='ocr_par' dir='ltr' id='par_1_108' title="bbox 2190 5731 3761 5812">
     <span class='ocr_line' id='line_1_109' title="bbox 2190 5731 3761 5812; baseline 0.01 -29"><span class='ocrx_word' id='word_1_709' title='bbox 2190 5731 2441 5801; x_wconf 84' lang='lat' dir='ltr'><strong>equidem</strong></span> <span class='ocrx_word' id='word_1_710' title='bbox 2468 5733 2617 5789; x_wconf 84' lang='lat' dir='ltr'><strong>nullo</strong></span> <span class='ocrx_word' id='word_1_711' title='bbox 2647 5735 2810 5792; x_wconf 87' lang='lat' dir='ltr'><strong>modo</strong></span> <span class='ocrx_word' id='word_1_712' title='bbox 2838 5738 3296 5811; x_wconf 82' lang='lat' dir='ltr'><strong>valebitis;pauci</strong></span> <span class='ocrx_word' id='word_1_713' title='bbox 3320 5745 3473 5800; x_wconf 73' lang='lat' dir='ltr'><strong>enim</strong></span> <span class='ocrx_word' id='word_1_714' title='bbox 3495 5745 3649 5812; x_wconf 84' lang='lat' dir='ltr'><strong>estis,</strong></span> <span class='ocrx_word' id='word_1_715' title='bbox 3677 5758 3761 5798; x_wconf 72' lang='lat' dir='ltr'><strong>ms</strong></span> 
     </span>
    </p>
   </div>
  </div>
