3850 6310
138 365 212 421 905

801 341 1166 400 FULCHERII
1204 340 1504 398 CARNOT.
1544 339 1724 398 HlST.
1763 337 2129 398 HIEROSOL.
2159 334 2240 383 ’ῖ-
2274 340 2403 399 LIB.
2446 342 2534 400 111.

3183 357 3289 414 906

137 474 264 534 multi.
292 468 382 524 lmo
421 463 546 518 Deus
585 469 765 515 vester
807 475 904 513 vos
941 458 1249 528 dereliquit,
1279 456 1471 511 videns
1500 471 1598 511 vos
1627 460 1674 517 Α
1698 461 1788 508 tas
1834 454 1939 509 hoc
1966 456 2260 524 poscebat,
2297 464 2570 527 quatenus
2611 467 2953 517 mortuorum
2994 480 3289 536 procerum

129 581 202 624 nec
236 565 370 634 legem
397 542 629 620 vestram,
672 559 731 607 ut
759 549 1031 618 solebatis,
1067 558 1270 631 tenere,
1301 565 1403 605 nec
1436 547 1595 604 tidem

130 675 200 714 nec
217 654 444 709 veritatem
465 645 679 702 invicem
711 658 944 698 servare.
979 641 1094 696 Hoc
1135 641 1362 708 scimus,
1387 641 1490 696 hoc
1515 641 1598 694 di-

123 748 315 810 dicimus,
352 743 442 797 hoc
486 737 823 792 advertimus.
876 734 1017 789 Cras
1061 733 1252 803 procul
1290 733 1457 788 dubio
1499 747 1597 788 vos

123 842 332 893 vincemus
368 839 414 887 et
459 827 840 899 superabimus.
879 845 897 877 ι
953 825 998 880 0
1042 834 1309 896 quantum
1360 824 1596 880 dedecus

119 923 384 988 Christianis,
403 935 514 975 cum
539 916 721 988 perﬁdi
743 917 810 972 de
833 915 934 971 [ide
955 931 1058 971 nos
1083 914 1590 985 reprehendebant!

121 1014 230 1072 Unde
247 1013 519 1068 deberemus
541 1006 880 1062 vehementer
901 1005 1244 1073 erubescere,
1281 1011 1337 1061 et
1371 1012 1595 1075 peccata

115 1115 249 1161 nostra
266 1099 494 1173 plorando
518 1099 836 1168 ptenitentes
863 1096 1176 1151 emendare.

628 1185 856 1241 CAPUT
900 1185 964 1241 V.

115 1285 165 1338 De
184 1282 287 1337 bello
301 1289 343 1335 et
369 1280 569 1334 victoria
597 1279 784 1332 virtute
804 1279 1156 1332 sanctissima
1183 1279 1356 1332 crucis
1375 1277 1591 1348 adepta,

318 1360 360 1406 et
377 1353 434 1404 de
445 1350 551 1420 ejus
567 1351 850 1420 receptione
870 1351 926 1403 in
944 1349 1303 1404 Antiochiam.

158 1443 457 1499 Committitur
484 1457 609 1513 ergo
629 1442 828 1498 bellum
859 1443 947 1498 die
988 1442 1270 1512 sequenti,
1297 1450 1358 1496 ut
1383 1441 1591 1498 dictum

105 1546 182 1601 est,
231 1535 605 1606 gravissimum,
680 1534 748 1590 de
800 1550 912 1605 quo
961 1534 1192 1590 victoria
1239 1535 1333 1590 diu
1387 1549 1591 1604 anceps

107 1629 296 1698 utrinque
350 1626 469 1693 fuit,
529 1627 706 1698 quoad
744 1643 918 1697 usque
970 1625 1330 1697 Omnipotens
1381 1625 1591 1682 Turcos

101 1721 235 1792 fugere
263 1720 523 1790 compulit,
554 1728 608 1775 et
630 1727 822 1775 contra
850 1736 946 1776 eos
985 1719 1332 1777 Christianos
1377 1719 1591 1790 magni-

1701 553 1876 600 terras
1909 546 2044 601 vivis
2097 547 2202 602 sub
2240 548 2531 603 ratiocinio
2575 549 2809 606 daturus
2846 553 3078 625 locaret,
3109 571 3164 615 et
3212 567 3295 616 vi-

1698 635 1836 691 duas
1870 652 2008 707 quas
2041 637 2249 694 invenit
2278 640 2390 696 illic
2431 641 2634 698 multas
2687 645 2901 702 maritis
2949 647 3042 718 pio
3092 651 3292 709 affectu

1697 728 2054 802 conjungeret
2087 741 2140 786 et
2185 733 2356 788 multa
2395 734 2502 789 alia
2549 738 2950 794 restauratione
2979 745 3293 804 necessaria

1695 819 2042 878 reformaret.
2082 821 2236 879 Sicut
2269 826 2415 880 enim
2448 827 2556 883 huc
2579 843 2755 899 usque
2779 826 3293 905 Hierosolymorum

1696 927 1794 966 rex
1824 913 2174 984 singulariter
2195 917 2512 988 exstiterat,
2538 919 2612 974 ita
2643 931 2864 978 mortuo
2891 925 3139 997 principe
3172 926 3292 982 An-

1698 1003 1950 1061 tiocheno
1981 1005 2722 1079 Regerio,Antiochenorum
2755 1031 2851 1070 rex
2887 1017 3072 1074 addito
3108 1020 3285 1076 altero

1693 1112 1865 1169 regno
1912 1097 2162 1154 edicitur.
2198 1100 2391 1158 Moneo
2437 1119 2566 1176 ergo
2611 1122 2825 1178 regem,
2873 1118 2928 1165 et
2974 1126 3191 1182 quaeso,
3225 1122 3289 1170 ut

1694 1189 1867 1247 Deum
1899 1209 1964 1248 ex
2006 1203 2120 1250 toto
2153 1194 2317 1251 corde
2353 1196 2570 1270 diligat,
2603 1208 2658 1256 et
2697 1217 2766 1257 ex
2816 1210 2928 1259 tota
2976 1207 3195 1276 anima,
3231 1216 3289 1264 et

1693 1285 1952 1342 omnibus
1981 1285 2193 1343 viribus
2220 1289 2368 1356 suis,
2401 1305 2526 1345 cum
2558 1293 2857 1363 gratiarum
2885 1297 3195 1355 actionibus
3226 1315 3290 1357 se

1692 1375 1769 1430 illi
1800 1378 2019 1448 penitus
2059 1389 2119 1434 ut
2146 1380 2319 1436 fidelis
2348 1397 2542 1438 servus
2579 1385 2803 1453 subdat,
2841 1389 3072 1461 ejusque
3098 1408 3157 1448 se
3183 1393 3288 1448 hu-

1692 1469 1876 1524 milem
1909 1469 2144 1526 fateatur
2190 1487 2442 1541 servum,
2478 1476 2571 1546 qui
2604 1479 2766 1533 talem
2814 1480 3104 1540 Dominum
3136 1487 3288 1542 inve-

1690 1558 1774 1612 nit
1819 1559 1924 1614 sibi
1959 1561 2219 1616 amicum.
2283 1559 2456 1628 Quem
2503 1579 2634 1636 ergo
2667 1576 3072 1627 antecessorem
3119 1587 3285 1632 suum

1689 1659 1800 1705 tam
1849 1652 2194 1718 sublimavit,
2238 1663 2506 1725 quantum
2555 1666 2608 1712 et
2656 1657 2848 1715 illum?
2891 1662 3044 1721 Alios
3085 1667 3285 1736 unius,

1691 1739 1839 1795 hunc
1875 1752 2060 1797 autem
2105 1743 2342 1798 duorum
2370 1761 2668 1818 regnorum
2703 1763 3080 1820 possessorem
3115 1753 3244 1812 fecit
3267 1799 3286 1824 ,

103 1813 170 1868 tice
194 1813 425 1883 vegetavit.
453 1810 597 1879 Quos
625 1823 802 1867 tamen
841 1813 1225 1884 impugnantes
1247 1813 1383 1868 adeo
1412 1820 1588 1868 cater-

1696 1845 1815 1900 qua:
1836 1831 1954 1886 sine
1973 1831 2188 1897 fraude,
2216 1834 2334 1889 sine
2349 1834 2618 1891 effusione
2632 1839 2939 1910 sanguinis,
2962 1842 3082 1897 sine
3095 1843 3280 1904 litium

99 1904 214 1957 vatim
234 1903 595 1973 disperserunt,
628 1911 710 1970 ut,
746 1919 922 1974 usque
947 1903 1293 1960 Antiochiam
1330 1919 1440 1958 non
1462 1918 1586 1959 ces-

101 2002 252 2059 santes,
294 2008 389 2048 nou
421 1994 690 2050 valuerint
736 1995 877 2050 ulzra
922 1994 1145 2066 collegis
1195 1995 1310 2051 suis
1351 1995 1406 2049 in
1445 1995 1588 2052 bello

97 2089 353 2159 congregari.
413 2087 776 2146 Nihilominus
831 2099 1016 2146 autem
1069 2089 1279 2146 Turcos
1331 2091 1590 2161 dispersit

99 2177 222 2245 Deus,
251 2196 359 2236 cum
384 2181 472 2236 alii
505 2181 560 2237 in
602 2181 882 2238 Persidem
928 2181 1141 2255 fugitivi
1190 2182 1584 2252 repatriarent,

93 2272 154 2326 alii
171 2289 270 2328 vero
295 2275 342 2328 in
374 2273 650 2346 Halapiam
691 2276 882 2331 urbem
933 2273 1178 2330 salvandi
1213 2289 1271 2331 se
1297 2274 1470 2344 gratia
1503 2273 1589 2328 in-

92 2365 270 2418 troirent
295 2363 397 2420 Rex
423 2375 601 2421 autem
619 2365 1148 2438 Hierosolymitanus
1167 2374 1222 2421 et
1246 2379 1432 2420 comes
1460 2363 1586 2419 Tri-

90 2454 292 2522 politanus
333 2472 450 2512 cum
505 2457 654 2525 suis,
712 2459 856 2513 sicut
911 2456 1047 2512 socii
1101 2455 1354 2526 gloriosa:
1405 2455 1588 2510 crucis

88 2549 355 2616 exstiterant,
383 2560 436 2606 et
460 2551 555 2622 qui
576 2566 703 2607 eam
731 2551 873 2606 sicut
901 2550 1044 2605 servi
1065 2550 1342 2605 dominam
1371 2548 1440 2604 ad
1469 2547 1586 2603 bel-

86 2637 162 2692 lum
183 2640 536 2710 perduxerant,
582 2643 737 2698 circa
763 2657 885 2697 eam
912 2656 1129 2712 semper
1153 2639 1456 2696 honoriﬁce
1486 2655 1586 2710 pu-

85 2741 274 2799 gnantes,
300 2748 390 2789 nec
413 2749 532 2790 eam
559 2734 880 2790 deserentes
899 2774 914 2799 ,
944 2734 999 2788 in
1037 2749 1230 2804 campo
1255 2733 1450 2788 bellico
1476 2731 1588 2788 for-

82 2824 168 2879 liter
181 2810 426 2882 steterunt.
459 2826 616 2894 Quos
642 2827 992 2898 omnipotens
1022 2825 1167 2882 Deus
1203 2840 1300 2896 per
1329 2825 1588 2880 virtutem

81 2914 260 2982 ejusdem
299 2920 658 2976 sanctissimae
709 2928 765 2975 et
815 2918 1231 2990 pretiosissima:
1290 2918 1473 2973 crucis
1521 2917 1588 2973 de
1677 2948 1680 2950 η

78 3019 195 3058 manu
223 3005 445 3064 nefandae
484 3009 671 3080 gentis
707 3016 958 3080 potenter
989 3007 1217 3078 eripuit,
1247 3015 1304 3063 et
1343 3008 1411 3062 ad
1438 3007 1586 3062 aliud

79 3112 191 3152 suum
240 3101 494 3172 negotium
561 3103 900 3174 quandoque
963 3100 1209 3157 futurum
1265 3100 1582 3156 reservavit.

76 3188 258 3262 Cumque
281 3209 369 3264 per
393 3195 532 3252 duos
565 3196 693 3251 dies
720 3210 973 3265 campum
1005 3195 1159 3249 illum
1187 3209 1282 3248 rex
1313 3193 1586 3249 custodis-
1613 3189 1658 3252 C

74 3297 149 3348 set,
185 3295 229 3340 et
255 3287 315 3342 de
341 3287 533 3344 Turcis
561 3289 755 3343 nullus
799 3288 929 3342 illuc
959 3287 1263 3343 bellaturus
1291 3284 1544 3341 rediisset
1567 3325 1584 3350 ,

73 3384 229 3446 sumpta
275 3394 428 3436 cruce
470 3379 764 3434 Dominica
807 3377 1051 3449 perrexit
1099 3376 1498 3432 Antiochiam.\
1521 3374 1589 3429 Et

71 3467 162 3521 exiit
193 3471 470 3539 patriarcha
515 3471 904 3527 Antiochenus
955 3469 1173 3526 obviam
1225 3466 1588 3524 sanctissima

69 3560 200 3627 θηρὶ,
222 3564 320 3635 regi
347 3580 569 3636 quoque
597 3573 657 3620 et
680 3561 1086 3634 archiprtesuli,
1115 3561 1211 3632 qui
1229 3576 1353 3618 eam
1379 3559 1589 3616 defere-

67 3648 185 3719 bant,
211 3664 256 3710 et
277 3657 634 3714 reddiderunt
655 3671 847 3712 omnes
875 3653 988 3710 Deo
1015 3653 1247 3725 gratias,
1275 3662 1330 3709 et
1347 3652 1592 3708 exsolve-

66 3753 154 3798 runt
173 3745 492 3805 dulcissimas
539 3749 740 3805 laudes
787 3747 1149 3820 omnipotenti
1181 3745 1321 3812 Deo,
1369 3744 1466 3815 qui
1491 3757 1590 3815 per

62 3835 254 3894 Vinum
287 3841 711 3912 gloriosissima:
751 3841 935 3897 crucis
962 3854 1076 3896 suae
1110 3837 1394 3894 victoriam
1423 3835 1588 3891 Chri-

63 3926 206 3985 stianis
242 3931 489 4002 dederat,
518 3941 579 3990 et
637 3933 815 4004 ipsam
869 3945 1089 3988 crucem
1133 3929 1202 3984 ad
1227 3925 1591 3984 Christianis-

61 4033 169 4074 mum
211 4025 344 4082 salve
387 4027 718 4083 reduxerat.
769 4024 976 4080 Pietate
1028 4021 1348 4094 plorabant,
1400 4015 1589 4073 laetitia

61 4114 312 4185 nutabant,
339 4119 644 4175 adorantes
671 4117 918 4189 repetitis
962 4115 1177 4172 vicibus
1210 4121 1336 4169 ante
1362 4122 1587 4168 crucem

59 4211 349 4266 venerandam
396 4227 460 4268 se
497 4211 882 4277 inclinabant,
915 4215 1374 4282 resurgentesque
1400 4202 1590 4260 militi-

59 4292 132 4349 bus
150 4301 316 4357 erectis
335 4303 546 4373 gratias
583 4302 841 4372 agebant.

101 4385 366 4476 Praebuerat
385 4397 568 4476 biduo
599 4395 686 4452 sol
715 4396 900 4476 lumen
928 4392 1171 4476 Virginis
1200 4400 1382 4456 astro,

102 4457 206 4539 Cum
228 4464 416 4521 bellum
448 4467 691 4539 geritur,
721 4481 832 4537 quo
862 4457 1056 4539 Parthi
1080 4465 1162 4520 sic
1196 4471 1553 4539 superantur,

102 4527 323 4606 Claraque
351 4527 486 4594 tunc
513 4527 1069 4594 decimae'rutilabant
1094 4527 1302 4590 cornua
1338 4534 1504 4588 lunae.
1538 4527 1545 4528 ί
1623 4547 1670 4602 ι)

599 4624 832 4680 CAPUT
883 4624 970 4680 Vl.

135 4689 198 4745 De
215 4699 498 4767 receptione
535 4706 729 4752 sancta
755 4697 924 4750 crucis
955 4697 1011 4750 in
1045 4693 1452 4765 Hierosolymis.

92 4779 298 4856 Cumque
330 4789 387 4844 in
436 4787 746 4844 Antiochia
789 4788 980 4858 requie
1028 4803 1138 4842 non
1185 4787 1349 4857 longa
1397 4800 1456 4841 se
1499 4781 1588 4840 re-

45 4883 262 4932 creasseut
279 4877 502 4949 Franci,
535 4889 856 4938 statuerunt
872 4879 1303 4952 Hierosolymam
1335 4893 1459 4934 cum
1486 4878 1585 4934 be-

41 4966 202 5023 nedicta
223 4989 378 5029 cruce
399 4974 669 5040 Domini,
695 4982 754 5028 ut
784 4973 1038 5039 decebat,
1085 4971 1302 5027 reverti.
1335 4969 1404 5025 Et
1443 4985 1588 5025 sum-

41 5057 115 5122 ptis
141 5062 382 5120 militibus
407 5076 554 5137 quot
583 5065 850 5136 oportuit,
882 5064 1094 5120 remisit
1121 5079 1242 5118 eam
1266 5077 1358 5117 rex
1390 5059 1589 5116 Hieru-

41 5150 189 5221 salem,
238 5167 288 5212 et
331 5160 423 5214 die
479 5175 605 5230 quo
655 5157 1016 5212 Exaltationis
1067 5156 1188 5227 ejus
1239 5154 1588 5210 festivitatem

41 5243 286 5316 celebrant,
345 5234 497 5307 sicut
550 5250 851 5306 Heracleus
902 5249 1201 5320 imperator
1251 5247 1320 5303 de
1366 5245 1592 5301 Perside

41 5332 167 5390 vietor
179 5355 290 5396 eam
311 5342 654 5412 reportavit,
677 5357 802 5396 cum
829 5356 891 5395 ea
915 5340 1106 5396 urbem
1129 5346 1377 5394 sanctam
1402 5339 1591 5392 laetan-

41 5427 457 5500 tesintroierunt,
496 5443 561 5489 et
593 5447 718 5488 cum
760 5432 960 5505 gaudio
1008 5429 1262 5486 incﬂ'abili
1287 5428 1468 5484 cuncti
1495 5427 1589 5499 qui

41 5517 209 5580 ﬁlerunt
235 5535 638 5599 susceperunt.

605 5615 832 5672 CAPUT
883 5613 986 5670 VII.

150 5708 288 5775 Quod
322 5730 416 5766 rex
444 5711 821 5781 principatum
852 5708 1147 5762 Antiochiae
1181 5705 1428 5760 obtinuit.

80 5795 170 5854 Rex
194 5814 370 5857 autem
405 5804 465 5856 in
514 5801 812 5856 Antiochia
859 5799 1152 5868 remansit,
1188 5799 1314 5869 quia
1347 5795 1590 5852 necessi-

296 5897 601 5956 PATROL.
633 5895 806 5953 CLV.

1689 1921 2163 1991 tribulatione,sed
2175 1924 2356 1980 divina
2373 1927 2716 1985 ordinatione
2731 1929 2958 2000 paciﬁca
2973 1935 3286 2006 acquisivit.

1689 2012 1772 2069 Ab
1794 2014 2030 2087 Egypto
2057 2016 2326 2087 siquidem
2365 2035 2540 2092 usque
2571 2018 3022 2091 Mesopotamiam
3063 2025 3289 2082 tradidit

1687 2103 1739 2158 ei
1787 2103 1933 2160 Deus
1995 2106 2156 2178 longe
2201 2107 2418 2179 lateque
2454 2118 2680 2166 terram.
2717 2110 2939 2170 Manum
2980 2131 3109 2188 erga
3146 2133 3276 2174 eum

1689 2196 1880 2252 habuit
1907 2197 2137 2270 largam.
2168 2197 2370 2256 Caveat
2402 2216 2469 2256 ne
2506 2218 2632 2274 erga
2659 2218 2785 2259 eum
2817 2214 3027 2262 arctam
3059 2209 3280 2279 habeat,

1688 2288 1784 2361 qui
1819 2290 2163 2346 abundanter
2189 2292 2317 2361 dat,
2345 2302 2401 2349 et
2422 2308 2530 2348 non
2565 2294 2917 2367 improperat.
2949 2297 3007 2353 Si
3039 2316 3136 2356 rex
3159 2316 3284 2358 esse

1688 2383 1990 2450 desiderat,
2032 2383 2250 2440 studeat
2292 2395 2352 2440 ut
2391 2395 2545 2456 regat
2581 2396 2746 2442 recte.
2777 2388 2916 2443 Cum
2947 2400 3130 2447 autem
3157 2403 3287 2463 post

1691 2479 1908 2550 negotia
1929 2480 2189 2551 pleraque
2214 2492 2520 2553 perpetrata
2543 2499 2637 2538 rex
2661 2485 2730 2540 ab
2754 2487 3044 2544 Antiochia
3067 2506 3285 2562 regres-

1690 2586 1786 2626 sus
1808 2581 1952 2627 esset
1985 2570 2322 2629 Hierusalem
2339 2616 2354 2642 ,
2381 2590 2505 2629 cum
2538 2592 2708 2632 uxore
2732 2579 3160 2638 sua‘diademate
3189 2598 3281 2639 re-

1690 2661 1778 2734 gio
1826 2662 1914 2718 die
1988 2661 2299 2721 Nativitatis
2365 2665 2662 2723 Dominicze
2732 2681 3030 2729 coronatus
3082 2682 3166 2729 est
3221 2675 3280 2732 in

1690 2751 2026 2810 Bethlehem.

2279 2844 2511 2902 CAPUT
2553 2847 2686 2904 VIII.

2078 2935 2151 2991 De
2191 2940 2497 2996 remissione
2539 2944 2895 2998 exactionum.

1759 3028 1920 3084 Anno
1967 3027 2366 3087 incarnationis
2408 3032 2704 3090 Dominicae
2753 3045 2879 3107 post
2926 3038 3279 3097 millesimum

1690 3117 2048 3173 Centesimum
2077 3119 2340 3177 vicesimo
2360 3164 2374 3188 ,
2417 3124 2654 3179 absolvit
2680 3141 2778 3181 rex
2807 3126 3108 3188 Balduinus
3138 3129 3182 3185 Il
3208 3131 3280 3189 ab

1689 3210 1839 3263 emni
1868 3211 2151 3268 exactione
2185 3229 2376 3270 omnes
2425 3216 2517 3286 qui
2558 3232 2657 3287 per
2701 3228 2894 3288 portas
2939 3219 3280 3279 Hierusalem

1687 3299 2025 3358 frumentum
2058 3314 2222 3376 atque
2261 3306 2559 3376 hordeum,
2591 3309 2707 3364 sive
2735 3311 3013 3383 legumina
3033 3355 3047 3380 ,
3076 3312 3282 3371 inferre

1687 3395 1991 3463 voluerint,
2025 3407 2085 3453 ut
2110 3399 2318 3469 absque
2357 3401 2610 3458 molestia
2639 3410 2750 3457 tam
2776 3403 3077 3462 Christiani
3113 3423 3282 3477 quam

1691 3483 1981 3542 Sarraceni
2033 3488 2271 3544 habeant
2308 3489 2537 3547 liberam
2584 3492 2898 3550 facultatem
2939 3497 3284 3569 ingrediendi

1687 3584 1743 3632 et
1775 3578 2116 3648 egrediendi,
2139 3589 2303 3650 atque
2323 3582 2626 3651 vendendi,
2658 3584 2751 3638 ubi
2782 3595 2835 3640 et
2855 3588 3284 3660 quibuscunque

1688 3670 1981 3726 voluerint.
2038 3668 2271 3728 Remisit
2319 3673 2547 3745 insuper
2585 3677 2893 3733 mercedem
2945 3679 3114 3734 modii
3145 3695 3281 3736 con-

1690 3763 2144 3821 suetudinariam.

2296 3886 2528 3944 CAPUT
2575 3889 2641 3944 ΙΧ
2653 3931 2669 3945 .

1725 3976 1802 4032 Dc
1832 3975 2018 4034 Turcis
2048 3982 2378 4053 congregatis
2397 4023 2412 4050 ,
2457 3991 2508 4037 et
2535 3983 2868 4053 expeditione
2898 3985 3035 4055 regis
3063 3995 3251 4041 contra

2437 4070 2523 4108 €08
2531 4097 2543 4108 .

1764 4141 1901 4198 Cum
1929 4152 2109 4199 autem
2140 4160 2234 4201 sex
2261 4145 2427 4216 hujus
2455 4145 2583 4201 anni
2609 4162 2828 4204 menses
2859 4148 2915 4202 in
2941 4145 3284 4206 Hierusalem

1692 4233 2120 4303 cvolvissemus,
2181 4247 2452 4293 venerunt
2496 4237 2674 4294 nuntii
2722 4238 2792 4295 ab
2826 4239 3150 4306 Antiochia,
3195 4241 3285 4296 di-

1697 4334 1852 4380 cente
1879 4341 2037 4398 rege,
2065 4333 2120 4381 et
2162 4326 2322 4382 nobis
2360 4328 2619 4384 omnibus
2649 4328 2746 4399 qui
2779 4328 3074 4384 aderamus
3095 4372 3110 4397 ,
3146 4327 3290 4384 Tur-

1694 4431 1790 4472 cos
1864 4413 2199 4488 Euphratem
2265 4419 2533 4475 transisse
2605 4428 2658 4475 et
2735 4418 2973 4492 Syriam°
3011 4420 3290 4493 ingressos

1697 4505 1866 4564 fuisse
1893 4509 1959 4563 ad
1988 4520 2379 4566 nocumentum
2411 4509 2824 4568 Christianismi
2844 4554 2860 4582 ,
2898 4512 3041 4569 sicut
3063 4513 3118 4568 in
3147 4529 3288 4584 pra:-

1699 4599 1860 4654 terito
1908 4609 2326 4657 consueverant.
2381 4600 2538 4659 Unde
2581 4612 2807 4676 accepto
2840 4604 3102 4671 consilio,
3146 4603 3292 4659 sicut

1695 4693 1997 4748 necessitas
2025 4696 2281 4766 urgebat,
2309 4696 2501 4766 petivit
2531 4713 2624 4752 rex
2653 4713 2682 4752 a
2708 4697 3020 4768 patriarcha
3048 4704 3103 4751 et
3140 4696 3291 4752 clero

1696 4785 2002 4840 humillime
2048 4785 2398 4842 victoriosam
2445 4786 2664 4842 Domini
2714 4802 2934 4843 crucem
2990 4785 3095 4841 sibi
3153 4799 3288 4840 con-

1693 4875 1870 4943 tradi,
1907 4875 2096 4931 dicens
2133 4877 2202 4931 ab
2246 4891 2308 4932 ea
2336 4892 2399 4932 se
2439 4886 2494 4933 et
2521 4892 2653 4934 suos
2693 4876 2761 4932 ad
2797 4875 3155 4947 praeliaudum
3189 4875 3288 4930 de-

1695 4967 1825 5023 bere
1863 4968 2097 5034 muniri,
2138 4968 2267 5039 quia
2305 4969 2424 5025 sine
2455 4969 2606 5041 gravi
2638 4968 2826 5040 praelia
2861 4967 3034 5023 credit
3077 4964 3290 5022 Turcos

1692 5067 2024 5131 praetaxatos
2059 5059 2127 5115 de
2153 5060 2363 5131 patria,
2389 5076 2556 5131 quam
2595 5061 2710 5133 jam
2751 5058 3145 5126 devastabant,
3177 5073 3289 5112 non

1691 5166 1856 5222 posse
1881 5151 2110 5222 expelli,
2142 5159 2196 5206 et
2226 5151 2354 5224 quia
2395 5167 2508 5206 non
2549 5150 2776 5207 conlidit
2823 5151 2880 5205 in
2919 5149 3120 5204 virtute
3145 5165 3244 5206 sua
3270 5191 3286 5218 ,
3340 5207 3347 5226 ρ

1692 5256 1793 5296 nec
1839 5240 1893 5296 in
1926 5249 2083 5312 gente
2111 5256 2276 5312 quam
2309 5241 2544 5296 habebat
2573 5241 2774 5308 multa,
2808 5253 2971 5296 cruce
3000 5239 3140 5310 ipsa,
3178 5237 3289 5294 Do-

1693 5333 1847 5388 mino
1890 5341 2171 5403 vegetante
2201 5342 2255 5389 et
2295 5333 2648 5406 propitiante,
2677 5349 2778 5406 pro
2815 5333 3005 5389 multis
3049 5333 3291 5401 millibus

1694 5423 1954 5498 potietur.
1987 5423 2244 5494 Alioquin
2269 5425 2390 5481 sine
2415 5424 2532 5496 ipsa
2563 5441 2664 5481 nec
2692 5424 2809 5496 ipse
2835 5439 2935 5481 nec
2963 5423 3055 5478 alii
3084 5423 3290 5479 audent

1695 5518 1764 5574 ad
1794 5517 1994 5572 bellum
2020 5516 2314 5588 proﬁcisci.
2351 5517 2508 5575 Unde
2557 5518 2632 5574 ibi
2683 5519 2824 5574 ratio
2850 5517 3111 5589 bipartita
3149 5515 3290 5568 inter
3337 5509 3343 5538 λ

1695 5616 1888 5665 euntes
1915 5609 1981 5662 ad
2012 5609 2215 5664 bellum
2254 5619 2308 5666 et
2328 5619 2672 5667 remanentes
2699 5610 2755 5664 in
2788 5607 3130 5664 Hierusalem
3155 5603 3292 5660 satis

1696 5701 1895 5756 decens
1920 5700 2106 5755 habita
2137 5711 2256 5769 est,
2286 5703 2399 5759 sive
2421 5703 2612 5759 debeat
2635 5718 2734 5772 pro
2771 5709 2923 5756 tanta
2960 5695 3289 5754 necessitate

1697 5789 2130 5846 Christianitatis
2179 5791 2526 5850 Antiochiam
2559 5806 2690 5847 crux
2723 5788 2954 5854 deferri,
3007 5787 3119 5843 sive
3157 5781 3290 5836 Hie-

2888 5880 2968 5936 '29
