3850 6310
553 331 659 388 907
1121 325 1213 379 AD
1246 316 1692 381 CODEFRIDUM
1731 314 2021 373 APPEND.
2061 315 2127 372 ll.
2165 347 2235 358 ο-
2269 313 2538 373 MONUM.
2579 315 2667 371 DE
2706 314 2928 374 BELLO
2965 316 3209 376 SACRO.
3678 323 3761 381 908

552 437 952 514 rosolymitana
993 436 1237 493 Ecclesia
1280 435 1348 491 de
1386 442 1538 488 tanto
1570 431 1828 486 thesauro
1876 443 1978 485 suo
2013 437 2142 484 tunc
2170 439 2218 496 Α

550 534 781 609 privari.
813 531 1294 598 Dicebamusque:
1335 545 1354 576 ι
1381 522 1498 579 Heu
1541 521 1752 577 miseri!
1797 520 1929 592 quid
1975 519 2141 575 facie-

552 644 710 694 mus,
741 625 787 682 si
810 621 1157 696 permittente
1182 618 1292 672 Deo
1324 614 1724 686 perdiderimus
1750 612 1806 666 in
1834 611 1977 666 bello
2017 626 2143 666 cru-
2598 610 2605 619 '
2852 609 3082 668 CAPUT
3118 611 3210 668 χΙ,

552 735 674 776 cem
693 760 708 786 ,
733 718 877 774 sicut
904 711 1264 786 perdiderunt
1293 708 1550 764 Israelita:
1590 705 1723 762 olim
1749 719 1947 776 .arcam
1971 703 2143 759 fende-
2247 700 2327 758 Dc
2347 699 2460 757 alia
2477 702 2807 786 expeditione
2825 704 2961 786 regis
2985 712 3171 786 contra
3200 702 3538 786 Tripolitanii
3560 707 3769 774 comitem;

551 773 716 866 ris?i
763 773 1090 875 Quid.plura
1134 800 1406 857 referam?
1431 796 1743 854 Necessitas
1776 796 2022 862 monuit,
2053 810 2145 850 ra-

2604 773 2790 827 delu'nc
2817 773 3011 827 iterum
3041 783 3226 828 contra
3260 773 3477 828 Turcos.

554 901 634 956 tio
663 897 910 963 edocuit;
945 894 1175 950 fecimus
1205 891 1350 962 quod
1384 889 1664 945 noluimus
1684 928 1700 955 ,
1731 896 1787 942 et
1809 886 1957 958 quod
1994 886 2147 942 nole-

554 991 755 1047 bamus
775 987 1068 1043 voluimus.
1097 984 1332 1050 Etcum,
1361 981 1551 1063 multis
1575 979 1832 1051 lacrymis
1850 978 1938 1048 pie
1953 993 2054 1048 pro
2078 992 2144 1032 ea

554 1081 800 1154 profusis
838 1088 892 1134 et
919 1076 1148 1132 canticis
1193 1079 1250 1129 in
1270 1074 1431 1130 laude
1455 1072 1602 1127 illius
1623 1069 1964 1136 decantatis,
1987 1077 2141 1124 extra

550 1176 746 1230 urbem
772 1171 935 1227 nudis
957 1169 1188 1241 pedibus
1209 1184 1306 1222 rex
1325 1210 1339 1234 ,
1369 1165 1680 1238 patriarcha
1700 1207 1714 1231 ,
1745 1164 1900 1235 plebs
1923 1175 2145 1234 quoque

554 1255 736 1322 omnis
760 1280 883 1321 eam
922 1263 1301 1327 conviassent,
1346 1275 1442 1315 rex
1477 1274 1602 1314 cum
1635 1273 1701 1313 ea
1725 1257 1904 1313 flendo
1935 1257 2146 1312 disces-

551 1358 660 1424 sit,
707 1367 763 1413 et
805 1355 1039 1427 populus
1076 1354 1144 1409 ad
1186 1353 1380 1408 urbem
1421 1360 1668 1407 sanctam
1713 1349 1893 1405 rediit.
1943 1347 2146 1402 Mensis

553 1446 916 1504 erat-Junius.
945 1444 1294 1500 Antiochiam
1319 1457 1450 1514 ergo
1474 1441 1758 1507 abierunt,
1791 1455 1957 1510 quam
1981 1437 2147 1494 Turci

554 1539 694 1594 adeo
719 1537 833 1608 jam
871 1536 1257 1602 coarctabant,
1286 1541 1346 1588 ut
1390 1541 1542 1587 extra
1584 1532 1732 1602 muri
1765 1530 2030 1586 ambitum
2066 1529 2152 1584 in-

555 1631 872 1686 habitantes
909 1629 1002 1684 vix
1050 1642 1165 1682 uno
1211 1625 1470 1680 milliario
1515 1624 1810 1694 procedere
1865 1623 2146 1678 auderent.
2254 1617 2431 1689 sequi,
2465 1617 2544 1673 uti
2597 1616 2934 1674 Bertrannus
2966 1627 3121 1689 pater
3157 1618 3282 1688 ejus
3326 1617 3545 1674 fecerat.
3581 1617 3674 1674 Sed
3701 1617 3786 1673 Deo

559 1720 688 1788 Sed,
731 1719 917 1775 audito
943 1718 1088 1788 regis
1110 1716 1374 1782 adventu,
1406 1713 1531 1768 inde
1571 1713 1757 1768 statim
1780 1727 1840 1768 se
1867 1726 2152 1768 removen-
2183 1782 2222 1788 _
2253 1710 2491 1777 volente,
2521 1719 2575 1765 ct
2604 1709 2931 1780 optimatum
2962 1710 3315 1780 prtesentim
3361 1708 3608 1779 utrinque
3627 1709 3788 1780 lauda-

557 1822 644 1868 tes
661 1782 686 1879 ,ν
707 1826 903 1868 versus
939 1782 1225 1879 Halapiam
1266 1807 1489 1873 urbem,
1533 1804 1626 1860 ubi
1665 1805 1838 1859 tutius
1862 1817 1983 1858 esse
2027 1816 2155 1872 pos-
2183 1782 2231 1843 Β
2259 1801 2430 1867 tione,
2463 1801 2625 1857 amici
2657 1799 2787 1855 facti
2829 1809 2960 1855 sunt
2996 1799 3068 1854 ad
3103 1800 3362 1866 invicem,
3418 1800 3608 1855 comite
3631 1800 3791 1855 rationi

564 1912 721 1970 sent,
780 1902 1067 1965 abierunt;
1112 1898 1312 1968 quibus
1352 1896 1454 1951 tria
1501 1893 1738 1949 militum
1779 1893 2154 1948 Damasceno-
2257 1893 2611 1949 assentiente.
2640 1891 2852 1960 Quibus
2872 1891 3142 1962 siquidem
3164 1891 3484 1962 pacificatis,
3509 1891 3663 1946 astitit
3681 1891 3794 1946 illico

559 2011 688 2050 rum
733 1993 906 2048 millia
948 2002 1080 2046 tunc
1122 1995 1412 2060 aggregata
1445 1995 1594 2042 sunt.
1642 1986 1891 2055 Cumque
1916 2000 2012 2039 rex
2040 1983 2156 2040 bel-
2257 1984 2706 2056 archiepiscopus
2745 1982 2968 2055 quidam
2993 1984 3062 2038 ab
3103 1982 3436 2038 Antiohenis
3459 1982 3584 2037 illuc
3614 1982 3794 2046 missus,

560 2085 711 2140 landi
766 2098 934 2140 causa
989 2089 1158 2153 motu
1187 2079 1383 2135 audaci
1426 2078 1494 2133 ad
1550 2092 1646 2133 eos
1697 2075 2054 2142 accessisset,
2102 2082 2156 2130 et
2258 2093 2443 2150 regem
2472 2077 2789 2144 cohortans,
2819 2084 2880 2132 ut
2906 2074 3252 2131 Antiochiam
3292 2074 3619 2145 quantocius
3638 2089 3796 2146 prope-

561 2177 824 2245 utrinque
858 2171 1316 2244 sagittis,jactatis
1367 2169 1553 2240 plures
1594 2167 1826 2224 sauciati
1867 2167 1953 2222 vel
1984 2167 2154 2222 inter-
2257 2179 2430 2238 taret,
2459 2179 2650 2226 contra
2696 2167 2908 2225 Turcos
2944 2183 3103 2239 opem
3135 2170 3370 2224 laturas.
3407 2167 3529 2222 Jam
3557 2168 3688 2224 enim
3715 2177 3800 2223 ter-

560 2267 692 2328 fccti
730 2265 1094 2330 occidissent,
1135 2272 1190 2318 et
1229 2263 1430 2317 bellare
1467 2270 1648 2316 tamen
1687 2259 1852 2315 Turci
1906 2274 2159 2315 recusas-
2258 2278 2378 2318 ram
2411 2262 2560 2316 illam
2587 2261 2966 2327 devastabant,
2992 2260 3143 2316 nullo
3171 2260 3417 2331 principe
3445 2261 3525 2315 eis
3543 2261 3799 2316 resistente.

563 2366 716 2424 sent,
746 2365 871 2429 post
893 2356 1137 2412 triduum
1167 2355 1282 2410 litis
1313 2355 1479 2424 hujus
1497 2395 1512 2421 ,
1541 2354 1692 2408 nullo
1714 2360 1864 2408 certo
1898 2353 2002 2408 line
2025 2369 2160 2408 con-
2261 2351 2384 2419 Quo
2415 2352 2626 2419 audito,
2655 2367 2753 2407 rex
2783 2351 3046 2408 continuo
3075 2350 3408 2422 properavit,
3441 2351 3803 2406 habenssecutl

563 2451 748 2516 cluso,
802 2457 858 2504 et
904 2447 1254 2502 Antiochiam
1311 2446 1488 2502 nostri
1539 2453 1962 2512 remeavcrunt,
1997 2453 2052 2500 et
2103 2445 2160 2498 in
2261 2453 2535 2500 trecentos
2555 2445 2756 2500 milites
2784 2444 3118 2501 lectissimos
3138 2452 3194 2499 et
3219 2443 3328 2499 400
3355 2445 3579 2500 clientes
3605 2442 3804 2498 adventi-

562 2540 844 2597 Persidem
873 2556 1002 2611 pars
1035 2539 1344 2594 Turcorum
1384 2537 1561 2608 major
1592 2536 2047 2607 re'patriaverunt.
2083 2535 2160 2591 De
2251 2535 2368 2590 tios
2391 2534 2772 2605 probissimos.
2811 2532 3005 2590 Caeteri
3030 2549 3161 2589 vero
3181 2534 3354 2588 velad
3386 2529 3802 2596 Hierusalem,vd

565 2643 765 2689 cetero
795 2648 1016 2690 crucem
1061 2640 1310 2689 sanctam
1356 2645 1454 2685 rex
1482 2629 1783 2685 honorilice
1821 2627 2176 2697 Hierusalem
2263 2626 2330 2681 ad
2381 2641 2480 2681 sua
2526 2635 2922 2682 remeaverunt.
2975 2624 3115 2680 Cum
3158 2632 3343 2681 autem
3382 2624 3709 2696 pervenisset
3737 2637 3808 2677 rex

564 2712 811 2793 remisit,
839 2735 892 2781 et
916 2725 1034 2796 ipse
1057 2724 1114 2779 in
1161 2723 1462 2778 Antiochiae
1493 2722 1713 2793 regione
1745 2733 1949 2776 terram
1982 2730 2164 2791 prote—
2263 2715 2356 2770 ubi
2387 2713 2597 2771 Turcos
2638 2715 2886 2770 audierat
2906 2729 3030 2771 esse
3057 2722 3438 2786 congregatos,
3464 2714 3610 2770 circa
3645 2712 3812 2767 scilicet

571 2826 766 2872 cturus
789 2815 1072 2872 remansit.
1105 2813 1288 2870 Tertio
1312 2814 1526 2870 decimo
1546 2811 1914 2868 Kalendarum
1936 2811 2166 2867 Novem-
2263 2813 2505 2861 castrum
2537 2803 2837 2874 quoddam,
2867 2805 3017 2874 quod
3046 2802 3411 2860 Sardahaium
3440 2812 3682 2870 vocatur,
3700 2803 3812 2873 quod

565 2906 751 2961 brium
793 2905 968 2976 ipsam
1013 2905 1310 2977 gloriosam
1361 2903 1581 2960 Domini
1612 2917 1832 2959 crucem
1872 2903 1930 2957 in
1966 2901 2164 2959 llieru-
2259 2896 2375 2968 jam
2403 2896 2696 2953 obsidione
2744 2896 3095 2962 cohibebant,
3134 2906 3488 2952 removerunt
3517 2911 3577 2951 se
3614 2895 3726 2950 inde
3745 2912 3817 2948 τυ»

478 3061 482 3072 ι
573 2996 744 3051 salem
767 3009 895 3050 cum
927 2993 1127 3066 gaudio
1152 3009 1350 3065 magno
1381 2993 1748 3064 suscepimus.
2264 2987 2436 3044 lentes
2456 3004 2637 3060 regem
2665 2997 3002 3058 exspectare.
3033 2987 3155 3054 Quo
3182 2999 3488 3059 comperto,
3518 2987 3728 3044 secessit
3746 3003 3816 3040 rex

477 3088 484 3130 ἶ
1193 3084 1424 3141 CAPUT
1460 3085 1530 3140 X.
2191 3126 2234 3184 α
2267 3081 2634 3138 Antiochiam.
2664 3080 2828 3136 Turci
2862 3095 2995 3136 vero
3023 3081 3090 3136 ad
3123 3081 3251 3150 incp
3274 3089 3298 3136 t
3329 3097 3421 3135 um
3465 3082 3646 3136 denuo
3673 3097 3818 3135 recur-

749 3174 828 3229 De
853 3175 1182 3246 expeditione
1213 3176 1350 3246 regis
1388 3184 1572 3228 contra
1608 3173 1984 3229 Damascenos.
2192 3161 2234 3184 "
2269 3181 2418 3229 runt.
2458 3173 2707 3242 Cumque
2749 3187 2842 3227 rex
2878 3173 2986 3228 hoc
3013 3172 3202 3228 auditu
3235 3173 3498 3244 perc-"pit,
3540 3187 3722 3228 versus
3749 3186 3819 3225 eos

2308 427 2546 498 Explicit
2575 428 2664 483 hic
2689 443 2869 482 annus
2899 428 2954 482 in
2981 430 3195 484 cunctis
3235 428 3353 484 ﬁne
3388 430 3639 486 secundus
3661 476 3673 498 ,

2317 497 2455 554 Pace
2491 499 2710 569 quidem
2740 514 2987 569 prosper,
3018 508 3074 554 et
3107 498 3360 571 frugibus
3387 500 3622 557 omnibus
3647 497 3763 563 uber.

2318 884 2478 940 Anno
2502 882 2799 940 Dominica}
2831 883 3231 941 Incarnationis
3269 885 3434 952 H22,
3460 887 3713 956 praeﬁcitur
3732 891 3774 946 in

2249 975 2588 1032 Hierusalem
2614 974 2873 1031 Ecclesiae
2901 975 3077 1048 Tyria:
3101 977 3564 1048 archiepiscopus,
3589 977 3686 1034 Odo
3703 998 3778 1036 no-

2250 1067 2418 1134 mine,
2447 1069 2661 1137 primus
2687 1067 2756 1122 de
2783 1077 2941 1138 gente
2967 1066 3180 1124 Latina.
3201 1067 3409 1125 Deinde
3427 1070 3556 1125 abiit
3579 1087 3659 1126 rex
3682 1072 3779 1128 Pto-

2250 1157 2560 1212 lemaidam.
2611 1155 2769 1213 Unde
2794 1166 2954 1230 gente
2999 1173 3099 1214 sua
3141 1169 3465 1232 congregata
3505 1161 3780 1218 videlicetct

2251 1249 2452 1320 equite,
2491 1263 2721 1304 movens
2744 1249 3049 1304 exercitum
3075 1265 3259 1317 suum,
3283 1259 3339 1305 et
3359 1250 3673 1306 Dominicarn
3690 1267 3781 1307 cru-

2251 1357 2370 1398 cem
2411 1357 2598 1398 secum
2642 1340 2915 1410 deferens,
2941 1341 3220 1413 profectus
3262 1351 3349 1398 est
3384 1343 3652 1415 Tripolim,
3673 1345 3783 1416 inju-

2251 1433 2392 1490 riam
2436 1434 2653 1489 ulturus
2684 1441 2740 1489 et
2772 1443 3171 1506 contemptum,
3207 1451 3374 1505 quem
3417 1436 3639 1508 regionis
3671 1437 3783 1494 illius

2252 1539 2439 1580 comes
2483 1523 2712 1581 Pontius
2755 1526 2982 1581 nomine
3015 1526 3334 1584 incutiebat.
3367 1541 3617 1582 recusans
3635 1527 3679 1582 ei
3709 1529 3783 1583 ob-

653 3267 810 3321 Anno
841 3265 910 3320 ab
943 3264 1326 3320 Incarnatione
1368 3263 1584 3320 Domini
1613 3265 1744 3319 “ﬁt
1764 3307 1779 3332 ,
1817 3269 2170 3336 congregavit

579 3377 679 3416 rex
714 3370 931 3433 gentem
975 3374 1132 3416 suam
1179 3374 1210 3416 a
1252 3356 1453 3417 Sidone
1493 3373 1670 3431 usque
1713 3355 1938 3428 JOppem
1962 3398 1976 3425 ,
2013 3366 2068 3412 et
2108 3372 2166 3431 in

576 3451 763 3510 Nonas
808 3452 940 3510 Julii
994 3461 1370 3525 transgressus
1421 3452 1746 3521 Jordanem,
1801 3451 1933 3509 adiit
1985 3470 2168 3526 regem

573 3543 1076 3613 Damascenorum,
1117 3546 1363 3616 quicum
1411 3545 1687 3601 Arabibus
1735 3545 1840 3601 sibi
1891 3544 2168 3603 foederatis

573 3646 630 3695 et
659 3639 913 3695 adunatis
936 3631 1125 3694 terras
1162 3645 1380 3693 nostras
1413 3636 1690 3692 Tiberiadi
1716 3637 1996 3708 proximas
2017 3639 2168 3694 nullo

573 3730 626 3786 ei
669 3729 960 3786 resistente
1003 3729 1272 3784 vastabat.
1300 3726 1406 3795 Qui
1438 3744 1564 3785 cum
1597 3729 1961 3808 persensisset
1986 3745 2169 3802 regem

575 3830 829 3878 nostrum
854 3836 981 3878 cum
1018 3820 1262 3876 exercitu
1311 3835 1413 3876 suo
1445 3821 1738 3876 adversum
1787 3836 1846 3877 se
1874 3822 2172 3892 appropin-

577 3923 837 3986 quantem
859 3955 875 3981 ,
920 3912 1164 3970 collectis
1205 3911 1352 3968 illico
1377 3912 1744 3969 tabernaculis
1769 3913 1920 3981 suis,
1969 3913 2172 3968 bellum

576 4003 790 4058 evitans
818 4001 1041 4072 refugus
1066 4001 1124 4056 in
1151 4016 1252 4058 sua
1273 4003 1519 4058 recessit.
1548 4001 1724 4070 Quem
1751 4018 1876 4059 cum
1904 4019 2001 4075 per
2025 4005 2171 4061 duos

579 4093 698 4149 dies
725 4108 822 4149 rex
847 4093 1128 4148 insecutus
1156 4092 1383 4160 fuisset,
1415 4108 1517 4149 nec
1541 4092 1744 4150 bellare
1770 4110 1896 4151 cum
1943 4111 2009 4150 eo
2040 4111 2174 4167 gens

582 4184 679 4240 illa
711 4184 974 4252 auderet,
1013 4199 1268 4241 reversus
1297 4193 1381 4241 est
1423 4186 1493 4240 ad
1532 4187 1820 4241 castellum
1866 4187 2171 4256 quoddam,

580 4277 728 4348 quod
754 4277 823 4332 ad
845 4286 1239 4334 nocumentum
1279 4285 1532 4334 nostrum
1561 4293 1708 4333 anno
1737 4279 2013 4348 praeterito
2037 4277 2173 4334 Tul-

579 4370 876 4440 dequinus,
911 4386 1008 4426 rex
1051 4369 1330 4439 Damasci,
1361 4371 1609 4428 construi
1664 4369 1899 4436 fecerat,
1951 4371 2099 4443 quod
2141 4388 2174 4428 a

2267 3275 2518 3336 prompte
2550 3264 2835 3335 equitavit.
2885 3262 2990 3320 Sed
3027 3265 3156 3335 quia
3197 3281 3331 3336 gens
3374 3265 3465 3320 illa
3519 3265 3756 3321 Parthica
3781 3264 3822 3317 iu

2267 3361 2552 3432 procinctu
2590 3360 2676 3414 vel
2715 3369 2979 3430 apparatu
3022 3360 3217 3416 bellico
3243 3362 3532 3416 moraliter
3583 3375 3820 3430 nunqua

2270 3453 2334 3514 in
2364 3453 2559 3509 eodem
2603 3461 2750 3508 statu
2800 3461 3182 3524 permanentes
3233 3461 3407 3525 (nunc
3456 3457 3612 3512 enim
3660 3456 3822 3516 visum.

2270 3567 2417 3607 nunc
2469 3543 2696 3611 dor-sem
2744 3545 3140 3608 obsistentibus
3178 3547 3438 3616 Opinione
3480 3549 3712 3604 celerius
3734 3561 3824 3600 rer-

2272 3652 2412 3710 tunt,
2445 3652 2500 3698 et
2534 3653 2728 3714 praeter
2777 3659 2927 3715 Spem
2959 3639 3218 3700 simulate
3263 3638 3505 3716 ﬁcium,
3552 3651 3612 3700 et

2269 3735 2556 3806 repentino
2583 3735 2894 3806 impetum),
2913 3753 3028 3791 non
3055 3752 3116 3792 se
3143 3737 3210 3791 ad
3238 3737 3558 3792 bellandum
3589 3737 3694 3792 cito
3712 3744 3828 3805 apta-

2271 3835 2484 3893 verunt,
2517 3825 2614 3881 sed
2635 3841 2989 3898 congressum
3016 3828 3233 3897 penitus
3251 3828 3594 3896 vitaverunt,
3616 3836 3669 3884 et
3691 3827 3830 3883 taliter

2271 3927 2372 3969 ceu
2413 3915 2545 3971 victi
2589 3916 2994 3972 abscesserunt.
3049 3916 3402 3972 Benedictum
3449 3933 3594 3989 ergo
3624 3919 3692 3972 sit
3731 3933 3831 3971 san-

2273 4004 2636 4062 sanctissimte
2657 4015 2712 4062 et
2740 4007 3034 4063 Dominica:
3060 4008 3242 4064 crucis
3266 4008 3563 4074 vexillum,
3597 4017 3651 4064 et
3671 4008 3832 4076 ubique

2273 4098 2533 4155 omnibus
2578 4099 2896 4154 orthodoxis
2925 4115 3168 4168 praesens
3207 4099 3550 4169 subsidium,
3579 4101 3682 4156 sub
3707 4101 3833 4168 cujus

2257 4189 2611 4258 protectione
2632 4191 3069 4247 etconsolatione
3083 4190 3269 4248 fideles
3301 4194 3537 4260 muniti,
3569 4193 3688 4248 sine
3706 4192 3835 4248 detri-

2275 4288 2462 4336 mento
2486 4281 2671 4352 aliquo
2691 4282 3040 4338 Christianos
3079 4292 3300 4340 nostros
3336 4283 3408 4339 ad
3453 4299 3570 4340 sua
3611 4282 3836 4341 concessit

2279 4373 2518 4443 regredi!
2558 4372 2638 4429 Illi
2671 4375 2922 4445 equidem
2951 4374 3018 4428 10
3050 4375 3220 4430 millia
3248 4377 3518 4432 aestimati
3567 4387 3695 4433 sunt
3729 4373 3841 4429 milia

579 4461 820 4518 Jordane
884 4464 1224 4521 aestimamus
1290 4463 1602 4534 discrepare
1655 4461 1725 4517 16
1773 4463 2065 4523 milliaeiis.
2118 4462 2177 4519 1d
2205 4469 2417 4531 Dtum,
2466 4467 2639 4520 nostri
2686 4480 2831 4519 vero
2875 4464 3032 4532 1200,
3066 4466 3272 4536 absque
3300 4466 3464 4537 globo
3503 4469 3760 4538 peditum.
3793 4463 3842 4516 Et

579 4571 678 4611 rex
706 4555 953 4624 obsedit,
980 4555 1252 4618 machinis
1280 4555 1554 4622 coercuit,
1579 4555 1630 4610 vi
1656 4556 2022 4626 expugnavit,
2050 4557 2175 4612 red-

580 4646 756 4703 ditum
809 4648 1034 4718 recepit.
1074 4646 1246 4719 Cujus
1288 4647 1545 4704 custodes
1589 4655 1644 4702 et
1701 4655 2062 4716 protectores,
2105 4648 2175 4703 40

576 4737 1091 4806 videlicetTurcos,
1141 4739 1246 4794 sub
1271 4746 1474 4793 statuta
1505 4737 1815 4793 conditione
1839 4738 1992 4794 vivos
2025 4738 2176 4794 abire

579 4831 862 4902 permisit,
918 4839 972 4886 et
1007 4830 1268 4901 oppidum
1312 4828 1508 4884 deinde
1546 4828 1613 4883 ad
1639 4829 1817 4884 solum
1843 4845 2016 4900 usque
2046 4845 2175 4900 pro-

579 4924 790 4979 stravit.
822 4921 1011 4978 Jarras
1058 4921 1344 4976 nominant
1385 4920 1491 4975 hoc
1521 4928 1764 4975 castrum
1801 4921 2041 4992 regionis
2090 4921 2174 4978 in-

581 5017 744 5082 colae,
768 5013 917 5085 quod
936 5013 1094 5085 juxta
1117 5011 1392 5067 civitatem
1427 5012 1722 5082 quamdam
1768 5012 2092 5068 mirabiliter
2119 5022 2173 5069 et

489 5155 498 5168 ,
581 5107 819 5176 gloriose
854 5104 967 5160 situ
1013 5103 1139 5158 forti
1187 5103 1489 5173 antiquitus
1537 5102 1852 5170 fundatum,
1899 5105 2172 5175 lapidibus

581 5197 799 5265 magnis
828 5204 882 5249 et
921 5193 1149 5264 quadris
1193 5193 1321 5249 illuc
1375 5203 1618 5249 erectum
1670 5202 1807 5248 erat.
1849 5191 1954 5249 Ubi
1986 5202 2168 5250 autem

584 5283 854 5353 comperit
886 5299 983 5338 rex
1026 5298 1137 5339 non
1181 5284 1299 5339 sine
1344 5284 1608 5356 gravitate
1656 5299 1852 5355 magna
1901 5282 2170 5350 obtineri,

582 5392 686 5432 nec
727 5375 848 5432 sine
885 5377 1198 5433 difﬁcultate
1236 5387 1395 5450 gente
1426 5388 1480 5434 et
1505 5378 1778 5434 alimentis
1807 5387 1870 5433 ut
1898 5387 2176 5448 Oporteret

583 5483 749 5538 posse
791 5469 1024 5538 muniri,
1069 5470 1234 5541 jussit
1262 5472 1395 5528 illud
1442 5471 1621 5540 dirui,
1656 5480 1714 5527 et
1755 5485 1948 5526 omnes
1975 5471 2043 5526 ad
2073 5486 2172 5526 sua

585 5558 823 5630 regredi.
849 5558 976 5616 Hac
999 5561 1127 5617 olim
1153 5563 1288 5620 urbs
1316 5560 1550 5635 insignis
1579 5561 1685 5617 fuit
1729 5562 1782 5617 in
1806 5561 2006 5617 Arabia
2024 5603 2040 5630 ,
2067 5561 2174 5618 Ge-

587 5665 716 5707 sara
738 5652 1054 5722 nominata,
1100 5657 1275 5714 monti
1323 5657 1552 5716 Galaath
1595 5657 1888 5730 adjuncta,
1929 5656 1986 5711 in
2026 5654 2172 5713 tribu

584 5740 858 5805 lauasset
884 5745 1147 5804 instituta.

2277 4568 2403 4609 cum
2434 4569 2608 4624 usque
2637 4552 2899 4624 Tripolim
2948 4569 3056 4610 una
3089 4570 3214 4610 cum
3257 4568 3422 4610 cruce
3459 4555 3750 4612 Dominica
3777 4568 3842 4606 re

2278 4657 2514 4703 measset
2539 4663 2656 4714 rex,
2681 4656 2804 4702 orto
2839 4648 3077 4719 negotio,
3122 4662 3248 4703 cum
3276 4647 3597 4718 aliquantis
3632 4659 3842 4704 reversus

2275 4747 2360 4795 est
2384 4738 2756 4794 Antiochiam.
2776 4738 2843 4794 Et
2863 4740 2944 4796 sic
2967 4738 3252 4795 Dominica
3282 4755 3420 4795 crux
3448 4741 3518 4797 in
3539 4740 3842 4798 Hierusalem

2277 4829 2480 4896 delata,
2510 4846 2640 4905 cum,
2677 4831 2874 4900 gaudio
2919 4845 3116 4900 magno
3153 4830 3209 4884 in
3260 4829 3385 4885 loco
3433 4846 3562 4889 suo
3601 4849 3708 4887 xvn
3751 4828 3842 4883 lial.

2278 4918 2531 4976 Octobris
2565 4921 2865 4980 honorifice
2890 4931 2971 4977 est
3002 4922 3258 4991 reposita.

2351 5013 2591 5084 Tempus
2620 5022 2738 5068 erat
2775 5028 2886 5083 quo
2917 5012 3079 5068 Libra
3107 5028 3270 5082 pares
3297 5016 3654 5071 exterminat
3679 5015 3836 5069 horas.

2419 5082 2552 5138 Tam
2586 5082 2815 5138 numero
2839 5083 2996 5153 parili
3027 5099 3190 5153 quam
3218 5085 3400 5154 spatio
3433 5086 3645 5141 simili.

2874 5197 3102 5254 CAPUT
3142 5197 3259 5254 XII.

2661 5287 2737 5342 De
2763 5289 2952 5343 comite
2986 5287 3252 5343 Edessena
3295 5299 3483 5360 capto.

2351 5378 2560 5434 Interea
2587 5387 2778 5448 captus
2816 5387 2899 5433 est
2942 5377 3265 5435 Coscelinus
3316 5395 3519 5438 comes
3543 5382 3842 5444 Edessena,

2280 5470 2732 5544 Galerannusqne
2762 5487 2886 5526 cum
2932 5487 2998 5526 eo
3048 5480 3316 5542 cognatus
3350 5474 3506 5545 ejus,
3543 5471 3842 5541 interemptis

2279 5565 2498 5634 quidem
2529 5565 2596 5619 de
2621 5564 2738 5620 suis
2759 5578 2866 5618 non
2894 5563 3078 5618 minus
3097 5579 3266 5634 quam
3293 5574 3554 5622 centum.
3587 5567 3733 5635 Quos
3753 5563 3842 5634 qur

2279 5655 2404 5710 dem
2449 5655 2611 5711 Baiae
2664 5655 2998 5710 admiraldus
3037 5655 3262 5726 quidam
3305 5666 3424 5715 tam
3475 5661 3688 5716 astutia
3716 5667 3842 5728 quam

2280 5747 2494 5803 insidiis
2523 5747 2744 5803 molitus
2770 5745 3066 5814 intercepit.
