3804 6312
53 335 134 393 909
735 328 1108 388 FULCIIERII
1141 329 1441 389 CARNOT.
1481 330 1658 388 HIST.
1701 330 2066 408 HIEROSOL.
2105 367 2176 378 —-
2211 336 2340 394 LIB.
2378 338 2465 395 III.

50 448 168 504 Finit
187 455 238 502 et
258 445 340 502 hic
365 459 726 518 annusgquam
755 446 850 516 qui
887 447 1170 516 praecessit
1195 447 1412 518 opimus

48 518 277 599 [regibus
299 515 594 599 omnigenis
617 515 959 586 quacunque
981 515 1260 599 metuntur
1287 519 1344 574 in
1373 518 1537 575 arvis.

47 587 272 642 Triticeus
295 587 508 641 modius
534 599 630 655 pro
664 603 890 642 nummo
914 587 1168 643 venditur
1197 605 1362 655 unus,

47 659 130 728 Seu
156 656 497 728 quadragiuta
512 657 610 728 qui
640 657 770 728 vult,
785 673 1015 727 pensare
1040 659 1339 714 numisma.

45 715 594 798 'l’unc'nequevParth‘ia
614 742 717 782 nec
741 715 1040 799 Babylonia
1061 729 1200 785 bella
1230 729 1499 785 movebat.

589 814 820 887 CAPUT
857 817 996 873 xm.

211 908 283 962 De
315 923 442 978 pace
483 909 622 963 inter
653 925 848 980 papam
875 919 927 964 et
963 910 1352 982 imperatorem.

92 1001 228 1054 Anno
249 1001 312 1055 ab
339 1007 463 1056 ortu
493 999 715 1057 Domini
738 1001 900 1068 1125,
936 1003 1232 1060 indictione
1257 1021 1298 1073 ι,
1325 1020 1424 1061 rex
1444 1005 1572 1062 Ale-

40 1094 234 1148 manniae
253 1092 516 1150 Henricus
545 1109 671 1150 cum
693 1110 834 1166 papa
855 1094 1074 1152 Calixto
1093 1096 1432 1168 paciﬁcatur.
1459 1096 1572 1154 Deo

39 1184 220 1254 gratias,
259 1184 380 1254 quia
425 1199 660 1257 regnum
709 1198 763 1242 et
796 1187 1163 1244 sacerdotium
1197 1187 1255 1244 in
1283 1189 1572 1247 dilectione

37 1275 446 1332 eonfmderautur.

575 1368 806 1427 CAPUT
838 1371 981 1428 XIV.

61 1458 121 1512 De
153 1457 388 1514 Venetici:
431 1460 775 1519 Hierusalem
801 1481 1086 1536 properare
1114 1467 1532 1538 disponentibus.

87 1547 256 1604 Eodem
282 1565 427 1606 anno
460 1550 874 1612 Venetici'cum
902 1557 1123 1630 navigio
1143 1574 1345 1630 magno
1370 1559 1426 1615 in
1475 1558 1570 1632 Sy-

34 1646 139 1700 riam
172 1647 412 1719 navigare
443 1651 710 1706 commoti
742 1661 890 1721 sunt,
935 1663 996 1709 ut
1023 1652 1364 1712 Hierusalem
1393 1665 1450 1712 et
1482 1672 1568 1713 re-

33 1739 203 1808 gionem
227 1739 273 1795 ei
295 1740 638 1811 adiacentem
673 1744 1084 1802 Christianismi
1121 1747 1343 1803 utilitati
1381 1756 1437 1804 et
1475 1763 1567 1804 ex-

33 1830 248 1898 altationi,
277 1833 582 1904 opitulante
631 1835 762 1904 Deo,
810 1838 1226 1909 ampliﬁcarent.
1272 1839 1378 1908 Qui
1417 1856 1564 1898 anno

33 1921 299 1989 praecedenti
345 1925 412 1980 de
463 1935 616 1983 terra
674 1942 775 1984 sua
824 1931 1052 2000 egressi,
1093 1931 1150 1986 in
1190 1931 1401 2000 insula,
1441 1949 1566 2004 quae

32 2010 206 2084 Curpho
231 2029 598 2089 nuncupatur,
629 2029 848 2094 tempus
893 2033 1273 2095 exspectantes
1311 2036 1564 2098 opportu-

28 2119 130 2158 uuln
173 2109 447 2182 navigandi
500 2112 908 2172 hiemaverunt.
968 2117 1174 2174 Classis
1223 2119 1424 2191 quippe
1467 2135 1564 2176 eo-

31 2209 121 2251 rum
146 2199 234 2254 {20
262 2204 477 2260 navium
531 2204 658 2274 fuit,
685 2209 927 2280 exceptis
971 2210 1176 2266 carinis
1197 2211 1283 2267 vel
1319 2211 1558 2280 earabis,

29 2305 213 2361 quarum
243 2293 356 2350 alia:
395 2296 626 2367 quidem
655 2308 928 2367 rostratae,
973 2300 1094 2358 alia:
1138 2311 1397 2370 oneratae,
1441 2304 1564 2360 aliae

29 2397 126 2438 vero
170 2385 400 2444 triremes
455 2387 703 2446 fuerunt.
763 2389 1022 2447 Triformi
1070 2394 1292 2464 quidem
1353 2393 1562 2451 fabrica

29 2487 267 2546 compactae
296 2489 440 2536 sunt.
491 2480 556 2537 In
591 2482 794 2554 quibus
834 2483 1094 2540 materies
1128 2485 1402 2557 lignorum
1441 2503 1560 2542 ma-

29 2581 118 2636 gna
158 2571 482 2640 proceritatis
537 2573 798 2644 imposita
831 2591 942 2640 non
963 2575 1182 2632 defuit:
1220 2577 1365 2634 unde
1408 2593 1561 2634 com-

27 2659 176 2726 positis
201 2663 263 2718 ab
286 2665 595 2722 artiﬁcibus
617 2668 896 2738 sapienter
934 2667 1226 2736 machinis,
1255 2685 1445 2726 muros
1471 2685 1560 2726 ur-

27 2749 141 2806 bium
165 2755 404 2814 sublimes
429 2759 734 2815 ascendere
767 2768 823 2815 et
855 2761 1318 2832 comprehendere
1343 2771 1549 2833 posset.

575 2851 807 2908 CAPUT
841 2853 960 2908 XV.

305 2941 419 3010 Quo
447 2953 682 3015 tempore
700 2946 804 3001 iter
829 2949 1188 3019 arripuerunt.

76 3025 212 3096 Igitur
236 3031 522 3104 postquam
554 3051 725 3091 verno
744 3045 993 3108 tempore
1021 3046 1312 3110 patescunt
1337 3038 1440 3095 via:
1468 3055 1557 3095 ra-

3159 351 3264 407 9i0

1602 453 1654 514 Α
1681 448 1738 504 in
1772 451 1963 506 urbem
1988 451 2400 522 Ptolemaidam,
2435 457 2724 515 consilium
2760 465 2973 533 capturi
3001 467 3133 537 quid
3178 468 3263 524 fa-

1679 552 1768 599 cto
1803 559 1942 614 opus
1967 555 2129 602 esset.
2163 545 2230 602 Et
2267 548 2549 621 elegerunt
2580 559 2636 607 et
2678 556 3079 615 constituerunt
3108 569 3265 618 terra

1677 629 1796 686 fore
1809 633 2093 689 custodem
2108 643 2162 690 et
2177 645 2564 706 praeceptorem
2576 638 2930 698 Eustachium
2947 649 3262 718 quemdam,

1677 720 1959 777 hominem
1989 724 2222 793 probum
2261 735 2317 780 et
2363 729 2610 786 moribus
2654 733 2972 803 honestum,
3008 737 3104 807 qui
3134 747 3266 795 tunc

1676 808 1982 868 Caesaream
2038 815 2354 884 possidebat
2386 826 2440 874 et
2493 817 2771 878 Sidonem.
2826 823 2941 881 Hoc
2991 829 3261 898 siquidem

1675 903 1987 973 patriarcha
2035 904 2564 980 Hierosolymitanus
2598 929 2707 968 una
2738 929 2862 970 cum
2907 919 3265 988 optimatibus

1675 1003 1836 1053 terrae
1861 996 2014 1054 illius
2041 999 2270 1055 dictavit
2316 1009 2372 1056 et
2395 1004 2566 1059 teneri
2591 1006 2829 1063 decrevit
2853 1027 2866 1063 :
2899 1019 3176 1082 quotenus
3195 1014 3264 1068 de

1676 1103 1803 1160 rege
1849 1099 2010 1160 capto
2049 1092 2128 1146 rei
2174 1093 2380 1148 exitum
2432 1105 2641 1152 certum
2689 1099 2957 1156 audirent.
3010 1101 3088 1158 Ita
3119 1103 3264 1161 Maio

1673 1194 1865 1236 mense
1889 1182 2180 1250 mediante,
2213 1200 2339 1240 eum
2360 1187 2473 1258 jam
2504 1189 2906 1249 audivissemus
2934 1193 3263 1267 Babylonios

1669 1272 1997 1331 Ascalonem
2024 1292 2201 1349 usque
2227 1273 2558 1352 pervenisse,
2588 1281 3264 1358 bipartitotexercitu,ter-

1671 1369 1833 1424 restri
1861 1370 2112 1427 videlicet
2150 1371 2346 1428 itinere
2376 1382 2541 1444 atque
2577 1378 2814 1446 marino,
2854 1390 3157 1452 praeparata
3194 1382 3264 1438 li-

1669 1461 1847 1518 burna
1903 1464 2089 1520 statim
2135 1465 2418 1536 agillima,
2463 1475 2774 1525 statuerunt
2819 1472 3146 1544 legationem
3191 1475 3263 1531 ad

1671 1551 2056 1612 Venetieorum
2107 1557 2339 1614 classem
2386 1557 2726 1629 mittendam,
2757 1563 3097 1621 exhortando
3136 1581 3262 1636 pre-

1669 1655 1860 1703 cantes
1915 1654 1978 1701 ut
2017 1648 2297 1719 negotium
2341 1647 2640 1724 incoeptum
2690 1653 2994 1710 accelerato
3044 1656 3262 1728 navigio

1669 1738 1832 1796 nobis
1855 1737 2099 1810 adjuturi
2123 1751 2532 1798 succurrerent.

2239 1850 2469 1908 CAPUT
2505 1853 2651 1908 XVII

1667 1940 1821 2008 Quod
1857 1943 2050 1997 iterum
2094 1942 2394 2016 Joppitaza
2439 1945 2755 2016 Babyloniis
2788 1957 2911 2002 sunt
2947 1949 3165 2015 obsessi,
3209 1958 3260 2002 et
3363 1995 3371 2003 .

2264 2015 2418 2070 valde
2452 2015 2654 2087 afﬂicti.

1734 2105 2019 2178 Babylonii
2043 2115 2228 2163 autem
2256 2109 2477 2180 navigio
2506 2125 2608 2165 suo
2635 2109 2864 2182 Joppem
2890 2112 3186 2180 irruentes,
3205 2120 3262 2169 et

1663 2197 1732 2254 de
1759 2199 1990 2256 navibus
2033 2201 2344 2270 pompatice
2377 2216 2502 2256 cum
2540 2201 2746 2274 ingenti
2781 2205 2964 2261 sonitu
2989 2221 3258 2262 aerearum

1662 2288 1920 2344 tubarum
1947 2290 2283 2359 exsilientes,
2315 2292 2507 2348 urbem
2553 2294 2838 2352 obsidione
2875 2297 3254 2354 circumdede-

1660 2391 1810 2437 runt.
1844 2381 1911 2438 Et
1939 2383 2400 2440 machinamentis
2432 2385 2548 2440 suis
2588 2394 2643 2441 et
2683 2385 3085 2458 instrumentis,
3134 2405 3260 2461 quae

1659 2471 1715 2527 in
1746 2473 1980 2530 navibus
2022 2474 2328 2546 maioribus
2369 2477 2687 2545 attulerant,
2736 2479 3002 2536 continuo
3031 2482 3253 2550 erectis,

1660 2565 1853 2622 urbem
1879 2567 2124 2638 undique
2145 2564 2494 2635 assilierunt,
2518 2578 2572 2630 et
2596 2584 2698 2640 pro
2749 2572 3048 2628 valitudine
3069 2575 3258 2631 nescia

1653 2661 1868 2734 lapides
1897 2664 2204 2734 torquendo
2224 2665 2574 2720 cohibebant.
2603 2665 2777 2721 Erant
2805 2668 2952 2723 enim
2982 2676 3257 2725 tormenta

1657 2755 2104 2823 vehementiora,
2153 2757 2356 2828 quibus
2403 2758 2549 2813 ultra
2593 2758 2804 2829 iactum
2856 2760 3068 2832 sagittae
3122 2777 3258 2818 saxa

1661 2849 2007 2919 torquebant.
2058 2848 2276 2905 Pedites
2329 2865 2525 2921 nempe
2552 2850 2783 2919 Arabes,
2824 2853 2910 2908 vel
2943 2851 3252 2924 IEthiopes,

1658 2955 1800 3011 quos
1829 2956 2018 2997 secum
2048 2941 2412 3008 adduxerunt,
2438 2958 2564 2998 eum
2601 2944 2838 2998 militum
2881 2958 3047 3001 manu
3074 2945 3257 3002 assul-

1659 3039 1776 3086 tum
1811 3033 2072 3104 grandem
2104 3033 2316 3089 civibus
2343 3033 2563 3089 dabant.
2616 3033 2725 3090 Alii
2752 3036 2881 3103 tela,
2927 3037 3020 3092 alii
3045 3037 3254 3108 lapides

26 3115 150 3184 tibus,
170 3124 300 3191 quod
329 3123 438 3181 Deo
457 3127 561 3183 diu
585 3127 920 3185 devoverant
948 3131 1166 3200 explere
1202 3145 1312 3185 non
1343 3138 1557 3201 torpue-
1583 3160 1628 3222 Ο
1659 3115 1744 3179 vel
1779 3123 2009 3195 sagittas
2037 3124 2332 3196 utrobique
2355 3124 2653 3197 jaciebant.
2703 3126 2926 3184 Interim
2951 3138 3134 3185 autem
3164 3141 3271 3186 ex-'

26 3218 135 3265 runt.
165 3211 220 3269 Et
244 3215 434 3274 viauco
466 3219 654 3274 navali
685 3221 904 3277 abunde
929 3222 1036 3278 sibi
1069 3229 1397 3292 praeparato,
1429 3237 1555 3278 cum
1588 3211 1628 3222 “
1663 3221 1849 3270 ternos
1879 3215 2088 3272 crebris
2140 3211 2340 3273 ictibus
2375 3217 2677 3288 saepissime
2715 3219 3097 3289 trucidabant;
3151 3237 3255 3294 pro

25 3304 210 3372 tuguria,
237 3307 289 3363 in
313 3310 518 3380 quibus
547 3311 728 3368 hieme
749 3313 1166 3384 conquiverant,
1191 3315 1560 3371 communiter

28 3399 398 3472 surcendissent,
431 3407 900 3477 concrepantibus
925 3408 1074 3464 tubis
1113 3409 1554 3479 quamplurimis,

24 3486 218 3556 carbasa,
246 3491 335 3549 Dei
352 3495 614 3553 invocato
630 3498 856 3567 auxilio,
878 3500 1175 3571 gaudenter
1198 3499 1560 3570 displicantur

24 3583 62 3628 et
80 3573 336 3640 elevantur.
363 3585 549 3646 Naves
577 3600 784 3657 autem,
807 3605 931 3661 quae
965 3591 1250 3666 coloribus.
1266 3591 1436 3648 variis
1467 3593 1556 3662 pi-

23 3682 200 3732 cturata:
220 3690 386 3749 erant,
418 3684 717 3754 splendore
758 3685 930 3741 nimio
975 3695 1388 3757 prospectantes
1421 3687 1556 3744 satis

23 3765 318 3840 delectabant,
355 3777 562 3846 quibus
601 3785 682 3832 ter
705 3777 874 3848 quina
903 3778 1185 3834 hominum
1217 3787 1555 3835 armatorum

23 3858 150 3915 millia
173 3872 268 3920 tam
298 3867 362 3922 de
390 3866 670 3926 Veneticis
692 3884 857 3940 quam
889 3871 1193 3942 peregrinis
1226 3871 1330 3928 sibi
1361 3872 1556 3942 adjun-

24 3950 97 4005 clis
126 3954 330 4012 inerant.
365 3957 547 4015 Porro
577 3975 750 4030 equos
781 3976 969 4017 secum
1000 3961 1106 4016 500
1126 3963 1548 4018 conveniebant.

23 4036 164 4111 Itaque
180 4045 336 4104 Borea
368 4057 504 4107 tunc
537 4051 734 4107 leniter
762 4052 1060 4122 aspirante,
1100 4061 1329 4123 pontum
1351 4053 1553 4110 decen-

24 4132 184 4192 tissime
211 4141 500 4211 sulcantes,
535 4159 760 4199 cursum
792 4161 952 4200 suum
1001 4159 1196 4200 versus
1236 4144 1551 4201 Mothonen

24 4222 210 4297 dirigunt
232 4231 462 4290 Rodum.
505 4234 572 4291 Et
598 4237 728 4306 quia
759 4251 984 4292 necesse
1011 4246 1128 4292 erat
1154 4246 1214 4291 ut
1255 4237 1420 4293 simul
1453 4253 1554 4294 nec

27 4319 208 4382 sparsim
255 4322 598 4390 incederent,
631 4325 818 4382 ﬂabris
866 4326 1032 4381 etiam
1077 4325 1348 4382 interdum
1389 4327 1552 4383 alter;

25 4409 246 4478 nantibus,
271 4430 336 4470 ne
369 4417 414 4472 si
446 4418 676 4488 provide
701 4418 804 4472 iter
834 4433 996 4473 suum
1031 4419 1428 4488 modiﬁcarent,
1456 4421 1550 4476 alii

1661 3321 1722 3361 se
1742 3307 1890 3362 enim
1918 3307 2152 3363 viriliter
2180 3309 2515 3380 pugnabant.
2542 3309 2828 3382 [Ethiopes
2850 3313 3070 3384 quidem
3097 3316 3252 3371 anci-

1660 3394 1732 3450 lia
1761 3405 2008 3454 tenentes
2038 3398 2094 3453 in
2122 3400 2401 3468 manibus,
2429 3416 2487 3456 se
2536 3402 2661 3457 inde
2693 3404 2947 3474 tegebant
2975 3414 3030 3460 et
3069 3415 3246 3476 prote-

1660 3493 1876 3564 gebant.
1931 3493 2187 3550 Mulieres
2235 3510 2366 3550 vero
2411 3496 2623 3554 ciVIbus
2673 3498 2829 3554 valde
2876 3499 3252 3558 laborantibus

1659 3584 1896 3653 gratuito
1927 3599 2143 3656 semper
2165 3594 2366 3656 praesto
2388 3585 2611 3642 fuerunt
2635 3587 2971 3658 adiumento.
3001 3591 3135 3646 Aliae
3165 3592 3265 3650 la-.

1657 3671 1811 3742 pides
1843 3673 2359 3740 subministrabant,
2394 3674 2516 3730 aliae
2539 3689 2670 3730 vero
2693 3691 2893 3746 aquam
2925 3679 3076 3748 potui
3109 3695 3252 3749 pra:-

1658 3765 1878 3821 bebant.
1917 3766 2168 3840 Cumque
2193 3784 2412 3823 murum
2433 3766 2723 3825 Sarraceui
2751 3787 2848 3842 per
2866 3774 3110 3844 quinque
3131 3775 3249 3831 dies

1652 3846 1766 3925 jam
1795 3857 2194 3928 aliquantulum
2225 3858 2604 3924 laesissent,-et
2632 3860 2812 3917 minas
2845 3862 3080 3934 desuper
3105 3865 3248 3920 dila-

1657 3947 1897 4016 pidando
1933 3948 2120 4017 plures
2158 3949 2476 4016 diruissent,
2514 3952 2704 4008 audito
2751 3955 2988 4011 adventu
3031 3965 3262 4018 nostroo.

1657 4054 1778 4092 rum
1825 4039 1918 4110 qui
1977 4040 2059 4095 eis
2105 4043 2576 4112 approximabant,
2629 4044 2972 4116 signiﬁcante
3013 4047 3263 4105 buccina:

1656 4138 1932 4186 certamen
1957 4131 2304 4201 dimiserunt,
2331 4144 2386 4190 et
2416 4136 2859 4208 machinamenta
2888 4154 2987 4194 sua
3013 4139 3248 4196 frustra-

1657 4225 1754 4279 tim
1786 4225 1841 4279 in
1868 4240 2035 4281 naves
2061 4235 2495 4296 reportaverunt.
2531 4228 2688 4296 Quod
2712 4230 2758 4286 si
2781 4230 2990 4288 diutius
3015 4233 3089 4289 ibi
3118 4249 3257 4291 mo-I

1655 4322 1766 4377 rari
1796 4323 2078 4389 auderent,
2103 4324 2294 4394 procul
2319 4325 2486 4380 dubio
2513 4326 2788 4382 civitatem
2823 4329 3256 4399 comprehende—'

1653 4423 1796 4471 rent.
1815 4414 1983 4471 Pauci
2006 4425 2189 4472 autem
2207 4425 2382 4484 erant,
2396 4417 2490 4488 qui
2509 4419 2804 4474 tuebantur
2819 4435 2961 4475 eam.
2987 4419 3248 4492 Jamjam-

25 4495 75 4550 ab
94 4501 196 4559 aliis
211 4506 311 4570 cito
334 4509 732 4580 discreparent,
764 4519 1049 4581 pr0pterea
1077 4510 1272 4568 diebus
1295 4512 1554 4570 brevibus
1581 4499 1632 4560 D
1656 4524 1763 4578 que
1786 4510 2006 4565 locatim
2030 4497 2250 4565 murum
2275 4510 2760 4580 eireuml‘oderant,
2787 4522 2850 4568 ut
2881 4529 2978 4584 spe
3003 4515 3246 4572 velocius

25 4587 89 4644 die
111 4609 202 4650 non
233 4610 387 4658 noete
429 4603 788 4670 veliﬁcantes,
829 4603 1078 4674 portibus
1114 4601 1430 4674 frequenter
1467 4604 1552 4660 in-

25 4689 158 4744 ventis
177 4697 475 4752 necessario
519 4698 768 4769 quotidie
808 4697 1172 4768 applicabant,
1201 4714 1271 4754 ne
1315 4699 1554 4771 regentis

25 4789 144 4844 “inte
181 4789 448 4854 penuriam
501 4791 792 4862 patientes,
841 4798 952 4846 tam
995 4791 1102 4863 ipsi
1151 4807 1318 4862 quam
1358 4807 1550 4848 eorum

25 4869 118 4936 equi
142 4869 220 4928 siti
241 4889 610 4948 gravarentur.

550 4991 782 5050 CAPUT
815 4993 958 5051 XVI.

27 5065 144 5131 Quod
175 5092 256 5132 rex
278 5079 575 5138 Balduinus
603 5086 674 5140 sit
699 5094 970 5169 captus,et
993 5084 1311 5142 Eustachius
1333 5087 1550 5159 quidam

484 5172 578 5225 pro
598 5173 656 5211 ρο
683 5165 1023 5212 constitutus.

79 5227 248 5292 Eodem
287 5249 524 5314 tempore
556 5247 784 5320 contigit
823 5241 1152 5304 Balduinum
1192 5263 1373 5320 regem
1419 5245 1549 5306 Hie-

28 5324 372 5396 rosolymorum
411 5337 551 5407 capi.
585 5337 749 5395 Balac
777 5339 946 5407 enim,
979 5341 1075 5411 qui
1115 5349 1272 5396 antea
1307 5339 1550 5398 Goseeli-

29 5421 128 5498 llum
165 5416 619 5498 Galerannumque
659 5439 898 5498 ceperat,
940 5429 1088 5485 hunc
1122 5430 1286 5485 etiam
1336 5446 1446 5486 non
1493 5432 1551 5486 in

31 5497 110 5556 hoc
133 5506 249 5565 bene
281 5497 576 5586 providum,
606 5521 700 5576 sed
725 5497 1062 5592 imparatum
1099 5522 1548 5592 comprehendit;

29 5603 115 5682 9“
136 5599 251 5656 ³⁵⁵³ίῖ
273 5609 492 5677 Paganis
513 5611 831 5682 jucundius,
861 5613 997 5668 nihil
1017 5612 1346 5670 Christianis
1365 5613 1549 5670 horri-

31 5679 177 5744 bilius.
204 5692 482 5769 Postquam
507 5679 708 5773 rumor
735 5679 837 5761 iste
862 5721 1040 5776 usque
1067 5706 1135 5760 ad
1175 5720 1280 5762 nos
1319 5706 1376 5761 in
1419 5705 1548 5763 Hie—

34 5780 224 5839 rusalem
243 5788 464 5848 diﬂ'usus
489 5805 586 5865 est,
615 5807 896 5873 venerunt,
925 5813 1116 5854 omnes
1143 5799 1198 5853 in
1228 5799 1547 5856 concionem

1653 4615 1778 4654 eum
1815 4610 2182 4671 penetrarent.
2224 4601 2433 4658 Classis
2462 4603 2664 4675 quippe
2695 4619 2890 4660 eorum
2921 4604 2992 4660 80
3022 4607 3254 4670 navium,

1654 4687 1777 4744 fuit.

2213 4801 2444 4860 CAPUT
2483 4805 2672 4860 XVIII.

1657 4893 1736 4949 De
1789 4894 1922 4950 bella
1963 4905 2014 4950 et
2069 4897 2291 4951 victoria
2323 4897 2757 4982 Christianorum
2795 4895 3001 4950 auxilio
3044 4908 3244 4953 sam-tte

2349 4983 2543 5022 σταίη.
2571 5019 2574 5022 .

1723 5059 1865 5116 Cum
1889 5060 2055 5132 igitur
2101 5060 2361 5116 damnum
2410 5058 2699 5114 imminere
2741 5073 2878 5129 gens
2923 5068 3111 5114 nostra
3145 5074 3244 5129 per

1655 5153 1964 5226 rumigeros
1985 5152 2288 5217 didicisset,
2323 5151 2378 5206 in
2409 5165 2580 5210 unum
2607 5165 2812 5220 corpus
2838 5147 3080 5219 undique
3110 5166 3244 5207 con-

1654 5247 1882 5319 gregati,
1908 5252 2034 5302 ante
2061 5243 2344 5300 castellum
2379 5241 2680 5314 quoddam,
2721 5241 2870 5312 quod
2894 5240 3117 5299 Chacho
3152 5247 3241 5300 tn-

1650 5339 1786 5395 eolae
1811 5337 2054 5409 regionis
2097 5334 2405 5401 nominant,
2451 5335 2520 5390 de
2561 5331 2852 5390 Tiberiade
2887 5332 3139 5392 videlicet
3185 5344 3242 5392 et

1652 5429 2012 5496 Ptolemaida,
2034 5427 2283 5483 Caesarea
2323 5441 2545 5498 quoque
2578 5434 2633 5483 et
2675 5425 3070 5500 Hierosolyma,
3113 5444 3240 5486 cum

1652 5538 1816 5578 cruce
1861 5520 2145 5576 Dominica
2183 5519 2260 5574 ad
2313 5519 2467 5578 illum
2512 5528 2842 5576 conventum
2887 5519 3003 5590 jam
3040 5521 3238 5587 delata,

1652 5622 1845 5672 contra
1870 5613 2058 5668 hostes
2078 5610 2389 5667 dimicaturi
2412 5626 2585 5681 usque
2601 5608 2876 5678 Ramatha
2892 5611 3241 5680 urbem,quae

1651 5714 1738 5762 est
1763 5706 1920 5776 juxta
1947 5703 2250 5774 Duspolim,
2277 5711 2725 5774 properaverunt.
2756 5699 2869 5758 Nos
2907 5711 3111 5768 autem,
3141 5702 3238 5771 qui

1653 5797 1990 5854 Hierusalem
2011 5795 2396 5859 remansimus,
2423 5810 2523 5865 pro
2549 5793 2812 5851 fratribus
2831 5792 3038 5852 nostris
3061 5792 3117 5846 in
3140 5793 3240 5846 tri-
