3850 6310
565 303 661 360 9H

1129 297 1221 353 AD
1257 293 1705 356 GODEFRIDUM
1740 288 2030 346 APPEND.
2077 287 2142 344 II.
2181 317 2254 328 --
2287 287 2556 345 MONUM.
2599 286 2688 342 DE
2727 286 2949 344 BELLO
2991 285 3238 344 SACRO.
3681 296 3754 352 m

563 413 844 472 hulatione
895 412 975 468 sic
1018 409 1214 482 positis
1245 424 1422 475 orare,
1455 416 1509 462 et
1549 407 1927 475 eleemosynas
1965 399 2151 472 egenis
2182 401 2227 462 Α
2255 399 2497 456 Alteram
2526 416 2659 456 vero
2684 410 2895 472 partem
2945 401 2998 454 in
3021 400 3188 456 altius
3217 399 3439 472 pelagus
3461 404 3753 474 prudentissi.

563 507 867 579 impertire,
903 520 1000 576 per
1045 502 1330 558 universas
1361 499 1597 556 civitatis
1638 505 1842 553 saneta:
1892 494 2152 551 ecclesias

560 599 946 672 processiones
973 595 1060 666 pie
1082 593 1279 659 facere,
1304 601 1427 646 tam
1457 589 1635 645 Latini
1661 604 1828 660 quam
1857 586 2029 643 Graeci
2068 595 2152 641 at-

561 706 671 762 que
700 689 845 762 Syri,
880 685 1096 743 interim
1139 683 1439 753 nudipedes
1483 695 1595 736 non
1623 680 1983 736 cessavimus.
2015 676 2150 732 Pro-

561 796 714 837 ceres
737 787 917 835 autem
935 776 1106 833 nostri
1130 789 1286 829 mane
1308 787 1526 828 summo
1546 771 1613 827 de
1636 770 1904 826 Ramatha
1927 785 2152 826 consur-

560 883 768 946 gentes,
787 888 910 928 cum
935 879 1146 942 gentem
1168 875 1412 923 nostram
1435 882 1532 936 per
1551 865 1808 921 cohortes
1829 863 2146 935 procedere,

566 977 629 1020 ut
656 964 902 1029 decebat,
932 961 1302 1025 ordinassent,
1331 957 1707 1014 benedictione
1723 964 1778 1011 et
1805 955 2150 1011 absolutione

559 1069 591 1108 a
626 1053 933 1124 patriarcha
960 1047 1162 1121 popqu
1192 1049 1341 1117 data,
1369 1047 1581 1104 bellum
1615 1045 1975 1101 committitur
2003 1043 2148 1114 apud

556 1145 788 1199 Azotum
827 1144 1022 1198 urbem
1053 1141 1332 1212 quondam
1376 1139 1627 1211 quintam
1665 1137 2144 1205 Philisthinorum,

554 1250 702 1291 nunc
728 1243 910 1290 autem
939 1234 1186 1290 lhenium
1209 1234 1432 1289 dictam.
1470 1230 1610 1300 Quae
1657 1231 1714 1286 in
1753 1230 1993 1286 viculum
2019 1245 2148 1300 par-

553 1325 742 1379 vulum
769 1323 987 1379 redacta
1014 1331 1116 1379 est.
1146 1321 1318 1377 Porro
1337 1337 1520 1392 pugna
1550 1321 1656 1376 ista
1680 1336 1792 1376 non
1817 1320 1979 1394 longa
2008 1320 2145 1374 hora

551 1416 913 1486 protrahitur.
953 1414 1093 1470 Nam
1129 1429 1255 1470 cum
1283 1413 1664 1485 perspicerent
1684 1420 1904 1468 nostros
1929 1411 2148 1482 probis-

552 1506 692 1563 sime
743 1516 986 1563 armatos
1021 1521 1117 1563 eos
1167 1505 1450 1576 impetere,
1499 1504 1763 1561 continuo
1808 1503 2010 1559 milites
2064 1500 2142 1566 illi

549 1609 816 1670 tanquam
840 1599 1028 1670 aliquo
1053 1613 1232 1658 onero
1246 1597 1504 1653 fascinati
1530 1597 1588 1650 in
1617 1595 1803 1666 fugam
1831 1595 1966 1650 moti
1990 1603 2139 1664 sunt,

550 1700 606 1747 et
626 1690 752 1762 fuga
786 1705 888 1761 pro
931 1689 1164 1746 consilio
1194 1689 1281 1744 usi
1323 1695 1474 1745 sunt.
1520 1686 1738 1744 Pedites
1760 1701 1892 1743 vero
1913 1687 2141 1744 detrun-

2251 506 2342 547 me
2367 491 2539 559 misit,
2571 501 2632 547 ut
2669 492 2874 562 ignaris
2898 492 3218 547 Sarracenis
3259 494 3524 563 peregrini
3547 512 3646 553 esse
3668 499 3755 558 Hier

2248 585 2494 639 rusalem
2518 584 2784 640 adeuntes
2809 600 2840 639 a
2869 593 3025 655 parte
3050 583 3219 656 Cypri
3247 593 3578 654 putarentur.
3599 587 3652 645 Et
3670 609 3755 652 (un

2253 672 2544 730 Sarraceni
2573 675 2641 730 18
2663 691 2832 731 naves
2857 676 2925 730 de
2948 676 3128 732 classe
3158 673 3416 730 Venetica
3459 680 3757 749 perspicerent

2251 764 2320 821 ad
2376 781 2438 821 se
2485 767 2846 838 appr0piare,
2888 775 3151 838 tanquam
3198 767 3266 822 de
3318 768 3662 827 emolumento
3681 776 3756 844 jam

2249 856 2532 927 acquisito
2569 865 2854 929 coeperunt
2897 859 3196 926 exsultare,
3224 866 3280 914 et
3324 868 3514 915 contra
3540 859 3758 925 Veneticos

2247 956 2575 1018 aptaverunt
2615 965 2676 1005 se
2717 950 2978 1023 navigare
3004 959 3060 1006 et
3085 949 3155 1005 ad
3175 966 3414 1022 pugnam
3457 967 3550 1008 eos
3569 955 3760 1015 audacter

2247 1045 2548 1116 suscipere.
2579 1042 2766 1099 Nostri
2804 1052 2988 1098 autem
3014 1051 3277 1114 tanquam
3314 1044 3383 1098 ad
3411 1055 3668 1102 certamen
3687 1051 3760 1106 bel-

2246 1131 2415 1188 licum
2449 1132 2810 1189 verecundari
2834 1133 3181 1199 simulantes,
3211 1143 3267 1188 et
3305 1142 3488 1188 astute
3525 1135 3666 1191 aliam
3692 1156 3752 1194 na-

2244 1223 2376 1293 vigii
2418 1231 2629 1294 partem
2657 1223 2926 1293 potiorem
2974 1231 3029 1277 et
3057 1233 3419 1292 postremam,
3467 1224 3522 1278 in
3551 1242 3648 1296 qua
3670 1243 3762 1298 pra-

2246 1313 2427 1370 dictus
2450 1315 2560 1369 dux
2590 1322 2730 1382 erat,
2756 1314 3022 1384 paulatim
3048 1323 3464 1385 exspectantes,
3495 1332 3590 1371 nec
3632 1318 3764 1391 fugere

2245 1406 2656 1477 disposuerunt,
2685 1423 2787 1462 nec
2811 1423 3055 1480 pugnare
3078 1424 3204 1464 cum
3233 1410 3316 1464 eis
3344 1425 3762 1483 praesumpserant,

2243 1507 2519 1570 quotenus
2552 1499 2877 1570 jamdictum
2907 1501 3184 1572 navigium
3212 1512 3552 1572 postremum
3590 1515 3679 1560 tam
3701 1525 3764 1564 re-

2244 1590 2316 1646 lis
2335 1607 2499 1661 quam
2532 1593 2701 1648 remis
2735 1607 3033 1664 exsurgere
3055 1592 3351 1650 Sarraceni
3377 1609 3665 1653 cernerent.
3691 1599 3764 1672 Igi-

2244 1690 2336 1738 tur
2359 1681 2636 1740 Veneticis
2686 1685 2861 1740 crevit
2909 1686 3159 1756 spiritus,
3184 1697 3240 1743 et
3271 1687 3619 1746 indicibiliter
3640 1693 3682 1747 in
3697 1711 3764 1751 eos

551 1785 661 1841 cati
689 1791 836 1842 sunt.
863 1783 1122 1839 Tentoria
1150 1795 1342 1838 eorum
1382 1788 1579 1837 cuncta
1609 1796 1734 1836 cum
1758 1781 1924 1837 rebus
1958 1780 2144 1835 multi-
2173 1783 2220 1842 Β
2246 1771 2548 1840 “ruerunt,
2575 1782 2631 1828 et
2659 1774 2901 1846 undique
2924 1776 2999 1831 ita
3033 1791 3130 1832 eos
3152 1778 3518 1834 accinxerunt
3542 1789 3597 1836 ut
3631 1783 3766 1842 locum

549 1878 825 1934 formibus
853 1877 909 1932 in
932 1891 1126 1946 campo
1152 1882 1555 1932 remanserunt.
1584 1873 1711 1929 Tria
1728 1889 1923 1945 nempe
1947 1874 2142 1930 vexilla

548 1970 969 2041 pretiosissima,
1000 1984 1126 2039 quae
1151 1967 1416 2022 Standarz
1443 1966 1816 2034 neminamus,
1850 1967 1918 2022 ab
1951 1967 2033 2022 eis
2055 1983 2144 2022 ex-

550 2070 862 2119 cusserunt.
896 2060 1161 2117 Utensilia
1188 2060 1356 2116 etiam
1379 2058 1759 2126 multiformia,
1792 2059 2053 2115 culcitras
2088 2069 2143 2115 et

546 2151 875 2220 pulvinaria.
919 2150 1146 2205 Carram
1202 2164 1424 2220 quoque
1469 2150 1698 2205 multam
1747 2165 1873 2206 cum
1908 2150 2141 2206 sarcinis

547 2257 734 2298 secum
762 2242 935 2298 nostri
961 2241 1313 2297 reduxerunt.
1332 2241 1583 2296 Camelos
1602 2241 1853 2297 videlicet
1873 2241 2005 2309 400,
2029 2243 2140 2298 asi-

542 2349 646 2391 nos
694 2335 1044 2406 quingentos.
1087 2333 1336 2390 Sedecim
1389 2335 1560 2390 millia
1601 2351 1670 2390 ex
1717 2335 1799 2391 eis
1826 2336 2136 2407 prteliatum

542 2432 833 2490 venerunt,
867 2439 1106 2494 quorum
1134 2439 1231 2479 sex
1254 2423 1426 2478 millia
1453 2410 1725 2480 interfecti
1752 2433 1899 2481 sunt.
1933 2424 2009 2482 De
2035 2439 2137 2480 no-

545 2515 675 2572 stris
705 2524 891 2571 autem
915 2516 1097 2586 pauci.
1123 2515 1272 2571 Gens
1297 2516 1551 2587 equidem
1589 2525 1778 2572 nostra
1805 2525 1930 2573 octo
1962 2517 2135 2572 millia

543 2608 801 2663 aestimati
825 2616 974 2673 sunt,
999 2607 1092 2664 sed
1120 2608 1355 2664 audaces
1377 2608 1714 2679 probissimi,
1736 2617 1790 2664 et
1811 2609 1877 2664 ad
1893 2624 2138 2679 pugnan-

541 2699 675 2753 dum
702 2699 860 2754 valde
891 2696 1143 2764 animati,
1171 2707 1228 2754 et
1250 2714 1439 2754 amore
1470 2697 1566 2754 Dei
1595 2697 1742 2767 freti,
1769 2707 1826 2755 et
1847 2698 2130 2754 conliden-

544 2791 618 2845 tia
640 2791 761 2862 ejus
781 2790 1002 2861 penitus
1026 2790 1386 2846 corroborati.

615 2880 731 2944 Sub
751 2879 1234 2950 Geministhbo
1249 2880 1364 2950 jam
1389 2888 1521 2935 tunc
1543 2879 1628 2935 his
1658 2880 1838 2936 sexies
1863 2889 2008 2948 orto,

613 2951 763 3008 Gens
795 2951 907 3005 ruit
935 2949 1157 3007 infanda
1181 2949 1400 3005 Domini
1427 2951 1628 3005 virtute
1649 2951 1874 3006 subacta
1899 2969 1913 3016 ;

613 3022 862 3093 Corpora
915 3037 1063 3078 nunc
1112 3037 1351 3093 quorum
1391 3035 1490 3092 per
1541 3036 1767 3092 campos
1813 3019 2130 3173 Alltilphylo-

1967 3107 2058 3145 um

1967 3107 2058 3145 um

613 3160 780 3219 Fiunt
807 3176 933 3219 esca
965 3159 1133 3233 lupis,
1156 3159 1295 3217 ﬁunt
1314 3174 1535 3232 quoque
1562 3169 1752 3232 pastus
1781 3159 1983 3218 hienis.

1124 3289 1358 3347 CAPUT
1396 3289 1537 3346 XIX.

894 3384 974 3440 De
1003 3387 1295 3456 receptione
1320 3392 1520 3440 sancta:
1549 3385 1746 3439 crucis.

611 3503 762 3561 Bello
791 3510 975 3560 autem
996 3518 1096 3574 per
1122 3501 1220 3558 Dei
1248 3501 1548 3574 potentiam
1567 3501 1650 3559 sic
1672 3511 1953 3573 superato,
1983 3512 2037 3559 et
2055 3501 2126 3558 ad

539 3595 775 3666 gloriam
832 3593 1011 3666 ipsius
1046 3601 1102 3649 et
1153 3591 1544 3649 exaltationem
1591 3591 2032 3661 Christianismi,
2067 3603 2127 3650 ut

539 3687 748 3743 dictum
776 3695 883 3753 est,
907 3684 1076 3754 facto,
1104 3699 1233 3741 cum
1264 3682 1549 3742 Dominica
1590 3701 1754 3742 cruce
1775 3687 2040 3743 remeavit
2068 3687 2123 3742 in

537 3776 888 3834 Hierusalem
917 3776 1254 3848 patriarcha.
1282 3777 1402 3844 Qua
1444 3787 1599 3833 extra
1646 3785 1864 3849 portam
1908 3777 2126 3835 Davidi-

537 3887 663 3928 eam
701 3887 828 3928 cum
859 3869 1102 3942 gloriosa
1139 3869 1491 3940 processione
1525 3877 1803 3941 suscepta,
1847 3877 1903 3926 et
1948 3886 2126 3942 usque

537 3965 607 4021 ad
631 3954 919 4022 basilicam
951 3963 1225 4020 Dominici
1261 3963 1499 4035 sepulcri
1528 3964 1829 4021 honorifice
1852 3964 2084 4022 deducta
2105 4006 2122 4034 ,

539 4055 614 4111 Te
635 4056 805 4112 Deum
834 4056 1123 4112 laudamus
1149 4064 1455 4126 cantantes,
1479 4054 1852 4127 Omnipotenti
1871 4056 1940 4113 de
1958 4057 2125 4114 bene-

536 4147 683 4205 ticiis
704 4147 824 4206 suis
853 4147 1099 4205 universi
1122 4147 1312 4205 laudes
1333 4148 1696 4204 reddidimus.

1142 4277 1374 4336 CAPUT
1394 4279 1515 4335 XX.

536 4373 614 4431 De
641 4376 870 4432 adventu
896 4374 1237 4440 Venetorum,
1268 4387 1317 4432 et
1347 4375 1526 4431 navali
1564 4375 1751 4447 prtelio
1780 4391 1962 4431 eorum
1989 4393 2117 4432 con-

1097 4458 1181 4502 tra
1210 4447 1552 4503 Sarracenos.

510 4565 512 4567 >
604 4537 736 4595 Post
770 4538 1017 4595 triduum
1036 4547 1222 4596 autem
1246 4551 1514 4609 prospero
1535 4551 1796 4594 successu
1828 4537 1903 4594 ita
1937 4541 2116 4611 potiti,

533 4631 757 4686 secundi
777 4647 1030 4688 rumores
1053 4629 1334 4688 subsecuti
1357 4638 1506 4684 sunt.
1529 4627 1605 4684 De
1621 4627 1949 4686 Venetorum
1973 4633 2119 4688 enim

531 4722 710 4778 classe
751 4723 806 4776 in
851 4722 1151 4778 Palaestina
1176 4735 1276 4791 per
1306 4720 1598 4790 plerosque
1623 4729 1815 4791 portus
1851 4722 2119 4793 applicata

527 4829 656 4870 cum
709 4813 1064 4880 audivimus,
1103 4811 1395 4882 jucundati
1433 4826 1644 4868 sumus.
1695 4811 1810 4869 Hoc
1859 4816 2113 4885 equidem

527 4906 620 4961 diu
653 4905 798 4959 fama
853 4904 1202 4974 promiserat.
1245 4903 1497 4973 Cumque
1542 4903 1653 4958 dux
1702 4901 2112 4974 Veneticorum,

528 4999 623 5069 qui
669 4996 888 5067 navigio
917 4995 1046 5050 huic
1083 4993 1532 5066 principabatur,
1562 4994 1910 5053 Ptolemaida:
1939 4999 2113 5070 appli-

527 5091 757 5155 cuisset,
786 5089 1098 5143 intimatum
1119 5096 1206 5143 est
1232 5087 1284 5142 ei
1316 5086 1522 5155 statim,
1550 5095 1716 5158 prout
1739 5092 1955 5160 gestuin
1995 5091 2111 5147 fue-

525 5193 614 5238 rat
660 5178 806 5250 apud
836 5177 1088 5250 Joppem,
1119 5186 1264 5235 terra
1293 5179 1501 5235 scilicet
1534 5187 1590 5234 et
1613 5179 1774 5247 mari,
1798 5189 1853 5237 et
1878 5196 2112 5251 quomo-

525 5273 597 5327 do
639 5269 946 5340 Babylonii,
972 5278 1136 5342 prout
1160 5270 1449 5326 valuerant
1469 5311 1484 5337 ,
1519 5269 1742 5342 negotio
1777 5286 1879 5327 suo
1925 5273 2112 5343 exple-

529 5372 586 5419 to
610 5364 726 5433 iam
749 5362 899 5419 illine
919 5364 1187 5420 abierant.
1212 5363 1374 5431 Quod
1401 5362 1449 5420 si
1479 5362 1718 5419 celerato
1753 5363 1921 5420 cursu
1949 5364 2112 5421 vellet

525 5468 625 5510 eos
665 5455 946 5525 prosequi,
981 5454 1093 5510 Deo
1115 5455 1365 5527 iuvante,
1389 5454 1585 5526 procul
1623 5453 1790 5510 dubio
1817 5469 1914 5510 eos
1951 5470 2107 5512 asse-

529 5544 625 5615 qui
653 5555 857 5614 posset.
882 5546 1009 5617 Qui,
1042 5548 1288 5605 consilio
1308 5547 1619 5602 navitarum
1641 5547 1826 5602 statim
1839 5548 2106 5617 adhibito,

529 5634 726 5691 bifaria
755 5639 1098 5712 navigatione
1132 5639 1398 5706 adhibita,
1427 5654 1599 5693 unam
1629 5639 1831 5710 navigii
1870 5639 2107 5709 sui.par-

531 5733 664 5794 tem,
699 5729 752 5782 in
781 5745 887 5800 qua
917 5732 1033 5802 ipse
1056 5733 1166 5787 dux
1205 5740 1343 5799 erat,
1373 5740 1566 5787 versus
1614 5729 1842 5801 Joppem
1895 5731 2099 5790 emisit.

2247 1862 2390 1936 fuga:
2418 1867 2633 1936 uspiam
2668 1867 2910 1937 reperire
2928 1883 3040 1922 non
3071 1878 3314 1938 possent.
3351 1870 3507 1928 Tunc
3542 1873 3766 1934 nuru-tiu

2244 1955 2470 2011 modum
2519 1954 2840 2013 Sarracenis
2868 1958 3149 2025 coercitis,
3200 1974 3383 2031 neque
3433 1977 3592 2018 naves
3633 1981 3771 2036 neque

2242 2053 2425 2100 nautae
2475 2046 2821 2116 aliquorsum
2861 2048 3091 2103 evadere
3134 2058 3472 2118 potuerunt,
3518 2052 3603 2108 sui
3641 2070 3770 2110 nares

2241 2152 2434 2193 eorum
2471 2137 2718 2194 Venetici
2770 2139 3042 2210 ingressi,
3081 2141 3548 2198 detruncaverunt
3601 2159 3772 2202 omnes.

2240 2233 2374 2290 Fide
2400 2247 2550 2291 caret
2583 2235 2730 2306 quod
2776 2235 2919 2290 ultra
2943 2237 3246 2292 humanum
3278 2239 3525 2294 auditum
3566 2241 3614 2295 in
3654 2243 3771 2297 nari-

2238 2325 2343 2381 bus
2377 2325 2536 2382 bases
2561 2328 2926 2384 occidentium
2957 2331 3225 2401 sanguine
3255 2331 3427 2388 fluido
3453 2335 3766 2406 tingerentur.

2238 2415 2426 2488 Itaque
2456 2433 2624 2474 naves
2665 2419 2855 2475 multis
2879 2430 3092 2476 onustae
3114 2421 3313 2492 opibus
3340 2425 3640 2494 capiuntur.
3667 2425 3777 2481 Cor-

2235 2509 2462 2579 poribus
2484 2509 2706 2579 quidem
2736 2520 2889 2566 extra
2917 2528 3087 2568 naves
3112 2522 3246 2570 tunc
3267 2514 3514 2585 iactatis,
3537 2534 3697 2589 usque
3725 2521 3777 2574 ad

2234 2609 2472 2672 quatuor
2505 2603 2677 2658 millia
2718 2619 2985 2674 passuum
3024 2607 3203 2662 salum
3237 2609 3531 2666 rubescere
3578 2611 3778 2667 circum-

2235 2713 2458 2768 quaque
2480 2699 2761 2756 videretis.
2792 2701 2999 2759 Deinde
3039 2719 3166 2759 cum
3199 2705 3345 2760 ultra
3372 2705 3686 2761 Ascalonem
3706 2722 3783 2761 ex-

2231 2791 2504 2860 ploraturi
2541 2792 2748 2862 aliquid
2774 2794 3009 2864 prolicui
3046 2797 3413 2868 navigarent,
3463 2797 3648 2853 obvias
3698 2799 3781 2853 sibi

2230 2891 2552 2953 repererunt
2582 2884 2650 2938 10
2679 2900 2846 2942 naves
2881 2885 3017 2942 alias
3037 2886 3270 2943 diversis
3294 2887 3568 2943 alimentis
3589 2886 3787 2943 confer-

2229 2985 2346 3044 tas,
2376 2978 2582 3048 quibus
2608 2979 2828 3033 inerant
2854 2979 3003 3050 ligna
3042 2980 3374 3051 proceritate
3403 2995 3622 3053 magna,
3649 2989 3700 3035 et
3720 2979 3789 3033 di-

2231 3078 2400 3136 recta,
2429 3069 2498 3125 ad
2527 3071 2939 3140 componendas
2986 3072 3274 3128 machinas
3320 3071 3659 3142 spectabilia.
3686 3071 3794 3126 Illas

2157 3136 2201 3198 (ἶ
2231 3176 2451 3232 quoque
2481 3176 2608 3217 cum
2637 3136 2997 3220 munimentis
3022 3161 3303 3234 plurimis,
3352 3136 3634 3235 etiamque
3679 3178 3795 3218 auro

2229 3261 2284 3309 et
2308 3262 2560 3326 argento,
2583 3254 3121 3326 numismatibusque
3158 3255 3381 3323 multis;
3410 3255 3570 3326 piper
3601 3270 3799 3326 quoque

2228 3353 2286 3401 et
2305 3345 2594 3411 ciminum,
2621 3353 2676 3400 et
2696 3345 2944 3401 diversas
2973 3346 3185 3416 species
3214 3346 3710 3402 odoramentorum
3730 3346 3800 3400 di-

2226 3436 2455 3507 ripiunt.
2493 3434 2674 3493 Naves
2694 3452 2917 3508 quoque
2952 3437 3263 3508 aliquantas
3293 3438 3361 3494 ad
3397 3447 3610 3495 terram
3640 3437 3802 3509 fugiti-

2226 3543 2324 3585 vas
2372 3528 2429 3584 in
2453 3529 2637 3584 littore
2657 3529 2778 3599 ipso
2805 3528 3232 3586 combusserunt
3251 3529 3388 3600 igni,
3428 3531 3528 3585 sed
3557 3539 3617 3585 et
3640 3530 3806 3600 plures

2228 3621 2470 3692 integras
2513 3621 2910 3678 Ptolemaidam
2943 3622 3314 3678 adduxerunt.
3357 3621 3691 3678 Laetiﬁcavit
3716 3624 3804 3676 ita-

2227 3729 2334 3784 que
2362 3713 2628 3770 Dominus
2665 3714 2893 3770 cIientes
2921 3729 3056 3770 suos
3080 3756 3096 3781 ,
3135 3723 3192 3772 et
3233 3716 3524 3772 donativis
3575 3715 3812 3788 plurimis

2226 3807 2599 3878 multipliciter
2620 3807 2992 3878 locupletavit.

2805 3913 3037 3970 CAPUT
3077 3915 3221 3971 XXI.

2227 4007 2379 4074 Quod
2408 4006 2632 4089 populus
2675 4005 3200 4089 Hierosolymitamts
3227 4009 3361 4063 adeo
3399 4025 3516 4089 non
3554 4010 3632 4065 sit
3655 4011 3797 4080 deep:

2454 4087 2572 4131 ctus
2592 4119 2607 4144 ,
2629 4082 2868 4148 quamvis
2891 4095 2982 4132 rea:
3008 4082 3122 4148 ejus
3153 4090 3287 4137 esset
3317 4082 3604 4150 captivus.

2293 4170 2338 4226 Ο
2363 4185 2529 4240 quam
2573 4170 2780 4225 bonum
2812 4178 2868 4225 et
2901 4170 3204 4241 gloriosum
3233 4171 3580 4230 hominibus
3617 4189 3817 4245 semper

2223 4259 2397 4316 Deum
2451 4260 2656 4316 habere
2685 4260 2742 4314 in
2779 4261 3115 4330 adjutorium
3142 4265 3342 4317 suum!
3382 4262 3430 4319 0
3464 4281 3655 4337 quam
3687 4268 3824 4321 beata

2222 4365 2376 4424 gens,
2402 4351 2562 4422 cujus
2588 4360 2673 4407 est
2694 4350 2961 4408 Dominus
2989 4351 3140 4410 Deus
3160 4353 3311 4425 ejus.‘
3354 4355 3652 4414 Dicebant
3672 4374 3821 4429 ergo:

2227 4463 2246 4495 ι
2275 4442 2510 4511 Eamus,
2537 4452 2593 4500 et
2615 4452 2832 4514 gentem
2855 4443 3228 4502 Christianam
3259 4449 3508 4507 omnino
3536 4451 3828 4509 confunda-

2224 4551 2372 4603 mus,
2402 4545 2457 4591 et
2498 4535 2821 4592 memoriam
2849 4551 3041 4593 eorum
3080 4538 3149 4595 de
3186 4548 3336 4596 terra
3374 4543 3711 4601 deleamus.
3734 4544 3827 4599 Bs-

2222 4643 2343 4699 gem
2360 4628 2506 4684 enim
2529 4629 2694 4684 modo
2714 4644 2826 4684 non
2853 4628 3075 4698 habent,
3091 4633 3342 4688 membra
3364 4638 3570 4706 capite
3595 4649 3825 4694 carent.»

2222 4719 2425 4775 Verum
2455 4720 2732 4789 dicebant,
2763 4721 2894 4792 quia
2924 4721 3096 4778 Deum
3119 4740 3225 4780 nos
3251 4725 3476 4783 habere
3508 4746 3636 4785 non
3660 4732 3808 4785 crede

2219 4811 2371 4867 bant.
2404 4811 2732 4868 Balduinum
2755 4813 3193 4884 perdideramus,
3225 4817 3322 4872 sed
3348 4834 3571 4891 regem
3594 4826 3832 4878 omnium

2221 4904 2394 4961 Deum
2432 4908 2855 4978 assumpsimus.
2914 4905 3072 4964 Illum
3128 4909 3184 4964 in
3236 4915 3604 4971 necessitate
3661 4926 3834 4971 nostra

2217 4996 2618 5064 invocavimus,
2651 5006 2706 5054 et
2752 5013 2849 5069 per
2877 4997 3031 5054 illum
3077 4998 3408 5058 mirabiliter
3461 5006 3836 5079 triumphavi-

2216 5104 2365 5145 mus.
2401 5087 2657 5144 Forsitan
2685 5104 2796 5144 non
2849 5099 2969 5147 erat
2998 5106 3130 5158 rex,
3159 5107 3326 5162 quem
3377 5094 3552 5153 forte
3619 5098 3834 5154 fortuitu

2214 5180 2652 5250 perdideramus.
2691 5179 2796 5237 Sed
2826 5183 2942 5249 hic,
2967 5183 3064 5253 qui
3090 5199 3266 5254 nuper
3294 5187 3475 5254 vicit,
3510 5207 3642 5247 non
3672 5193 3834 5249 solum

2213 5281 2297 5328 est
2322 5287 2420 5328 rex
2448 5273 2505 5328 in
2536 5271 2902 5341 Hierusalem,
2931 5275 3029 5330 sed
3064 5275 3204 5330 etin
3253 5279 3425 5334 omni
3465 5291 3659 5340 terra.
3716 5284 3834 5338 Vere

2211 5364 2372 5422 fateri
2396 5379 2501 5422 nos
2520 5365 2764 5435 oportuit
2789 5366 2936 5435 quod
2969 5382 3154 5437 regem
3180 5367 3238 5421 in
3264 5370 3486 5438 pmlio
3519 5376 3833 5440 habuimus,

2212 5471 2340 5514 eum
2365 5456 2420 5511 in
2467 5457 2702 5527 negotiis
2729 5457 2940 5513 nostris
2971 5473 3084 5528 prae
3107 5460 3378 5517 omnibus
3413 5463 3600 5522 illum
3659 5470 3836 5524 antici-

2210 5547 2544 5620 paverimus.
2569 5545 2670 5603 llic
2697 5548 2842 5602 enim
2864 5557 3064 5617 prmsto
3091 5557 3176 5604 est
3205 5565 3478 5621 semper,
3511 5568 3577 5613 et
3609 5575 3843 5630 presens.

2211 5637 2468 5693 omnibus
2499 5639 2591 5708 qui
2618 5638 2875 5694 invocant
2900 5639 3052 5693 illum
3086 5639 3141 5694 in
3164 5641 3641 5716 veritate(Psal.
3672 5668 3832 5712 exs“,

2211 5729 2319 5798 l8).
2357 5727 2578 5784 Viderat
2629 5730 2776 5785 enim
2828 5744 2932 5784 nos
2978 5730 3032 5784 in
3077 5729 3412 5792 humilitate
3449 5754 3667 5801 nostra
3700 5744 3833 5801 '31,}?
