3850 6310
94 431 170 501 915
784 420 1154 482 FULCIIERII
1190 418 1493 480 CARNOT.
1533 418 1713 479 IIIS’I'.
1749 418 2116 480 HIEROSOL.
2149 451 2224 464 -
2259 420 2391 479 LIB.
2428 420 2520 478 III.

3162 426 3278 484 9M

96 543 286 603 amictus,
307 543 357 591 et
387 534 804 607 respiciensfpie
845 536 1210 593 humilitatem
1237 543 1506 605 nostram,
1529 535 1592 592 li-
1615 541 1668 603 Α
1693 541 1914 592 centum
1945 533 2058 592 fere
2080 533 2406 592 Turcorum.
2450 532 2518 590 Et
2539 531 2828 590 confestim
2858 533 3032 593 clausi
3053 537 3121 594 de
3148 551 3276 594 car-

91 632 247 694 beravit
271 645 374 685 nos.
396 627 494 684 Hic
518 644 617 699 pro
648 629 802 684 nobis
831 628 1111 699 pugnavit,
1141 628 1232 684 hic
1255 628 1324 684 ad
1352 627 1585 685 nihilum

91 725 286 784 inimicos
314 730 520 776 nostros
547 720 780 776 reduxit.
815 719 915 776 Hic
946 735 1161 791 semper
1204 719 1426 777 vincere
1455 735 1589 776 con-

87 816 242 882 suevit,
261 812 339 882 qui
371 826 647 881 nunquam
676 810 929 865 vincitur.
985 809 1238 881 Superat,
1284 827 1387 867 nec
1433 826 1590 882 supe-

88 914 219 963 ratur.
241 902 337 958 Non
362 901 516 966 fallit,
550 917 654 957 nec
676 900 898 956 fallitur.
935 901 1049 957 Rex
1073 903 1328 973 equidem
1360 910 1478 970 est,
1501 917 1588 958 re—

85 1009 279 1055 cteeutm
301 993 421 1064 egit.
451 991 741 1059 Quomodo
766 1008 899 1064 ergo
941 1009 1034 1048 rex
1091 994 1215 1060 erit,
1245 994 1342 1065 qui
1372 1010 1590 1065 semper

85 1089 198 1145 vitiis
222 1083 464 1142 vincitur?
509 1081 762 1153 Nunquid
816 1092 1156 1152 promeretur
1199 1083 1307 1139 dici
1345 1099 1443 1139 rex
1491 1083 1590 1155 qui

81 1194 248 1250 semper
265 1175 513 1232 habeatur
534 1175 725 1230 exlex?
757 1173 895 1241 Quia
931 1175 1102 1246 legem
1143 1174 1239 1230 Dei
1267 1191 1369 1233 nec
1403 1185 1586 1244 tenet,

85 1287 160 1329 nec
185 1278 352 1325 tuetur.
377 1265 440 1322 Et
467 1267 598 1338 quia
636 1283 743 1322 non
772 1267 927 1321 timet
969 1265 1172 1334 Deum,
1219 1266 1432 1322 timebit
1465 1268 1592 1338 qui-

79 1363 170 1420 dem
193 1360 434 1416 hominem
459 1358 744 1414 inimicum
771 1374 953 1414 suum.
974 1359 1201 1414 Adulter
1221 1366 1326 1425 est,
1355 1359 1439 1414 vel
1461 1375 1589 1430 per-

78 1455 228 1524 jurus,
275 1451 376 1504 sive
401 1449 732 1520 sacrilegus;
765 1450 853 1504 hic
896 1450 1021 1505 talis
1057 1465 1254 1504 nomen
1290 1451 1436 1522 regis
1470 1466 1590 1521 per-

79 1543 153 1610 dit,
176 1541 374 1596 mendax
423 1549 481 1596 et
529 1540 934 1598 fraudulentus.
983 1541 1120 1609 Quis
1155 1541 1382 1597 conlidit
1417 1542 1471 1596 in
1495 1543 1595 1598 eo?

78 1634 246 1704 Equus
266 1642 341 1689 est
362 1633 566 1705 impiis.
599 1632 892 1700 Quomodo
935 1634 1190 1691 exaudiet
1220 1634 1374 1689 illum
1410 1633 1594 1690 Deus?

79 1725 120 1780 Si
151 1724 464 1780 ecclesiarum
491 1725 804 1796 dissipator,
832 1724 880 1780 si
927 1741 1228 1796 pauperum
1271 1741 1590 1797 oppressor,

77 1811 176 1869 tunc
197 1828 290 1868 non
317 1815 470 1885 regit,
529 1815 624 1871 sed
679 1815 983 1871 confundit.
1035 1815 1429 1873 Adhaereamus
1461 1816 1596 1890 Regi

1692 641 1818 684 cere
1842 641 1940 682 rex
1987 634 2043 682 et
2091 626 2186 682 alii
2226 635 2362 684 tunc
2383 625 2699 697 ejiciuntur.
2731 624 2927 682 Adhuc
2973 636 3131 682 erant
3174 625 3280 682 ali—

1690 718 1882 789 quanti
1905 719 2219 790 compediti,
2239 717 2465 791 quando
2491 718 2606 789 jam
2628 733 2728 789 per
2754 719 2930 775 scalas
2951 719 3097 773 muri
3119 717 3281 774 fasti-

1689 807 1844 879 gium
1873 808 2286 864 inscendebant.
2316 807 2386 865 Et
2416 808 2628 865 elevato
2656 808 2716 864 in
2755 808 2900 864 arcis
2931 809 3087 880 apice
3112 807 3280 863 Chri-

1689 901 1996 958 stianorum
2028 901 2251 969 vexillo,
2287 901 2368 958 rei
2401 901 2608 958 veritas
2641 900 2913 972 patefacta
2956 908 3060 956 est.
3092 899 3152 955 In
3184 914 3279 954 ea-

1691 993 1816 1051 dem
1842 1009 1973 1051 vero
2001 1011 2129 1052 arce
2153 1011 2293 1052 uxor
2311 1004 2429 1052 erat
2472 995 2666 1064 Balac,
2701 996 2916 1052 caeteris
2943 1010 3082 1067 quas
3105 994 3279 1050 habe-

1691 1087 1786 1143 bat
1814 1087 1920 1143 sibi
1954 1087 2196 1144 charior.
2233 1088 2431 1145 Castro
2460 1097 2645 1145 autem
2675 1105 2705 1146 a
2733 1088 2929 1145 Turcis
2959 1104 3087 1144 mox
3113 1087 3280 1143 undi-

1689 1195 1798 1250 que
1823 1179 2026 1245 cincto,
2059 1178 2343 1250 ingressus
2369 1189 2424 1235 et
2450 1195 2710 1252 egressus
2753 1179 2987 1240 internis
3019 1189 3071 1234 et
3099 1187 3280 1233 exter-

1691 1271 1780 1328 nis
1815 1279 1900 1328 est
1927 1271 2255 1342 prohibitus.
2288 1269 2468 1328 Portze
2492 1273 2659 1327 etiam
2683 1272 3012 1328 clauduntur
3033 1270 3280 1326 vectibus

1694 1362 1920 1419 obditis.

2259 1452 2492 1510 CAPUT
2528 1452 2716 1511 XXIV.

1735 1544 1984 1611 Qualiter
2006 1545 2169 1600 etiam
2199 1561 2369 1600 comes
2407 1545 2705 1601 Edessenus
2735 1547 2899 1601 evasit
2930 1546 2992 1600 de
3015 1560 3242 1600 carcere.

1768 1631 1884 1734 Hoc
1905 1641 2087 1734 anutcm
2118 1649 2224 1734 non
2249 1643 2385 1705 puto
2415 1634 2684 1734 silend.um
2717 1634 2865 1706 quod
2900 1633 3064 1692 33130

1696 1723 1823 1778 dam
1865 1722 2231 1779 infortunium
2263 1740 2358 1795 per
2379 1722 2649 1780 visione‘m
2673 1732 2757 1781 est
2788 1725 3108 1781 revelatum.
3141 1723 3286 1778 Vidit

1698 1816 1843 1871 enim
1877 1817 2050 1889 (quod
2081 1817 2199 1888 ipse
2224 1829 2413 1888 postea
2435 1819 2639 1889 retulit)
2665 1835 2697 1873 a
2725 1817 3017 1874 Goscelino
3032 1818 3135 1873 sibi
3159 1833 3288 1872 ocu-

75 1919 281 1974 superno,
309 1912 360 1959 et
381 1919 534 1974 spem
572 1914 815 1960 ucstram
862 1921 1135 1976 ponamus
1175 1907 1229 1962 in
1252 1924 1338 1975 eo,
1379 1917 1434 1964 et
1483 1924 1594 1964 non
1624 1918 1669 1979 Β
1698 1905 1780 1963 los
1807 1907 1949 1963 erui.
1981 1906 2102 1975 Quo
2130 1909 2356 1964 indilate
2388 1909 2766 1966 sacerdotibus
2789 1908 3172 1975 manifestato,
3197 1907 3287 1963 in-

73 1995 405 2051 conlundemur
439 1997 498 2052 in
525 2007 810 2052 aeternum.

577 2088 806 2145 CAPUT
842 2090 1009 2146 XXII.

147 2179 208 2233 De
237 2190 389 2234 morte
429 2179 738 2251 Eustachii,
759 2193 809 2238 et
833 2187 1161 2240 successione
1186 2185 1448 2241 Wittelmi

119 2270 346 2342 Tempore
365 2272 475 2328 isto
507 2274 688 2330 taliter
707 2291 854 2346 aegro
881 2278 1120 2334 decessit
1155 2277 1509 2345 Eustacliius,
1539 2277 1595 2334 in

69 2365 300 2420 custodem
328 2375 490 2422 terra:
529 2373 734 2423 uoistra:
761 2369 988 2436 electus,
1017 2386 1127 2424 xvn
1157 2369 1275 2425 Kal.
1307 2369 1456 2425 Julii.
1493 2372 1595 2426 Cui

68 2457 302 2514 succedere
327 2459 683 2516 Guillelmum
709 2461 776 2516 de
809 2460 969 2517 Buris
993 2471 1324 2530 statuerunt,
1356 2464 1452 2534 qui
1489 2463 1583 2518 Ti-

68 2550 294 2608 beriadem
315 2562 446 2610 tunc
474 2553 813 2625 possidebat.

577 2645 807 2703 CAPUT
845 2647 1034 2704 XXIII.

200 2736 434 2803 Qualiter
458 2754 559 2794 rea:
593 2739 897 2796 Balduinus
919 2741 983 2796 de
1009 2742 1235 2797 vinculis
1266 2745 1399 2799 exiit

116 2826 274 2885 Mense
309 2830 568 2903 Augusto
611 2832 807 2888 deinde
842 2833 1148 2901 mediante,
1201 2851 1437 2906 superna
1490 2842 1600 2895 cle-

62 2922 224 2976 mentia
253 2923 596 2993 providente,
625 2939 720 2979 rex
743 2925 1043 2980 Balduinus
1071 2927 1240 2981 exivit
1268 2928 1335 2983 de
1357 2944 1598 2998 carcere,

63 3022 104 3066 et
141 3013 196 3067 de
233 3015 461 3072 vinculis
511 3014 712 3084 Balac,
743 3019 944 3088 quibus
975 3020 1194 3075 vinctus
1221 3022 1507 3076 tenebatur
1546 3023 1601 3078 in

59 3103 218 3174 oppido
247 3108 490 3178 quodam
520 3109 630 3164 situ
654 3108 979 3179 fortissimo,
1008 3118 1063 3168 et
1084 3112 1408 3168 celsitudine
1438 3114 1602 3171 nimis

60 3197 214 3265 arduo,
240 3209 290 3255 et
309 3201 520 3257 difﬁcili
546 3203 1077 3273 comprehendendo.
1115 3205 1254 3262 Cum
1284 3222 1396 3277 quo
1437 3207 1603 3262 simul

1701 2002 2142 2071 terpretationcm
2188 2003 2420 2058 somniis
2450 2003 2518 2058 ab
2548 2002 2630 2058 eis
2677 2001 2990 2058 sciscitatur
3018 2020 3033 2057 :
3065 2020 3086 2053 α
3123 1998 3286 2068 Vere,

1697 2092 1873 2161 aiunt,
1899 2093 2003 2150 hoc
2029 2093 2131 2149 tibi
2161 2095 2457 2167 continget,
2480 2103 2576 2151 aut
2604 2094 2709 2150 tale
2740 2093 2948 2167 aliquid
2978 2093 3108 2149 huic
3124 2091 3294 2162 tequi-

1699 2187 1933 2257 pollens,
1964 2185 2010 2243 si
2045 2186 2098 2241 in
2135 2203 2335 2243 manus
2378 2188 2498 2258 ejus
2534 2187 2816 2244 incideris.
2855 2206 2874 2239 ι
2944 2185 3060 2242 lloc
3101 2193 3292 2242 autem

1699 2277 1916 2343 audito,
1945 2277 2212 2332 citissime
2246 2277 2572 2348 legationem
2612 2277 2767 2334 misit
2812 2284 2872 2332 ut
2926 2274 3291 2344 occideretur,

1700 2384 1768 2425 ne
1800 2378 1988 2439 posset
2015 2369 2085 2424 ab
2106 2384 2172 2424 eo
2197 2369 2396 2436 occidi,
2429 2369 2574 2426 sicut
2611 2369 2726 2440 jam
2757 2368 2837 2424 illi
2860 2366 3285 2440 praesagiebant.

1703 2460 1810 2516 Sed
1845 2466 2141 2532 antequam
2181 2460 2250 2516 ad
2289 2477 2416 2517 eum
2443 2461 2819 2532 pervenissent
2866 2459 3126 2528 lictores,
3174 2457 3290 2515 Deo

1701 2553 1927 2627 gratias,
1973 2554 2089 2626 jam
2135 2555 2203 2610 de
2245 2554 2498 2626 captione
2539 2553 2633 2608 tali
2661 2553 2825 2610 modo
2867 2563 3139 2610 evaserat.
3170 2550 3292 2608 Rex

1701 2663 1834 2720 ergo
1863 2656 1917 2703 et
1942 2647 2030 2703 sui
2058 2662 2251 2704 omnes
2280 2647 2513 2718 sapienti
2545 2654 2601 2703 et
2620 2646 2902 2703 communi
2923 2645 3156 2704 consilio
3179 2643 3294 2715 usi,

1701 2749 1761 2796 ut
1791 2740 1993 2797 salvari
2027 2741 2272 2811 quolibet
2298 2741 2462 2796 modo
2483 2748 2731 2812 possent,
2752 2755 2880 2797 cum
2911 2747 3132 2812 tempus
3157 2754 3295 2798 con-

1703 2833 2014 2889 siderarent
2052 2833 2122 2888 ad
2163 2833 2269 2889 hoc
2299 2833 2476 2905 magis
2527 2842 2750 2904 aptum,
2804 2834 2990 2905 posuit
3033 2833 3296 2890 dominus

1703 2925 2030 2982 Goscelinus
2062 2926 2118 2980 in
2139 2925 2388 2998 periculo
2411 2925 2610 2982 mortis
2639 2927 2884 2982 animam
2921 2940 3113 2994 suam,
3139 2925 3294 2982 Con-

1701 3017 1865 3074 ditori
1891 3019 2275 3074 universorum
2315 3035 2376 3075 se
2413 3019 2808 3076 commendans
2833 3034 2961 3076 cum
2990 3019 3170 3075 tribus
3204 3015 3292 3074 fa-

1704 3107 1870 3163 mulis
1893 3107 2032 3176 suis,
2057 3116 2166 3164 tam
2189 3108 2610 3179 pavidusquam
2633 3107 2834 3176 audax,
2865 3115 3021 3164 extra
3045 3115 3299 3164 castrum

1703 3216 1801 3271 per
1843 3201 2054 3258 medios
2085 3201 2305 3280 hostes,
2333 3201 2579 3257 radiante
2613 3201 2766 3268 luna,
2806 3215 2867 3257 se
2914 3199 3133 3271 eripuit.
3189 3197 3300 3266 Qui

57 3288 212 3346 inclusi
231 3303 381 3349 erant
405 3294 763 3363 Goscelinus,
794 3312 978 3352 comes
1000 3296 1476 3366 Edessenus,cum
1501 3299 1603 3354 ali-
1631 3307 1673 3366 ο
1706 3293 1970 3350 continuo
1996 3308 2164 3347 unum
2196 3307 2264 3348 ex
2286 3292 2368 3348 eis
2391 3293 2504 3366 regi
2538 3293 2754 3348 remisit
2792 3300 3166 3364 reportantem
3197 3307 3299 3347 an-

59 3385 238 3450 quantis
287 3386 411 3442 aliis
466 3388 672 3458 captis.
706 3385 880 3458 Hujus
918 3388 998 3443 rei
1044 3389 1291 3444 narratio
1335 3390 1472 3445 satis
1525 3399 1608 3446 est
1710 3383 1901 3439 nulum
1932 3399 2129 3451 suum,
2159 3393 2218 3439 ut
2240 3384 2420 3440 taliter
2450 3384 2785 3456 significaret
2827 3399 2887 3442 se
2928 3383 2998 3438 ab
3045 3382 3300 3440 hostibus

57 3472 202 3548 longa,
223 3479 311 3534 sed
341 3479 495 3536 dono
539 3481 753 3536 ccelcsti
784 3480 1006 3551 praedita
1057 3490 1113 3538 et
1143 3483 1424 3539 miraculis
1469 3483 1608 3539 bene
1710 3476 2091 3532 obsessoribus
2120 3477 2452 3543 extorsisse;
2485 3477 2568 3533 sic
2605 3477 2754 3533 enim
2781 3475 2899 3532 fieri
2941 3475 3174 3531 invicem
3203 3473 3300 3531 de-

60 3579 232 3627 oruata.
268 3566 405 3626 Nam
439 3587 575 3627 cum
631 3573 686 3626 in
731 3581 915 3628 castro
955 3573 1048 3628 illo
1086 3573 1238 3628 nullo
1275 3572 1396 3628 freti
1451 3573 1608 3644 adju-
1710 3574 2016 3623 creverant.
2043 3565 2238 3624 Postea
2268 3566 2555 3639 fugitando
2579 3577 2633 3622 et
2663 3566 2950 3632 latitando,
2974 3565 3099 3637 plus
3138 3571 3302 3620 nocte

57 3669 204 3715 mento
233 3661 343 3734 jam
378 3663 481 3719 diu
523 3673 858 3735 angerentur
877 3665 1156 3734 occultati,
1185 3665 1418 3722 consilio
1441 3676 1491 3722 et
1522 3667 1607 3720 in-
1709 3672 1878 3728 quam
1929 3657 2020 3712 die
2066 3673 2330 3728 pergens,
2361 3657 2628 3729 disruptis
2651 3657 2854 3713 calceis
2883 3655 2997 3710 fere
3025 3655 3256 3725 nudipes
3279 3697 3297 3720 ,

57 3752 183 3818 genio
214 3755 542 3812 multimodo
598 3756 744 3827 apud
807 3772 868 3812 se
906 3764 1144 3813 tractare
1185 3766 1510 3828 coeperunt,
1561 3757 1608 3814 si
1711 3763 1890 3818 usque
1926 3748 1995 3804 ad
2046 3748 2273 3804 ﬂuvium
2332 3747 2669 3820 Euphratem
2729 3747 2997 3819 pervenit.
3050 3744 3117 3801 Et
3158 3760 3301 3816 quo-

54 3841 357 3913 aliquatenus
408 3847 544 3905 inde
595 3857 821 3919 possent
867 3849 1072 3920 egredi.
1117 3847 1273 3905 Unde
1303 3865 1399 3920 per
1425 3849 1610 3906 ﬁdeles
1713 3839 1864 3896 niam
1924 3840 2082 3896 navis
2125 3839 2340 3906 abfuit,
2399 3839 2546 3910 quod
2601 3853 2770 3909 pavor
2826 3837 3050 3908 optabat
3117 3834 3301 3891 facere

59 3934 386 3997 internuntios
425 3941 750 4013 ubicunque
779 3942 988 3998 amicos
1036 3942 1310 3998 habebant
1344 3943 1602 3998 auxilium

1711 3947 1822 3989 non
1851 3932 2084 3988 distulit.
2139 3931 2282 3999 Quid
2319 3931 2526 4003 igitur?
2561 3930 2681 3986 Duo
2717 3937 2898 3998 utres,
2941 3942 3082 4000 quos
3111 3942 3302 3984 secum

54 4037 202 4096 petere
225 4047 333 4088 non
370 4042 762 4100 cessaverunt,
792 4041 846 4089 et
871 4049 997 4089 cum
1035 4032 1308 4088 Armeniis
1343 4032 1489 4089 circa
1513 4047 1602 4089 eos

1711 4022 2014 4090 detulerat,
2050 4031 2214 4078 vento
2253 4020 2498 4077 inflavit:
2542 4035 2708 4092 super
2735 4033 2831 4076 eos
2873 4033 2933 4074 se
2969 4015 3300 4081 collocavit,

53 4126 474 4182 conversantibus
507 4125 826 4182 omnimode
877 4125 1196 4182 machinare
1246 4125 1608 4194 studuerunt,
1709 4123 1767 4172 et
1801 4115 1882 4172 sic
1908 4114 1965 4170 in
1991 4113 2195 4170 ﬂumen
2219 4128 2279 4171 se
2305 4112 2548 4185 impegit.
2575 4111 2750 4181 Quem
2782 4110 3003 4182 collegae
3027 4109 3113 4164 sui
3151 4109 3304 4180 igna-

54 4221 98 4266 ut
121 4215 157 4270 si
177 4220 389 4288 quando
423 4221 499 4276 ab
527 4220 772 4276 externis
793 4219 987 4277 amicis
1016 4220 1134 4276 suis
1174 4219 1440 4276 auxilium
1489 4219 1602 4276 adi~

1713 4221 1836 4262 rum
1855 4205 2022 4262 nandi
2036 4205 2325 4262 commode
2342 4205 2600 4277 juvantes
2619 4212 2932 4260 sustentare
2948 4201 3304 4268 studuerunt,

51 4307 157 4374 pisci
184 4321 429 4380 possent,
460 4312 547 4366 illi
575 4311 856 4383 adjutores
901 4327 1025 4368 esse
1060 4311 1177 4367 veri
1216 4327 1329 4368 non
1379 4311 1602 4368 desiste-

1712 4306 1769 4356 et
1792 4299 1859 4356 ad
1883 4296 2308 4368 littusJDomino
2331 4296 2589 4368 ducente,
2611 4311 2809 4357 sanum
2833 4294 3196 4352 deduxerunt.
3221 4292 3305 4348 .Et

51 4408 162 4454 rent.
200 4401 260 4458 Et
287 4420 420 4459 cum
446 4412 580 4476 post
611 4403 797 4474 aliqua
824 4403 969 4459 dona
994 4411 1050 4458 et
1071 4403 1344 4474 promissa
1372 4403 1615 4480 plurima
1714 4410 1840 4451 cum
1874 4393 2000 4450 inde
2020 4391 2234 4458 itinere
2261 4391 2486 4448 insolito
2519 4389 2676 4446 valde
2709 4387 2970 4480 fatigatus
3001 4395 3171 4456 esset,
3215 4385 3304 4441 fa-

49 4488 131 4545 boc
153 4493 265 4549 lidei
291 4511 442 4550 nexu
469 4494 734 4566 utrinque
755 4493 1138 4549 confirmatum
1161 4503 1327 4562 esset,
1357 4495 1425 4551 de
1444 4493 1617 4552 Edes-

47 4596 153 4638 sena
181 4585 310 4642 urbe
339 4585 714 4659 sagacissime
738 4585 1134 4657 quinquaginta
1172 4586 1344 4641 ferme
1389 4586 1626 4643 clientes-

1716 4487 2060 4558 melicusque
2089 4493 2144 4542 et
2173 4483 2490 4541 sitibundus
2512 4481 2711 4537 anxius
2739 4479 3042 4546 anhelaret,
3059 4492 3161 4534 nec
3185 4486 3316 4533 erat

1717 4581 1768 4638 ei
1795 4580 1890 4652 qui
1915 4593 2140 4636 manum
2164 4578 2254 4650 pie
2275 4576 2600 4649 porrigeret,
2631 4573 2734 4632 sub
2758 4587 2899 4630 nuce
2927 4572 3164 4643 quadam
3192 4569 3310 4626 illic

47 4672 153 4729 illuc
174 4677 241 4732 ob
269 4678 323 4733 id
351 4677 526 4734 missi
558 4685 708 4744 sunt,
745 4684 802 4733 et
849 4677 1005 4747 quasi
1035 4676 1368 4747 pauperrimi
1399 4692 1613 4734 merces
1641 4659 1693 4719 Ῑ)
1719 4674 1944 4730 inventa
1979 4687 2177 4744 sopore
2206 4679 2406 4739 tactus,
2437 4668 2686 4724 membra
2713 4666 2902 4722 labore
2943 4664 3089 4720 fessa
3120 4661 3310 4718 itineri

44 4763 251 4826 ferentes
273 4779 450 4844 atque
479 4770 784 4826 vendentes
817 4785 991 4840 usque
1024 4769 1092 4824 ad
1121 4779 1310 4840 portas
1332 4769 1610 4826 interioris

43 4865 203 4931 castri,
227 4865 541 4921 occasione
566 4862 802 4935 quadam
826 4863 1028 4930 oblata,
1065 4879 1125 4919 se
1142 4862 1405 4933 paulatim
1435 4864 1610 4919 intro-

42 4952 298 5012 miserunt.
343 4954 522 5023 Quod
567 4969 693 5011 cum
743 4954 1109 5024 portariorum
1159 4955 1420 5027 magister
1455 4955 1613 5026 juxta

42 5054 226 5113 portam
259 5064 394 5104 cum
417 5047 672 5120 quodam
698 5046 843 5102 fideli
873 5055 1062 5103 nostro
1088 5046 1425 5118 improvidus
1461 5062 1616 5104 scac-

41 5138 104 5193 cis
126 5137 352 5212 luderet,
380 5144 630 5200 clientes
655 5141 831 5196 nostri
862 5140 1202 5196 astutissime
1225 5141 1486 5196 attentius
1518 5157 1616 5212 ap-

41 5235 432 5304 propiaverunt,
495 5232 904 5304 querimoniam
939 5231 1156 5302 injuria:
1197 5231 1303 5286 sibi
1343 5230 1500 5288 facta:
1545 5232 1614 5288 ad

41 5335 143 5377 eum
171 5325 394 5382 facturi.
423 5325 502 5381 Et
532 5323 780 5395 deposita
813 5323 965 5378 omni
996 5322 1212 5394 ignavia
1238 5333 1292 5379 et
1316 5339 1550 5394 pavore,
1583 5340 1615 5381 e

43 5417 223 5486 vaginis
245 5417 535 5474 extractis
566 5414 800 5471 cultellis
821 5414 974 5469 illum
997 5431 1076 5470 suc
1104 5415 1432 5485 quantocius
1453 5431 1616 5471 neca-

43 5519 226 5564 verunt.
250 5509 320 5564 Et
339 5509 694 5579 arripientes
717 5508 938 5562 lanceas
979 5507 1089 5562 illic
1127 5509 1400 5576 inventas,
1453 5507 1617 5564 ferire

43 5614 79 5656 et
99 5607 342 5662 occidere
370 5604 628 5659 viriliter
659 5616 766 5656 non
805 5602 1145 5672 pigruerunt.
1179 5602 1401 5656 Clamor
1424 5603 1619 5674 ingens

43 5695 160 5751 illico
181 5699 484 5760 attollitur,
516 5704 578 5750 et
606 5695 756 5749 intus
788 5702 842 5748 et
878 5693 1014 5750 foris
1057 5709 1253 5750 omnes
1297 5696 1619 5765 perturban‘

45 5800 127 5842 tur.
156 5789 258 5845 Sed
286 5787 486 5860 quiad
523 5783 818 5840 tumultum
847 5783 995 5838 hunc
1025 5783 1209 5840 festini
1237 5792 1614 5848 accurrcruut,

45 5879 368 5938 Festinantius
404 5896 550 5937 mox
589 5877 850 5948 perempti
877 5885 1023 5932 sunt.
1071 5878 1314 5934 Fuerunt
1363 5876 1617 5946 equidem

1718 4765 1988 4833 attribuit,
2019 4763 2358 4820 obumbrans
2404 4777 2465 4819 se
2508 4759 2766 4832 vepribus
2817 4767 2872 4815 et
2919 4754 3186 4822 fructetis,
3236 4770 3308 4808 ne

1720 4859 1876 4916 visus
1898 4864 2312 4930 agnosceretur.
2345 4853 2573 4910 Interim
2601 4862 2784 4908 autem
2815 4848 3070 4922 praecepit
3095 4847 3192 4903 uni
3239 4861 3310 4901 ex

1720 4949 1944 5006 famulis
1971 4948 2111 5017 suis,
2136 4955 2200 5003 ut
2235 4947 2545 5018 exploraret
2602 4951 2659 4998 et
2700 4941 3019 5012 imploraret
3067 4937 3308 5008 aliquem

1718 5043 2058 5114 indigenam,
2089 5040 2190 5112 qui
2220 5039 2272 5096 ei
2325 5052 2526 5110 panem
2563 5034 2652 5090 vel
2683 5033 2859 5099 daret,
2885 5030 2972 5086 vel
3030 5038 3314 5099 utcunque

1717 5135 1999 5192 venderet.
2027 5132 2212 5190 Inedia
2232 5131 2380 5188 enim
2401 5127 2704 5186 vexabatur
2718 5125 2895 5180 valde.
2919 5121 3104 5178 Cliens
3124 5133 3310 5177 autem

1720 5229 1813 5284 ille
1847 5228 2118 5284 rusticum
2143 5223 2440 5296 quemdam
2463 5217 2786 5276 Armenium
2816 5215 2874 5270 in
2903 5229 3098 5285 campo
3142 5227 3312 5284 prope

1723 5321 2029 5387 inventum,
2058 5327 2113 5374 et
2146 5315 2398 5373 consulte
2419 5313 2738 5377 allocutum,
2760 5307 2992 5364 adduxit
3027 5306 3097 5362 ad
3129 5304 3313 5362 domi-

1723 5427 1861 5467 num
1886 5425 2072 5476 suum,
2095 5407 2310 5465 caricas
2339 5412 2396 5460 et
2420 5415 2670 5459 racemos
2691 5397 2836 5470 apud
2885 5413 2945 5454 se
2994 5396 3310 5452 habentem.

1725 5503 1840 5560 Hoc
1867 5502 2014 5558 enim
2039 5500 2216 5555 fames
2244 5493 2611 5553 desiderabat.
2642 5491 2693 5548 Is
2721 5499 2904 5547 autem
2951 5504 3078 5545 cum
3125 5487 3319 5544 domi.-

1727 5612 1860 5653 num
1895 5591 2245 5650 Goscelinum
2273 5585 2605 5660 appropians
2626 5588 2972 5656 agnosceret,
2988 5579 3222 5651 procidit
3245 5576 3322 5632 ad

1725 5685 1891 5757 pedes
1912 5683 2054 5754 ejus,
2082 5681 2272 5738 dicens
2299 5697 2312 5732 :
2348 5696 2366 5729 α
2391 5675 2526 5730 Vale
2552 5667 2870 5729 Goscelir.el
2907 5688 2926 5721 μ
2956 5667 3062 5735 Qui
3084 5665 3328 5722 audiens.

1729 5776 1876 5848 quod
1916 5773 2157 5838 nolebat,
2188 5769 2413 5827 territus
2460 5763 2786 5836 respondit:
2841 5780 2860 5813 ι
2891 5757 3012 5814 Non
3056 5774 3180 5814 sum
3225 5757 3323 5812 ille

1726 5867 2072 5941 quemdicis,
2105 5865 2199 5923 sed
2229 5863 2374 5920 Deus
2403 5860 2555 5916 illum
2594 5856 2812 5927 adjuvet
2834 5853 3143 5922 ubicunque
3167 5849 3257 5906 sit.
3287 5867 3322 5901 ιι
