3850 6310
561 358 672 414 915

1131 357 1223 411 AD
1260 337 1704 413 GODEFRIDUM
1742 337 2032 409 APPEND.
2075 350 2138 404 ll.
2179 381 2243 388 —
2283 341 2562 407 MONUM.
2599 352 2688 408 DE
2727 353 2948 410 BELLO
2987 353 3232 410 saeuo.
3669 366 3734 419 9“;

565 471 828 527 Rusticus
859 472 933 526 ait
966 488 980 526 :
1022 489 1039 522 ι
1069 469 1211 536 Noli,
1234 487 1439 540 quaeso,
1476 468 1728 523 notitiam
1751 475 1903 522 tuam
1927 465 2138 530 celare;
2168 466 2213 525 Α
2246 478 2419 533 quens
2444 479 2824 535 crucem,quae
2853 481 3024 536 usque
3049 465 3311 536 Tripolim
3338 467 3446 536 jam
3477 469 3630 526 delata
3648 489 3735 534 erat.

564 565 824 634 quoniam
846 573 898 620 te
923 563 1115 636 procul
1144 563 1312 618 dubio
1335 563 1471 617 bene
1501 575 1761 631 agnosco.
1816 557 1923 614 Sed
1960 557 2140 612 revela

563 655 700 709 mihi
725 654 855 726 quid
877 665 931 710 et
951 655 1226 726 quomodo
1246 656 1304 710 in
1345 656 1432 709 liis
1472 652 1721 723 partibus
1767 650 1866 706 tibi
1919 648 2136 714 accidit,

562 761 666 801 nec
693 761 962 818 expaveas
993 761 1210 802 moneo.
1248 765 1267 798 ι
1299 744 1400 800 Cui
1425 759 1646 800 rursum
1688 757 1872 798 comes
1902 760 1916 795 :
1967 759 1986 792 ι
2039 738 2139 794 Mi-

564 851 768 904 serere,
797 838 992 907 inquit,
1032 837 1161 906 mei,
1205 837 1520 907 quicunque
1573 851 1656 902 es,
1705 848 1807 889 nec
1858 831 2140 887 miseriam

561 943 742 982 meam
773 929 1010 985 inimicis
1043 930 1180 985 meis
1231 928 1544 984 innotescas
1588 927 1848 992 obsecro;
1914 923 2010 980 sed
2069 921 2140 976 ad

559 1020 878 1075 salvationis
904 1020 1086 1076 locum
1112 1022 1286 1077 deduc
1317 1035 1424 1089 me,
1454 1027 1517 1075 ut
1542 1033 1712 1072 unum
1756 1032 1858 1088 pro
1890 1014 2140 1071 mercede

557 1108 831 1162 nomisma
856 1111 1119 1166 merearis
1151 1111 1417 1182 accipere.
1451 1110 1565 1183 Ego
1599 1110 1747 1166 enim
1777 1109 1844 1164 de
1887 1107 2139 1177 captione

556 1197 739 1266 Balac,
770 1199 882 1256 Deo
911 1204 1266 1272 propitiante,
1287 1219 1568 1275 egressus,
1592 1201 1847 1274 aufugio;
1865 1202 1932 1257 de
1954 1208 2138 1256 castro

551 1289 783 1358 scilicet,
808 1294 952 1362 quod
977 1293 1265 1367 Cartapeta
1295 1305 1665 1366 nuncupatur,
1699 1295 1846 1366 quod
1877 1295 1933 1348 in
1961 1292 2140 1348 Meso-

553 1383 796 1452 potamia
821 1385 904 1440 cis
925 1384 1260 1457 Euphratem
1289 1398 1392 1443 est.
1418 1387 1562 1443 Bene
1601 1387 1750 1443 enim
1801 1385 2135 1456 cperaberis,

551 1474 600 1529 si
623 1475 757 1529 mihi
784 1476 840 1530 in
870 1477 974 1533 hac
1005 1479 1331 1534 necessitate
1353 1479 1694 1545 subveneris,
1726 1493 1794 1533 ne
1821 1478 2056 1548 amplius
2081 1477 2138 1532 in

549 1581 749 1622 manus
773 1566 940 1625 Baiae
966 1569 1305 1642 incidauyet
1329 1571 1700 1627 infortunatos
1727 1587 1964 1642 peream.
1981 1570 2138 1636 Quod

550 1658 597 1712 si
626 1673 802 1728 usque
841 1659 1108 1716 Turbczel
1135 1673 1377 1718 castrum
1414 1679 1596 1718 meum
1627 1671 1680 1718 te
1707 1678 1922 1718 mecum
1951 1661 2138 1717 venire

549 1749 840 1819 placuerit,
872 1753 1130 1809 omnibus
1166 1754 1360 1810 diebus
1382 1754 1505 1810 vitae
1527 1764 1634 1810 tuae
1673 1754 1812 1810 bene
1866 1753 1962 1808 tibi
2007 1753 2131 1808 erit.

550 1839 654 1897 Dic
678 1843 816 1898 mihi
843 1843 1012 1914 igitur
1040 1861 1164 1916 quae
1192 1855 1246 1902 et
1267 1855 1474 1917 quanta
1498 1847 1554 1902 in
1589 1846 1676 1901 his
1699 1847 1838 1901 locis
1858 1845 2137 1916 possessio

552 1941 670 2001 tua,
700 1944 760 1990 ut
786 1937 996 2008 majora
1025 1938 1072 1992 si
1097 1938 1180 1994 vis
1206 1939 1348 2009 apud
1376 1955 1462 1994 me
1497 1938 1595 1994 tibi
1641 1938 1929 2009 diligenter
1977 1937 2138 1993 resti-

552 2033 724 2080 tuam.
775 2046 794 2079 ι
835 2027 902 2083 Et
926 2029 1058 2085 ille:
1097 2050 1114 2082 ι
1161 2029 1280 2084 Non
1315 2046 1523 2100 quiero,
1557 2032 1755 2101 inquit,
1799 2046 1830 2084 a
1878 2040 1928 2086 te
1976 2029 2138 2100 quid-

550 2133 739 2186 quam,
767 2118 860 2174 sed
883 2135 993 2190 quo
1016 2121 1101 2176 vis
1136 2122 1347 2176 salvum
1377 2132 1428 2177 te
1448 2123 1763 2193 perducam.
1795 2120 1936 2176 Olim
1965 2121 2133 2188 enim,

552 2217 614 2262 ut
634 2211 978 2279 reminiscor,
1000 2228 1087 2267 me
1107 2223 1233 2269 ante
1255 2213 1430 2269 fecisti
1460 2214 1748 2270 comedere
1777 2213 2009 2283 benigne
2039 2227 2136 2282 pa-

546 2316 694 2357 nem.
713 2301 1078 2370 Quamobrem
1112 2314 1311 2375 praesto
1337 2322 1460 2362 sum
1481 2307 1579 2362 tibi
1604 2307 1830 2362 reddere
1851 2305 2129 2361 talionem.

554 2393 808 2463 Uxorem,
875 2395 1125 2464 Domine,
1191 2398 1398 2467 habeo,
1457 2399 1787 2470 unicamque
1849 2397 2132 2468 parvulam

544 2485 738 2554 tiliam,
763 2487 1038 2558 simulque
1063 2504 1229 2544 unam
1257 2489 1504 2557 asellam,
1535 2489 1672 2545 duos
1707 2489 1871 2544 etiam
1915 2503 2130 2560 germa-

546 2593 671 2645 nos,
699 2578 949 2649 duosque
969 2580 1158 2637 boves.
1212 2580 1509 2637 Committo
1538 2591 1721 2637 autem
1749 2597 1836 2636 me
1860 2581 1978 2647 tibi,
2002 2580 2132 2651 quia

545 2667 634 2722 vir
670 2669 1113 2739 sapientissimus
1135 2686 1196 2726 es
1230 2681 1284 2727 et
1312 2671 1816 2742 prudensJamque
1837 2687 1962 2727 cum
1991 2671 2130 2727 meis

547 2761 806 2816 omnibus
864 2770 1043 2817 tecum
1103 2763 1262 2818 vado.
1317 2763 1625 2820 Porcellum
1686 2779 1857 2819 unum
1907 2764 2131 2834 insuper

516 2859 518 2862 '
546 2850 743 2908 habeo.
772 2850 931 2908 Hunc
957 2868 1058 2924 ego
1087 2869 1320 2924 coquam
1383 2864 1437 2910 et
1464 2856 1572 2911 huc
1597 2855 1696 2911 tibi
1730 2855 1970 2911 afferam.
2001 2853 2132 2909 Sine

516 2951 521 2955 '
546 2939 737 3009 frater,
770 2943 970 3014 inquit,
998 2961 1169 2999 unum
1193 2946 1340 3000 enim
1366 2961 1591 3016 porcum
1622 2961 1733 3002 non
1762 2963 1822 3002 es
1875 2957 2129 3004 assuetus

546 3049 660 3089 uno
690 3035 924 3106 prandio
955 3037 1236 3105 mandere,
1275 3053 1376 3094 nec
1404 3039 1622 3109 expedit
1642 3047 1696 3094 te
1734 3040 1919 3109 aliqua
1950 3038 2132 3110 suspi-

547 3126 706 3181 cione
745 3127 958 3182 vicinos
985 3136 1110 3183 tuos
1144 3144 1508 3185 commovere.
1546 3151 1564 3182 ›
1618 3130 1775 3186 Tunc
1811 3131 1900 3185 ille
1931 3131 2048 3197 ivit,
2076 3137 2131 3184 et

545 3232 673 3272 cum
701 3219 819 3275 suis
849 3220 1106 3276 omnibus
1139 3221 1282 3277 sicut
1303 3221 1617 3278 decreverat
1644 3223 1824 3279 rediit.
1868 3221 2130 3278 Ascendit

542 3322 676 3378 ergo
705 3323 892 3365 comes
919 3311 1113 3366 rustici
1163 3313 1408 3380 asellam,
1460 3313 1555 3384 qui
1602 3314 1878 3384 quondam
1931 3314 2128 3371 solitus

539 3405 660 3452 erat
681 3398 928 3468 equitare
955 3401 1160 3456 mulam
1189 3404 1570 3473 peroptimam,
1603 3404 1856 3474 bajulans
1907 3414 2034 3461 ante
2068 3421 2127 3462 se

541 3487 831 3558 infantem,
884 3491 1146 3550 feminam
1200 3495 1468 3563 videlicet,
1516 3505 1571 3552 et
1614 3511 1727 3551 non
1778 3511 2008 3552 marem.
2059 3497 2128 3553 Et

507 3595 707 3649 'quam
737 3597 846 3636 non
878 3582 1034 3638 licuit
1063 3601 1356 3656 generare,
1406 3603 1470 3643 ac
1520 3588 1566 3643 si
1625 3588 1925 3659 genitorem
1975 3589 2129 3644 licuit

539 3681 773 3742 gestare.
799 3671 918 3729 Non
947 3683 1008 3730 ut
1037 3676 1141 3730 sibi
1168 3693 1233 3732 ex
1255 3662 1516 3749 progenie
1545 3678 1769 3734 haberet
1790 3679 2124 3749 contiguam,

544 3761 641 3816 sed
673 3771 732 3817 ut
767 3778 920 3833 spem
943 3764 1224 3824 ﬁliationis
1246 3769 1618 3824 nescientibus
1648 3777 1982 3824 monstraret
2007 3785 2128 3825 esse

539 3859 770 3907 certam.
807 3851 914 3909 Sed
947 3871 1073 3910 cum
1100 3858 1357 3928 coepisset
1397 3859 1579 3916 infans
1608 3859 1873 3930 plorando
1896 3869 1949 3915 et
1979 3861 2130 3916 voci-

541 3939 771 3998 ferando
801 3945 1057 4001 comitem
1083 3947 1302 4003 assidue
1330 3950 1642 4018 molestare,
1664 3965 1765 4006 nec
1789 3959 1976 4021 posset
2003 3965 2126 4006 eam

539 4032 654 4087 ullo
683 4034 845 4090 modo
873 4051 1088 4106 pacare,
1114 4055 1214 4095 nec
1249 4040 1436 4096 aderat
1487 4041 1652 4096 altrix
1700 4057 1823 4113 quae
1870 4043 2122 4110 iactaret,

547 4133 644 4180 aut
679 4142 802 4196 quae
847 4127 1183 4188 fescenninis
1214 4134 1514 4201 mulceret,
1541 4135 1837 4191 meditatus
1860 4145 1943 4191 est
1969 4136 2128 4191 colle-

548 4217 699 4288 gium
726 4218 796 4274 ob
819 4220 872 4275 id
893 4221 945 4276 ei
965 4223 1106 4280 forte
1159 4226 1474 4282 nociturum
1506 4227 1734 4283 timidus
1772 4228 2045 4297 deserere,
2073 4238 2128 4286 et

545 4312 870 4382 segregatim
900 4315 1069 4372 tutius
1097 4316 1367 4376 incedere.
1401 4306 1525 4374 Sed.
1557 4335 1681 4375 cum
1738 4320 1843 4374 hoc
1895 4321 2128 4379 advertit

543 4401 755 4457 rustico
778 4403 1084 4476 displicere,
1114 4409 1290 4465 noluit
1315 4426 1440 4465 eum
1470 4411 1827 4479 conturbare,
1862 4414 1955 4468 sed
1994 4430 2128 4485 per-

2241 551 2422 611 lturus
2449 557 2595 612 enim
2617 565 2878 612 eratcum
2903 572 2964 612 ea
2998 555 3517 629 Hierosolymitanus
3542 568 3741 627 exercitus

2242 660 2418 716 umue
2445 646 2796 718 Cartapetam
2820 657 3060 704 castrum
3084 648 3267 716 Baiae,
3296 651 3387 706 ubi
3429 669 3518 707 rex
3545 665 3592 710 et
3609 673 3750 727 quamy

2239 737 2426 807 plures
2469 738 2560 792 alii
2594 755 2704 794 non
2735 740 2790 794 in
2821 755 3059 808 carcere,
3087 741 3182 797 sed
3228 742 3282 795 in
3340 745 3502 798 castri
3561 747 3750 811 firmitate

2242 832 2585 888 tenebantur.
2605 831 2933 889 Benedictus
2969 843 3151 889 autem
3180 835 3253 890 sit
3274 836 3586 894 universalis
3617 840 3743 902 Domi.

2240 940 2365 991 nus,
2397 925 2490 995 qui
2513 925 2847 980 voluntatem
2871 941 3028 980 suam
3059 935 3114 980 et
3135 936 3457 996 potestatem
3491 929 3560 984 ita
3597 937 3744 993 modiﬁ-

2240 1025 2329 1073 cat
2351 1026 2411 1072 ut
2434 1025 2706 1088 potentem
2734 1019 2801 1073 de
2828 1019 3069 1086 excelso,
3095 1034 3220 1073 cum
3250 1020 3387 1087 vult,
3429 1023 3745 1094 praecipitem

2239 1107 2308 1163 de
2329 1109 2548 1178 pulvere
2574 1124 2874 1179 pauperem
2899 1109 3189 1164 sublimet!
3218 1109 3375 1166 Mane
3401 1111 3576 1183 itaque
3592 1113 3746 1174 Baldui-

2238 1215 2345 1254 nus
2369 1215 2464 1255 rex
2495 1201 2808 1271 imperavit,
2835 1215 2960 1256 sero
2989 1210 3170 1256 autem
3216 1218 3409 1259 servus
3449 1205 3658 1261 servivit.
3676 1209 3748 1265 Go-

2240 1291 2478 1348 scelinus
2504 1308 2725 1362 quoque
2761 1291 3143 1348 nihilominus.
3194 1293 3393 1365 Liquet
3427 1296 3600 1365 utique
3618 1299 3660 1351 in
3679 1301 3747 1357 hoc

2240 1384 2442 1440 saeculo
2471 1384 2606 1438 nihil
2631 1399 2753 1440 esse
2787 1393 3022 1452 eertum,
3069 1385 3206 1440 nihil
3247 1387 3464 1453 stabile,
3514 1405 3601 1443 nec
3635 1391 3746 1446 etiam

2239 1476 2335 1530 diu
2359 1485 2612 1547 gratum:
2642 1476 2766 1532 ideo
2791 1477 3026 1532 terrenis
3065 1477 3278 1533 inhiare
3315 1494 3425 1532 non
3463 1488 3542 1533 est
3581 1480 3748 1548 bonum,

2240 1566 2334 1622 sed
2365 1582 2459 1622 cor
2483 1567 2685 1622 habere
2713 1567 2781 1622 ad
2811 1566 2982 1622 Deum
3008 1583 3226 1639 semper
3250 1570 3536 1638 intentum,
3554 1588 3639 1629 nec
3659 1589 3750 1630 eon-

2238 1657 2472 1715 fidamus
2509 1659 2564 1712 in
2593 1659 2849 1726 caducis,
2875 1676 2974 1715 nec
3004 1660 3310 1716 alienemur
3335 1663 3565 1719 aeternis.

2166 1801 2211 1860 Β
2241 1770 2360 1828 Jam
2386 1789 2532 1829 nunc
2559 1774 2916 1830 terdecimum
2948 1776 3252 1845 complens,
3285 1785 3449 1846 prout
3481 1777 3677 1860 aestimo,
3697 1779 3755 1834 lu-

2238 1911 2438 1988 [legem
2468 1913 2744 1988 non_vidi_,_
2761 1914 2909 1988 velut
2931 1916 3078 1988 hunc
3100 1916 3153 1988 in
3185 1932 3408 1972 carcere
3434 1846 3704 1988 pletitsiﬁmm’

2240 1984 2523 2054 Signifieet
2545 1985 2590 2040 si
2617 1985 2748 2056 quid
2772 1986 2963 2056 ignoro
2986 1987 3231 2056 quidem,
3264 1988 3409 2044 Deus
3433 1984 3531 2045 hoc
3557 1989 3659 2044 scit.

2809 2099 3042 2154 CAPUT
3082 2099 3248 2154 XXV.

2239 2189 2318 2244 De
2375 2192 2723 2264 expeditione!
2754 2191 3393 2264 rllierosolymitanomm,
3441 2203 3489 2247 et
3545 2196 3662 2264 quod
3698 2211 3760 2247 rex

2619 2262 2920 2317 Baldut'nus
2944 2264 3112 2317 denuo
3139 2265 3208 2318 sit
3239 2273 3448 2334 captus.

2305 2375 2579 2433 Euntibus
2599 2392 2729 2449 ergo
2757 2375 3269 2449 Hierosolymitanis
3303 2392 3563 2448 quorsum
3586 2378 3653 2431 ire
3678 2376 3762 2431 fue-

2234 2477 2320 2522 rat
2379 2476 2666 2536 statutum,
2712 2469 3085 2539 glomerantur
3139 2469 3222 2524 eis
3270 2468 3418 2538 apud
3472 2467 3765 2522 Antiochiam

2235 2561 2561 2632 Tripolitani
2611 2569 2777 2632 atque
2826 2561 3173 2617 Antiocheni.
3228 2559 3336 2616 Sed
3392 2576 3516 2616 cum
3555 2559 3767 2613 Turbezel

2233 2651 2633 2723 pervenissent,
2664 2646 2953 2708 intimatur
2980 2653 3061 2708 eis
3106 2667 3292 2726 regem
3335 2651 3514 2708 denuo
3560 2665 3675 2706 esse,
3703 2665 3771 2705 ca-

2232 2752 2410 2814 ptum,
2451 2752 2506 2799 et
2534 2745 2793 2815 oppidum
2821 2745 2875 2800 in
2896 2759 3007 2816 quo
3029 2745 3255 2800 clausus
3293 2753 3414 2799 erat
3449 2744 3663 2800 Carram
3693 2757 3770 2797 no—

2235 2835 2527 2891 minatum.
2554 2833 2667 2892 Hoc
2702 2844 2882 2892 autem
2906 2835 3115 2903 audito,
3139 2844 3389 2890 mutatur
3429 2836 3772 2899 consilium,et

2227 2925 2455 2995 jubetur
2477 2925 2623 2980 illico
2647 2925 2788 2981 edici
2819 2926 3048 2982 reditus.
3076 2924 3145 2980 Et
3174 2926 3462 2997 cupientes
3487 2927 3588 2981 sibi
3609 2925 3774 2994 aliquid

2237 3015 2515 3086 prodesse,
2539 3016 2818 3073 cornicine
2839 3017 3204 3088 significante,
3227 3017 3567 3072 diverterunt
3608 3016 3668 3072 ad
3706 3031 3775 3069 ur-

2235 3105 2358 3161 bem
2388 3105 2690 3176 Caliptum;
2738 3117 2792 3162 et
2811 3116 3164 3163 vastaverunt
3187 3117 3241 3163 et
3267 3109 3667 3180 dissipaverunt
3690 3124 3778 3162 oui-

2159 3172 2200 3230 (ἶ
2237 3197 2328 3252 nia
2349 3213 2471 3268 qua:
2494 3198 2824 3255 intrinsecus
2851 3210 3192 3270 repererunt,
3224 3217 3352 3256 cum
3379 3201 3631 3270 primitus
3669 3200 3778 3252 intra

2236 3287 2440 3342 mtenia
2469 3287 2724 3344 ferociter
2745 3299 2936 3344 contra
2961 3306 3057 3345 eos
3084 3306 3278 3346 omnes
3308 3292 3405 3362 qui
3429 3293 3666 3348 exierant
3704 3291 3784 3343 imo

2235 3378 2522 3448 pulissent.
2562 3378 2668 3435 Sed
2699 3397 2825 3436 cum
2857 3397 2953 3452 per
2981 3392 3220 3452 quatuor
3249 3383 3370 3439 dies
3423 3384 3498 3439 ibi
3544 3389 3782 3439 morantes

2231 3471 2308 3524 nil
2335 3471 2570 3540 amplius
2593 3470 2872 3539 fecissent,
2929 3473 2996 3528 ad
3045 3491 3142 3530 sua
3202 3490 3450 3531 remeare
3489 3481 3783 3536 statuerunt,

2230 3561 2346 3633 jam
2377 3563 2765 3618 alimoniorum
2790 3567 3020 3636 penuria
3057 3569 3257 3622 vexati.
3317 3567 3640 3624 Goseelinus
3685 3580 3785 3619 vero

2234 3670 2420 3711 comes
2445 3655 2500 3710 in
2530 3656 2805 3712 territorio
2847 3658 3191 3713 Antiocheno
3240 3667 3373 3715 tunc
3420 3659 3698 3715 remansit.
3742 3656 3790 3709 Et

2233 3762 2358 3802 cum
2397 3763 2573 3818 usque
2623 3747 3020 3804 Ptolemaidam
3066 3750 3301 3820 regressi
3357 3749 3619 3816 fuissent,
3661 3758 3786 3801 ante-

2232 3855 2399 3910 quam
2431 3840 2618 3896 alIines
2643 3839 2931 3898 Sarraceni
2958 3842 3063 3897 hoc
3090 3843 3484 3910 advertissent,
3527 3841 3791 3898 Jordanein

2231 3931 2415 3990 Subito
2462 3932 2656 3989 itinere
2705 3935 3060 3990 transierunt.
3103 3934 3170 3990 Et
3223 3951 3352 3990 cum
3405 3951 3504 4006 per
3552 3935 3794 4005 regionem

2234 4024 2405 4093 illam,
2436 4041 2559 4096 qua:
2585 4027 2757 4080 monti
2804 4025 3011 4081 Galaad
3061 4036 3117 4082 et
3147 4026 3366 4082 Arabia:
3415 4029 3677 4098 contigua
3717 4035 3800 4089 est,

2235 4117 2726 4189 percucurrissent,
2755 4126 2810 4174 et
2836 4118 2903 4174 de
2934 4117 3369 4174 Sarracenorum
3408 4130 3653 4190 utroque
3692 4134 3798 4172 sexu

2231 4209 2530 4280 bestiisque
2558 4210 2814 4281 plurimis
2849 4227 3041 4282 greges
3062 4212 3448 4282 diripuissent,
3466 4229 3601 4268 cum
3625 4208 3801 4281 ingenti

2229 4319 2388 4362 carra
2411 4304 2742 4359 camelorum
2782 4312 2943 4374 atque
2965 4304 3172 4371 ovium,
3206 4303 3485 4361 infantum
3511 4320 3727 4376 quoque
3754 4318 3802 4355 ac

2231 4397 2533 4467 puberum,
2575 4396 2616 4450 Τ
2624 4396 2920 4451 iberiadcm
2962 4396 3043 4452 eis
3086 4397 3400 4467 proximam
3439 4400 3806 4461 redierunt,et

538 4496 809 4552 ερνθιιενίι
846 4497 901 4552 in
925 4509 1103 4571 coepto
1125 4502 1331 4559 labore.
1363 4503 1432 4558 Ει
1456 4520 1583 4560 cum
1615 4505 1956 4576 pervenisse;
1987 4499 2128 4563 Tur.
2156 4528 2207 4589 Β
2237 4489 2523 4589 dispertito
2545 4506 2644 4560 pro
2671 4505 2823 4544 more
2862 4489 3094 4543 invicem
3137 4490 3434 4589 eleinﬁento,
3474 4491 3806 4589 llierusalcin

538 4585 710 4656 bezel,
740 4590 930 4646 talium
965 4591 1242 4664 hospitum
1283 4595 1403 4652 lieta
1464 4597 1568 4652 fuit
1620 4598 1780 4652 valde
1832 4599 2126 4670 susceptio.

539 4679 753 4736 Gaudet
775 4684 975 4754 quippe
996 4702 1153 4756 uxor,
1184 4689 1423 4744 exsultat
1473 4689 1702 4744 familia.
1749 4689 1859 4746 Nec
1902 4693 2132 4765 ambigit

536 4781 730 4829 nostra
750 4777 1083 4834 conscientia
1117 4789 1322 4851 quanta
1359 4781 1576 4852 gloriati
1608 4782 1720 4836 sint
1755 4798 1946 4838 omnes
1988 4783 2126 4840 licti-

536 4866 636 4933 tia,
662 4874 717 4921 et
746 4878 965 4938 quanta:
1022 4872 1278 4943 lacrymte
1320 4887 1434 4942 prae.
1478 4871 1678 4942 gaudio
1725 4871 2030 4928 funduntur
2074 4883 2129 4931 et

537 4957 766 5014 affluunt
793 4961 1054 5032 suspiria.
1079 4962 1166 5018 Fit
1200 4963 1364 5018 etiam
1397 4964 1603 5019 rustico
1641 4964 1866 5020 indilate
1906 4966 1973 5020 de
2013 4967 2120 5020 hu-

532 5050 763 5107 militate
779 5054 943 5125 digna
966 5057 1354 5112 remuneratio.
1378 5055 1486 5112 Pro
1511 5073 1619 5112 uno
1640 5058 1803 5113 boum
1829 5059 1962 5129 jugo
1989 5072 2122 5114 con-

532 5141 691 5196 tinuo
715 5146 920 5215 recepit
945 5147 1078 5209 duo.
1105 5146 1210 5201 Sed
1241 5148 1368 5218 quia
1401 5165 1510 5204 non
1534 5150 1777 5220 oportuit
1798 5150 1853 5204 in
1902 5154 1990 5209 his
2025 5153 2120 5208 diu

436 5306 437 5309 η
545 5234 775 5302 morari,
801 5251 988 5292 comes
1015 5237 1238 5293 indilate
1257 5239 1350 5294 ivit
1377 5239 1744 5309 Antiochiam,
1769 5243 1966 5299 deinde
1994 5244 2120 5300 Hic-

531 5322 796 5378 rusalem.
849 5325 913 5379 Et
957 5327 1182 5384 redditis
1237 5328 1347 5384 illic
1399 5331 1596 5386 debitis
1644 5332 1757 5387 Deo
1814 5313 2117 5404 gratiarum

533 5413 866 5484 actionibus,
891 5415 1084 5474 obtulit
1113 5419 1356 5491 geminas
1379 5424 1670 5493 compedes
1693 5439 1881 5480 secum
1904 5427 2118 5496 allatas,

534 5520 678 5576 quas
699 5505 892 5563 devote
919 5509 972 5563 in
1001 5521 1186 5567 monte
1224 5514 1428 5569 obtulit
1463 5515 1749 5582 Calvariaa,
1783 5519 1850 5572 ad
1907 5535 2119 5575 memo-

532 5598 678 5656 riam
703 5600 990 5670 captionis,
1013 5613 1065 5658 et
1087 5605 1152 5659 ad
1181 5605 1412 5677 gloriam
1449 5624 1562 5664 sua:
1591 5610 1955 5667 liberationis.
1983 5611 2119 5670 Una:

530 5689 757 5762 quidem
781 5691 1000 5750 fuerunt
1022 5695 1226 5765 ferreas,
1253 5699 1437 5754 alterae
1487 5717 1612 5757 vero
1652 5713 1942 5775 argenteae.
1988 5706 2120 5765 Post

528 5779 781 5842 triduum
812 5793 988 5841 autem
1035 5789 1162 5844 exiit
1183 5790 1248 5845 de
1272 5789 1633 5860 Hierusalem,
1662 5794 2002 5853 Dominicam
2040 5816 2118 5856 se-

2235 4582 2476 4652 undique
2501 4589 2892 4648 convenerunt,
2924 4590 2978 4636 et
3017 4596 3239 4637 crucem
3264 4582 3492 4646 Domini
3525 4586 3742 4642 allatam
3766 4584 3810 4636 in

2233 4673 2356 4728 loco
2385 4689 2486 4727 suo
2511 4683 2892 4743 reposuerunt.
2924 4671 3083 4728 Nunc
3108 4683 3295 4738 autem
3326 4679 3539 4734 reverti
3584 4680 3734 4735 deiet
3758 4677 3809 4730 ad

2233 4763 2288 4820 id
2311 4765 2459 4836 quod
2488 4765 2885 4837 aliquantulum
2909 4767 3389 4836 praetermiserunt,

2789 4881 3020 4938 CAPUT
3051 4882 3242 4938 XXVI.

2236 4993 2512 5060 Quomodo
2541 4993 2709 5049 Balac
2744 5011 2912 5065 regem
2939 4995 3162 5063 obsedit,
3194 5006 3244 5050 et
3271 5013 3391 5052 eum
3433 4999 3625 5053 denuo
3649 5002 3701 5053 in
3743 5014 3817 5050 ra-

2787 5065 3019 5119 stodt'am
3063 5069 3230 5122 misit.

2303 5155 2443 5209 Cum
2475 5155 2720 5210 audisset
2745 5154 2908 5210 Balac
2935 5157 3080 5226 quod
3110 5158 3256 5227 apud
3287 5157 3662 5230 Cartapetam
3708 5175 3818 5214 con—

2233 5245 2449 5317 tigerat,
2475 5254 2530 5300 et
2555 5246 3016 5316 quemadmodum
3041 5262 3230 5303 comes
3271 5248 3625 5307 Goscelinus
3655 5251 3721 5305 de
3743 5265 3817 5303 ca—

2231 5339 2418 5409 ptione
2474 5346 2744 5405 evaserat,
2787 5339 3117 5409 quantocius
3163 5341 3346 5410 potuit
3396 5342 3548 5400 illuc
3601 5344 3684 5399 ire
3728 5357 3821 5398 non

2228 5430 2458 5486 distulit.
2483 5429 2550 5486 Et
2572 5445 2755 5501 regem
2786 5430 2984 5486 blande
3028 5439 3160 5487 tunc
3212 5432 3528 5501 allocutus,
3581 5434 3824 5506 ﬂagitavit

2222 5530 2285 5577 ut
2308 5521 2556 5577 redderet
2577 5521 2628 5575 ei
2654 5523 2936 5578 castellum
2967 5540 3128 5579 suum
3156 5525 3250 5580 tali
3271 5527 3573 5598 pactione,
3597 5539 3682 5594 ut,
3701 5529 3823 5584 datis

2223 5613 2508 5669 obsidibus
2540 5614 2750 5682 electis,
2780 5631 2904 5670 eum
2944 5616 3190 5685 quietum
3253 5619 3412 5674 abire
3466 5625 3820 5692 permitteret,

2220 5715 2278 5761 et
2307 5722 2480 5777 usque
2515 5707 2775 5764 Edessam
2801 5711 2893 5770 vel
2916 5709 3264 5765 Antiochiam
3292 5713 3550 5770 fideliter
3586 5718 3714 5774 duci
3759 5717 3833 5772 fa~

2221 5809 2383 5853 ceret.
2425 5799 2682 5871 Alioquin
2707 5802 2792 5858 vel
2821 5804 2912 5859 uni
2939 5818 3157 5868 eorum,
3192 5805 3278 5859 vel
3303 5807 3605 5868 ambobus
3645 5813 3700 5866 in
3747 5809 3822 5868 de»
