3804 6312
69 415 174 474 917

855 391 1230 455 FULCIlERlI
1264 384 1566 451 amor.
1605 378 1786 440 msr.
1824 345 2303 436 ιιιιειιοεοιῖῗ-
2338 370 2467 428 ιω.
2507 368 2597 427 ιιι.

3241 365 3354 424 918

69 529 250 586 terius
275 522 505 582 fortuna
539 518 798 593 prodiret.
826 515 935 573 Sed
957 530 1084 572 cum
1107 529 1208 570 rex
1242 501 1348 566 hec
1363 498 1664 564 concedere
1691 501 1741 560 Α
1764 499 1853 556 via
1887 509 2186 570 ‘nunquam
2225 487 2584 548 mansueﬁeri
2615 493 2932 559 potuerunt,
2961 483 3122 540 nobis
3171 481 3360 540 facere

73 621 269 686 nollet,
291 617 418 674 diro
445 614 702 672 etI‘eratus
723 610 930 678 animo,
985 607 1149 662 Balac
1174 603 1415 660 minatus
1473 607 1560 657 est
1614 605 1671 654 et

73 726 266 784 regem
292 717 352 765 et
375 715 620 764 castrum
645 704 914 760 violenter
957 695 1445 770 comprehendere,
1496 700 1552 748 et
1601 689 1671 745 de

75 782 328 859 inimicis
356 800 475 856 suis
520 797 819 854 vindictam
868 793 1064 865 procul
1114 791 1282 848 dubio
1321 787 1520 844 facere.
1565 782 1671 852 Qui

71 894 246 967 jussit
266 892 421 949 illico
441 905 655 961 rupem,
669 899 846 958 super
877 899 1047 957 quam
1069 883 1237 940 situm
1260 887 1380 936 erat
1403 883 1670 942 castrum,

76 983 334 1052 subfodi,
361 990 416 1040 et
440 997 539 1054 per
577 979 861 1037 cumulum
903 974 1134 1034 sudibus
1170 969 1456 1042 dispositis
1507 981 1673 1038 opera

78 1076 384 1151 suspendi,
410 1076 668 1146 illataque
695 1072 835 1129 silva
848 1065 1050 1144 V‘ignem
1087 1064 1328 1123 immitti.
1379 1059 1674 1118 Succensis

78 1181 274 1230 autem
299 1168 656 1234 fulcimentis,
683 1179 848 1223 cavea
894 1167 1117 1233 repente
1138 1155 1404 1223 subsedit,
1427 1163 1484 1211 et
1505 1152 1676 1209 turris

79 1261 347 1334 quaedam
373 1259 504 1316 huic
529 1257 784 1314 incendio
803 1253 1060 1326 proxima
1089 1265 1217 1306 cum
1251 1262 1453 1321 magno
1491 1245 1674 1303 sonitu

79 1356 316 1412 decidit.
348 1353 538 1410 Primo
559 1351 778 1422 quidem
802 1363 929 1405 cum
945 1346 1170 1418 pulvere
1199 1341 1385 1399 fumus
1406 1341 1678 1398 excitatus

81 1459 194 1515 est,
227 1464 358 1505 cum
383 1447 566 1518 ignem
604 1443 768 1500 ruina
797 1438 1166 1498 concluderet.
1205 1435 1311 1492 Sed
1337 1442 1525 1506 postea
1555 1449 1678 1488 ma-

79 1543 252 1608 teria,
273 1555 398 1610 quae
416 1538 782 1610 premebatur,
807 1533 1027 1589 ﬂamma
1045 1531 1160 1603 jam
1189 1527 1390 1585 clarior
1421 1539 1682 1597 apparere

81 1633 284 1704 erepit,
313 1640 370 1687 et
396 1628 665 1700 repentini
695 1625 828 1681 facti
856 1638 1038 1695 regem
1062 1627 1297 1691 occupat
1323 1626 1538 1688 stupor,
1584 1615 1682 1686 qui

82 1725 238 1780 hanc
265 1721 606 1778 molitionem
630 1731 772 1790 aagre
792 1714 1088 1780 ferebat,et
1120 1711 1196 1766 ita
1217 1724 1344 1781 spes
1370 1723 1496 1764 eum
1523 1721 1682 1762 cassa

82 1815 336 1872 refrixit.
357 1829 520 1871 auem
547 1818 734 1867 tantus
763 1821 926 1864 casus
954 1805 1170 1861 terruit.
1194 1802 1382 1874 Itaque
1422 1807 1534 1856 tota
1564 1798 1679 1853 vir-

87 1919 215 1964 tute
243 1923 347 1964 sua
367 1921 495 1962 eum
523 1917 686 1960 sensu
726 1899 958 1972 perdita,
1009 1912 1107 1952 rex
1147 1903 1204 1951 et
1246 1893 1332 1950 sui
1380 1889 1684 1948 clementiae

87 1997 263 2053 Balac
288 1994 563 2066 supplices
603 1989 806 2047 addicti
835 1995 992 2055 sunt;
1047 1985 1185 2042 nihil
1218 1983 1326 2040 nisi
1355 1979 1684 2053 supplicium

87 2088 407 2146 secundum
432 2083 624 2140 merita
648 2086 1046 2153 exspectantes.
1085 2075 1218 2148 Regi
1243 2083 1426 2130 tamen
1474 2070 1684 2127 indulta

87 2181 212 2235 vita
231 2177 499 2250 pepercit,
526 2183 582 2231 et
610 2175 829 2230 cuidam
859 2169 1046 2242 nepoti
1083 2183 1207 2235 suo,
1238 2165 1404 2223 simul
1430 2165 1596 2220 etiam
1633 2170 1689 2217 et

92 2270 475 2328 Gualeranno.
498 2265 790 2322 Armenios
811 2271 1016 2329 autem,
1067 2259 1159 2331 qui
1205 2257 1521 2328 adjumento
1571 2253 1688 2324 regi

89 2369 299 2417 contra
321 2359 485 2414 Balac
520 2356 870 2422 exstiterant,
919 2351 1057 2408 alios
1109 2347 1330 2420 quidem
1382 2343 1688 2416 suspendit,

91 2451 243 2506 alios
269 2464 403 2504 vero
432 2445 750 2512 excoriavit,
775 2441 1044 2515 quosdam
1075 2453 1272 2509 nempe
1292 2452 1391 2509 per
1443 2434 1690 2492 medium

95 2555 236 2596 ense
258 2538 475 2595 cecidit.
503 2537 706 2608 Regem
735 2541 917 2590 autem
973 2546 1100 2588 eum
1150 2527 1328 2584 tribus
1367 2527 1436 2582 de
1489 2526 1607 2582 suis
1661 2539 1694 2580 e

96 2643 291 2692 castro
320 2631 500 2703 ejecit,
522 2639 576 2686 et
600 2629 667 2685 ad
686 2627 916 2683 Carram
962 2623 1236 2680 civitatem
1298 2618 1495 2676 adduci
1542 2617 1690 2674 fecit.

93 2728 174 2784 Et
193 2727 328 2798 quia
348 2723 593 2797 procula
629 2721 790 2778 nobis
815 2719 960 2775 facta
983 2718 1104 2773 haec
1133 2715 1382 2780 aberant,
1417 2713 1506 2768 vix
1532 2710 1696 2768 certi-

97 2821 352 2877 tudinem
367 2817 447 2873 rei
466 2816 745 2872 addiscere
759 2820 1094 2884 poteramus.
1108 2805 1518 2870 Verumtamen,
1531 2817 1698 2873 quam

103 2914 300 2970 verius
320 2910 497 2983 potui,
521 2924 553 2964 a
586 2904 919 2964 relatoribus
946 2900 1085 2958 mihi
1128 2898 1443 2955 iutimatum
1492 2896 1698 2952 chartae

105 3003 519 3064 commendavi.

180 3117 279 3188 Sic
302 3115 504 3188 pluviis
526 3121 681 3188 artus
701 3107 1018 3188 sitibundus
1047 3102 1250 3188 desinit
1278 3116 1478 3158 annus.

179 3167 737 3256 ﬁﬁaé'hiéioé'diyin‘i
761 3181 953 3238 crebro
981 3183 1112 3256 sunt
1135 3187 1422 3229 murmure
1452 3167 1655 3241 questi.

180 3249 348 3315 Gesta
375 3266 570 3328 quater
594 3249 764 3311 denos
788 3256 1020 3328 currunt
1044 3249 1162 3328 .huc
1187 3257 1363 3328 usque
1382 3256 1485 3328 per
1517 3254 1694 3295 annos

179 3314 316 3388 Post
335 3314 440 3386 iter
461 3329 759 3398 inemptum
787 3317 1092 3393 peregrinis
1126 3314 1371 3384 undique
1395 3319 1606 3367 notum.

660 3412 891 3474 CAPUT
930 3407 1149 3466 XXVII.

431 3511 511 3568 De
565 3509 692 3582 Tyri
747 3505 1022 3564 obsidione
1067 3506 1394 3572 praeparata.

183 3608 349 3664 Anno
369 3621 404 3662 a
425 3581 661 3661 Domino
684 3599 815 3657 Jesu
835 3605 967 3653 nato
997 3593 1158 3661 1124,
1183 3606 1311 3648 cum
1349 3585 1540 3643 Natale
1585 3581 1708 3638 Sal-

107 3710 324 3764 vatons
341 3707 456 3756 tam
484 3697 540 3754 in
572 3694 888 3763 Bethlehem
936 3703 1104 3760 quam
1140 3685 1196 3740 in
1254 3678 1622 3742 Hierusalem,
1647 3682 1710 3730 ut

109 3793 328 3860 decuit,
358 3777 813 3853 celebrassemus,
843 3781 934 3839 cui
957 3775 1263 3838 celebritati
1286 3775 1399 3831 dux
1426 3767 1710 3827 Venetico-

112 3905 242 3945 rum
271 3901 401 3943 cum
418 3883 533 3941 suis
554 3881 746 3938 devote
770 3873 1038 3941 interfuit,
1051 3869 1434 3928 conﬁrmatum
1457 3870 1541 3918 est
1560 3875 1712 3916 eom-

115 3980 280 4039 muni
299 3987 357 4036 et
377 3975 614 4050 gratuita
641 3973 923 4030 voluntate
947 3966 1051 4024 sub
1075 3958 1459 4037 jurejurando,
1477 3952 1712 4012 obsidio-

115 4089 248 4131 nem
276 4046 425 4129 circa
469 4068 675 4140 Tyrum
709 4064 798 4121 vel
827 4059 1154 4117 Ascalonem
1185 4049 1313 4125 post
1351 4046 1712 4122 Epiphaniam

115 4179 306 4238 agere.
342 4161 448 4224 Sed
471 4160 604 4231 quia
645 4171 758 4223 nos,
777 4149 1026 4226 pecuniae
1050 4146 1234 4217 inopia
1263 4142 1553 4198 universos
1582 4144 1714 4192 tunc

115 4230 372 4324 arcebat,
401 4253 678 4326 colligitur
701 4249 880 4305 multa
904 4243 1110 4301 viritim
1135 4237 1346 4296 militia:
1371 4242 1426 4291 et
1449 4230 1714 4289 clientelae

116 4348 472 4410 eonductivaa
502 4338 883 4414 impertienda.
901 4333 1021 4391 Non
1050 4331 1197 4390 enim
1225 4332 1479 4400 poterant
1501 4331 1716 4379 tantum

124 4442 412 4516 negotium
471 4413 598 4494 sive
661 4427 935 4489 donativis
1001 4421 1278 4494 expedire.
1344 4413 1718 4484 Quamobrem

1771 589 2033 648 damnum
2063 601 2162 657 pro
2192 597 2354 656 posse
2375 596 2488 637 non
2508 577 2859 636 distulerunt.
2884 575 3131 642 Quadam
3151 574 3360 644 quippe

1771 682 1880 748 die,
1927 678 2202 758 tripartito
2243 673 2488 732 exercitu
2536 685 2641 727 suo
2657 711 2674 737 ,
2722 669 2988 739 majorem
3043 666 3361 722 cohortium

1773 787 1998 830 suarum
2021 777 2234 841 partem
2257 764 2599 822 Hierusalem
2639 761 3004 827 adduxerunt,
3047 757 3144 829 qui
3173 771 3362 813 exem—

1772 865 1864 936 pio
1885 869 2009 919 octo
2030 859 2284 916 homines
2308 864 2462 912 extra
2487 853 2701 920 urbem,
2727 851 2826 923 qui
2855 851 3046 906 vineas
3067 848 3358 920 putabant,

1773 953 2005 1012 truciter
2048 955 2418 1022 peremerunt.
2475 943 2722 1012 Quorum
2770 941 3006 998 adventu
3054 948 3364 1010 comperto,

1776 1061 1942 1117 super
1965 1057 2148 1099 arcem
2172 1039 2394 1097 Davidis
2425 1037 2556 1092 tuba
2601 1049 2732 1090 mox
2785 1031 3042 1099 intonuit,
3065 1033 3172 1088 hoc
3201 1030 3364 1086 nobis

1777 1136 2115 1209 signiﬁcans.
2165 1131 2234 1188 Et
2297 1128 2662 1202 "procedentes
2703 1124 2969 1182 adversus
3027 1137 3124 1180 eos
3166 1121 3367 1177 Franci

1777 1229 1960 1287 nostri
1977 1236 2142 1298 atque
2162 1223 2309 1298 Syri,
2333 1222 2595 1278 audacter
2624 1218 2974 1274 obstiterunt.
3003 1213 3073 1272 Et
3110 1227 3236 1268 eum
3267 1211 3368 1266 tri-

1779 1323 1883 1378 bus
1905 1317 2013 1376 diei
2035 1293 2190 1373 horis
2208 1293 2480 1370 alterutro
2503 1317 2802 1380 conspectu
2819 1307 2889 1362 ad
2915 1303 3132 1364 taedium
3155 1317 3215 1359 se
3240 1293 3382 1356 fati;

1780 1419 2031 1486 gassent,
2085 1406 2293 1471 effectis
2351 1399 2775 1476 quamplurimis
2831 1397 3128 1463 sauciatis,
3184 1393 3371 1451 mmsti

1780 1480 2067 1570 abierunt,
2112 1497 2288 1556 nostri
2347 1494 2619 1566 siquidem
2665 1488 2931 1561 paulatim
2989 1500 3086 1542 eos
3135 1480 3376 1540 insecuti

1783 1605 1930 1656 sunt.
1974 1595 2044 1651 Et
2089 1592 2220 1666 quia
2269 1587 2538 1645 militibus
2591 1582 2872 1649 carebant,
2907 1578 3136 1636 insidias
3176 1590 3382 1631 eorum.

1782 1689 1962 1756 veriti,
1985 1701 2094 1742 non
2112 1684 2580 1756 praesumpscrunt
2602 1689 2700 1732 eos
2732 1673 2828 1730 diu
2857 1669 3048 1741 sequi.
3101 1667 3184 1723 Ad
3197 1674 3380 1722 extre--

1785 1796 1938 1838 mum
1964 1789 2146 1834 tamen
2175 1774 2244 1830 de
2273 1770 2544 1844 capitibus
2571 1780 2765 1824 eorum
2817 1759 3116 1833 amputatis
3163 1765 3382 1829 septem

1787 1882 1842 1931 et
1866 1872 2058 1928 decem
2076 1872 2288 1924 retenta
2310 1869 2462 1930 sunt,
2474 1858 2813 1927 totidemque
2833 1851 2981 1923 equi.
3007 1849 3142 1905 Tres
3162 1849 3384 1919 equites

1784 1964 1916 2032 vivi,
1945 1961 2038 2018 alii
2064 1973 2196 2016 vero
2237 1972 2304 2013 ex
2327 1955 2409 2012 eis
2437 1960 2572 2010 sunt
2621 1948 2812 2006 occisi.
2871 1943 3030 2012 Quod
3079 1941 3127 1998 si
3175 1940 3380 1996 milites

1787 2057 2138 2120 haberemus,
2167 2047 2330 2121 pauci
2357 2062 2426 2104 ex
2453 2045 2536 2102 eis
2565 2040 2888 2098 evasissent.
2919 2033 3211 2106 Equitatus
3230 2030 3382 2087 enim

1788 2156 1976 2205 noster
2019 2145 2077 2200 in
2099 2141 2340 2200 exercitu
2385 2144 2524 2194 erat.
2572 2133 2732 2190 Tunc
2788 2130 2934 2186 Deus
2976 2126 3253 2193 laudatur,
3289 2121 3388 2179 cui-

1791 2253 2004 2311 semper
2031 2237 2154 2293 laus
2187 2233 2434 2290 debetur.

2357 2316 2587 2378 CAPUT
2614 2311 2810 2370 XXIX.

2184 2416 2262 2472 De
2287 2413 2446 2486 Tyro,
2479 2419 2527 2467 et
2550 2408 2665 2478 ejus
2690 2403 2985 2460 nobilitate.

1866 2511 2080 2569 Interea
2124 2506 2235 2564 loci
2284 2506 2721 2580 coangustantur
2777 2492 2928 2566 Tyrii
2978 2490 3034 2545 in
3094 2487 3231 2544 urbe
3285 2502 3389 2542 sua

1795 2606 2043 2680 proxime
2087 2578 2308 2662 inclusi,
2358 2610 2461 2652 nec
2505 2605 2698 2664 pacem
2749 2591 3079 2658 quaerentes,
3135 2596 3236 2636 nee
3264 2578 3390 2649 capi

1797 2671 2071 2758 cedentes.
2120 2691 2338 2749 Divitiis
2364 2688 2511 2744 enim
2543 2679 2808 2755 opulenti,
2839 2685 2895 2734 et
2928 2674 3100 2732 maris
3128 2671 3390 2746 praesidio

1799 2787 2157 2855 cireumfulti,
2180 2784 2588 2841 consueverunt
2616 2787 2836 2844 semper
2863 2784 2985 2826 esse
3012 2764 3230 2839 ingrati.
3258 2761 3389 2818 Ilaec

1799 2891 1883 2938 est
1904 2879 2124 2952 quidem
2159 2873 2376 2932 cunctis
2403 2869 2657 2934 urbibus,
2687 2879 2811 2936 quae
2853 2862 2908 2917 in
2934 2869 3080 2916 terra
3109 2863 3238 2912 sunt
3263 2867 3392 2924 pro-

1803 2973 2103 3038 missionis,
2133 2968 2302 3025 ditior
2329 2973 2385 3022 et
2406 2961 2666 3027 nobilior,
2689 2963 2885 3030 praeter
2904 2953 3068 3019 Azor,
3093 2963 3268 3022 quam,
3284 2962 3391 3001 an-

1805 3061 2036 3133 tiquitus
2077 3034 2240 3112 dabin
2291 3067 2388 3109 rex
2435 3048 2872 3104 Chananaeorum
2927 3034 3194 3110 possedit,
3224 3045 3394 3104 quam

1727 3179 1773 3242 ρ
1804 3125 1970 3213 Iosue
1989 3159 2180 3224 postea
2209 3161 2336 3205 cum
2360 3140 2612 3215 plurimis
2649 3133 2941 3193 destruxit.
2987 3128 3121 3197 Quae
3145 3125 3395 3198 quidem,

2422 3235 2435 3242 ‘
2621 3231 2652 3242 "
2866 3241 2869 3242 ν
2902 3224 2986 3242 νει-
3052 3218 3388 3242 -ηιΑ-Ξ-ι-ιιι-.-

1805 3258 1864 3305 ιιι
1893 3218 2150 3319 legimus,
2176 3235 2469 3311 nongentis
2499 3231 2742 3290 turribus
2784 3224 2997 3283 munita
3047 3218 3388 3294 gloriabatur

1807 3314 1974 3416 (Iud:
1996 3357 2069 3406 ιν,
2099 3339 2157 3406 ‘2,
2181 3336 2260 3406 5).
2294 3330 2566 3402 Iosephus
2587 3331 2772 3381 autem
2800 3319 2904 3376 tria
2932 3314 3102 3372 millia
3127 3324 3396 3370 curruum

1809 3409 2132 3490 l‘aleatorum
2165 3425 2338 3482 fuisse
2362 3427 2571 3478 narrat.
2618 3417 2969 3470 Armatorum
2991 3420 3124 3463 vero
3151 3409 3402 3460 trecenta

1809 3526 2004 3592 millia,
2025 3529 2081 3578 et
2105 3519 2295 3576 decem
2320 3513 2490 3570 millia
2509 3509 2758 3580 equitum
2785 3501 3049 3568 habebat;
3073 3497 3233 3568 cujus
3253 3495 3401 3550 mili-

1807 3619 1897 3676 tia:
1924 3587 2112 3672 Sisara
2139 3611 2250 3666 dux
2277 3605 2504 3663 exstitit.
2533 3601 2628 3657 Hae
2649 3598 2817 3655 urbes
2848 3593 3027 3666 Tyrus
3069 3599 3126 3647 et
3169 3589 3315 3643 Azor
3338 3587 3400 3642 in

1809 3717 1955 3765 terra
1997 3700 2321 3759 Phoenicum
2379 3693 2604 3750 fuerunt
2629 3686 2911 3744 institutae.
2963 3681 3091 3736 Haec
3135 3675 3406 3735 institori-

1810 3803 1916 3859 bus
1942 3807 1997 3854 et
2024 3787 2485 3867 negotiationibus
2526 3777 2930 3844 munitissima;
2977 3773 3070 3829 illa
3096 3783 3228 3827 vero
3272 3767 3410 3823 inﬁ~

1813 3891 1926 3947 nita
1951 3859 2123 3960 gente
2139 3880 2426 3955 populosa.
2454 3873 2582 3931 Haec
2605 3873 2663 3928 in
2689 3868 2904 3925 marino
2927 3867 3114 3921 littore
3147 3862 3284 3928 sita;
3308 3859 3400 3914 illa

1813 3951 2030 4041 vero'in
2053 3951 2458 4046 campestribus
2486 3974 2572 4024 est
2607 3962 2892 4020 collocata.
2925 3955 3156 4025 Quando
3183 3951 3407 4008 Gedeon

1815 4072 2127 4132 vindicabat
2162 4041 2353 4132 Israel,
2378 4071 2512 4118 tunc
2533 4053 2799 4128 temporis
2847 4051 3026 4124 Tyrus
3057 4043 3281 4104 condita
3306 4041 3414 4098 fuit

1815 4168 1980 4242 paulo
2024 4171 2152 4220 ante
2189 4156 2479 4217 Herculem
2507 4167 2540 4208 a
2577 4144 2956 4204 Phrenicihus.
2987 4139 3134 4196 Urbs
3165 4135 3314 4194 enim
3351 4134 3412 4189 in

1818 4227 1966 4318 lerra
2015 4253 2341 4312 Phrenicum
2396 4255 2500 4304 est.
2552 4242 2684 4299 Haec
2734 4246 2842 4306 est,
2901 4235 2971 4291 ad
3025 4246 3194 4305 quam
3237 4227 3413 4308 lsaias

1818 4353 2093 4424 loquitur,
2146 4347 2368 4403 minans
2419 4353 2542 4397 eam
2606 4339 2830 4408 propter
2879 4325 3192 4400 superbiam
3249 4333 3414 4378 suam

1820 4413 1961 4521 (Is-a.
2027 4413 2206 4512 xxm),
2278 4437 2332 4492 ira
2385 4448 2496 4504 qua
2555 4427 2760 4500 optima
2837 4434 3083 4494 purpura
3135 4413 3404 4486 tingitur;

127 4533 384 4608 oportuit
407 4545 510 4586 nos
538 4527 705 4584 etiam
732 4517 1061 4616 preﬁosmfa
1104 4510 1364 4616 Εθθιῗδὶω
1384 4504 1717 4616 ,Hierosﬂy"
1748 4555 1796 4616 ι)
1821 4504 1965 4599 unde
1987 4546 2042 4594 et
2085 4504 2174 4592 de,
2195 4504 2372 4603 Tyria
2413 4524 2615 4583 dicitur
2665 4517 2866 4576 nobilis
2911 4526 3176 4585 purpura.
3233 4506 3415 4578 Tyrus
3443 4544 3452 4552 ς

126 4596 356 4684 ιιίὶιθιιω
397 4623 722 4678 ornamenta
753 4609 1058 4685 colligendo
1102 4604 1435 4662 numismate
1480 4596 1717 4655 credito-

127 4719 287 4775 rihus
319 4709 690 4786 oppignerari.
728 4706 900 4780 Igitur
939 4702 1083 4760 sicut
1138 4694 1553 4754 interminatum
1611 4695 1718 4756 est,

127 4819 188 4866 et
233 4808 329 4865 ubi
365 4800 709 4862 numinatum
739 4807 854 4867 est,
891 4792 1548 4866 undique_eouvenerunt
1593 4796 1718 4838 om-

202 4995 344 5052 Cum
377 5001 460 5048 ter
489 4989 645 5048 lusor
673 5001 830 5052 aqua:
852 4981 1034 5040 valido
1054 4983 1342 5052 reparatur
1367 4970 1606 5052 abjgne,

205 5041 461 5121 rféﬁs'éé
488 5041 830 5118 Hierusalem
847 5041 1212 5111 communiter
1233 5044 1347 5102 exit
1371 5044 1423 5098 in
1449 5041 1682 5121 hostem.

207 5112 335 5193 i135
341 5112 426 5190 lit—
433 5112 772 5205 ἑιῖἱίρἷιῖίά
803 5125 964 5192 feria,
991 5123 1124 5205 luna
1147 5130 1368 5190 quoque
1395 5112 1590 5185 prima.

671 5214 903 5276 CAPUT
956 5200 1198 5268 XXVIII.

141 5318 418 5388 Quomodo
431 5317 602 5389 Tyrus
625 5332 656 5369 a
677 5308 987 5385 patriarcha
1000 5313 1050 5362 et
1064 5322 1096 5359 a
1122 5300 1378 5358 Veneticis
1402 5297 1613 5352 obsessa
1633 5294 1724 5348 sit.

210 5410 404 5482 Itaque
433 5383 624 5464 Aehon
653 5383 887 5477 profecti
916 5399 1309 5469 disposuerunt
1334 5401 1444 5446 una
1473 5402 1602 5446 eum
1622 5383 1730 5440 Ve-

142 5477 342 5562 neticis
369 5501 575 5574 Tyrum
607 5499 758 5555 adire
785 5503 839 5552 et
867 5491 1139 5551 obsidere.
1191 5483 1515 5542 Patriarcha
1552 5477 1734 5552 igitur

144 5613 269 5654 eum
295 5595 416 5652 suis
444 5589 698 5657 subditis,
727 5588 839 5643 dux
860 5599 992 5640 vero
1021 5595 1148 5638 cum
1192 5575 1377 5633 nautis
1419 5581 1475 5629 et
1502 5569 1736 5626 navibus

147 5687 265 5744 suis
294 5685 493 5742 urbem
523 5681 728 5754 Tyrum
762 5675 1014 5734 obsidere
1057 5687 1126 5726 xv
1169 5665 1396 5724 Kalend.
1428 5659 1610 5718 Martii
1638 5673 1734 5714 ac-

151 5781 465 5843 einxerunt,
508 5751 823 5830 introeunte
867 5776 998 5824 tunc
1053 5763 1242 5818 Pisces
1283 5757 1397 5814 sole
1448 5751 1730 5826 gemellos.

151 5869 266 5928 Hoc
310 5877 496 5929 autem
527 5863 738 5931 audito,
789 5857 1134 5923 Ascalonitae,
1173 5851 1267 5924 qui
1320 5848 1477 5906 solita
1522 5851 1732 5916 proter-

1823 4632 2214 4701 interpretatur
2240 4599 2510 4694 angustia,
2548 4629 2672 4687 qua:
2720 4612 2856 4667 Seor
2899 4604 3165 4662 Hebraice
3189 4599 3413 4656 dicitur.

1827 4724 1944 4780 Rex
1972 4697 2159 4776 autem
2195 4713 2552 4786 Assyriorum
2575 4704 2929 4762 Salmanasar
2955 4707 3208 4769 pugnans
3229 4697 3426 4746 contra

1835 4815 2052 4888 Syriam
2084 4818 2143 4868 et
2171 4783 2492 4868 Plimnicem
2533 4793 2868 4871 expugnavit
2911 4805 3057 4857 eam,
3103 4800 3230 4842 cum
3263 4783 3320 4838 in
3357 4795 3462 4837 ea.-

1835 4876 2092 4980 regnaret
2116 4901 2353 4958 Eliseus.
2388 4894 2658 4955 Nolebant
2707 4887 2855 4946 enim
2908 4881 3052 4953 regi...
3070 4876 3431 4950 Assyriorum-

1847 4967 2143 5074 Tyrii-esse
2167 4989 2421 5063 subjecti.
2448 4984 2565 5042 Hoc
2592 4980 2847 5054 equidem
2875 4991 2971 5047 per
2984 4967 3432 5074 quinquennium

1832 5062 2019 5152 actum
2045 5096 2150 5146 est.
2177 5085 2256 5141 De
2275 5062 2398 5138 hoc
2425 5074 2722 5133 Menander
2742 5067 2952 5134 scribit,
2981 5062 3254 5133 Iosephus
3285 5071 3428 5130 quo-

1833 5202 1943 5259 que
1989 5183 2178 5238 latius.
2235 5175 2394 5232 Tunc
2441 5165 2706 5238 temporis
2755 5161 2984 5234 pelagus
3006 5151 3431 5212 transfretantes

1835 5240 2009 5351 Tyrii,
2041 5274 2179 5330 duce
2201 5267 2442 5330 Didone,
2455 5260 2570 5316 Beli
2593 5258 2734 5324 tilia,
2753 5248 3139 5321 Carthaginem
3162 5245 3219 5301 in
3246 5240 3436 5298 Africa
3521 5312 3528 5319 _

1838 5323 2223 5430 edndiderunt.
2261 5357 2436 5428 Cujus
2479 5352 2620 5410 situs
2671 5347 2912 5420 triginta»
2946 5339 3117 5398 millia
3163 5346 3434 5409 passuum

1843 5474 2008 5519 muro
2063 5423 2468 5526 amplexantur,
2515 5452 2572 5500 et
2625 5455 2766 5514 pene
2804 5445 2919 5494 tota
2967 5432 3108 5491 mari
3151 5429 3328 5488 cincta
3361 5423 3434 5482 ab

1843 5552 2044 5611 Oresio
2070 5520 2340 5605 historico
2369 5539 2544 5597 fuisse
2568 5532 2897 5593 describitur
2927 5529 3135 5598 absque
3158 5520 3437 5584 faucibus,

1846 5662 1971 5720 quae
1997 5643 2177 5700 tribus
2201 5635 2443 5695 millibus
2471 5643 2739 5704 passuum
2769 5623 3170 5698 aperiebantur.
3201 5614 3254 5670 1s
3277 5614 3450 5720 locus.

1846 5701 2067 5799 murum
2097 5733 2167 5792 50
2215 5730 2380 5804 pedes
2427 5701 2599 5783 latum
2643 5719 2856 5786 habuit,
2904 5701 3437 5804 saxoquadratoad

1847 5795 2190 5890 ζιιίιιιάίιιεω
2217 5795 2532 5882 cubitorum
2580 5813 2670 5874 to.
2705 5813 2837 5880 Arx,
2869 5807 2958 5866 eui
3010 5803 3161 5860 Bisse
3193 5795 3452 5872 Liuedit.
