3850 6310
495 327 601 382 9l9
723 325 728 334 ’
1068 320 1163 374 AD
1201 315 1654 378 GODEFRIDUM
1690 310 1982 370 APPEND.
2020 307 2084 364 ll.
2121 335 2194 346 —
2232 305 2506 365 MONUM.
2543 307 2642 363 DE
2683 307 2911 364 BELLO
2947 308 3192 367 SACRO.
3641 317 3722 374 9‘30

501 436 679 510 Birse]
729 451 930 492 nomen
976 434 1102 501 fuit,
1132 449 1310 504 pauco
1331 432 1567 503 amplius
1590 443 1758 500 quam
1781 427 1895 486 duo
1915 425 2088 483 millia
2115 425 2168 486 Α
2192 421 2460 494 disposita
2485 421 2886 495 Hierosolyma,
2915 424 2982 480 ad
3013 424 3256 496 reliquas
3297 422 3533 480 civxtates
3557 433 3724 486 exerci-

452 571 453 574 η
497 545 767 601 passuum
817 527 1068 594 tenebat;
1102 541 1229 597 quae
1275 522 1758 594 septingentesimo
1785 535 1934 576 anno
1973 527 2099 590 post
2210 523 2325 570 tum
2349 531 2513 572 suum
2542 516 2829 571 convertit.
2859 516 2990 572 Post
3020 532 3293 572 annorum
3323 517 3550 588 plurium
3575 525 3725 592 spatia,

499 621 873 677 conditionem
901 619 1022 690 ejus
1047 619 1200 674 omni
1225 617 1406 688 lapide
1425 615 1698 672 diminuta
1717 612 2092 672 confunditur.
2197 609 2441 678 peccatis
2465 607 2782 664 Iudaeorum
2807 609 3174 682 exigentibus,
3205 610 3504 667 Antiochus
3537 610 3727 684 Epipha.

495 715 632 780 Qua:
653 723 778 770 ante
793 714 982 770 urbem
1004 709 1235 766 Romam
1258 711 1398 765 duos
1415 717 1469 764 et
1485 704 2097 786 septuagintaannosab
2197 718 2298 758 nes
2351 703 2526 775 legem
2590 719 2782 759 eorum
2846 704 3201 775 impugnans,
3257 703 3574 761 Machabeos
3614 710 3730 766 valde

498 786 731 879 llelyssa
767 805 989 862 condita
1018 802 1312 859 invenitur.
1351 800 1506 856 Hanc
1532 800 1764 856 Publius
1789 798 1973 868 Scipio
1995 813 2095 854 su-
2197 792 2517 848 coarctavit.
2542 791 2676 849 Post
2705 793 2852 850 hunc
2875 795 3028 849 venit
3050 793 3369 864 Pompeius,
3396 795 3486 866 qui
3522 794 3728 852 Hierusa-

505 898 742 969 perioris
765 897 893 952 anni
919 895 1115 950 consul
1145 909 1401 964 suprema
1427 903 1574 950 sorte
1592 893 1817 949 molitus
1844 900 2097 962 est;quze
2195 883 2302 940 lem
2329 883 2620 941 infeliciter
2667 886 2982 956 dissipavil-
3013 886 3096 941 Ad
3131 887 3386 940 Ultimum
3422 903 3546 942 "ero
3570 886 3728 958 Vespa-

501 988 781 1045 continnis
799 989 986 1044 decem
1002 994 1057 1042 et
1087 994 1297 1056 septem
1318 984 1516 1042 diebus
1531 984 1921 1042 miserabiliter
1934 985 2091 1040 arsit.
2195 977 2387 1035 sianus
2417 993 2543 1033 cum
2597 977 2722 1034 Tito
2768 979 2885 1034 ﬁlio
2928 995 3031 1034 suo
3060 979 3230 1046 venit,
3275 978 3371 1049 qui
3416 979 3617 1049 penitus
3643 996 3730 1035 eam

1065 1095 1297 1153 CAPUT
1349 1096 1521 1152 χχχ,
1769 1125 1771 1128 .
2194 1069 2485 1126 destruxit.
2514 1069 2704 1143 Itaque
2726 1088 2824 1142 per
2849 1073 3037 1128 varios
3061 1088 3245 1128 rerum
3278 1082 3503 1128 eventus
3519 1090 3668 1144 usque
3683 1077 3730 1131 ad

495 1190 577 1248 De
635 1190 764 1263 Tyri
801 1191 1112 1261 captivitate
1141 1191 1384 1261 antiqua,
1428 1201 1478 1245 et
1511 1207 1545 1244 a
1574 1189 1763 1261 quibus
1797 1190 2093 1261 antiquitus
2192 1169 2442 1267 'flnpom
2475 1172 2688 1267 Iloflu'af
2713 1173 2768 1218 et
2793 1164 2996 1267 θίνίξθξ
3027 1174 3238 1267 sancm’
3268 1163 3527 1267 0‘33"“
3563 1166 3605 1219 ei
3639 1169 3732 1267 εἶδ’

1047 1262 1150 1331 fuit
1195 1254 1522 1332 expugnata.
1586 1254 1597 1261 ’
1927 1254 1937 1261 ’
2191 1254 2305 1312 dita
2351 1255 2755 1326 pmcipitanter
2785 1255 2998 1312 exstitit
3043 1265 3269 1311 vexata.
3324 1254 3636 1327 Plerumque
3657 1257 3731 1313 Pa-

577 1349 610 1402 Γ
615 1365 747 1422 yrus
774 1359 956 1406 autem
998 1351 1254 1420 superius
1285 1360 1586 1406 memorata
1614 1350 1688 1419 .70
1717 1351 1910 1420 annis,
1931 1352 2092 1422 juxta
2193 1345 2426 1414 laastina,
2454 1347 2728 1403 interdum
2753 1347 3070 1417 thnicea,
3096 1365 3221 1420 quae
3241 1365 3274 1404 a
3305 1347 3560 1404 thnice
3585 1349 3730 1406 Cadmi

487 1442 712 1510 Isaiam,
746 1443 1073 1514 depOpulata
1124 1444 1390 1514 elanguit.
1445 1444 1493 1497 A
1541 1459 1650 1514 qua
1711 1444 2092 1500 recedentibus
2192 1437 2363 1495 fratre
2406 1455 2610 1496 nomen
2662 1441 2893 1512 accepit,
2923 1450 3009 1498 est
3054 1450 3293 1497 vastata.
3329 1438 3469 1495 Tum
3513 1439 3729 1513 Samaria,

489 1536 735 1605 Cetheis,
767 1538 983 1593 reduxit
1023 1553 1120 1594 eos
1175 1535 1392 1592 Eliscus
1419 1552 1533 1591 rex.
1564 1534 1766 1591 Contra
1794 1551 1934 1606 quos
1967 1535 2088 1592 Sal-
2195 1539 2308 1587 tum
2336 1530 2578 1601 Galilaea,
2626 1549 2750 1604 qua:
2794 1543 2979 1588 tamen
3022 1533 3285 1605 bipartita
3332 1533 3732 1592 determinatione

487 1644 750 1688 manasar
771 1647 867 1686 rex
894 1631 1250 1702 Assyriorum
1277 1630 1461 1685 denuo
1486 1629 1742 1700 insurgit.
1774 1629 2025 1686 Recessit
2053 1646 2086 1688 a
2191 1621 2567 1694 diSlillgilil-UP-
2610 1621 2750 1678 Nam
2797 1624 2969 1681 altera
3019 1625 3291 1694 ευρετίον,
3338 1624 3507 1679 altera
3559 1626 3730 1696 quidem

486 1721 637 1795 Tyro
667 1731 796 1778 tunc
819 1722 1017 1779 civitas
1049 1723 1242 1790 Sidon,
1273 1733 1327 1780 et
1351 1722 1514 1790 Arce,
1547 1731 1602 1778 et
1627 1723 1853 1793 antiqua
1881 1723 2055 1796 Tyrus

2193 1713 2420 1770 inferior
2465 1716 2800 1786 appellatur;
2852 1733 2994 1788 quas
3041 1715 3391 1772 ambifariam
3435 1715 3665 1774 Phoenice
3693 1731 3732 1775 et

485 1782 556 1871 et.
596 1815 783 1870 multae
841 1815 964 1870 aliae
1005 1816 1171 1872 simul
1203 1815 1398 1882 urbes;
1445 1831 1570 1885 quae
1615 1815 1942 1886 semetipsas
1971 1831 2055 1887 reg

2194 1805 2349 1879 Syria
2373 1779 2619 1880 cingunt.
2648 1807 2744 1866 llla
2769 1779 2985 1880 nempe,
3015 1825 3139 1880 quae
3167 1820 3252 1866 est
3287 1820 3442 1866 trans
3467 1808 3730 1881 Iordanem,

485 1904 843 1977 Assyriorum
865 1905 1228 1962 tradiderunt,
1255 1905 1600 1977 Quapropter
1621 1905 1799 1978 Tyriis
1825 1923 1933 1962 non
1955 1907 2087 1964 sub.
2191 1915 2219 1953 a
2245 1898 2596 1956 Macheronta
2640 1901 2696 1956 in
2744 1900 2950 1957 Pellam
2993 1902 3141 1972 capit
3196 1902 3604 1974 longitudinem,
3639 1915 3681 1959 et
3709 1921 3732 1960 a

487 1992 675 2064 jectis,
703 1993 901 2050 iterum
943 1995 1209 2052 adversus
1234 2010 1330 2052 eos
1374 2011 1632 2068 egressus
1674 2004 1776 2063 est,
1809 1995 2086 2053 thnici-
2187 1991 2566 2064 Philadelphia
2617 2009 2794 2066 usque
2836 1993 3136 2077 'Jordanem
3194 1995 3360 2051 habet
3414 1996 3729 2052 latitudinem.

485 2083 595 2142 bus
618 2085 670 2141 ei
701 2101 870 2144 naves
898 2087 966 2142 70
993 2087 1400 2156 exhibentibus,
1437 2097 1493 2144 et
1522 2088 1758 2160 remiges
1788 2088 1912 2144 800.
1936 2089 2085 2145 Con-
2184 2080 2332 2141 Pella
2379 2085 2580 2157 quippe
2627 2088 3074 2158 septentrionalis
3103 2089 3224 2160 ejus
3263 2099 3349 2145 est
3389 2099 3609 2156 tractus,
3633 2089 3732 2144 Jor-

483 2184 574 2231 tra
599 2191 740 2246 quos
767 2176 918 2249 Tyrii
947 2177 1266 2250 navigantes
1319 2179 1378 2234 in
1420 2179 1488 2234 η
1518 2180 1772 2247 navibus,
1817 2180 2084 2251 dispersis
2185 2173 2344 2230 danis
2373 2191 2506 2232 vero
2535 2177 2828 2246 occiduus;
2871 2179 3212 2236 meridianus
3255 2188 3442 2235 autem
3493 2179 3733 2236 Mnabitide

483 2266 731 2323 hostium
749 2269 1004 2337 navibus,
1022 2279 1284 2340 ceperunt
1297 2272 1544 2342 captivos
1557 2272 1706 2328 viros
1727 2273 2078 2344 quingentos.
2184 2265 2514 2320 terminallll'
2540 2267 2790 2338 regione;
2842 2269 2911 2324 ab
2933 2270 3144 2325 oriente
3169 2269 3374 2326 Arabia
3413 2280 3469 2325 οἱ
3511 2269 3732 2326 Philadel-

483 2355 642 2414 Unde
681 2360 859 2416 honor
890 2360 1182 2433 Tyriorum
1233 2373 1457 2434 propter
1506 2365 1613 2420 hoc
1662 2364 1838 2420 crevit
1880 2380 2080 2435 quam-
2184 2356 2336 2428 phia,
2369 2357 2609 2429 itemque
2635 2359 2914 2419 Gerasidis
2935 2363 3228 2419 clauditur.
3277 2363 3630 2422 Samariensis
3655 2383 3734 2421 au-

481 2452 744 2510 maxime.
765 2453 1066 2511 Revertens
1087 2465 1267 2511 autem
1297 2457 1648 2529 Assyriorum
1675 2458 2081 2528 rex,disposuit
2183 2458 2292 2505 lem
2328 2451 2480 2522 regio
2519 2453 2661 2508 inter
2706 2452 2950 2510 Judaeam
2987 2465 3042 2512 et
3070 2455 3352 2512 Galilmm
3401 2458 3506 2514 sita
3552 2466 3642 2513 est.
3682 2461 3734 2514 At

483 2545 764 2602 custodias
786 2563 950 2617 super
973 2547 1197 2614 flumen,
1223 2559 1278 2604 et
1306 2564 1468 2620 aquas
1510 2549 1682 2606 dtctu
1718 2549 1995 2619 circuivit,
2019 2567 2053 2606 u

2182 2540 2384 2598 Judaeae
2408 2543 2640 2600 latitudo
2665 2561 2696 2600 a
2723 2543 2960 2602 Jordane
2986 2563 3161 2619 usque
3185 2547 3418 2620 Joppem
3439 2550 3730 2621 explicatur;

485 2635 685 2709 Tyrios
734 2639 958 2695 haurire
1011 2641 1210 2711 pocula
1261 2643 1636 2712 prohiberent.
1689 2643 1757 2698 Et
1797 2660 1924 2699 cum
1974 2645 2055 2700 Ιιο‹

2180 2634 2359 2689 media
2383 2651 2514 2691 vero
2542 2637 2737 2694 civitas
2766 2638 2887 2709 ejus
2910 2649 2996 2696 est
3017 2639 3382 2707 Hierusalem,
3415 2643 3568 2712 quasi
3589 2643 3734 2698 umbi-

485 2729 731 2800 quinque
753 2732 914 2788 annis
943 2731 1150 2807 factum
1173 2743 1340 2802 esset,
1369 2735 1759 2803 toleraverunt,
1778 2736 1844 2791 de
1860 2735 2077 2792 effossis
2179 2728 2319 2785 licus
2345 2730 2467 2800 eius
2498 2740 2658 2788 teme
2695 2732 2789 2788 sit.
2833 2733 3007 2791 Porro
3039 2734 3268 2791 inferior
3297 2735 3541 2804 Galilaea,
3563 2753 3668 2808 qua
3685 2754 3735 2791 et

479 2821 664 2890 puteis
692 2822 940 2880 bibentes
970 2841 1192 2895 aquam.
1217 2825 1344 2882 Haec
1390 2827 1573 2898 itaque
1598 2828 1651 2882 in
1683 2828 1925 2883 archivis
1947 2828 2076 2900 Tyri
2181 2819 2468 2878 Tiberiade
2498 2839 2678 2893 usque
2719 2824 2990 2894 Zabulon,
3039 2837 3094 2882 et
3146 2843 3324 2899 usuue
3379 2828 3735 2886 Ptolemaidam

481 2911 552 2965 de
601 2910 957 2970 Salmanasar
1008 2932 1134 2987 rege
1180 2916 1533 2990 Assyriorum
1589 2920 1900 2989 conscripta
1923 2929 2049 2975 sunt

2177 2914 2437 2980 tenditur,
2481 2923 2536 2970 ct
2575 2915 2889 2989 Carrpelum
2916 2928 3160 2974 montem
3185 2919 3502 2992 Tyriorum,
3530 2931 3737 2977 continet

481 3000 586 3057 llic
610 3011 717 3070 est,
745 3007 840 3075 qui
890 3005 1195 3062 Samariam
1240 3009 1474 3075 obsedit,
1499 3018 1553 3065 et
1598 3010 1741 3081 cepit
1774 3026 1896 3066 eam
1926 3027 2073 3067 anno
2178 3007 2323 3061 intra
2356 3023 2414 3063 se
2439 3006 2731 3077 Nazaretli,
2762 3019 2817 3067 et
2862 3010 3169 3082 Sephorum
3195 3013 3474 3069 civitatem
3501 3015 3738 3070 validissi-

479 3093 633 3165 regis
664 3091 911 3151 Ezechiae
936 3108 1112 3165 sexto,
1136 3109 1189 3154 et
1217 3102 1495 3157 transtulit
1525 3101 1693 3159 lsrael
1717 3103 1771 3156 in
1794 3101 2069 3175 Assyrios.
2101 3131 2146 3190 ο
2179 3114 2346 3167 mam,
2392 3098 2612 3155 Thabor
2642 3102 2829 3170 etiam,
2867 3111 2921 3158 et
2946 3103 3118 3172 (Sana,
3176 3121 3304 3161 cum
3349 3106 3594 3176 pluribus
3619 3107 3734 3163 aliis.

479 3181 624 3242 Ante
645 3203 808 3258 quem
834 3203 1059 3246 venerat
1081 3193 1246 3247 etiam
1276 3193 1418 3250 Phnl
1465 3211 1557 3250 rex
1608 3194 1981 3268 Assyriorum,
2018 3212 2055 3254 e1

2176 3187 2302 3245 Haec
2324 3190 2592 3261 siquidem
2625 3191 2834 3248 Libano
2856 3194 3186 3266 accingitur,
3213 3204 3270 3250 et
3301 3194 3546 3253 fontibus
3574 3195 3738 3252 Jorda-

478 3285 607 3345 post
627 3292 755 3332 eum
779 3277 1377 3350 Tegladphatassanex
1404 3285 1602 3352 Assur,
1621 3286 1714 3356 qui
1739 3286 2069 3356 cepitcedes
2175 3282 2285 3349 nis,
2319 3283 2412 3337 ubi
2438 3299 2589 3339 nunc
2612 3293 2697 3339 est
2720 3283 2956 3353 Paneas,
2977 3287 3093 3342 sive
3116 3287 3229 3342 Dan
3257 3289 3370 3344 alio
3391 3291 3628 3356 nomine,
3647 3290 3739 3346 sive

479 3373 538 3418 et
562 3363 708 3420 Azor
735 3367 790 3422 in
820 3366 1152 3441 Nephtalim,
1180 3382 1234 3428 et
1280 3389 1446 3444 prope
1475 3374 1708 3441 Paneas,
1733 3385 1789 3431 et
1813 3375 1987 3443 Jaloc,
2017 3387 2072 3434 et
2172 3372 2422 3430 Czcsarca
2453 3373 2709 3447 Philippi,
2739 3379 2885 3433 circa
2931 3395 3098 3450 quam
3125 3379 3506 3444 Turconitidis
3538 3384 3612 3456 [in
3631 3384 3735 3437 edit.

478 3454 708 3526 Galaad,
736 3468 790 3514 et
809 3461 1120 3518 universam
1153 3463 1454 3531 Galilaaam,
1486 3476 1540 3521 ct
1583 3469 1863 3523 transtulit
1888 3484 1984 3524 eos
2013 3469 2068 3526 in
2175 3465 2564 3540 Tl‘aconitidis]
2584 3479 2669 3524 est
2692 3471 2864 3541 regio,
2886 3479 2942 3526 et
2965 3470 3226 3528 Nabatea.
3245 3474 3291 3528 A
3314 3454 3546 3530 meridie
3563 3485 3641 3531 est
3659 3476 3740 3530 Sa-

474 3545 756 3618 Assyrios.
787 3548 948 3606 Venit
980 3567 1201 3623 quoque
1229 3552 1440 3625 Sargon
1465 3571 1556 3610 rex
1581 3557 1956 3629 Assyriorum,
1975 3559 2069 3628 qui
2174 3563 2371 3630 maria,
2399 3572 2453 3618 et
2481 3561 2798 3635 ScitOpolis,
2824 3567 2928 3622 hoc
2950 3579 3035 3624 est
3061 3567 3324 3627 Bethsan.
3354 3570 3558 3628 Iudaea;
3583 3582 3738 3627 autem

475 3640 632 3696 misit
658 3640 918 3697 Tartham
937 3661 1184 3716 pugnare
1206 3656 1397 3702 contra
1417 3648 1747 3714 Azotum,et
1765 3651 2064 3719 ecpitcam.
2173 3652 2440 3712 Bersabee
2505 3657 2700 3714 civitas
2750 3659 2844 3714 dat
2901 3659 3158 3728 limitem,
3203 3647 3371 3718 intra
3427 3681 3591 3736 quam
3635 3675 3741 3720 sunt

471 3729 668 3802 Itaque
691 3745 914 3804 propter
934 3745 1156 3805 peccata
1185 3738 1372 3808 populi
1400 3749 1613 3795 vastata
1639 3750 1723 3797 est
1768 3749 1910 3797 terra
1934 3758 2066 3811 pro-
2171 3745 2382 3802 Tamna
2438 3757 2494 3803 et
2541 3747 2712 3806 Lidda
2741 3794 2755 3819 ,
2811 3749 2982 3823 Joppe
3036 3762 3088 3810 et
3135 3753 3388 3824 Jamnia,
3445 3729 3654 3813 Thecue
3699 3767 3741 3811 et

474 3824 781 3893 missionis,
809 3837 864 3882 et
891 3828 946 3882 in
977 3830 1348 3899 captivitatem
1400 3833 1588 3900 ducta,
1613 3835 1769 3904 prius
1796 3835 2062 3907 Assyriis,
2171 3838 2412 3909 Hebron,
2443 3841 2632 3898 Astaol
2687 3853 2740 3898 et
2793 3843 2986 3913 Saraa,
3014 3856 3068 3902 et
3111 3850 3299 3904 multa:
3337 3850 3481 3905 alim.
3513 3850 3661 3906 Nunc
3687 3850 3739 3904 ad

473 3913 673 3971 deinde
701 3915 991 3975 Chaldaeis.
1025 3918 1536 3980 Nabuchodonosor
1574 3927 1723 3982 enim
1759 3935 1868 3985 tam
1897 3927 2066 3983 Cltal~
2172 3933 2362 3988 callem
2395 3935 2579 4002 redeo,
2603 3936 2695 4006 qui
2717 3937 2967 3993 diversas
2998 3941 3224 3997 semitas
3247 3941 3345 3997 diu
3371 3943 3628 3999 discurri.

476 4006 631 4064 dieus
653 4025 820 4080 quam
861 4012 1191 4085 Babylonius
1232 4033 1329 4072 rex
1359 4018 1576 4074 obsedit
1628 4029 1683 4075 et
1737 4023 1882 4091 cepit
1941 4021 2069 4078 Hie-
2731 4029 2963 4084 CAPUT
3011 4031 3204 4086 XXXI.

475 4099 742 4157 rusalem.
788 4101 945 4161 Unde
990 4104 1247 4164 Sedecias
1298 4125 1394 4166 rex
1438 4110 1655 4183 fugiens
1729 4122 1923 4184 captus
1983 4124 2069 4173 est
2169 4117 2247 4173 De
2269 4119 2403 4173 bello
2425 4121 2724 4191 ct‘victoria
2750 4121 3197 4179 Antiochenorum
3218 4125 3356 4178 etde
3378 4135 3552 4180 morte
3573 4125 3737 4179 Bolae.

467 4190 628 4262 juxta
679 4193 918 4264 Jericho,
965 4207 1020 4254 et
1075 4200 1274 4258 ductus
1307 4203 1375 4259 ad
1433 4220 1617 4276 regem
1670 4205 1962 4279 Babylonis
2010 4208 2067 4264 in
2240 4211 2379 4266 Cum
2402 4211 2570 4286 igitur
2601 4213 2745 4268 circa
2779 4211 2988 4286 Tyrum
3036 4215 3094 4270 in
3125 4215 3418 4272 obsidione
3461 4218 3534 4274 ad
3559 4216 3740 4272 machi-

477 4285 784 4356 regionem,
837 4306 961 4361 quae
992 4290 1216 4350 Beblata
1257 4295 1479 4364 dicitur,
1537 4298 1593 4351 in
1647 4307 1793 4356 terra
1845 4297 2062 4358 Emath.
2171 4319 2270 4360 nas
2297 4285 2683 4376 praeparandas
2726 4285 3132 4376 laberaremus,
3190 4309 3563 4365 nihilominus
3607 4308 3743 4362 Balac

469 4373 841 4451 Hieronymus
903 4383 1036 4440 dicit
1091 4385 1287 4442 Emath
1361 4405 1619 4460 magnam
1681 4406 1803 4446 esse
1873 4391 2066 4446 Antio-
2169 4373 2362 4452 contra
2385 4412 2487 4453 nos
2513 4413 2688 4453 cornu
2719 4413 2882 4454 suum
2907 4415 3033 4456 cum
3063 4401 3430 4471 complicibus
3450 4402 3574 4457 suis
3594 4400 3742 4456 extol-

467 4465 676 4566 chiam,
730 4472 1000 4530 minorem
1045 4493 1172 4533 vero
1229 4477 1612 4548 Epiphaniam.
1658 4479 1737 4536 lbi
1783 4480 1912 4538 fecit
1957 4481 2063 4538 Na—
2093 4474 2148 4535 Ῑ)
2171 4488 2283 4545 lere
2313 4505 2424 4545 non
2454 4491 2765 4546 cessabant.
2796 4491 2902 4558 Qui
2933 4507 3001 4548 ex
3053 4465 3208 4550 urbe-
3235 4493 3459 4564 Calipto
3490 4509 3740 4566 egressus,

466 4556 898 4620 buchodonosor
955 4569 1148 4624 oculos
1199 4567 1440 4625 Sedecias
1478 4572 1620 4638 erui,
1681 4580 1735 4628 et
1761 4572 1902 4630 filios
1935 4575 2061 4644 ejus
2169 4583 2468 4654 quaevulgo
2485 4581 2712 4653 Halapia
2740 4556 3112 4655 nuncupatur,
3131 4556 3484 4640 mensehiaio
3507 4556 3740 4650 intrante,

465 4664 654 4748 ‘30:?“
678 4655 1020 4748 Seiusulari.
1049 4659 1204 4716 Tunc
1226 4661 1375 4716 venit
1398 4661 1778 4719 Nabuzardam
1805 4666 2062 4738 princeps
2158 4683 2295 4728 cum
2324 4673 2568 4744 quinque
2607 4675 2852 4730 millibus
2876 4676 3126 4746 equitum
3171 4687 3502 4748 septemque
3527 4678 3742 4732 millibus

465 4742 678 4800 militiae
705 4747 849 4817 ejus,
874 4759 929 4806 et
958 4752 1199 4808 incendit
1239 4755 1464 4810 domum
1507 4755 1724 4811 Domini
1753 4767 1808 4814 et
1834 4759 2058 4817 domum

463 4834 634 4906 regis,
670 4847 726 4894 et
773 4848 950 4897 totum
1003 4860 1226 4900 murum
1277 4846 1549 4903 destruxit
1594 4863 1692 4918 per
1740 4851 2052 4908 circuitum.

463 4923 598 4981 Post
627 4938 934 5000 temporum
983 4943 1165 4990 autem
1215 4937 1500 4994 intervalla
1531 4941 1680 4996 venit
1727 4942 2056 5012 Alexander,

463 5025 560 5094 qui
579 5027 786 5098 Tyrum
817 5030 1052 5099 obsedit,
1080 5041 1134 5088 et
1161 5035 1321 5104 cepit,
1343 5036 1631 5109 subjugata
1663 5039 2059 5112 Sidone,prius

462 5125 650 5175 autem
673 5118 964 5177 Damasco.
989 5123 1136 5180 Gaza
1168 5142 1390 5198 quoque
1415 5130 1484 5183 ab
1504 5145 1571 5184 eo
1593 5140 1750 5201 capta
1771 5149 1870 5202 per
1884 5133 2055 5188 duum

461 5209 738 5265 mensium
771 5213 982 5280 spatia;
1015 5216 1111 5285 qui
1137 5217 1283 5272 circa
1314 5217 1518 5291 Tyrum
1542 5230 1748 5292 septem
1775 5225 2058 5282 mensibus

463 5297 670 5366 fuerat,
699 5301 769 5356 ad
792 5301 1068 5361 civitatem
1097 5306 1529 5383 Hierosolymam
1555 5313 1851 5370 festinavit.
1879 5314 2058 5373 Hono-

463 5389 621 5446 riiice
649 5402 960 5465 susceptus,
989 5399 1290 5472 principem
1318 5404 1666 5460 sacerdotum
1689 5406 1912 5462 nomine
1926 5406 2055 5463 Jad—

461 5480 577 5571 dim
602 5481 852 5551 plurimis
879 5489 1178 5549 honoribus
1201 5496 1574 5566 prosequitur,
1599 5497 1892 5552 habentem
1925 5499 2050 5571 thy-

461 5568 640 5624 darim
658 5586 822 5642 super
847 5589 1010 5648 caput
1027 5581 1166 5652 ejus,
1179 5593 1233 5638 et
1252 5585 1448 5641 stolam
1471 5602 1696 5642 auream
1724 5568 2055 5648 hiacincthi-

2168 4764 2410 4834 peditum
2428 4764 2668 4834 perrexit
2689 4763 3046 4836 Hierapolim,
3063 4781 3228 4836 quam
3251 4767 3453 4821 urbem
3480 4765 3740 4822 Mombcch

2165 4855 2364 4926 vulgus
2391 4856 2614 4912 vocitat.
2645 4856 2712 4912 Et
2740 4873 2866 4932 cum
2895 4873 3185 4931 possessor
3209 4858 3329 4929 ejus
3357 4876 3488 4914 eam
3531 4861 3606 4914 illi
3634 4859 3740 4913 red-

2163 4946 2291 5002 dere
2313 4947 2499 5014 nollet,
2521 4957 2675 5004 extra
2716 4951 2909 5005 urbem
2950 4965 3075 5005 eum
3104 4951 3174 5005 ad
3201 4966 3260 5006 se
3292 4960 3431 5008 tunc
3464 4960 3735 5008 evocatum

2166 5037 2434 5106 nefariam
2457 5040 2766 5098 decollavit.
2797 5042 2915 5110 Qua
2947 5045 3083 5098 urbe
3106 5043 3270 5098 Balac
3291 5046 3556 5114 protinus
3578 5045 3740 5100 obses-

2166 5147 2248 5197 sa,
2282 5148 2391 5187 non
2425 5135 2584 5189 latuit
2612 5134 2964 5192 Goscelinum
3015 5137 3322 5192 Antiochia:
3373 5148 3512 5194 tunc
3545 5145 3742 5192 morani

2162 5230 2293 5289 tem,
2321 5231 2376 5278 et
2406 5223 2592 5278 habita
2635 5223 2763 5279 inde
2809 5225 3100 5296 legatione,
3153 5226 3491 5283 acceleravit
3527 5228 3648 5281 illuc
3675 5226 3739 5279 ire

2163 5329 2287 5368 cum
2319 5313 2698 5370 Antioohenis.
2727 5315 2878 5372 Licet
2900 5318 3045 5372 enim
3084 5318 3426 5388 paucissima
3455 5337 3591 5392 gens
3614 5328 3737 5374 esset

2160 5403 2637 5474 Christicolarum,
2687 5425 2794 5463 non
2854 5410 3115 5480 pavitavit
3163 5411 3498 5468 Goscclinus
3541 5409 3736 5484 aggredi

2163 5497 2570 5554 multitudinem
2603 5501 2957 5579 perfidorum.
2997 5501 3109 5558 Nec
3136 5520 3289 5559 mora
3319 5505 3420 5560 diu
3455 5516 3735 5576 protracta,

2159 5591 2455 5647 commissa
2521 5601 2605 5647 est
2653 5593 2910 5649 ferociter
2960 5611 3164 5666 pugna.
3226 5595 3340 5653 Deo
3391 5609 3582 5655 autem
3641 5595 3737 5654 suf-

460 5675 614 5728 nam,
641 5672 696 5719 et
721 5682 884 5737 super
912 5673 1171 5731 laminam
1223 5694 1468 5747 auream,
1501 5679 1559 5734 in
1587 5696 1697 5751 qua
1725 5695 1928 5736 nomen
1955 5681 2052 5738 Dei
2155 5677 2431 5751 fragante,
2485 5694 2777 5753 postquam
2823 5683 2986 5742 Turci
3050 5695 3132 5742 ter
3173 5700 3305 5744 sunt
3371 5691 3626 5761 confusi,
3671 5701 3734 5744 ter

463 5756 728 5830 scriptum
761 5772 900 5832 erat,
933 5767 1083 5824 solus
1115 5769 1307 5828 adiens
1337 5772 1644 5847 diligenter
1689 5772 1958 5830 adoravit.
1984 5773 2052 5830 Et

2161 5772 2229 5826 ad
2269 5789 2509 5844 pugnam
2551 5775 2831 5834 audaciter
2868 5781 3154 5852 regregali,
3195 5781 3362 5840 Balac
3402 5785 3466 5842 in
3507 5803 3570 5844 ea
3603 5802 3732 5859 pres
