3850 6310
116 407 187 465 931

803 383 1176 446 FULCIIEBII
1210 380 1512 442 CARNOT.
1554 377 1736 436 HIST.
1777 376 2144 434 IIIEROSOL.
2181 407 2252 417 —
2286 373 2418 431 LIB.
2459 371 2548 429 III.

3188 371 3295 430 922

116 534 212 578 sura
256 517 499 569 sauciatus
547 505 615 561 ad
680 513 909 560 mortem
938 545 952 569 ,
1017 517 1116 572 pro
1167 514 1328 570 posse
1381 496 1602 553 divertit
1630 500 1676 560 Α
1705 510 1928 551 murum
1975 493 2130 550 urbis
2171 499 2512 564 repererunt,
2555 488 2919 559 diripuerunt,
2949 488 3162 543 duobus
3218 487 3292 542 ibi

110 603 400 668 moribundus
446 599 498 655 hi
550 607 780 667 partem.
846 594 1002 662 Quod
1043 609 1169 649 cum
1214 591 1487 660 extemplo
1521 590 1608 645 sui

111 693 447 764 comperissent,
476 685 563 756 qui
585 692 880 756 patuerunt
908 682 1095 754 fugere
1117 697 1227 736 non
1259 689 1604 751 torpuerant.

107 790 344 845 Potuerunt
359 777 565 851 quidem
607 776 850 847 plerique
890 775 1098 846 fugere,
1140 773 1234 829 sed
1261 787 1606 844 nequaquam

107 879 303 948 eﬂugere.
326 869 636 926 Referuntur
667 867 810 922 enim
860 866 963 920 tria
992 865 1162 921 millia
1204 879 1272 920 ex
1314 865 1397 919 eis
1434 863 1607 920 fuisse

103 977 497 1041 interemptorum,
511 964 602 1035 qui
623 963 832 1033 equites
847 969 1020 1016 erant.
1036 959 1112 1015 De
1127 959 1401 1031 peditibus
1423 967 1603 1014 autem

103 1067 323 1138 ignoratur
339 1072 606 1114 numerus.
643 1053 719 1109 De
754 1052 960 1107 nostris
989 1066 1120 1106 vero
1175 1049 1245 1106 50
1285 1050 1484 1106 milites
1527 1049 1602 1104 ibi

99 1152 302 1228 perempti
325 1149 712 1213 occubuerunt;
742 1147 809 1202 de
850 1143 1086 1214 pedestri
1122 1152 1305 1200 autem
1355 1142 1602 1199 clientela

99 1245 148 1299 60
166 1242 268 1297 fere.
297 1238 475 1293 Volens
498 1246 679 1293 autem
701 1235 1081 1293 eertitndinem
1110 1234 1190 1289 rei
1215 1234 1357 1290 seire
1400 1232 1598 1288 Gosee-

93 1333 225 1398 linus,
247 1346 306 1384 an
331 1328 482 1384 Balac
505 1337 651 1385 esset
673 1338 946 1395 mortuus,
968 1343 1040 1382 an
1073 1326 1419 1397 aliquatenus
1455 1333 1600 1380 esset

89 1427 226 1490 vivus,
240 1439 348 1480 cum
388 1421 613 1478 sollicite
655 1429 1135 1493 perserutarentur
1174 1419 1271 1490 qui
1317 1419 1422 1473 hoc
1457 1417 1600 1472 inter

88 1522 259 1574 necatos
280 1512 639 1584 exquirebant,
676 1524 957 1568 armorum
1001 1508 1220 1566 indiciis
1249 1507 1597 1579 cognitorum

87 1622 110 1660 a
131 1605 317 1676 cognitis
340 1603 586 1675 cognitus
610 1611 713 1658 est.
741 1601 914 1674 Cujus
943 1609 1108 1672 caput
1144 1600 1240 1671 qui
1271 1599 1593 1668 amputavit,

86 1696 314 1754 Goscelino
331 1694 756 1766 gratulabundus
781 1694 1004 1760 detulit;
1027 1709 1058 1749 a
1087 1708 1197 1763 quo
1237 1691 1592 1758 numismata,

81 1790 185 1845 sicut
207 1804 256 1845 se
279 1788 348 1843 illi
371 1788 625 1843 daturum
673 1788 1058 1859 spoponderat,
1083 1787 1328 1842 lucratus
1362 1785 1589 1855 accepit.

1711 585 1986 657 capitibus
2013 584 2327 655 amputatis.
2356 582 2461 649 Qui
2485 591 2616 637 tunc
2642 581 2759 636 sine
2790 580 3136 636 cunctatione
3163 595 3291 634 cum

1708 678 1904 734 lucello
1935 692 2036 733 suo
2062 674 2446 747 gratulabundi
2468 672 2617 730 foras
2652 681 3052 728 reiueavcrunt.
3095 670 3289 731 Actum

1705 771 1925 827 esthoc
1953 786 2010 824 xl
2046 768 2163 824 Kal.
2197 767 2348 823 Julii.
2387 765 2493 822 Sed
2529 766 2712 822 minus
2742 765 2931 832 valuit,
2969 781 3094 820 cum
3128 766 3292 836 paqu

1705 871 1832 918 ante
1873 862 2021 934 Tyrii
2060 862 2334 917 liburnam
2373 875 2538 916 unam
2578 869 2741 917 noctu
2784 861 3095 932 clepserint,
3123 871 3178 916 et
3201 859 3290 916 in-

1706 964 1789 1010 tra
1817 954 2007 1010 urbem
2033 969 2129 1024 per
2149 962 2370 1024 portum
2401 953 2684 1008 traxerint.
2721 952 2777 1006 In
2803 953 3116 1023 huiusmodi
3140 954 3288 1009 enim

1703 1046 2095 1102 certaminibus
2124 1046 2252 1100 talia
2276 1046 2392 1100 tieri
2427 1061 2570 1116 saepe
2596 1046 2881 1116 contingit.

1701 1138 1800 1196 llic
1828 1139 1994 1206 cadit,
2027 1139 2117 1196 hic
2146 1139 2346 1209 surgit;
2389 1139 2476 1193 hic
2505 1139 2698 1208 plorat.
2730 1138 2929 1210 gaudet
2949 1147 3003 1194 ct
3033 1138 3141 1194 ille.

2241 1229 2471 1286 CAPUT
2511 1231 2748 1286 XXXIII.

1902 1321 1975 1378 De
1997 1321 2225 1393 pessima
2252 1321 2614 1392 inquietudine
2639 1320 3086 1376 Ascalonitarum.

1769 1413 2019 1472 Seientes
2052 1424 2238 1470 autem
2279 1413 2613 1469 Ascalonita:
2651 1413 2827 1484 gentis
2858 1422 3059 1468 nostrae
3091 1412 3285 1484 pauci-

1695 1516 1884 1576 tatem,
1913 1507 2006 1564 ubi
2036 1507 2210 1579 magis
2257 1507 2670 1563 mstimaverunt
2715 1522 2818 1562 nos
2853 1505 3159 1573 debilitare,
3195 1507 3284 1564 vel

1694 1599 1954 1655 damnum
1989 1597 2212 1665 inferre,
2267 1613 2378 1653 non
2432 1597 2755 1669 pigruerunt
2803 1599 3111 1654 molestare.
3143 1597 3284 1654 Nam

1692 1708 1861 1763 prope
1889 1690 2230 1747 Hierusalem
2253 1690 2494 1746 viculum
2523 1689 2815 1761 quemdam
2852 1689 3069 1745 Birrum
3104 1691 3285 1746 nomi-

1692 1793 1880 1839 natum
1910 1792 2264 1840 vastaverunt
2287 1792 2341 1838 et
2369 1791 2876 1857 concremaverunt,
2909 1792 2962 1837 et
2990 1784 3285 1853 asportatis

81 1881 209 1952 Caput
232 1880 477 1950 siquidem
511 1856 791 1934 continuo
811 1879 1162 1934 Antiochiam
1201 1877 1270 1934 ad
1319 1877 1593 1934 declama-
1625 1856 1667 1914 Β
1695 1877 1952 1932 omnibus
1983 1876 2182 1932 reculis
2209 1875 2321 1932 illic
2362 1856 2618 1942 inventis,
2660 1891 2785 1929 cum
2815 1874 3111 1944 aliquantis
3137 1890 3287 1930 mor-

77 1976 228 2029 tionem
245 1972 314 2028 rei
338 1981 497 2044 gesue
521 1970 849 2027 Coscelinus
869 1969 1070 2027 deferri
1099 1969 1247 2026 fecit.
1272 1969 1429 2037 Quod
1454 1970 1589 2041 ipse,

76 2065 142 2134 qui
173 2064 217 2119 in
241 2064 422 2120 stareia
467 2078 571 2120 sua
623 2063 816 2118 detulit
862 2078 1038 2134 usque
1090 2061 1316 2134 Tyrum,
1354 2062 1593 2132 itemque

73 2156 362 2221 Hierusalem,
391 2155 550 2211 nobis
582 2155 851 2212 universis
879 2165 934 2212 et
959 2156 1234 2212 enarravit
1256 2165 1312 2212 et
1342 2156 1589 2212 declara-

72 2247 138 2311 vit,
156 2246 396 2316 quietiam
419 2245 473 2301 in
507 2248 700 2317 praelio
727 2258 1029 2304 memorato
1058 2265 1183 2304 cum
1215 2249 1590 2319 praﬂiantibus

69 2353 248 2406 presens
285 2335 400 2392 fuit.
432 2336 690 2410 Armiger
725 2355 947 2411 quoque
984 2339 1261 2397 Goscelini
1289 2350 1406 2397 erat
1450 2341 1585 2412 ipse.

67 2425 228 2496 thuia
247 2429 486 2484 nuntium
513 2431 701 2486 attulit
735 2431 1300 2489 desiderantissimum
1331 2433 1387 2488 in
1427 2449 1586 2489 exer-

63 2520 142 2574 citu
158 2529 318 2576 nostro
345 2529 468 2576 ante
498 2519 709 2594 Tyrum
754 2524 1121 2594 assistentem,
1145 2527 1383 2597 acceptis
1415 2528 1587 2584 armis

63 2611 110 2664 ab
131 2613 359 2683 armigero
380 2614 435 2668 in
459 2614 694 2670 militem
723 2626 1013 2687 provectus
1038 2627 1142 2678 est.
1170 2619 1368 2677 Comes
1389 2637 1586 2692 nempe

61 2700 364 2775 Tripolitanus
429 2710 498 2766 ad
579 2711 727 2766 hunc
785 2712 1014 2782 gradum
1065 2729 1191 2770 eum
1243 2715 1579 2773 sublimavit.

59 2792 106 2849 Et
157 2798 468 2856 laudavimus
532 2813 594 2858 et
659 2802 1041 2861 benediximus
1123 2821 1318 2864 omnes
1392 2807 1582 2863 Domi~

55 2901 168 2952 num,
216 2889 329 2959 quia
364 2891 673 2949 suffocatus
715 2903 801 2950 est
856 2894 948 2950 ille
1005 2895 1174 2952 draco
1222 2898 1579 2967 srevissimus,

55 2977 120 3047 qui
141 2977 600 3040 Christianismum
632 2984 726 3040 diu
765 2985 1122 3043 tribulaverat
1171 2997 1224 3044 et
1261 2989 1582 3059 pessumde-

51 3068 176 3124 derat.

104 3158 176 3239 §ol
198 3161 363 3239 decies
381 3167 606 3239 novies,
621 3168 881 3224 lustrarat
903 3171 1108 3226 lumine
1138 3171 1408 3239 Taurum;

97 3228 286 3296 Quando
303 3234 466 3293 Balac
489 3238 715 3306 cecidit,
747 3241 831 3296 vel
856 3257 981 3296 eum
1013 3242 1232 3297 fortuna
1264 3228 1470 3300 fefellit.

46 3318 150 3376 Ecce
169 3324 238 3379 sic
254 3325 633 3398 interpretatio
658 3331 860 3385 somnii
898 3332 1152 3402 superius
1177 3335 1458 3390 memorati
1483 3333 1578 3390 de-

43 3411 198 3470 clarata
217 3427 312 3486 est,
339 3419 486 3490 quod
518 3421 686 3492 quasi
705 3422 1012 3478 vaticinans
1043 3423 1158 3492 ipse
1198 3425 1362 3480 Balae
1400 3426 1467 3481 de
1491 3443 1577 3483 se-

43 3505 128 3573 ipso
161 3509 344 3566 dixerat
387 3521 644 3584 tempore
695 3514 806 3581 illo,
857 3531 968 3585 quo
1017 3515 1338 3574 Goscclinus
1387 3519 1455 3574 de
1482 3534 1576 3574 ca-

38 3596 179 3664 ptione
216 3602 536 3659 mirabiliter
588 3605 779 3660 evasit.
837 3605 1066 3662 Videbat
1119 3609 1265 3664 enim
1337 3609 1393 3664 in
1449 3611 1573 3667 visu

39 3703 60 3739 2
127 3688 387 3749 Goecelino
477 3696 590 3752 sibi
659 3699 848 3754 oculos
923 3699 1064 3753 erui.
1151 3699 1288 3755 Vere
1355 3701 1573 3772 penitus

38 3781 167 3849 eruit,
197 3787 448 3856 quoniam
500 3798 672 3861 caput
709 3789 776 3862 et:
804 3791 1049 3846 membra
1097 3792 1173 3846 illi
1201 3792 1420 3864 penitus
1443 3795 1572 3851 abs-

34 3871 139 3926 tulit.

187 3965 336 4043 videt,
373 3970 676 4043 autgaudit,
713 3987 813 4028 nec
839 3971 1002 4038 fatur,
1034 3989 1133 4030 nec
1163 3975 1335 4042 sedet.
1368 3986 1462 4031 θυι
1485 3978 1562 4032 il:

76 4029 161 4089 Nec
179 4029 333 4104 (ταξιο,⁷
351 4055 456 4096 nec
474 4029 675 4108 humo,
697 4058 798 4098 nec
827 4060 968 4114 aqua
992 4029 1148 4100 locus
1167 4029 1565 4117 ejusbabetur;

537 4152 769 4209 CAPUT
805 4155 1020 4212 XXXII.

158 4238 228 4294 De
245 4241 323 4298 his
351 4261 476 4314 qua:
509 4245 573 4298 in
601 4245 871 4301 obsidione
903 4246 1029 4318 Tyri
1054 4247 1388 4320 gerebantur.

63 4325 267 4392 Quadam
279 4351 412 4392 vero
423 4337 546 4404 die,
563 4338 693 4394 dum
708 4339 764 4394 in
777 4339 1062 4396 obsidione
1075 4353 1377 4399 memorata
1388 4347 1567 4402 securi

23 4420 311 4518 quiescerent
335 4429 434 4500 qui
469 4430 969 4501 circumsedebant,
1001 4437 1404 4506 opportunitate
1435 4455 1566 4494 con-

23 4514 229 4581 siderata.
255 4522 470 4590 egressi
524 4531 654 4578 sunt
691 4523 759 4579 de
794 4525 1013 4582 civitate
1069 4525 1214 4600 Tyrii
1259 4537 1369 4583 tam
1404 4528 1566 4586 Turci

23 4615 145 4670 quam
165 4606 475 4681 Sarraceni,
525 4614 812 4684 patefactis
857 4619 1048 4688 portis,
1074 4591 1134 4676 et
1157 4620 1225 4676 ad
1251 4622 1565 4679 machinam
1600 4591 1646 4645 θ

23 4706 215 4755 nostram
248 4703 389 4760 inter
433 4717 675 4764 caeteras
711 4708 995 4767 fortiorem
1047 4723 1420 4782 occurrentes,
1461 4733 1566 4771 nu-

24 4784 121 4844 latis
143 4791 352 4854 frameis
402 4800 746 4857 unanimiter
787 4815 1160 4874 accurrerunt,
1196 4816 1249 4862 et
1273 4819 1562 4878 antequam

23 4892 132 4936 arma
151 4890 316 4943 nostri
347 4901 639 4962 caperent,
672 4910 813 4965 quos
834 4896 890 4951 in
912 4898 1164 4954 machina
1192 4901 1451 4957 custodes
1480 4902 1564 4956 in-

23 4983 231 5033 renerunt
263 4977 420 5038 foras
457 4983 764 5041 sauciando
793 4988 1135 5058 pepulerunt.
1190 4990 1257 5047 Et
1306 4992 1559 5048 incende-

23 5071 106 5156 tlnt
127 5082 234 5123 eam
265 5071 404 5142 igni,
437 5090 558 5144 qua
584 5077 831 5134 solebant
865 5088 1045 5136 turres
1086 5092 1244 5138 antea
1287 5085 1451 5156 jactis
1477 5085 1560 5139 la-

23 5153 180 5215 udibus
216 5169 592 5236 conquassari
643 5179 696 5224 et
747 5171 1227 5230 vehementissime
1273 5153 1556 5246 perforari.

24 5262 46 5297 η
75 5264 165 5317 qua
205 5254 630 5328 impugnatione
665 5261 734 5315 30
780 5263 1029 5320 homines
1074 5267 1430 5336 perdidimus.
1481 5269 1561 5322 Illi

30 5349 145 5398 utem
194 5344 396 5419 duplex
444 5342 773 5420 repererunt
817 5357 1100 5413 damnum.
1151 5359 1311 5416 Cives
1360 5362 1560 5433 quippe

23 5447 75 5523 er
93 5439 222 5493 muri
244 5443 433 5498 minas
468 5454 696 5502 nostros
717 5456 826 5502 tam
849 5450 1062 5521 sagittis
1083 5468 1248 5521 quam
1290 5454 1560 5523 lapidibus

23 5522 86 5580 ire
109 5530 323 5600 spiculis
353 5536 566 5592 crebro
596 5538 750 5595 valde
787 5541 1053 5598 laedebant
1087 5553 1139 5599 et
1180 5522 1554 5603 vulnerabant.

23 5621 177 5676 nterim
211 5635 401 5681 autem
443 5625 697 5685 Venetici
735 5633 902 5688 nostri
935 5636 1174 5691 secunda
1219 5637 1304 5691 usi
1338 5636 1556 5693 fortuna

23 5709 118 5776 itis,
147 5717 414 5774 carabum
470 5733 640 5776 suum
673 5721 918 5794 ingressi,
972 5727 1067 5798 qui
1101 5744 1210 5782 non
1250 5737 1406 5784 erant
1448 5731 1555 5786 nisi

24 5802 192 5876 uirique
236 5819 490 5879 tantum,
547 5812 923 5874 domunculam
964 5837 1150 5888 unam,
1206 5836 1368 5892 qtlam
1401 5823 1556 5895 juxta

1691 1969 1802 2024 tuis
1847 1978 1904 2025 et
1961 1971 2210 2040 pluribus
2264 1972 2564 2026 vulneratis
2616 1971 2888 2026 abierunt.
2954 1969 3288 2028 Muliercula

1689 2057 1834 2118 enim
1865 2071 1919 2118 et
1942 2062 2180 2120 infantes
2211 2064 2265 2118 in
2288 2065 2425 2119 turri
2451 2065 2686 2136 quadam
2715 2073 2960 2134 tempore
2994 2073 3188 2121 nostro
3214 2063 3286 2120 il-

1689 2155 1762 2210 lic
1786 2155 2052 2212 aediﬁcata
2103 2171 2163 2212 se
2212 2156 2657 2224 intromiserunt,
2679 2166 2732 2211 et
2759 2156 2840 2212 sic
2886 2157 3080 2212 salvati
3131 2165 3282 2214 sunt.

1689 2244 1879 2316 Itaque
1922 2262 2020 2318 per
2059 2255 2264 2303 terram
2310 2258 2688 2317 excurrentcs,
2728 2249 3080 2319 diripiebant,
3120 2265 3286 2306 neca-

1687 2337 1839 2404 bant,
1885 2338 2260 2408 captivabant;
2330 2339 2697 2410 quodcunque
2745 2339 2951 2394 malum
3031 2348 3285 2409 poterant

1687 2428 1980 2498 faciebant,
2013 2446 2114 2487 nec
2135 2439 2254 2486 erat
2277 2433 2372 2502 qui
2406 2431 2487 2487 eis
2533 2431 2832 2488 resisteret.
2888 2431 3087 2488 Intenti
3131 2433 3280 2487 enim

1684 2538 1907 2580 eramus
1943 2540 2138 2580 omnes
2181 2526 2246 2581 ad
2291 2525 2658 2592 obsidionem,
2702 2525 3136 2582 miscricordiam
3180 2541 3279 2580 ex-

1685 2623 1995 2684 spectantes
2047 2631 2363 2685 supernam,
2417 2623 2692 2686 quatenus
2733 2615 2974 2670 laborem
3029 2622 3282 2670 nostrum

1684 2703 1797 2760 Deo
1813 2705 2019 2780 factore
2032 2716 2087 2763 ct
2109 2708 2360 2778 adjutore
2387 2709 2696 2764 valeremus
2721 2722 3122 2763 consummare.
3149 2705 3283 2761 Erat

1683 2796 1830 2852 enim
1880 2797 2181 2868 impatibile
2232 2806 2288 2853 et
2331 2807 2492 2854 nocte
2537 2797 2852 2865 lucubrare,
2888 2804 2942 2852 et
2994 2795 3082 2852 die
3124 2795 3278 2850 labo-

1683 2903 1824 2943 rare.
3284 2872 3300 2882 ’

2221 2978 2452 3035 CAPUT
2487 2977 2730 3034 XXXIV.

2083 3068 2162 3134 De
2186 3070 2482 3124 redditione
2511 3067 2657 3123 urbis
2687 3067 2865 3138 Tyria:

1755 3159 1958 3218 Videns
1977 3170 2162 3217 autem
2201 3177 2298 3217 rex
2326 3161 2581 3217 Damasci
2610 3161 2821 3216 Turcos
2869 3173 3002 3217 suos
3040 3167 3095 3215 et
3144 3158 3278 3215 Sat--

1680 3268 1931 3322 raeenos,
1953 3253 2048 3324 qui
2079 3262 2236 3309 erant
2257 3253 2312 3308 in
2334 3255 2472 3310 urbe
2505 3253 2878 3320 circumclusi,
2919 3253 3070 3308 nullo
3112 3251 3271 3308 mod:

1681 3361 1844 3416 posse
1870 3346 1937 3401 de
1965 3345 2222 3401 manibus
2264 3347 2470 3403 nostris
2511 3347 2763 3414 evadere,
2800 3345 2994 3400 maluit
3023 3361 3147 3399 eum
3183 3344 3280 3400 ali-

1678 3455 1789 3508 quo
1829 3438 2094 3495 dedecore
2135 3439 2292 3494 vivos
2341 3453 2439 3494 eos
2488 3439 2758 3494 redimere
2809 3452 2974 3508 quam
3025 3445 3277 3492 mortuos

1676 3530 1916 3600 plorare.
1968 3528 2231 3596 Quaesivit
2277 3543 2410 3600 ergo
2461 3544 2559 3599 per
2621 3529 3039 3584 inter-locutores
3090 3527 3276 3598 sagaci

1676 3621 1932 3688 consilio,
1965 3630 2238 3691 quatenus
2263 3621 2514 3676 homines
2543 3636 2674 3676 suos
2703 3637 2826 3676 cum
2872 3621 3043 3676 rebus
3077 3635 3272 3674 eorum

1675 3712 1936 3768 omnibus
1964 3711 2116 3767 foras
2143 3712 2437 3782 exciperet,
2470 3720 2525 3767 et
2560 3712 2748 3767 urbem
2779 3723 3067 3767 vacuatam
3104 3711 3269 3766 nobis

1673 3804 2029 3876 relinqueret.
2063 3803 2120 3859 In
2169 3820 2280 3874 quo
2308 3821 2434 3859 cum
2464 3804 2722 3874 utrinque
2771 3804 2864 3858 diu
2914 3805 3270 3870 luctaremur,

1675 3897 1960 3953 obsidibus
2023 3895 2374 3952 ambifariam
2433 3896 2604 3962 datis,
2664 3896 2741 3950 illi
2807 3895 2875 3951 de
2939 3897 3076 3952 urbe
3139 3902 3272 3951 sunt

1672 3989 1900 4059 egressi,
1948 3996 2004 4044 et
2031 3987 2332 4049 Christiani
2383 3988 2608 4059 pacilicc
2645 3988 2985 4061 introgressi.
3019 3986 3266 4055 Quicun-

1672 4097 1780 4152 que
1802 4090 1985 4137 autem
2029 4098 2092 4137 ex
2131 4081 2450 4136 Sarraecnis
2488 4081 2542 4136 in
2586 4081 2721 4136 urbe
2767 4097 3049 4137 remanere
3079 4081 3268 4135 volue-

1672 4181 1841 4240 runt,
1904 4172 2007 4230 sub
2057 4173 2388 4228 conditionis
2431 4173 2722 4228 ratiocinio
2767 4173 2821 4227 in
2871 4189 3004 4245 pace
3045 4188 3266 4228 reman-

1669 4272 1879 4321 serunt.

1747 4376 1862 4430 Sub
1883 4374 2098 4430 Cancro
2124 4373 2366 4430 Phoebus
2395 4373 2572 4429 fuerat
2607 4389 2701 4428 sex
2728 4373 2910 4428 decies
2933 4382 3110 4439 ortus,

1747 4445 1977 4518 Quando
2008 4445 2185 4518 Tyrus
2223 4445 2456 4518 capitur,
2493 4445 2836 4518 etreddizur,
2860 4459 2928 4518 ac
2953 4453 3262 4514 superatur,

1838 4516 1975 4572 Nam
2007 4515 2191 4572 Nonas
2218 4515 2348 4570 Julii
2369 4515 2600 4587 contigit
2624 4515 2728 4569 hoc
2756 4515 2894 4568 ﬁeri.

1669 4629 1790 4688 Non
1821 4639 1906 4688 est
1937 4631 2288 4696 cessandum,
2319 4645 2432 4685 non
2460 4638 2544 4684 est
2567 4629 2732 4683 etiam
2767 4625 3089 4681 tardandum
3113 4642 3264 4696 (μιαρ-

1669 4741 1790 4781 rere
1824 4723 2117 4779 Dominum
2149 4733 2398 4778 nostrum
2446 4721 2753 4793 adjutorem
2791 4720 2847 4775 in
2888 4720 3260 4778 tribulationi-

1667 4819 1791 4884 bus,
1816 4818 1987 4888 pium,
2016 4817 2338 4888 benignum,
2387 4824 2442 4870 et
2477 4815 2733 4886 precibus
2775 4814 2996 4884 pulsare
3024 4829 3170 4878 eum,
3201 4821 3262 4872 ut

1668 4907 1826 4962 nobis
1846 4906 2194 4978 pulsantibus
2219 4905 2369 4976 pium
2397 4905 2635 4975 prazbcat
2663 4902 2930 4958 auditum.
2958 4901 3071 4958 Hoc
3099 4902 3256 4973 equi.

1663 5003 1786 5058 dem
1825 5001 1881 5056 in
1931 4999 2273 5056 Hierusalem
2329 4999 2656 5064 feceramus,
2711 5012 2952 5068 persmpe
2994 4996 3260 5052 ecclesias

1661 5095 1956 5162 visitando,
1989 5095 2259 5166 lacrymas
2295 5091 2595 5157 fundendo,
2636 5089 3013 5160 eleemosytias
3055 5089 3258 5159 imper-

1662 5188 1871 5255 tiendo,
1901 5203 2129 5257 corpora
2167 5186 2393 5257 jejuniis
2451 5183 2755 5240 alliciendo.
2812 5180 2968 5248 Quod
3001 5181 3164 5249 Deus,
3198 5191 3256 5239 ut

1663 5280 1848 5344 credo,
1873 5279 1940 5333 de
1973 5278 2228 5347 supernis
2267 5283 2581 5347 aspectans,
2627 5290 2737 5328 non
2781 5273 3001 5342 reliquit
3035 5281 3159 5344 post
3196 5289 3257 5330 se

1663 5367 2120 5434 benedictionem,
2177 5367 2273 5422 sed
2325 5364 2608 5420 exaudivit
2661 5364 3100 5434 deprecationem
3149 5379 3254 5419 no~

1663 5471 1855 5516 stram.
1889 5459 2047 5525 Quod
2086 5475 2212 5514 cum
2267 5457 2506 5528 aliquem
2555 5457 2838 5513 addiscere
2870 5457 3254 5513 rumusculum

1662 5552 1890 5608 auribus
1919 5553 2120 5622 apertis
2145 5551 2622 5623 exspectabamus,
2656 5569 2782 5608 ecce
2829 5553 2988 5624 legati
3024 5561 3133 5606 tres
3167 5549 3252 5605 fe-

1658 5643 2055 5700 stinantisuime
2089 5650 2355 5699 venerunt
2397 5641 2558 5697 nobis
2589 5643 2902 5698 nuntiantes
2952 5653 3005 5697 et
3043 5643 3252 5698 litteras

1658 5750 1690 5789 a
1739 5736 2046 5806 patriarcha
2086 5744 2274 5791 nostro
2325 5732 2656 5802 deferentes,
2699 5745 2754 5789 et
2794 5735 2984 5788 urbem
3032 5742 3248 5800 captam

1659 5843 1780 5886 esse
1812 5827 2234 5887 innotesccntes.
2286 5827 2408 5896 Quo
2434 5827 2642 5900 audito,
2667 5829 2876 5886 clamor
2913 5823 3247 5899 iucundissi-
