3850 6310
539 327 647 384 923

1110 327 1205 383 AD
1239 323 1688 384 GODEFRIDUM
1725 324 2018 382 APPEND.
2060 323 2124 380 ll.
2161 355 2233 364 —
2270 322 2547 381 MONUM.
2591 321 2682 377 DE
2716 321 2942 378 BELLO
2979 320 3222 378 SACRO.
3661 327 3731 384 εηι

537 437 663 480 mus
716 421 1003 492 attollitur,
1059 422 1128 478 Te
1164 423 1329 478 Dsum
1382 423 1664 477 laudamus
1717 423 1860 478 illico
1890 423 2118 479 vocibus
2149 427 2195 484 Α
2223 421 2459 477 rusalem
2475 435 2697 492 quoque
2716 420 2823 474 dux
2855 417 3184 474 (lodefridus
3208 424 3262 472 et
3282 415 3731 478 domnusBoamun-

537 514 790 570 altisonis
837 514 1179 571 decantatur.
1215 515 1379 586 Signa
1410 515 1722 584 pulsantur,
1748 514 2024 584 processio
2053 515 2121 569 ad

536 605 709 660 Deum
751 607 1056 673 deducitur,
1095 606 1291 661 vexilla
1337 606 1391 659 in
1424 605 1601 660 muris
1639 612 1693 659 et
1730 605 1974 660 turribus
2013 605 2123 660 ele-

535 703 754 763 vantur,
791 713 888 768 per
943 711 1132 753 omnes
1183 696 1333 751 vicos
1389 705 1710 751 ornamenta
1757 696 2121 751 multicoloria

535 789 922 856 extenduntur,
951 790 1247 861 gratiarum
1271 788 1514 843 actiones
1539 788 1955 858 depromuntur,
1981 805 2122 844 nun-

535 881 599 937 tii
623 897 722 952 pro
745 881 956 937 meritis
982 883 1143 952 digne
1170 890 1612 947 remunerantur,
1645 881 1827 950 pusilli
1847 890 1900 935 et
1937 881 2121 953 magni

534 974 742 1044 pariter
768 973 1240 1044 congratulantur,
1278 973 1470 1042 puellae
1495 973 1548 1026 in
1577 973 1884 1040 cantilenis,
1911 973 1964 1027 in
1989 974 2122 1028 cho-

533 1065 644 1122 reis
672 1065 1026 1122 delectantur.
1053 1064 1218 1121 Recte
1256 1074 1430 1120 mater
1464 1064 1801 1121 Hierusalem
1829 1066 2027 1137 gaudet
2054 1065 2122 1120 de

536 1154 682 1228 Tyro
708 1155 842 1222 tilia,
879 1155 1038 1226 cujus
1080 1170 1112 1210 a
1161 1155 1384 1211 dextera
1419 1155 1557 1212 sedit
1603 1155 1803 1210 amodo
1837 1164 2118 1212 coronata.

530 1244 702 1316 Luget
734 1256 788 1302 et
815 1246 1079 1320 Babylon,
1125 1248 1505 1313 consolatione
1543 1247 1663 1318 ejus
1692 1249 1921 1319 perdita,
1964 1249 2121 1319 cujus

528 1339 864 1396 adminiculo
889 1341 1095 1397 dudum
1121 1343 1403 1397 exstiterat
1429 1341 1669 1408 sutl’ulta,
1701 1342 1859 1412 cujus
1888 1343 2118 1398 classem

529 1434 826 1502 quotannis
857 1434 1016 1490 nobis
1046 1435 1300 1490 hostilem
1350 1435 1673 1506 excipiebat.
1707 1433 1832 1490 Haec
1857 1450 1986 1490 vero
2017 1434 2134 1490 etsi

528 1525 838 1580 minoratur
869 1542 1090 1597 pompa,
1123 1535 1510 1597 augmentatur
1549 1527 1732 1582 divina
1756 1528 1948 1598 gratia.
1982 1525 2120 1583 Nam

527 1631 651 1686 quae
680 1617 825 1686 apud
856 1616 1119 1673 Ethnicos
1151 1618 1342 1674 civitas
1396 1620 1660 1674 habuerat
1701 1619 1755 1673 in
1807 1619 2121 1690 magisterio

527 1707 994 1778 primillaminem,
1037 1710 1121 1764 vel
1162 1711 1620 1775 archillaminem,
1670 1711 1970 1766 secundum
2015 1711 2119 1768 Pa-

2222 511 2328 570 dus
2356 522 2689 584 acceperunt
2717 522 2917 568 terram
2944 527 3102 566 suam
3143 526 3172 564 a
3214 509 3516 581 patriarcha
3543 509 3732 572 Daiberto

2223 613 2443 675 propter
2515 621 2758 660 amorem
2816 603 2933 658 Dei.
2981 602 3277 658 ldentidem
3327 600 3592 658 Paschalis
3639 620 3732 678 papa

2224 697 2526 770 privilegiis
2552 697 2668 754 suis
2693 696 3090 762 corroboravit,
3133 705 3187 750 et
3228 710 3292 748 ea
3325 693 3567 750 Ecclesia:
3597 693 3733 754 Hiero-

2222 789 2449 859 solyma:
2471 787 2795 854 transmisit,
2825 787 3027 857 quibus
3056 785 3298 842 Ecclesia
3327 783 3559 838 Romana
3587 785 3651 840 sic
3671 803 3732 842 au-

2222 879 2522 937 ctorisante
2562 879 2687 951 jure
2732 887 2997 950 perpetuo
3039 876 3460 933 communietur.
3501 875 3553 931 ιιι
3591 878 3734 947 quibus

2221 971 2523 1044 privilegiis
2545 973 2662 1028 haec
2687 971 2952 1040 inscripta
2975 969 3354 1024 continentur:

2771 1060 3002 1117 CAPUT
3039 1058 3258 1115 XXXV.

2579 1155 2928 1228 Privilegium
2963 1153 3245 1210 Paschalis
3285 1168 3454 1224 papae.

2299 1268 2318 1304 ι
2355 1249 2668 1315 Psscnsus,
2704 1263 2898 1304 servus
2918 1263 3198 1304 servorum
3223 1245 3341 1313 Dei,
3373 1245 3738 1303 reverentissimo

2222 1342 2377 1398 fratri
2409 1341 2900 1413 Hierosolymitano
2946 1339 3270 1411 patriarcha:
3310 1338 3557 1394 GIBELINO
3583 1348 3627 1392 et
3653 1355 3740 1394 suc-

2224 1437 2534 1495 cessoribus
2583 1436 2703 1506 ejus
2749 1433 3012 1490 canonice
3056 1430 3462 1504 promovendis.
3494 1428 3738 1485 Secundum

2221 1529 2554 1584 mutationes
2598 1537 2904 1597 temporum
2955 1522 3366 1580 transferuntur
3419 1520 3572 1575 etiam
3621 1536 3740 1591 regna

2224 1629 2521 1676 terrarum.
2569 1617 2722 1674 Unde
2741 1620 2905 1672 etiam
2959 1614 3456 1672 ecclesiasticarum
3516 1613 3742 1681 parochia-

2221 1728 2345 1766 rum
2378 1712 2514 1766 ﬁnes
2543 1710 2598 1764 in
2626 1709 2902 1779 plerisque
2948 1705 3243 1777 provinciis
3281 1702 3481 1758 mutari
3514 1703 3745 1771 expcditet

528 1808 675 1854 trum
718 1800 1116 1857 institutionem
1166 1803 1387 1857 habebit
1428 1804 1715 1872 primatem
1761 1804 1845 1858 vel
1885 1805 2121 1874 patriar-
2153 1779 2195 1832 Β
2224 1804 2528 1861 transferri.
2570 1802 2900 1857 Asianarum
2949 1798 3220 1870 siquidem
3261 1795 3610 1851 Ecclesiaruni
3647 1795 3744 1850 lines

527 1892 689 1947 cham
720 1892 776 1947 in
827 1893 945 1965 lege
991 1893 1324 1949 Christiana.
1376 1892 1479 1949 Ubi
1531 1896 1673 1950 enim
1714 1896 2118 1954 architlamiues

527 1994 704 2052 erant,
734 1986 1131 2056 archiepiscopi
1163 1986 1217 2040 in
1247 1987 1363 2057 lege
1391 1986 1828 2042 Christianorum
1862 1999 1990 2043 sunt
2029 1975 2118 2043 in-

528 2078 726 2145 stituti,
761 2077 855 2148 qui
896 2078 1123 2148 singulis
1161 2078 1459 2148 provinciis
1493 2078 1737 2149 praesint.
1774 2077 1878 2134 Ubi
1918 2090 2119 2136 metro-

527 2168 672 2239 polis
709 2177 845 2236 erat,
887 2185 1009 2239 qua:
1037 2169 1424 2240 interpretatur
1462 2180 1632 2225 mater
1673 2172 1883 2239 civitas,
1916 2181 2120 2228 metro-

525 2259 756 2330 politani
779 2270 955 2328 erant,
983 2261 1076 2331 qui
1103 2262 1170 2316 de
1203 2261 1377 2317 tribus
1405 2271 1500 2317 aut
1526 2271 1764 2334 quatuor
1803 2264 2119 2321 civitatibus

524 2350 669 2407 intra
696 2353 935 2423 aliquam
981 2353 1317 2424 provinciam
1360 2355 1523 2409 matri
1566 2364 1619 2410 et
1659 2354 1855 2426 majori
1885 2355 2118 2412 aliarum

523 2443 732 2498 civitati
781 2445 1164 2514 praesidebant.
1216 2442 1318 2500 Ubi
1354 2454 1539 2501 autem
1582 2446 1824 2502 minores
1869 2447 2120 2503 civitates

525 2534 839 2591 habuerunt
877 2536 1224 2593 solummodo
1275 2537 1526 2595 ﬂamines
1571 2541 1657 2596 vel
1708 2541 1957 2608 comites,
1999 2541 2118 2611 epi-

525 2628 679 2698 scopi
711 2636 840 2684 sunt
873 2629 1176 2684 constituti.
1215 2629 1389 2686 Porro
1425 2630 1628 2686 tribuni
1666 2633 1840 2703 plebis
1879 2647 1986 2686 non
2018 2633 2118 2687 ab-

524 2718 692 2774 surde
719 2719 1094 2792 intelliguntur
1124 2721 1448 2794 presbyteri,
1476 2722 1594 2778 sive
1623 2723 1816 2794 reliqui
1847 2721 2120 2780 inferioris

525 2807 737 2864 ordinis
784 2810 988 2865 clerici.
1034 2809 1126 2867 Sic
1169 2813 1350 2868 omnis
1405 2815 1680 2870 mundana
1739 2823 1984 2886 potestas
2033 2815 2120 2871 his

527 2897 793 2969 gradibus
828 2899 1154 2971 dignitatum
1182 2918 1213 2956 a
1241 2917 1300 2958 se
1338 2903 1569 2960 invicem
1602 2904 1788 2972 distat,
1843 2905 1896 2960 id
1937 2914 2020 2961 est
2062 2914 2122 2961 ut

525 2989 740 3060 primus
779 2992 852 3046 sit
891 2991 1190 3062 Augustus,
1236 2994 1321 3048 vel
1362 2993 1676 3066 imperaton
1705 2995 1909 3052 Deinde
1937 2995 2121 3052 Caesa-

527 3097 640 3148 res,
671 3081 867 3139 deinde
917 3100 1092 3155 reges,
1149 3085 1338 3153 duces,
1383 3087 1633 3142 comites.
1682 3086 1774 3144 Sic
1814 3087 1947 3143 dicit
1991 3087 2116 3144 Cle-

526 3189 685 3231 mens
711 3191 871 3246 papa,
901 3176 1217 3246 Anacletus,
1248 3177 1494 3246 Anicius,
1543 3189 1597 3234 et
1645 3181 1830 3250 plures
1861 3181 1974 3235 alii.
2015 3180 2120 3235 De-
2147 3176 2192 3210 ’λ

526 3280 653 3322 mus
679 3281 809 3339 ergo
833 3267 1022 3324 laudes
1055 3268 1164 3325 Deo
1206 3269 1495 3337 altissimo,
1524 3272 1652 3342 quia
1694 3289 1802 3326 non
1835 3273 2119 3328 hominum

523 3358 747 3427 virtute,
776 3361 872 3415 sed
900 3377 998 3416 sua
1031 3362 1368 3432 beneplacita
1398 3363 1700 3432 voluntate,
1737 3365 1855 3420 sine
1899 3365 2122 3436 sangui-

523 3451 616 3507 nis
645 3451 909 3509 eti‘usione
959 3455 1119 3510 nobis
1157 3454 1363 3526 Tyrum
1409 3456 1662 3525 reddidit,
1715 3459 1904 3512 urbem
1951 3459 2121 3529 incly-

527 3551 662 3610 tam,
717 3545 908 3600 urbem
945 3544 1303 3602 fortissimam
1350 3557 1402 3602 et
1444 3548 1511 3603 ad
1552 3549 1874 3618 capiendum
1906 3549 2120 3604 ditIicil-

529 3634 739 3703 limam,
779 3637 886 3692 nisi
927 3635 1072 3694 Deus
1115 3653 1342 3693 manum
1389 3648 1686 3708 apponeret
1730 3639 2032 3694 dexteram.
2061 3638 2120 3693 In

525 3724 632 3780 hoc
661 3725 880 3797 quidem
908 3726 1232 3783 Antiocheni
1263 3728 1627 3799 deliquerunt,
1657 3730 1750 3801 qui
1780 3729 1991 3785 nullum
2018 3745 2119 3785 au-

525 3817 720 3873 xilium
751 3820 910 3876 nobis
954 3821 1326 3891 praebuerunt,
1370 3837 1471 3877 nec
1516 3823 1690 3877 labori
1748 3823 1877 3878 huic
1927 3823 2122 3881 adesse

522 3912 837 3969 voluerunt.
870 3912 1233 3970 Bcnedicatur
1255 3924 1437 3971 autem
1460 3915 1688 3972 Pontius
1725 3915 2120 3986 Tripolitanus,

527 4003 790 4073 quoniam
823 4005 1041 4077 adjutor
1086 4007 1246 4064 nobis
1286 4002 1659 4065 fidelissimus.
1693 4009 1948 4065 Paciﬁeet
1977 4009 2121 4066 Deus

527 4095 926 4153 Antiochenam
959 4099 1261 4156 Ecclesiam
1309 4117 1435 4158 cum
1479 4101 1973 4174 Hierosolymitana
2024 4101 2125 4159 Eo-

527 4189 713 4254 clesia,
743 4207 866 4261 quae
891 4193 1013 4248 dua:
1039 4194 1307 4250 dissident
1339 4195 1406 4251 de
1442 4193 1604 4266 Tyria
1635 4195 1814 4250 tertia.
1848 4194 1944 4248 illa
1989 4195 2121 4251 dicit

528 4275 672 4332 hanc
696 4279 799 4334 sibi
826 4280 996 4337 fuisse
1027 4283 1304 4338 subditam
1351 4284 1456 4339 sub
1496 4283 1815 4338 Graecorum
1854 4293 2117 4354 tempore.

528 4369 657 4428 [hec
701 4372 832 4430 dicit
887 4391 946 4431 se
994 4393 1116 4433 esse
1166 4379 1561 4434 communitam
1615 4378 1914 4449 privilegiis
1948 4395 1979 4434 a
2010 4379 2122 4436 Ro-

2221 1898 2471 1968 antiquis
2497 1896 2718 1951 fuerunt
2754 1891 3171 1948 dillinitionibus
3192 1889 3493 1945 distributi.
3521 1885 3650 1954 Quas
3667 1888 3746 1942 dis-

2218 1989 2546 2044 tributiones
2590 1987 2930 2043 diversarum
2972 1983 3205 2038 diversae
3240 1980 3366 2036 ﬁdei
3408 1979 3627 2051 gentium
3647 1993 3746 2033 eon-

2219 2081 2359 2138 fudit
2412 2080 2664 2150 irruptio.
2699 2077 2915 2133 Gratias
2964 2083 3143 2130 autem
3213 2073 3349 2138 Deo,
3405 2071 3542 2142 quod
3592 2071 3750 2125 nrstris

2220 2171 2560 2244 temporibus
2594 2179 2649 2226 et
2686 2167 2989 2224 Antiochia:
3033 2174 3087 2221 ct
3131 2164 3518 2235 Hierosolyma
3558 2162 3750 2216 civitates

2219 2281 2346 2323 cum
2387 2262 2724 2320 suburbanis
2752 2262 2869 2317 suis
2911 2269 2965 2315 et
2999 2257 3382 2328 adjacentibus
3428 2254 3690 2326 provinciis
3710 2253 3753 2306 in

2220 2357 2668 2413 Christianorum
2694 2353 3002 2425 principum
3049 2351 3283 2405 redactae
3312 2356 3441 2404 sunt
3462 2353 3750 2418 potestatem.

2222 2449 2376 2506 Unde
2398 2457 2614 2520 oportet
2648 2462 2752 2503 nos
2796 2445 2996 2502 divina:
3036 2441 3329 2499 mutationi
3376 2448 3429 2494 et
3463 2436 3754 2493 translationi

2220 2557 2444 2597 manum
2494 2554 2786 2611 apponere,
2833 2546 2888 2593 et
2927 2535 3233 2593 secundum
3279 2543 3492 2602 tempus
3527 2545 3636 2600 qua:
3661 2535 3758 2582 sunt

2220 2633 2557 2705 disponenda
2580 2630 2888 2701 disponere,
2915 2637 2978 2684 ut
3010 2623 3520 2696 Hierosolymitanae
3551 2619 3757 2674 Ecclesia

2221 2728 2386 2782 urbes
2423 2725 2545 2780 illas
2571 2732 2626 2780 et
2662 2721 2977 2793 provincias
3004 2717 3398 2782 concedamus,
3423 2728 3538 2783 qua:
3563 2726 3648 2782 per
3674 2709 3762 2779 glu-

2220 2820 2356 2876 riosi
2379 2818 2522 2889 regis
2552 2814 2806 2871 Balduini
2835 2811 3202 2884 prudentiam,
3228 2823 3293 2863 ac
3317 2804 3638 2862 exercituum
3665 2817 3760 2855 eum

2222 2911 2568 2983 sequentium
2625 2906 2891 2979 sanguine
2953 2921 3050 2976 per
3110 2902 3206 2958 Dei
3233 2899 3466 2973 gratiam
3525 2894 3766 2966 acquisita

2222 3012 2370 3060 sunt.
2403 3001 2698 3058 Prtesentis
2747 2998 2952 3055 decreti
3001 2995 3194 3068 pagina
3242 2993 3362 3059 tibi,
3403 2990 3566 3045 frater
3589 2985 3764 3042 charis-

2225 3099 2363 3154 sime
2384 3104 2438 3151 et
2460 3095 2782 3164 coepiscOpe
2815 3089 3084 3155 Gibcline,
3112 3087 3333 3156 tuisque
3374 3078 3770 3140 successoribus,

2223 3195 2279 3242 ct
2321 3201 2419 3257 per
2457 3200 2555 3239 vos
2601 3193 2802 3239 sanctae
2863 3177 3370 3250 Hierosolymitanze
3421 3171 3667 3228 Ecclesia:
3700 3185 3771 3239 pa-

2224 3277 2504 3332 triarchali
2538 3273 2981 3344 metr0politano,
3027 3271 3152 3340 jure
3207 3266 3475 3338 regendas
3517 3265 3775 3334 disponen~

2221 3368 2429 3438 dasque
2452 3367 2730 3422 sancimus
2753 3363 3001 3419 civitates
3027 3375 3239 3425 omnes,
3269 3364 3438 3428 atque
3484 3354 3773 3426 provincias,

2223 3475 2362 3530 quas
2405 3458 2507 3514 sub
2542 3456 2786 3528 praedicti
2827 3455 2972 3524 regis
3015 3451 3223 3508 ditione
3249 3457 3347 3504 aut
3393 3447 3508 3518 jam
3555 3443 3778 3508 restituit,

2224 3559 2318 3606 aut
2347 3549 2403 3604 in
2433 3547 2679 3603 futurum
2716 3542 3004 3602 restituere
3043 3542 3227 3598 divina
3268 3539 3441 3612 gratia
3478 3537 3777 3608 dignabitur.

2224 3641 2457 3711 Dignum
2486 3647 2571 3695 est
2605 3637 2752 3693 enim
2782 3645 2838 3691 ut
2867 3634 3105 3706 sepulcri
3147 3631 3422 3687 Dominici
3460 3628 3697 3685 Ecclesia
3719 3642 3784 3680 se-

2223 3733 2464 3790 cundum
2513 3730 2752 3787 fidelium
2797 3729 3033 3784 militum
3088 3723 3361 3781 desideria
3421 3728 3786 3792 competean

2225 3827 2491 3882 honorem
2531 3823 2795 3886 obtineat,
2834 3829 2889 3877 et
2933 3819 3241 3874 Turcorum
3269 3816 3355 3871 vel
3389 3813 3789 3871 Sarracenorum

2221 3919 2354 3991 jugo
2389 3917 2580 3984 libera,
2632 3917 2692 3972 in
2740 3913 3184 3974 Christianorum
3226 3924 3398 3966 manu
3452 3903 3791 3962 abundantius

2225 4013 2510 4070 exaltetur.
2563 4029 2582 4063 ι

2754 4096 2984 4155 CAPUT
3013 4093 3257 4150 XXXVI.

2342 4258 2344 4260 τ
2430 4190 2510 4245 De
2533 4189 2859 4261 portionibus
2885 4188 3028 4241 circa
3047 4183 3244 4254 Tyrum
3270 4177 3602 4235 constitutis.

2292 4283 2533 4355 Explctis
2557 4291 2738 4337 autem
2776 4277 2919 4350 apud
2947 4276 3152 4348 Tyrum
3173 4316 3188 4341 ,
3218 4281 3388 4344 prout
3415 4264 3693 4341 Oportuit,
3717 4273 3798 4318 ne-

2224 4379 2474 4453 gotiis,ct
2517 4374 2789 4446 tripartita
2817 4369 3085 4428 divisione
3128 4365 3438 4436 dispositis,
3493 4371 3552 4417 et
3583 4356 3798 4453 equiva-

527 4479 694 4520 mano
737 4467 1010 4536 pontiﬁce.
1062 4467 1198 4524 Nam
1250 4471 1307 4523 in
1348 4469 1580 4525 concilio
1618 4448 1955 4526 Arvernensi
2012 4480 2122 4527 tam
2159 4448 2436 4545 oratione
2484 4481 2724 4540 congrua
2769 4463 2983 4519 duabus
3018 4457 3368 4532 portionibus
3415 4454 3593 4545 regiae
3629 4448 3804 4545 scilicet

528 4557 846 4616 authentiCo
885 4569 940 4617 et
987 4563 1430 4618 nominatissimo
1471 4565 1828 4619 constitutum
1874 4565 2119 4620 unanimi

528 4664 762 4706 assensu
814 4652 938 4722 fuit,
990 4663 1070 4722 ut,
1099 4671 1442 4726 quaecunque
1491 4656 1684 4713 civitas
1737 4658 1875 4712 mari
1921 4674 2121 4727 magno

527 4740 764 4796 transito
791 4759 820 4798 a
851 4759 1192 4817 paganorum
1233 4755 1416 4816 posset
1443 4749 1624 4803 excuti
1658 4749 1812 4821 jugo,
1842 4750 1960 4805 sine
1989 4766 2122 4805 con-

527 4831 854 4892 tradictione
901 4837 1214 4908 perenniter
1267 4838 1624 4894 obtineretur.
1683 4839 1798 4896 Hoc
1844 4841 2008 4896 etiam
2061 4841 2116 4896 in

526 4923 871 4996 Antiocheno
893 4929 1129 4986 concilio
1154 4930 1412 5000 episcopo
1452 4930 1707 4989 Podiensi
1761 4934 2120 5004 magistraute

526 5015 854 5085 replicatum
911 5031 965 5078 et
993 5038 1318 5080 concessum
1343 5027 1412 5082 ab
1441 5026 1696 5084 omnibus
1747 5036 1850 5083 cst.
1882 5027 1940 5082 ln
1992 5027 2118 5085 Hie-

2225 4561 2499 4634 dignitati,
2532 4535 2772 4616 etvtertia
2804 4552 3153 4611 haereditario
3179 4551 3305 4622 jure
3331 4543 3625 4602 Veneticis
3642 4550 3742 4596 tam
3763 4535 3804 4588 in

2227 4661 2363 4716 urbe
2390 4672 2555 4729 quam
2587 4655 2644 4710 in
2669 4660 2829 4724 portu
2862 4646 3178 4720 singillatim
3208 4641 3570 4704 contraditis,

2231 4757 2362 4805 runt
2397 4725 2589 4803 omnes
2615 4745 2682 4800 ad
2709 4759 2828 4799 sua.
2859 4739 3185 4796 Revertente
3205 4741 3394 4787 autem
3433 4725 3810 4786 Hierosolymi-

2230 4852 2363 4898 tano
2412 4838 2724 4911 patriarcha
2754 4832 3096 4889 Hierusalem
3118 4842 3245 4883 cum
3292 4814 3811 4892 Hierosolymitanis,

2225 4950 2442 4990 crucem
2497 4929 2715 4987 Domini
2757 4931 3163 4984 sacrosanctam
3211 4919 3382 4991 digna
3424 4930 3563 4973 cum
3619 4920 3815 4966 veuerr

2226 5026 2379 5080 tione
2418 5022 2663 5092 suscepit
2683 5020 2864 5076 clerus
2886 5024 2940 5071 et
2960 5013 3215 5087 populus.

827 5239 991 5304 ’Huc
1033 5263 1227 5326 usque
1269 5245 1460 5309 editio
1501 5247 1543 5308 Ι
1579 5247 1945 5325 Bongarsit'.
1996 5245 2148 5322 Quae
2189 5251 2543 5324 sequuntur
2583 5237 2807 5299 addita
2845 5239 2991 5294 sunt
3026 5248 3104 5291 ex
3143 5247 3256 5289 ms.
3296 5225 3577 5303 codice.)

1063 5430 1294 5486 CAPUT
1327 5430 1590 5485 XXXVII.

939 5523 1016 5580 De
1045 5526 1196 5596 signa
1224 5535 1347 5578 tunc
1385 5533 1690 5595 apparente.

589 5600 811 5664 Deinde
840 5616 1092 5685 apparuit
1132 5615 1291 5672 nobis
1321 5615 1404 5672 sol
1447 5631 1542 5686 per
1562 5629 1727 5669 unam
1769 5600 1882 5667 fere
1931 5612 2122 5667 horam

495 5693 747 5770 fulgore
771 5701 1086 5774 colorifero,
1133 5707 1191 5761 in
1224 5720 1423 5761 novam
1451 5705 1535 5759 vel
1587 5703 1846 5774 jactivam
1893 5700 2127 5757 formam

487 5774 927 5868 commutatus,
953 5808 1007 5856 et
1038 5801 1092 5856 in
1116 5799 1298 5875 specie
1322 5799 1466 5854 lunuc
1495 5805 1756 5870 tanquam
1775 5795 1963 5868 eclipsi
1995 5809 2131 5869 qua-

2233 5427 2359 5482 dam
2384 5422 2638 5480 biformis
2662 5426 3080 5476 transmutatus.
3110 5414 3226 5470 Hoc
3264 5412 3485 5469 accidit
3535 5409 3732 5481 quippe
3763 5417 3813 5455 nt

2233 5517 2363 5574 ldus
2392 5514 2645 5588 Augusti,
2672 5513 2807 5567 hora
2831 5510 2938 5565 diei
2962 5509 3076 5579 jam
3122 5513 3505 5576 praetereunte
3535 5515 3701 5558 noua.

2232 5627 2364 5679 ergo
2385 5607 2577 5665 mirari
2612 5620 2738 5661 cum
2767 5603 2922 5658 vides
2949 5601 3106 5672 signa
3131 5599 3188 5653 in
3213 5596 3400 5662 caelis,
3460 5595 3603 5667 quia
3652 5589 3822 5648 nihilo-

2235 5701 2418 5758 minus
2447 5706 2707 5770 operatur
2739 5696 2883 5750 Deus
2910 5694 2966 5748 iu
3001 5691 3181 5748 terris.
3215 5689 3378 5744 Sicut
3409 5689 3575 5744 enim
3606 5686 3660 5743 in
3695 5679 3825 5739 cmic-

2236 5794 2430 5864 stibus,
2465 5792 2540 5849 ita
2575 5800 2628 5847 et
2675 5789 2730 5845 in
2763 5786 2994 5844 terrenis
3038 5779 3400 5841 transformat
3465 5791 3524 5837 et
3584 5771 3832 5843 componit
