  <div class='ocr_page' id='page_1' title='image "/cluster/home/n/w/nwhite01/storage/ocr_20150623/155/hvd.32044015473838/468.png"; bbox 0 0 3804 6312; ppageno 0'>
   <div class='ocr_carea' id='block_1_1' title="bbox 81 411 3307 480">
    <p class='ocr_par' dir='ltr' id='par_1_1' title="bbox 81 411 3307 480">
     <span class='ocr_line' id='line_1_1' title="bbox 81 411 3307 480; baseline 0.003 -10"><span class='ocrx_word' id='word_1_1' title='bbox 81 413 167 470; x_wconf 74' lang='lat'><strong>923</strong></span> <span class='ocrx_word' id='word_1_2' title='bbox 821 411 1196 470; x_wconf 79' lang='lat' dir='ltr'><strong>FULCHEBII</strong></span> <span class='ocrx_word' id='word_1_3' title='bbox 1231 412 1533 471; x_wconf 70' lang='lat' dir='ltr'><strong>CARNOT.</strong></span> <span class='ocrx_word' id='word_1_4' title='bbox 1577 415 1760 471; x_wconf 68' lang='lat' dir='ltr'><strong>HlST.</strong></span> <span class='ocrx_word' id='word_1_5' title='bbox 1799 416 2165 476; x_wconf 82' lang='lat' dir='ltr'><strong>llIEROSOL.</strong></span> <span class='ocrx_word' id='word_1_6' title='bbox 2198 439 2278 460; x_wconf 71' lang='lat'><strong>&#39;—-—</strong></span> <span class='ocrx_word' id='word_1_7' title='bbox 2315 421 2446 478; x_wconf 82' lang='lat' dir='ltr'><strong>LIB.</strong></span> <span class='ocrx_word' id='word_1_8' title='bbox 2483 421 2569 478; x_wconf 86' lang='lat' dir='ltr'><strong>Ill.</strong></span> <span class='ocrx_word' id='word_1_9' title='bbox 3202 425 3307 480; x_wconf 69' lang='lat'><strong>99.6</strong></span> 
     </span>
    </p>
   </div>
   <div class='ocr_carea' id='block_1_2' title="bbox 80 527 3308 606">
    <p class='ocr_par' dir='ltr' id='par_1_2' title="bbox 80 527 3308 606">
     <span class='ocr_line' id='line_1_2' title="bbox 80 527 3308 606; baseline 0.002 -20"><span class='ocrx_word' id='word_1_10' title='bbox 80 543 387 603; x_wconf 55' lang='lat' dir='ltr'><strong>quacunque</strong></span> <span class='ocrx_word' id='word_1_11' title='bbox 409 537 464 582; x_wconf 88' lang='lat' dir='ltr'><strong>et</strong></span> <span class='ocrx_word' id='word_1_12' title='bbox 492 527 767 597; x_wconf 85' lang='lat' dir='ltr'><strong>quomodo</strong></span> <span class='ocrx_word' id='word_1_13' title='bbox 791 529 923 584; x_wconf 98' lang='lat' dir='ltr'><strong>vult.</strong></span> <span class='ocrx_word' id='word_1_14' title='bbox 945 529 1100 595; x_wconf 86' lang='lat' dir='ltr'><strong>Quod</strong></span> <span class='ocrx_word' id='word_1_15' title='bbox 1131 530 1179 585; x_wconf 89' lang='lat' dir='ltr'><strong>si</strong></span> <span class='ocrx_word' id='word_1_16' title='bbox 1203 529 1344 584; x_wconf 89' lang='lat' dir='ltr'><strong>mira</strong></span> <span class='ocrx_word' id='word_1_17' title='bbox 1368 540 1497 586; x_wconf 88' lang='lat' dir='ltr'><strong>sunt</strong></span> <span class='ocrx_word' id='word_1_18' title='bbox 1517 547 1638 602; x_wconf 64' lang='lat' dir='ltr'><strong>quae</strong></span> <span class='ocrx_word' id='word_1_19' title='bbox 1665 532 1714 590; x_wconf 75' lang='grc' dir='ltr'><strong>Δ</strong></span> <span class='ocrx_word' id='word_1_20' title='bbox 1739 529 1975 586; x_wconf 76' lang='lat' dir='ltr'><strong>faciebat</strong></span> <span class='ocrx_word' id='word_1_21' title='bbox 1996 531 2264 602; x_wconf 84' lang='lat' dir='ltr'><strong>opiliones</strong></span> <span class='ocrx_word' id='word_1_22' title='bbox 2298 549 2429 590; x_wconf 85' lang='lat' dir='ltr'><strong>suos</strong></span> <span class='ocrx_word' id='word_1_23' title='bbox 2457 549 2702 604; x_wconf 89' lang='lat' dir='ltr'><strong>pascere,</strong></span> <span class='ocrx_word' id='word_1_24' title='bbox 2733 551 2954 606; x_wconf 79' lang='lat' dir='ltr'><strong>insuper</strong></span> <span class='ocrx_word' id='word_1_25' title='bbox 3001 536 3086 592; x_wconf 89' lang='lat' dir='ltr'><strong>lac</strong></span> <span class='ocrx_word' id='word_1_26' title='bbox 3118 552 3308 592; x_wconf 85' lang='lat' dir='ltr'><strong>eorum</strong></span> 
     </span>
    </p>
   </div>
   <div class='ocr_carea' id='block_1_3' title="bbox 77 619 3308 699">
    <p class='ocr_par' dir='ltr' id='par_1_3' title="bbox 77 619 3308 699">
     <span class='ocr_line' id='line_1_3' title="bbox 77 619 3308 699; baseline 0.001 -18"><span class='ocrx_word' id='word_1_27' title='bbox 77 623 255 688; x_wconf 87' lang='lat' dir='ltr'><strong>fecerit,</strong></span> <span class='ocrx_word' id='word_1_28' title='bbox 273 620 578 676; x_wconf 89' lang='lat' dir='ltr'><strong>mirabilior</strong></span> <span class='ocrx_word' id='word_1_29' title='bbox 597 627 677 676; x_wconf 87' lang='lat' dir='ltr'><strong>est</strong></span> <span class='ocrx_word' id='word_1_30' title='bbox 695 619 789 691; x_wconf 90' lang='lat' dir='ltr'><strong>qui</strong></span> <span class='ocrx_word' id='word_1_31' title='bbox 804 636 868 676; x_wconf 91' lang='lat' dir='ltr'><strong>ea</strong></span> <span class='ocrx_word' id='word_1_32' title='bbox 888 620 1032 676; x_wconf 87' lang='lat' dir='ltr'><strong>fecit.</strong></span> <span class='ocrx_word' id='word_1_33' title='bbox 1051 621 1348 678; x_wconf 86' lang='lat' dir='ltr'><strong>Considera</strong></span> <span class='ocrx_word' id='word_1_34' title='bbox 1371 631 1428 678; x_wconf 89' lang='lat' dir='ltr'><strong>et</strong></span> <span class='ocrx_word' id='word_1_35' title='bbox 1445 633 1627 680; x_wconf 89' lang='lat' dir='ltr'><strong>mente</strong></span> <span class='ocrx_word' id='word_1_36' title='bbox 1730 620 1786 674; x_wconf 90' lang='lat' dir='ltr'><strong>in</strong></span> <span class='ocrx_word' id='word_1_37' title='bbox 1840 621 2090 678; x_wconf 89' lang='lat' dir='ltr'><strong>mulctris</strong></span> <span class='ocrx_word' id='word_1_38' title='bbox 2146 621 2382 679; x_wconf 77' lang='lat' dir='ltr'><strong>faciebat</strong></span> <span class='ocrx_word' id='word_1_39' title='bbox 2446 625 2700 696; x_wconf 79' lang='lat' dir='ltr'><strong>mulgeri,</strong></span> <span class='ocrx_word' id='word_1_40' title='bbox 2754 626 2950 682; x_wconf 85' lang='lat' dir='ltr'><strong>deinde</strong></span> <span class='ocrx_word' id='word_1_41' title='bbox 3009 629 3308 699; x_wconf 85' lang='lat' dir='ltr'><strong>coagulari,</strong></span> 
     </span>
    </p>
   </div>
   <div class='ocr_carea' id='block_1_4' title="bbox 76 713 3314 790">
    <p class='ocr_par' dir='ltr' id='par_1_4' title="bbox 76 713 3314 790">
     <span class='ocr_line' id='line_1_4' title="bbox 76 713 3314 790; baseline 0.002 -23"><span class='ocrx_word' id='word_1_42' title='bbox 76 713 282 786; x_wconf 80' lang='lat' dir='ltr'><strong>recogita</strong></span> <span class='ocrx_word' id='word_1_43' title='bbox 316 713 598 782; x_wconf 83' lang='lat' dir='ltr'><strong>quomodo</strong></span> <span class='ocrx_word' id='word_1_44' title='bbox 636 720 880 783; x_wconf 89' lang='lat' dir='ltr'><strong>tempore</strong></span> <span class='ocrx_word' id='word_1_45' title='bbox 949 713 1007 768; x_wconf 92' lang='lat' dir='ltr'><strong>in</strong></span> <span class='ocrx_word' id='word_1_46' title='bbox 1053 723 1246 770; x_wconf 90' lang='lat' dir='ltr'><strong>nostro</strong></span> <span class='ocrx_word' id='word_1_47' title='bbox 1306 716 1628 771; x_wconf 89' lang='lat' dir='ltr'><strong>transvertit</strong></span> <span class='ocrx_word' id='word_1_48' title='bbox 1726 713 2182 784; x_wconf 85' lang='lat' dir='ltr'><strong>coagulatumque</strong></span> <span class='ocrx_word' id='word_1_49' title='bbox 2213 716 2271 769; x_wconf 90' lang='lat' dir='ltr'><strong>in</strong></span> <span class='ocrx_word' id='word_1_50' title='bbox 2301 716 2510 772; x_wconf 88' lang='lat' dir='ltr'><strong>liscinis</strong></span> <span class='ocrx_word' id='word_1_51' title='bbox 2537 719 2788 788; x_wconf 92' lang='lat' dir='ltr'><strong>exprimi,</strong></span> <span class='ocrx_word' id='word_1_52' title='bbox 2812 727 2868 774; x_wconf 86' lang='lat' dir='ltr'><strong>et</strong></span> <span class='ocrx_word' id='word_1_53' title='bbox 2889 717 3154 790; x_wconf 74' lang='lat' dir='ltr'><strong>for-magia</strong></span> <span class='ocrx_word' id='word_1_54' title='bbox 3181 736 3314 778; x_wconf 86' lang='lat' dir='ltr'><strong>con-</strong></span> 
     </span>
    </p>
   </div>
   <div class='ocr_carea' id='block_1_5' title="bbox 75 801 3312 881">
    <p class='ocr_par' dir='ltr' id='par_1_5' title="bbox 75 801 3312 881">
     <span class='ocr_line' id='line_1_5' title="bbox 75 801 3312 881; baseline 0.001 -19"><span class='ocrx_word' id='word_1_55' title='bbox 75 808 198 862; x_wconf 89' lang='lat' dir='ltr'><strong>Deus</strong></span> <span class='ocrx_word' id='word_1_56' title='bbox 222 803 567 860; x_wconf 82' lang='lat' dir='ltr'><strong>Occidentem</strong></span> <span class='ocrx_word' id='word_1_57' title='bbox 599 805 653 859; x_wconf 91' lang='lat' dir='ltr'><strong>in</strong></span> <span class='ocrx_word' id='word_1_58' title='bbox 681 802 923 860; x_wconf 80' lang='lat' dir='ltr'><strong>Oriente.</strong></span> <span class='ocrx_word' id='word_1_59' title='bbox 958 803 1093 859; x_wconf 90' lang='lat' dir='ltr'><strong>Nam</strong></span> <span class='ocrx_word' id='word_1_60' title='bbox 1123 806 1217 875; x_wconf 88' lang='lat' dir='ltr'><strong>qui</strong></span> <span class='ocrx_word' id='word_1_61' title='bbox 1265 805 1471 863; x_wconf 81' lang='lat' dir='ltr'><strong>fuimus</strong></span> <span class='ocrx_word' id='word_1_62' title='bbox 1530 821 1626 863; x_wconf 72' lang='lat' dir='ltr'><strong>oc-</strong></span> <span class='ocrx_word' id='word_1_63' title='bbox 1727 802 1838 857; x_wconf 82' lang='lat' dir='ltr'><strong>fici.</strong></span> <span class='ocrx_word' id='word_1_64' title='bbox 1865 801 2027 860; x_wconf 92' lang='lat' dir='ltr'><strong>Dives</strong></span> <span class='ocrx_word' id='word_1_65' title='bbox 2051 804 2198 858; x_wconf 92' lang='lat' dir='ltr'><strong>enim</strong></span> <span class='ocrx_word' id='word_1_66' title='bbox 2233 814 2354 860; x_wconf 88' lang='lat' dir='ltr'><strong>erat</strong></span> <span class='ocrx_word' id='word_1_67' title='bbox 2377 807 2532 862; x_wconf 84' lang='lat' dir='ltr'><strong>valde</strong></span> <span class='ocrx_word' id='word_1_68' title='bbox 2559 809 2910 880; x_wconf 86' lang='lat' dir='ltr'><strong>omnigenum</strong></span> <span class='ocrx_word' id='word_1_69' title='bbox 2953 825 3138 864; x_wconf 85' lang='lat' dir='ltr'><strong>rerum</strong></span> <span class='ocrx_word' id='word_1_70' title='bbox 3181 825 3312 881; x_wconf 87' lang='lat' dir='ltr'><strong>pos-</strong></span> 
     </span>
    </p>
   </div>
   <div class='ocr_carea' id='block_1_6' title="bbox 75 893 3308 968">
    <p class='ocr_par' dir='ltr' id='par_1_6' title="bbox 75 893 3308 968">
     <span class='ocr_line' id='line_1_6' title="bbox 75 893 3308 968; baseline 0.002 -16"><span class='ocrx_word' id='word_1_71' title='bbox 75 895 354 962; x_wconf 85' lang='lat' dir='ltr'><strong>cidentales,</strong></span> <span class='ocrx_word' id='word_1_72' title='bbox 398 910 552 950; x_wconf 89' lang='lat' dir='ltr'><strong>nunc</strong></span> <span class='ocrx_word' id='word_1_73' title='bbox 585 893 712 950; x_wconf 91' lang='lat' dir='ltr'><strong>facti</strong></span> <span class='ocrx_word' id='word_1_74' title='bbox 761 909 955 951; x_wconf 89' lang='lat' dir='ltr'><strong>sumus</strong></span> <span class='ocrx_word' id='word_1_75' title='bbox 995 895 1310 952; x_wconf 77' lang='lat' dir='ltr'><strong>orientales.</strong></span> <span class='ocrx_word' id='word_1_76' title='bbox 1365 895 1468 964; x_wconf 94' lang='lat' dir='ltr'><strong>Qui</strong></span> <span class='ocrx_word' id='word_1_77' title='bbox 1522 896 1629 952; x_wconf 89' lang='lat' dir='ltr'><strong>fuit</strong></span> <span class='ocrx_word' id='word_1_78' title='bbox 1729 894 1997 950; x_wconf 85' lang='lat' dir='ltr'><strong>sessione.</strong></span> <span class='ocrx_word' id='word_1_79' title='bbox 2024 895 2276 954; x_wconf 81' lang='lat' dir='ltr'><strong>Calixtus</strong></span> <span class='ocrx_word' id='word_1_80' title='bbox 2309 914 2447 968; x_wconf 89' lang='lat' dir='ltr'><strong>papa</strong></span> <span class='ocrx_word' id='word_1_81' title='bbox 2473 900 2609 955; x_wconf 91' lang='lat' dir='ltr'><strong>obiit</strong></span> <span class='ocrx_word' id='word_1_82' title='bbox 2655 917 2734 956; x_wconf 84' lang='lat' dir='ltr'><strong>xu</strong></span> <span class='ocrx_word' id='word_1_83' title='bbox 2783 901 3008 958; x_wconf 85' lang='lat' dir='ltr'><strong>Kalend.</strong></span> <span class='ocrx_word' id='word_1_84' title='bbox 3039 901 3308 960; x_wconf 81' lang='lat' dir='ltr'><strong>Januarii.</strong></span> 
     </span>
    </p>
   </div>
   <div class='ocr_carea' id='block_1_7' title="bbox 75 984 2778 1066">
    <p class='ocr_par' dir='ltr' id='par_1_7' title="bbox 75 984 2778 1066">
     <span class='ocr_line' id='line_1_7' title="bbox 75 984 2778 1066; baseline 0.001 -24"><span class='ocrx_word' id='word_1_85' title='bbox 75 985 320 1042; x_wconf 80' lang='lat' dir='ltr'><strong>Romanus</strong></span> <span class='ocrx_word' id='word_1_86' title='bbox 349 994 443 1040; x_wconf 89' lang='lat' dir='ltr'><strong>aut</strong></span> <span class='ocrx_word' id='word_1_87' title='bbox 469 984 737 1053; x_wconf 88' lang='lat' dir='ltr'><strong>Francus,</strong></span> <span class='ocrx_word' id='word_1_88' title='bbox 762 985 946 1041; x_wconf 89' lang='lat' dir='ltr'><strong>hacin</strong></span> <span class='ocrx_word' id='word_1_89' title='bbox 979 995 1122 1042; x_wconf 90' lang='lat' dir='ltr'><strong>terra</strong></span> <span class='ocrx_word' id='word_1_90' title='bbox 1146 986 1323 1044; x_wconf 89' lang='lat' dir='ltr'><strong>factus</strong></span> <span class='ocrx_word' id='word_1_91' title='bbox 1363 997 1446 1045; x_wconf 91' lang='lat' dir='ltr'><strong>est</strong></span> <span class='ocrx_word' id='word_1_92' title='bbox 1478 989 1628 1044; x_wconf 88' lang='lat' dir='ltr'><strong>Gali-</strong></span> <span class='ocrx_word' id='word_1_93' title='bbox 2256 1009 2488 1066; x_wconf 73' lang='lat' dir='ltr'><strong>CApUT</strong></span> <span class='ocrx_word' id='word_1_94' title='bbox 2535 1009 2778 1066; x_wconf 52' lang='grc' dir='ltr'>χχχιχ,</span> 
     </span>
    </p>
   </div>
   <div class='ocr_carea' id='block_1_8' title="bbox 73 1075 1575 1176">
    <p class='ocr_par' dir='ltr' id='par_1_8' title="bbox 73 1075 1575 1144">
     <span class='ocr_line' id='line_1_8' title="bbox 73 1075 1575 1144; baseline -0.001 -10"><span class='ocrx_word' id='word_1_95' title='bbox 73 1079 202 1144; x_wconf 66' lang='lat' dir='ltr'><strong>lacus,</strong></span> <span class='ocrx_word' id='word_1_96' title='bbox 225 1086 315 1132; x_wconf 86' lang='lat' dir='ltr'><strong>aut</strong></span> <span class='ocrx_word' id='word_1_97' title='bbox 341 1075 686 1132; x_wconf 64' lang='lat' dir='ltr'><strong>Palaestinus.</strong></span> <span class='ocrx_word' id='word_1_98' title='bbox 713 1075 819 1143; x_wconf 93' lang='lat' dir='ltr'><strong>Qui</strong></span> <span class='ocrx_word' id='word_1_99' title='bbox 857 1075 960 1131; x_wconf 90' lang='lat' dir='ltr'><strong>fuit</strong></span> <span class='ocrx_word' id='word_1_100' title='bbox 990 1075 1280 1134; x_wconf 79' lang='lat' dir='ltr'><strong>Remensis</strong></span> <span class='ocrx_word' id='word_1_101' title='bbox 1305 1089 1399 1135; x_wconf 89' lang='lat' dir='ltr'><strong>aut</strong></span> <span class='ocrx_word' id='word_1_102' title='bbox 1419 1079 1575 1134; x_wconf 83' lang='lat' dir='ltr'><strong>Carm</strong></span> 
     </span>
    </p>
   </div>
   <div class='ocr_carea' id='block_1_9' title="bbox 1827 1075 3329 1176">
    <p class='ocr_par' dir='ltr' id='par_1_9' title="bbox 1834 1079 3329 1176">
     <span class='ocr_line' id='line_1_9' title="bbox 1834 1079 3329 1176; baseline 0.005 -23"><span class='ocrx_word' id='word_1_103' title='bbox 1834 1079 2144 1171; x_wconf 85' lang='lat' dir='ltr'><strong>congregato</strong></span> <span class='ocrx_word' id='word_1_104' title='bbox 2162 1104 2394 1156; x_wconf 76' lang='lat' dir='ltr'><strong>exercitu</strong></span> <span class='ocrx_word' id='word_1_105' title='bbox 2409 1101 2701 1176; x_wconf 62' lang='lat' dir='ltr'><strong>Turcorum</strong></span> <span class='ocrx_word' id='word_1_106' title='bbox 2721 1103 2792 1157; x_wconf 85' lang='lat' dir='ltr'><strong>ad</strong></span> <span class='ocrx_word' id='word_1_107' title='bbox 2805 1103 3204 1176; x_wconf 74' lang='lat' dir='ltr'><strong>dispergendam</strong></span> <span class='ocrx_word' id='word_1_108' title='bbox 3221 1105 3329 1160; x_wconf 38' lang='lat' dir='ltr'><strong>obo‘</strong></span> 
     </span>
    </p>
   </div>
   <div class='ocr_carea' id='block_1_10' title="bbox 71 1168 2902 1242">
    <p class='ocr_par' dir='ltr' id='par_1_10' title="bbox 71 1168 2902 1242">
     <span class='ocr_line' id='line_1_10' title="bbox 71 1168 2902 1242; baseline 0.001 -16"><span class='ocrx_word' id='word_1_109' title='bbox 71 1174 235 1236; x_wconf 84' lang='lat' dir='ltr'><strong>tensis,</strong></span> <span class='ocrx_word' id='word_1_110' title='bbox 263 1184 407 1224; x_wconf 89' lang='lat' dir='ltr'><strong>nunc</strong></span> <span class='ocrx_word' id='word_1_111' title='bbox 434 1168 670 1225; x_wconf 69' lang='lat' dir='ltr'><strong>efficitur</strong></span> <span class='ocrx_word' id='word_1_112' title='bbox 702 1168 902 1242; x_wconf 88' lang='lat' dir='ltr'><strong>Tyrius</strong></span> <span class='ocrx_word' id='word_1_113' title='bbox 941 1178 1036 1225; x_wconf 89' lang='lat' dir='ltr'><strong>aut</strong></span> <span class='ocrx_word' id='word_1_114' title='bbox 1064 1171 1462 1227; x_wconf 84' lang='lat' dir='ltr'><strong>Antiochenus.</strong></span> <span class='ocrx_word' id='word_1_115' title='bbox 1503 1169 1620 1228; x_wconf 84' lang='lat' dir='ltr'><strong>Jam</strong></span> <span class='ocrx_word' id='word_1_116' title='bbox 1934 1168 1948 1170; x_wconf 60' lang='grc'>⁷</span> <span class='ocrx_word' id='word_1_117' title='bbox 2023 1168 2037 1171; x_wconf 63' lang='grc'>⁷</span> <span class='ocrx_word' id='word_1_118' title='bbox 2380 1173 2657 1228; x_wconf 79' lang='lat' dir='ltr'><strong>sidionem.</strong></span> <span class='ocrx_word' id='word_1_119' title='bbox 2890 1168 2902 1242; x_wconf 60' lang='grc' dir='ltr'><strong>ί</strong></span> 
     </span>
    </p>
   </div>
   <div class='ocr_carea' id='block_1_11' title="bbox 71 1259 3314 1333">
    <p class='ocr_par' dir='ltr' id='par_1_11' title="bbox 71 1259 3314 1333">
     <span class='ocr_line' id='line_1_11' title="bbox 71 1259 3314 1333; baseline 0.001 -17"><span class='ocrx_word' id='word_1_120' title='bbox 71 1262 195 1316; x_wconf 82' lang='lat' dir='ltr'><strong>obliti</strong></span> <span class='ocrx_word' id='word_1_121' title='bbox 217 1277 402 1317; x_wconf 88' lang='lat' dir='ltr'><strong>sumus</strong></span> <span class='ocrx_word' id='word_1_122' title='bbox 427 1261 734 1317; x_wconf 82' lang='lat' dir='ltr'><strong>nativitatis</strong></span> <span class='ocrx_word' id='word_1_123' title='bbox 757 1269 960 1317; x_wconf 67' lang='lat' dir='ltr'><strong>nostra:</strong></span> <span class='ocrx_word' id='word_1_124' title='bbox 989 1262 1129 1330; x_wconf 90' lang='lat' dir='ltr'><strong>loca,</strong></span> <span class='ocrx_word' id='word_1_125' title='bbox 1163 1262 1278 1333; x_wconf 87' lang='lat' dir='ltr'><strong>jam</strong></span> <span class='ocrx_word' id='word_1_126' title='bbox 1305 1263 1464 1320; x_wconf 90' lang='lat' dir='ltr'><strong>nobis</strong></span> <span class='ocrx_word' id='word_1_127' title='bbox 1505 1263 1627 1333; x_wconf 86' lang='lat' dir='ltr'><strong>plu-</strong></span> <span class='ocrx_word' id='word_1_128' title='bbox 1795 1261 1958 1317; x_wconf 83' lang='lat' dir='ltr'><strong>Anno</strong></span> <span class='ocrx_word' id='word_1_129' title='bbox 1982 1277 2014 1316; x_wconf 92' lang='lat' dir='ltr'><strong>a</strong></span> <span class='ocrx_word' id='word_1_130' title='bbox 2041 1259 2324 1318; x_wconf 87' lang='lat' dir='ltr'><strong>Salvatore</strong></span> <span class='ocrx_word' id='word_1_131' title='bbox 2339 1265 2534 1318; x_wconf 87' lang='lat' dir='ltr'><strong>mundi</strong></span> <span class='ocrx_word' id='word_1_132' title='bbox 2559 1272 2688 1320; x_wconf 90' lang='lat' dir='ltr'><strong>nato</strong></span> <span class='ocrx_word' id='word_1_133' title='bbox 2708 1265 2867 1332; x_wconf 80' lang='grc'><strong>1125,</strong></span> <span class='ocrx_word' id='word_1_134' title='bbox 2903 1265 3196 1320; x_wconf 88' lang='lat' dir='ltr'><strong>indictione</strong></span> <span class='ocrx_word' id='word_1_135' title='bbox 3225 1280 3314 1333; x_wconf 87' lang='grc' dir='ltr'>ιιι,</span> 
     </span>
    </p>
   </div>
   <div class='ocr_carea' id='block_1_12' title="bbox 71 1353 3312 1428">
    <p class='ocr_par' dir='ltr' id='par_1_12' title="bbox 71 1353 3312 1428">
     <span class='ocr_line' id='line_1_12' title="bbox 71 1353 3312 1428; baseline 0.002 -20"><span class='ocrx_word' id='word_1_136' title='bbox 71 1354 199 1409; x_wconf 88' lang='lat' dir='ltr'><strong>ribus</strong></span> <span class='ocrx_word' id='word_1_137' title='bbox 223 1354 302 1408; x_wconf 90' lang='lat' dir='ltr'><strong>vel</strong></span> <span class='ocrx_word' id='word_1_138' title='bbox 343 1362 474 1409; x_wconf 91' lang='lat' dir='ltr'><strong>sunt</strong></span> <span class='ocrx_word' id='word_1_139' title='bbox 497 1356 708 1426; x_wconf 89' lang='lat' dir='ltr'><strong>ignota,</strong></span> <span class='ocrx_word' id='word_1_140' title='bbox 759 1355 844 1410; x_wconf 86' lang='lat' dir='ltr'><strong>vel</strong></span> <span class='ocrx_word' id='word_1_141' title='bbox 870 1355 1035 1410; x_wconf 90' lang='lat' dir='ltr'><strong>etiam</strong></span> <span class='ocrx_word' id='word_1_142' title='bbox 1067 1355 1329 1411; x_wconf 88' lang='lat' dir='ltr'><strong>inaudita.</strong></span> <span class='ocrx_word' id='word_1_143' title='bbox 1377 1355 1476 1411; x_wconf 81' lang='lat' dir='ltr'><strong>Hic</strong></span> <span class='ocrx_word' id='word_1_144' title='bbox 1509 1356 1625 1426; x_wconf 87' lang='lat' dir='ltr'><strong>jam</strong></span> <span class='ocrx_word' id='word_1_145' title='bbox 1726 1367 1852 1408; x_wconf 89' lang='lat' dir='ltr'><strong>cum</strong></span> <span class='ocrx_word' id='word_1_146' title='bbox 1892 1354 2174 1410; x_wconf 89' lang='lat' dir='ltr'><strong>mensibus</strong></span> <span class='ocrx_word' id='word_1_147' title='bbox 2197 1355 2250 1410; x_wconf 85' lang='lat'><strong>5.</strong></span> <span class='ocrx_word' id='word_1_148' title='bbox 2301 1353 2828 1428; x_wconf 82' lang='lat' dir='ltr'><strong>Hierosolymitanus</strong></span> <span class='ocrx_word' id='word_1_149' title='bbox 2869 1374 2974 1413; x_wconf 89' lang='lat' dir='ltr'><strong>una</strong></span> <span class='ocrx_word' id='word_1_150' title='bbox 3013 1374 3138 1414; x_wconf 89' lang='lat' dir='ltr'><strong>cum</strong></span> <span class='ocrx_word' id='word_1_151' title='bbox 3196 1359 3312 1415; x_wconf 79' lang='lat' dir='ltr'><strong>suis</strong></span> 
     </span>
    </p>
   </div>
   <div class='ocr_carea' id='block_1_13' title="bbox 70 1443 3310 1523">
    <p class='ocr_par' dir='ltr' id='par_1_13' title="bbox 70 1443 3310 1523">
     <span class='ocr_line' id='line_1_13' title="bbox 70 1443 3310 1523; baseline 0.002 -21"><span class='ocrx_word' id='word_1_152' title='bbox 70 1445 280 1517; x_wconf 89' lang='lat' dir='ltr'><strong>possedit</strong></span> <span class='ocrx_word' id='word_1_153' title='bbox 304 1446 500 1502; x_wconf 73' lang='lat' dir='ltr'><strong>dumos</strong></span> <span class='ocrx_word' id='word_1_154' title='bbox 525 1446 781 1518; x_wconf 90' lang='lat' dir='ltr'><strong>proprias</strong></span> <span class='ocrx_word' id='word_1_155' title='bbox 803 1455 860 1502; x_wconf 91' lang='lat' dir='ltr'><strong>et</strong></span> <span class='ocrx_word' id='word_1_156' title='bbox 891 1447 1132 1503; x_wconf 87' lang='lat' dir='ltr'><strong>familias</strong></span> <span class='ocrx_word' id='word_1_157' title='bbox 1174 1447 1334 1518; x_wconf 90' lang='lat' dir='ltr'><strong>quasi</strong></span> <span class='ocrx_word' id='word_1_158' title='bbox 1355 1448 1481 1519; x_wconf 87' lang='lat' dir='ltr'><strong>jure</strong></span> <span class='ocrx_word' id='word_1_159' title='bbox 1509 1449 1626 1503; x_wconf 65' lang='lat' dir='ltr'><strong>haa-</strong></span> <span class='ocrx_word' id='word_1_160' title='bbox 1727 1443 2016 1517; x_wconf 86' lang='lat' dir='ltr'><strong>Halapiam</strong></span> <span class='ocrx_word' id='word_1_161' title='bbox 2059 1447 2251 1502; x_wconf 89' lang='lat' dir='ltr'><strong>urbem</strong></span> <span class='ocrx_word' id='word_1_162' title='bbox 2304 1463 2400 1503; x_wconf 89' lang='lat' dir='ltr'><strong>rex</strong></span> <span class='ocrx_word' id='word_1_163' title='bbox 2451 1450 2807 1518; x_wconf 88' lang='lat' dir='ltr'><strong>cohibuisset,</strong></span> <span class='ocrx_word' id='word_1_164' title='bbox 2858 1468 2961 1509; x_wconf 88' lang='lat' dir='ltr'><strong>nec</strong></span> <span class='ocrx_word' id='word_1_165' title='bbox 3011 1453 3310 1523; x_wconf 87' lang='lat' dir='ltr'><strong>quidquam</strong></span> 
     </span>
    </p>
   </div>
   <div class='ocr_carea' id='block_1_14' title="bbox 70 1535 3308 1612">
    <p class='ocr_par' dir='ltr' id='par_1_14' title="bbox 70 1535 3308 1612">
     <span class='ocr_line' id='line_1_14' title="bbox 70 1535 3308 1612; baseline 0.002 -19"><span class='ocrx_word' id='word_1_166' title='bbox 70 1538 293 1593; x_wconf 78' lang='lat' dir='ltr'><strong>reditario</strong></span> <span class='ocrx_word' id='word_1_167' title='bbox 314 1546 368 1593; x_wconf 92' lang='lat' dir='ltr'><strong>et</strong></span> <span class='ocrx_word' id='word_1_168' title='bbox 400 1548 656 1609; x_wconf 87' lang='lat' dir='ltr'><strong>paterno,</strong></span> <span class='ocrx_word' id='word_1_169' title='bbox 682 1539 922 1595; x_wconf 89' lang='lat' dir='ltr'><strong>illevero</strong></span> <span class='ocrx_word' id='word_1_170' title='bbox 943 1541 1059 1610; x_wconf 88' lang='lat' dir='ltr'><strong>jam</strong></span> <span class='ocrx_word' id='word_1_171' title='bbox 1089 1541 1487 1596; x_wconf 84' lang='lat' dir='ltr'><strong>duxituxorem</strong></span> <span class='ocrx_word' id='word_1_172' title='bbox 1514 1557 1625 1595; x_wconf 91' lang='lat' dir='ltr'><strong>non</strong></span> <span class='ocrx_word' id='word_1_173' title='bbox 1725 1535 2068 1605; x_wconf 70' lang='lat' dir='ltr'><strong>profecisset,</strong></span> <span class='ocrx_word' id='word_1_174' title='bbox 2107 1535 2293 1604; x_wconf 77' lang='lat' dir='ltr'><strong>Turci,</strong></span> <span class='ocrx_word' id='word_1_175' title='bbox 2342 1547 2404 1593; x_wconf 91' lang='lat' dir='ltr'><strong>ut</strong></span> <span class='ocrx_word' id='word_1_176' title='bbox 2468 1539 2666 1607; x_wconf 87' lang='lat' dir='ltr'><strong>solent,</strong></span> <span class='ocrx_word' id='word_1_177' title='bbox 2707 1557 2816 1596; x_wconf 91' lang='lat' dir='ltr'><strong>non</strong></span> <span class='ocrx_word' id='word_1_178' title='bbox 2861 1543 3079 1612; x_wconf 89' lang='lat' dir='ltr'><strong>torpidi,</strong></span> <span class='ocrx_word' id='word_1_179' title='bbox 3125 1551 3308 1598; x_wconf 79' lang='lat' dir='ltr'><strong>trans-</strong></span> 
     </span>
    </p>
   </div>
   <div class='ocr_carea' id='block_1_15' title="bbox 71 1615 3328 1704">
    <p class='ocr_par' dir='ltr' id='par_1_15' title="bbox 71 1615 3328 1704">
     <span class='ocr_line' id='line_1_15' title="bbox 71 1615 3328 1704; baseline 0.001 -19"><span class='ocrx_word' id='word_1_180' title='bbox 71 1640 222 1686; x_wconf 85' lang='lat' dir='ltr'><strong>tamen</strong></span> <span class='ocrx_word' id='word_1_181' title='bbox 244 1631 820 1701; x_wconf 30' lang='lat' dir='ltr'><strong>eompatriotamtsed</strong></span> <span class='ocrx_word' id='word_1_182' title='bbox 862 1641 917 1686; x_wconf 90' lang='lat' dir='ltr'><strong>et</strong></span> <span class='ocrx_word' id='word_1_183' title='bbox 955 1631 1150 1704; x_wconf 86' lang='lat' dir='ltr'><strong>Syram</strong></span> <span class='ocrx_word' id='word_1_184' title='bbox 1173 1641 1269 1688; x_wconf 88' lang='lat' dir='ltr'><strong>aut</strong></span> <span class='ocrx_word' id='word_1_185' title='bbox 1305 1633 1640 1701; x_wconf 72' lang='lat' dir='ltr'><strong>Armenam,</strong></span> <span class='ocrx_word' id='word_1_186' title='bbox 1726 1643 1914 1698; x_wconf 76' lang='lat' dir='ltr'><strong>gressa</strong></span> <span class='ocrx_word' id='word_1_187' title='bbox 1958 1626 2183 1683; x_wconf 76' lang='lat' dir='ltr'><strong>flumine</strong></span> <span class='ocrx_word' id='word_1_188' title='bbox 2214 1629 2556 1698; x_wconf 88' lang='lat' dir='ltr'><strong>paradisiaco</strong></span> <span class='ocrx_word' id='word_1_189' title='bbox 2579 1615 2854 1702; x_wconf 77' lang='lat' dir='ltr'><strong>Euphrate</strong></span> <span class='ocrx_word' id='word_1_190' title='bbox 2877 1649 3096 1704; x_wconf 85' lang='lat' dir='ltr'><strong>magno,</strong></span> <span class='ocrx_word' id='word_1_191' title='bbox 3121 1629 3328 1689; x_wconf 84' lang='lat' dir='ltr'><strong>itinere</strong></span> 
     </span>
    </p>
   </div>
   <div class='ocr_carea' id='block_1_16' title="bbox 69 1719 3313 1796">
    <p class='ocr_par' dir='ltr' id='par_1_16' title="bbox 69 1719 3313 1796">
     <span class='ocr_line' id='line_1_16' title="bbox 69 1719 3313 1796; baseline 0.002 -18"><span class='ocrx_word' id='word_1_192' title='bbox 69 1733 112 1778; x_wconf 85' lang='lat' dir='ltr'><strong>et</strong></span> <span class='ocrx_word' id='word_1_193' title='bbox 137 1723 390 1778; x_wconf 89' lang='lat' dir='ltr'><strong>interdum</strong></span> <span class='ocrx_word' id='word_1_194' title='bbox 419 1722 811 1791; x_wconf 89' lang='lat' dir='ltr'><strong>Sarracenam,</strong></span> <span class='ocrx_word' id='word_1_195' title='bbox 855 1723 1112 1794; x_wconf 85' lang='lat' dir='ltr'><strong>baptismi</strong></span> <span class='ocrx_word' id='word_1_196' title='bbox 1165 1735 1348 1780; x_wconf 90' lang='lat' dir='ltr'><strong>autem</strong></span> <span class='ocrx_word' id='word_1_197' title='bbox 1395 1725 1622 1796; x_wconf 82' lang='lat' dir='ltr'><strong>gratiam</strong></span> <span class='ocrx_word' id='word_1_198' title='bbox 1726 1719 1993 1776; x_wconf 79' lang='lat' dir='ltr'><strong>citissimo</strong></span> <span class='ocrx_word' id='word_1_199' title='bbox 2033 1731 2467 1791; x_wconf 82' lang='lat' dir='ltr'><strong>properaverunt</strong></span> <span class='ocrx_word' id='word_1_200' title='bbox 2505 1724 2574 1779; x_wconf 86' lang='lat' dir='ltr'><strong>ad</strong></span> <span class='ocrx_word' id='word_1_201' title='bbox 2622 1725 2814 1780; x_wconf 83' lang='lat' dir='ltr'><strong>urbem</strong></span> <span class='ocrx_word' id='word_1_202' title='bbox 2856 1727 3190 1796; x_wconf 76' lang='lat' dir='ltr'><strong>praedictam,</strong></span> <span class='ocrx_word' id='word_1_203' title='bbox 3242 1729 3313 1784; x_wconf 86' lang='lat' dir='ltr'><strong>ad</strong></span> 
     </span>
    </p>
   </div>
   <div class='ocr_carea' id='block_1_17' title="bbox 71 1805 3330 1889">
    <p class='ocr_par' dir='ltr' id='par_1_17' title="bbox 71 1805 3330 1889">
     <span class='ocr_line' id='line_1_17' title="bbox 71 1805 3330 1889; baseline 0.002 -22"><span class='ocrx_word' id='word_1_204' title='bbox 71 1814 302 1883; x_wconf 81' lang='lat' dir='ltr'><strong>adeptam.</strong></span> <span class='ocrx_word' id='word_1_205' title='bbox 333 1813 491 1870; x_wconf 83' lang='lat' dir='ltr'><strong>Alius</strong></span> <span class='ocrx_word' id='word_1_206' title='bbox 531 1814 695 1870; x_wconf 84' lang='lat' dir='ltr'><strong>habet</strong></span> <span class='ocrx_word' id='word_1_207' title='bbox 721 1814 864 1885; x_wconf 90' lang='lat' dir='ltr'><strong>apud</strong></span> <span class='ocrx_word' id='word_1_208' title='bbox 903 1805 966 1870; x_wconf 86' lang='lat' dir='ltr'><strong>se</strong></span> <span class='ocrx_word' id='word_1_209' title='bbox 1009 1823 1122 1870; x_wconf 90' lang='lat' dir='ltr'><strong>tam</strong></span> <span class='ocrx_word' id='word_1_210' title='bbox 1149 1831 1401 1871; x_wconf 87' lang='lat' dir='ltr'><strong>socerum</strong></span> <span class='ocrx_word' id='word_1_211' title='bbox 1456 1831 1624 1886; x_wconf 90' lang='lat' dir='ltr'><strong>quam</strong></span> <span class='ocrx_word' id='word_1_212' title='bbox 1730 1811 2148 1883; x_wconf 81' lang='lat' dir='ltr'><strong>disperdendam</strong></span> <span class='ocrx_word' id='word_1_213' title='bbox 2201 1813 2564 1882; x_wconf 88' lang='lat' dir='ltr'><strong>obsidionem,</strong></span> <span class='ocrx_word' id='word_1_214' title='bbox 2613 1831 2778 1886; x_wconf 90' lang='lat' dir='ltr'><strong>quam</strong></span> <span class='ocrx_word' id='word_1_215' title='bbox 2815 1833 2948 1888; x_wconf 87' lang='lat' dir='ltr'><strong>gens</strong></span> <span class='ocrx_word' id='word_1_216' title='bbox 2988 1826 3176 1874; x_wconf 92' lang='lat' dir='ltr'><strong>nostra</strong></span> <span class='ocrx_word' id='word_1_217' title='bbox 3196 1819 3330 1889; x_wconf 83' lang='lat' dir='ltr'><strong>jam</strong></span> 
     </span>
    </p>
   </div>
   <div class='ocr_carea' id='block_1_18' title="bbox 70 1889 3312 1978">
    <p class='ocr_par' dir='ltr' id='par_1_18' title="bbox 70 1889 3312 1978">
     <span class='ocr_line' id='line_1_18' title="bbox 70 1889 3312 1978; baseline 0.003 -23"><span class='ocrx_word' id='word_1_218' title='bbox 70 1919 259 1971; x_wconf 88' lang='lat' dir='ltr'><strong>nurum,</strong></span> <span class='ocrx_word' id='word_1_219' title='bbox 290 1905 386 1960; x_wconf 86' lang='lat' dir='ltr'><strong>s&#39;eu</strong></span> <span class='ocrx_word' id='word_1_220' title='bbox 415 1921 682 1976; x_wconf 82' lang='lat' dir='ltr'><strong>generum</strong></span> <span class='ocrx_word' id='word_1_221' title='bbox 712 1922 896 1973; x_wconf 89' lang='lat' dir='ltr'><strong>suum,</strong></span> <span class='ocrx_word' id='word_1_222' title='bbox 921 1905 1038 1962; x_wconf 87' lang='lat' dir='ltr'><strong>sive</strong></span> <span class='ocrx_word' id='word_1_223' title='bbox 1070 1906 1402 1978; x_wconf 88' lang='lat' dir='ltr'><strong>privignum,</strong></span> <span class='ocrx_word' id='word_1_224' title='bbox 1453 1923 1625 1963; x_wconf 88' lang='lat' dir='ltr'><strong>necne</strong></span> <span class='ocrx_word' id='word_1_225' title='bbox 1657 1889 1700 1944; x_wconf 83' lang='grc' dir='ltr'><strong>Β</strong></span> <span class='ocrx_word' id='word_1_226' title='bbox 1725 1903 1819 1960; x_wconf 91' lang='lat' dir='ltr'><strong>diu</strong></span> <span class='ocrx_word' id='word_1_227' title='bbox 1849 1914 2180 1975; x_wconf 88' lang='lat' dir='ltr'><strong>apposuerat</strong></span> <span class='ocrx_word' id='word_1_228' title='bbox 2207 1904 2352 1961; x_wconf 89' lang='lat' dir='ltr'><strong>circa</strong></span> <span class='ocrx_word' id='word_1_229' title='bbox 2385 1906 2558 1962; x_wconf 87' lang='lat' dir='ltr'><strong>illam.</strong></span> <span class='ocrx_word' id='word_1_230' title='bbox 2591 1906 2933 1964; x_wconf 87' lang='lat' dir='ltr'><strong>Verebantur</strong></span> <span class='ocrx_word' id='word_1_231' title='bbox 2977 1910 3148 1976; x_wconf 87' lang='lat' dir='ltr'><strong>enim,</strong></span> <span class='ocrx_word' id='word_1_232' title='bbox 3206 1909 3312 1966; x_wconf 91' lang='lat' dir='ltr'><strong>nisi</strong></span> 
     </span>
    </p>
   </div>
   <div class='ocr_carea' id='block_1_19' title="bbox 71 1995 3313 2070">
    <p class='ocr_par' dir='ltr' id='par_1_19' title="bbox 71 1995 3313 2070">
     <span class='ocr_line' id='line_1_19' title="bbox 71 1995 3313 2070; baseline 0.001 -18"><span class='ocrx_word' id='word_1_233' title='bbox 71 1996 309 2052; x_wconf 76' lang='lat' dir='ltr'><strong>vitricum.</strong></span> <span class='ocrx_word' id='word_1_234' title='bbox 335 1995 449 2054; x_wconf 86' lang='lat' dir='ltr'><strong>Nec</strong></span> <span class='ocrx_word' id='word_1_235' title='bbox 479 1997 638 2054; x_wconf 87' lang='lat' dir='ltr'><strong>deest</strong></span> <span class='ocrx_word' id='word_1_236' title='bbox 657 1998 788 2054; x_wconf 89' lang='lat' dir='ltr'><strong>huic</strong></span> <span class='ocrx_word' id='word_1_237' title='bbox 808 2013 998 2070; x_wconf 85' lang='lat' dir='ltr'><strong>nepos,</strong></span> <span class='ocrx_word' id='word_1_238' title='bbox 1054 2013 1152 2054; x_wconf 89' lang='lat' dir='ltr'><strong>seu</strong></span> <span class='ocrx_word' id='word_1_239' title='bbox 1206 2014 1498 2070; x_wconf 89' lang='lat' dir='ltr'><strong>pronepos.</strong></span> <span class='ocrx_word' id='word_1_240' title='bbox 1526 1997 1626 2056; x_wconf 87' lang='lat' dir='ltr'><strong>Hic</strong></span> <span class='ocrx_word' id='word_1_241' title='bbox 1727 1995 1992 2051; x_wconf 87' lang='lat' dir='ltr'><strong>citissime</strong></span> <span class='ocrx_word' id='word_1_242' title='bbox 2019 1995 2394 2063; x_wconf 88' lang='lat' dir='ltr'><strong>subvenirent,</strong></span> <span class='ocrx_word' id='word_1_243' title='bbox 2428 1997 2483 2051; x_wconf 93' lang='lat' dir='ltr'><strong>in</strong></span> <span class='ocrx_word' id='word_1_244' title='bbox 2505 1997 2755 2068; x_wconf 90' lang='lat' dir='ltr'><strong>proximo</strong></span> <span class='ocrx_word' id='word_1_245' title='bbox 2789 2014 2912 2054; x_wconf 87' lang='lat' dir='ltr'><strong>eam</strong></span> <span class='ocrx_word' id='word_1_246' title='bbox 2945 1997 3062 2055; x_wconf 91' lang='lat' dir='ltr'><strong>fore</strong></span> <span class='ocrx_word' id='word_1_247' title='bbox 3090 1999 3313 2069; x_wconf 88' lang='lat' dir='ltr'><strong>capien-</strong></span> 
     </span>
    </p>
   </div>
   <div class='ocr_carea' id='block_1_20' title="bbox 70 2087 3310 2162">
    <p class='ocr_par' dir='ltr' id='par_1_20' title="bbox 70 2087 3310 2162">
     <span class='ocr_line' id='line_1_20' title="bbox 70 2087 3310 2162; baseline 0.002 -21"><span class='ocrx_word' id='word_1_248' title='bbox 70 2088 242 2156; x_wconf 90' lang='lat' dir='ltr'><strong>potitur</strong></span> <span class='ocrx_word' id='word_1_249' title='bbox 261 2088 452 2156; x_wconf 89' lang='lat' dir='ltr'><strong>vincis,</strong></span> <span class='ocrx_word' id='word_1_250' title='bbox 505 2090 596 2144; x_wconf 92' lang='lat' dir='ltr'><strong>ille</strong></span> <span class='ocrx_word' id='word_1_251' title='bbox 634 2091 884 2146; x_wconf 91' lang='lat' dir='ltr'><strong>culturis.</strong></span> <span class='ocrx_word' id='word_1_252' title='bbox 912 2089 1266 2146; x_wconf 89' lang='lat' dir='ltr'><strong>Diversarum</strong></span> <span class='ocrx_word' id='word_1_253' title='bbox 1312 2091 1626 2161; x_wconf 82' lang='lat' dir='ltr'><strong>linguarum</strong></span> <span class='ocrx_word' id='word_1_254' title='bbox 1725 2088 1873 2144; x_wconf 91' lang='lat' dir='ltr'><strong>dam.</strong></span> <span class='ocrx_word' id='word_1_255' title='bbox 1918 2087 2164 2144; x_wconf 85' lang='lat' dir='ltr'><strong>Fuerunt</strong></span> <span class='ocrx_word' id='word_1_256' title='bbox 2189 2098 2371 2146; x_wconf 88' lang='lat' dir='ltr'><strong>autem</strong></span> <span class='ocrx_word' id='word_1_257' title='bbox 2394 2098 2603 2160; x_wconf 88' lang='lat' dir='ltr'><strong>septem</strong></span> <span class='ocrx_word' id='word_1_258' title='bbox 2634 2091 2803 2146; x_wconf 86' lang='lat' dir='ltr'><strong>millia</strong></span> <span class='ocrx_word' id='word_1_259' title='bbox 2832 2092 3100 2162; x_wconf 90' lang='lat' dir='ltr'><strong>equitum,</strong></span> <span class='ocrx_word' id='word_1_260' title='bbox 3127 2108 3310 2148; x_wconf 88' lang='lat' dir='ltr'><strong>came-</strong></span> 
     </span>
    </p>
   </div>
   <div class='ocr_carea' id='block_1_21' title="bbox 72 2180 3312 2253">
    <p class='ocr_par' dir='ltr' id='par_1_21' title="bbox 72 2180 3312 2253">
     <span class='ocr_line' id='line_1_21' title="bbox 72 2180 3312 2253; baseline 0.002 -19"><span class='ocrx_word' id='word_1_261' title='bbox 72 2187 328 2234; x_wconf 86' lang='lat' dir='ltr'><strong>coutuntur</strong></span> <span class='ocrx_word' id='word_1_262' title='bbox 352 2180 670 2238; x_wconf 85' lang='lat' dir='ltr'><strong>alternatim</strong></span> <span class='ocrx_word' id='word_1_263' title='bbox 697 2180 916 2252; x_wconf 90' lang='lat' dir='ltr'><strong>eloquio</strong></span> <span class='ocrx_word' id='word_1_264' title='bbox 962 2189 1018 2236; x_wconf 90' lang='lat' dir='ltr'><strong>et</strong></span> <span class='ocrx_word' id='word_1_265' title='bbox 1047 2180 1314 2252; x_wconf 88' lang='lat' dir='ltr'><strong>obsequio</strong></span> <span class='ocrx_word' id='word_1_266' title='bbox 1355 2181 1622 2236; x_wconf 86' lang='lat' dir='ltr'><strong>alterutri.</strong></span> <span class='ocrx_word' id='word_1_267' title='bbox 1725 2180 1905 2235; x_wconf 87' lang='lat' dir='ltr'><strong>lorum</strong></span> <span class='ocrx_word' id='word_1_268' title='bbox 1925 2195 2146 2252; x_wconf 88' lang='lat' dir='ltr'><strong>quoque</strong></span> <span class='ocrx_word' id='word_1_269' title='bbox 2175 2197 2392 2237; x_wconf 82' lang='lat' dir='ltr'><strong>annona</strong></span> <span class='ocrx_word' id='word_1_270' title='bbox 2425 2190 2480 2236; x_wconf 90' lang='lat' dir='ltr'><strong>et</strong></span> <span class='ocrx_word' id='word_1_271' title='bbox 2522 2182 2798 2239; x_wconf 88' lang='lat' dir='ltr'><strong>alimentis</strong></span> <span class='ocrx_word' id='word_1_272' title='bbox 2842 2193 3199 2253; x_wconf 82' lang='lat' dir='ltr'><strong>onustarum,</strong></span> <span class='ocrx_word' id='word_1_273' title='bbox 3241 2187 3312 2242; x_wconf 86' lang='lat' dir='ltr'><strong>ad</strong></span> 
     </span>
    </p>
   </div>
   <div class='ocr_carea' id='block_1_22' title="bbox 71 2267 3312 2346">
    <p class='ocr_par' dir='ltr' id='par_1_22' title="bbox 71 2267 3312 2346">
     <span class='ocr_line' id='line_1_22' title="bbox 71 2267 3312 2346; baseline 0.003 -25"><span class='ocrx_word' id='word_1_274' title='bbox 71 2267 245 2340; x_wconf 84' lang='lat' dir='ltr'><strong>Lingua</strong></span> <span class='ocrx_word' id='word_1_275' title='bbox 265 2269 475 2326; x_wconf 89' lang='lat' dir='ltr'><strong>diversa</strong></span> <span class='ocrx_word' id='word_1_276' title='bbox 499 2273 617 2343; x_wconf 90' lang='lat' dir='ltr'><strong>jam</strong></span> <span class='ocrx_word' id='word_1_277' title='bbox 644 2272 954 2328; x_wconf 89' lang='lat' dir='ltr'><strong>communis</strong></span> <span class='ocrx_word' id='word_1_278' title='bbox 979 2271 1146 2328; x_wconf 64' lang='lat' dir='ltr'><strong>facta‘</strong></span> <span class='ocrx_word' id='word_1_279' title='bbox 1174 2272 1392 2344; x_wconf 80' lang='lat' dir='ltr'><strong>utrique</strong></span> <span class='ocrx_word' id='word_1_280' title='bbox 1418 2272 1626 2328; x_wconf 89' lang='lat' dir='ltr'><strong>nationi</strong></span> <span class='ocrx_word' id='word_1_281' title='bbox 1725 2280 1963 2343; x_wconf 88' lang='lat' dir='ltr'><strong>quatuor</strong></span> <span class='ocrx_word' id='word_1_282' title='bbox 1985 2271 2097 2328; x_wconf 90' lang='lat' dir='ltr'><strong>fere</strong></span> <span class='ocrx_word' id='word_1_283' title='bbox 2124 2272 2315 2330; x_wconf 87' lang='lat' dir='ltr'><strong>millia.</strong></span> <span class='ocrx_word' id='word_1_284' title='bbox 2343 2271 2451 2329; x_wconf 88' lang='lat' dir='ltr'><strong>Sed</strong></span> <span class='ocrx_word' id='word_1_285' title='bbox 2479 2273 2739 2344; x_wconf 90' lang='lat' dir='ltr'><strong>quoniam</strong></span> <span class='ocrx_word' id='word_1_286' title='bbox 2765 2275 3028 2330; x_wconf 89' lang='lat' dir='ltr'><strong>adversus</strong></span> <span class='ocrx_word' id='word_1_287' title='bbox 3047 2290 3148 2330; x_wconf 85' lang='lat' dir='ltr'><strong>eos.</strong></span> <span class='ocrx_word' id='word_1_288' title='bbox 3171 2291 3312 2346; x_wconf 70' lang='lat' dir='ltr'><strong>prae-</strong></span> 
     </span>
    </p>
   </div>
   <div class='ocr_carea' id='block_1_23' title="bbox 72 2358 3308 2437">
    <p class='ocr_par' dir='ltr' id='par_1_23' title="bbox 72 2358 3308 2437">
     <span class='ocr_line' id='line_1_23' title="bbox 72 2358 3308 2437; baseline 0.004 -25"><span class='ocrx_word' id='word_1_289' title='bbox 72 2358 120 2412; x_wconf 88' lang='lat' dir='ltr'><strong>lit</strong></span> <span class='ocrx_word' id='word_1_290' title='bbox 145 2371 274 2427; x_wconf 90' lang='lat' dir='ltr'><strong>nota,</strong></span> <span class='ocrx_word' id='word_1_291' title='bbox 296 2371 349 2416; x_wconf 93' lang='lat' dir='ltr'><strong>et</strong></span> <span class='ocrx_word' id='word_1_292' title='bbox 371 2361 561 2434; x_wconf 80' lang='lat' dir='ltr'><strong>jungit</strong></span> <span class='ocrx_word' id='word_1_293' title='bbox 585 2362 720 2419; x_wconf 88' lang='lat' dir='ltr'><strong>lides</strong></span> <span class='ocrx_word' id='word_1_294' title='bbox 745 2363 946 2434; x_wconf 91' lang='lat' dir='ltr'><strong>quibus</strong></span> <span class='ocrx_word' id='word_1_295' title='bbox 974 2372 1059 2420; x_wconf 88' lang='lat' dir='ltr'><strong>est</strong></span> <span class='ocrx_word' id='word_1_296' title='bbox 1095 2364 1280 2434; x_wconf 88' lang='lat' dir='ltr'><strong>ignota</strong></span> <span class='ocrx_word' id='word_1_297' title='bbox 1315 2363 1622 2436; x_wconf 79' lang='lat' dir='ltr'><strong>progenies.</strong></span> <span class='ocrx_word' id='word_1_298' title='bbox 1724 2367 1907 2421; x_wconf 89' lang='lat' dir='ltr'><strong>valere</strong></span> <span class='ocrx_word' id='word_1_299' title='bbox 1928 2366 2102 2422; x_wconf 86' lang='lat' dir='ltr'><strong>nostri</strong></span> <span class='ocrx_word' id='word_1_300' title='bbox 2139 2381 2248 2421; x_wconf 91' lang='lat' dir='ltr'><strong>non</strong></span> <span class='ocrx_word' id='word_1_301' title='bbox 2276 2375 2594 2437; x_wconf 89' lang='lat' dir='ltr'><strong>potuerunt,</strong></span> <span class='ocrx_word' id='word_1_302' title='bbox 2632 2367 2947 2422; x_wconf 85' lang='lat' dir='ltr'><strong>necessario</strong></span> <span class='ocrx_word' id='word_1_303' title='bbox 3000 2376 3308 2436; x_wconf 85' lang='lat' dir='ltr'><strong>cesserunt,</strong></span> 
     </span>
    </p>
   </div>
   <div class='ocr_carea' id='block_1_24' title="bbox 73 2448 3312 2528">
    <p class='ocr_par' dir='ltr' id='par_1_24' title="bbox 73 2448 3312 2528">
     <span class='ocr_line' id='line_1_24' title="bbox 73 2448 3312 2528; baseline 0.004 -25"><span class='ocrx_word' id='word_1_304' title='bbox 73 2448 307 2521; x_wconf 86' lang='lat' dir='ltr'><strong>Scriptum</strong></span> <span class='ocrx_word' id='word_1_305' title='bbox 328 2458 536 2526; x_wconf 84' lang='lat' dir='ltr'><strong>quippe</strong></span> <span class='ocrx_word' id='word_1_306' title='bbox 558 2463 672 2511; x_wconf 90' lang='lat' dir='ltr'><strong>est:</strong></span> <span class='ocrx_word' id='word_1_307' title='bbox 701 2453 804 2510; x_wconf 85' lang='lat' dir='ltr'><strong>Leo</strong></span> <span class='ocrx_word' id='word_1_308' title='bbox 829 2463 879 2509; x_wconf 83' lang='lat' dir='ltr'><strong>et</strong></span> <span class='ocrx_word' id='word_1_309' title='bbox 900 2455 989 2510; x_wconf 79' lang='lat' dir='ltr'><strong>bos</strong></span> <span class='ocrx_word' id='word_1_310' title='bbox 1015 2455 1240 2509; x_wconf 78' lang='lat' dir='ltr'><strong>comedit</strong></span> <span class='ocrx_word' id='word_1_311' title='bbox 1250 2456 1430 2526; x_wconf 79' lang='lat' dir='ltr'><strong>paleas</strong></span> <span class='ocrx_word' id='word_1_312' title='bbox 1482 2453 1621 2527; x_wconf 69' lang='lat' dir='ltr'><strong>(13a.</strong></span> <span class='ocrx_word' id='word_1_313' title='bbox 1725 2464 1780 2512; x_wconf 90' lang='lat' dir='ltr'><strong>et</strong></span> <span class='ocrx_word' id='word_1_314' title='bbox 1803 2455 1870 2512; x_wconf 88' lang='lat' dir='ltr'><strong>ad</strong></span> <span class='ocrx_word' id='word_1_315' title='bbox 1891 2456 2150 2527; x_wconf 91' lang='lat' dir='ltr'><strong>oppidum</strong></span> <span class='ocrx_word' id='word_1_316' title='bbox 2176 2457 2257 2512; x_wconf 88' lang='lat' dir='ltr'><strong>eis</strong></span> <span class='ocrx_word' id='word_1_317' title='bbox 2277 2457 2589 2528; x_wconf 85' lang='lat' dir='ltr'><strong>proximum</strong></span> <span class='ocrx_word' id='word_1_318' title='bbox 2614 2457 2828 2528; x_wconf 88' lang='lat' dir='ltr'><strong>Careph</strong></span> <span class='ocrx_word' id='word_1_319' title='bbox 2860 2459 3200 2514; x_wconf 87' lang='lat' dir='ltr'><strong>nominatum</strong></span> <span class='ocrx_word' id='word_1_320' title='bbox 3221 2460 3312 2516; x_wconf 86' lang='lat' dir='ltr'><strong>die</strong></span> 
     </span>
    </p>
   </div>
   <div class='ocr_carea' id='block_1_25' title="bbox 72 2532 3310 2620">
    <p class='ocr_par' dir='ltr' id='par_1_25' title="bbox 72 2532 3310 2620">
     <span class='ocr_line' id='line_1_25' title="bbox 72 2532 3310 2620; baseline 0.004 -26"><span class='ocrx_word' id='word_1_321' title='bbox 72 2557 134 2608; x_wconf 82' lang='lat' dir='ltr'><strong>xl,</strong></span> <span class='ocrx_word' id='word_1_322' title='bbox 161 2542 225 2613; x_wconf 83' lang='lat'><strong>7).</strong></span> <span class='ocrx_word' id='word_1_323' title='bbox 253 2543 353 2612; x_wconf 87' lang='lat' dir='ltr'><strong>Qui</strong></span> <span class='ocrx_word' id='word_1_324' title='bbox 378 2557 500 2602; x_wconf 88' lang='lat' dir='ltr'><strong>erat</strong></span> <span class='ocrx_word' id='word_1_325' title='bbox 523 2547 850 2620; x_wconf 86' lang='lat' dir='ltr'><strong>alienigena,</strong></span> <span class='ocrx_word' id='word_1_326' title='bbox 883 2563 1033 2602; x_wconf 90' lang='lat' dir='ltr'><strong>nunc</strong></span> <span class='ocrx_word' id='word_1_327' title='bbox 1061 2557 1142 2604; x_wconf 90' lang='lat' dir='ltr'><strong>est</strong></span> <span class='ocrx_word' id='word_1_328' title='bbox 1164 2548 1323 2618; x_wconf 89' lang='lat' dir='ltr'><strong>quasi</strong></span> <span class='ocrx_word' id='word_1_329' title='bbox 1349 2547 1622 2619; x_wconf 81' lang='lat' dir='ltr'><strong>indigena,</strong></span> <span class='ocrx_word' id='word_1_330' title='bbox 1647 2532 1664 2546; x_wconf 73' lang='grc'><em>’</em></span> <span class='ocrx_word' id='word_1_331' title='bbox 1725 2550 1972 2620; x_wconf 86' lang='lat' dir='ltr'><strong>sequenti</strong></span> <span class='ocrx_word' id='word_1_332' title='bbox 1998 2536 2354 2606; x_wconf 84' lang='lat' dir='ltr'><strong>diverterunt.</strong></span> <span class='ocrx_word' id='word_1_333' title='bbox 2385 2551 2516 2607; x_wconf 87' lang='lat' dir='ltr'><strong>Erat</strong></span> <span class='ocrx_word' id='word_1_334' title='bbox 2541 2551 2688 2607; x_wconf 91' lang='lat' dir='ltr'><strong>enim</strong></span> <span class='ocrx_word' id='word_1_335' title='bbox 2719 2551 2850 2606; x_wconf 92' lang='lat' dir='ltr'><strong>illud</strong></span> <span class='ocrx_word' id='word_1_336' title='bbox 2873 2559 3144 2607; x_wconf 89' lang='lat' dir='ltr'><strong>nostrum.</strong></span> <span class='ocrx_word' id='word_1_337' title='bbox 3168 2551 3310 2608; x_wconf 86' lang='lat' dir='ltr'><strong>Tur-</strong></span> 
     </span>
    </p>
   </div>
   <div class='ocr_carea' id='block_1_26' title="bbox 73 2637 3308 2715">
    <p class='ocr_par' dir='ltr' id='par_1_26' title="bbox 73 2637 3308 2715">
     <span class='ocr_line' id='line_1_26' title="bbox 73 2637 3308 2715; baseline 0.003 -26"><span class='ocrx_word' id='word_1_338' title='bbox 73 2643 115 2689; x_wconf 85' lang='lat' dir='ltr'><strong>et</strong></span> <span class='ocrx_word' id='word_1_339' title='bbox 132 2637 209 2706; x_wconf 91' lang='lat' dir='ltr'><strong>qui</strong></span> <span class='ocrx_word' id='word_1_340' title='bbox 241 2639 540 2710; x_wconf 91' lang='lat' dir='ltr'><strong>inquilinus</strong></span> <span class='ocrx_word' id='word_1_341' title='bbox 608 2651 712 2709; x_wconf 90' lang='lat' dir='ltr'><strong>est,</strong></span> <span class='ocrx_word' id='word_1_342' title='bbox 756 2643 948 2712; x_wconf 86' lang='lat' dir='ltr'><strong>utique</strong></span> <span class='ocrx_word' id='word_1_343' title='bbox 988 2641 1146 2713; x_wconf 91' lang='lat' dir='ltr'><strong>quasi</strong></span> <span class='ocrx_word' id='word_1_344' title='bbox 1203 2642 1379 2696; x_wconf 90' lang='lat' dir='ltr'><strong>incola</strong></span> <span class='ocrx_word' id='word_1_345' title='bbox 1424 2639 1622 2697; x_wconf 86' lang='lat' dir='ltr'><strong>factus.</strong></span> <span class='ocrx_word' id='word_1_346' title='bbox 1724 2657 1916 2699; x_wconf 89' lang='lat' dir='ltr'><strong>eorum</strong></span> <span class='ocrx_word' id='word_1_347' title='bbox 1937 2643 2081 2699; x_wconf 91' lang='lat' dir='ltr'><strong>enim</strong></span> <span class='ocrx_word' id='word_1_348' title='bbox 2112 2660 2240 2714; x_wconf 91' lang='lat' dir='ltr'><strong>pars</strong></span> <span class='ocrx_word' id='word_1_349' title='bbox 2265 2659 2374 2699; x_wconf 90' lang='lat' dir='ltr'><strong>una</strong></span> <span class='ocrx_word' id='word_1_350' title='bbox 2399 2653 2618 2700; x_wconf 89' lang='lat' dir='ltr'><strong>nostros</strong></span> <span class='ocrx_word' id='word_1_351' title='bbox 2639 2645 3032 2715; x_wconf 84' lang='lat' dir='ltr'><strong>aliquantisper</strong></span> <span class='ocrx_word' id='word_1_352' title='bbox 3063 2659 3189 2700; x_wconf 89' lang='lat' dir='ltr'><strong>cum</strong></span> <span class='ocrx_word' id='word_1_353' title='bbox 3220 2643 3308 2700; x_wconf 89' lang='lat' dir='ltr'><strong>in-</strong></span> 
     </span>
    </p>
   </div>
   <div class='ocr_carea' id='block_1_27' title="bbox 75 2726 3308 2807">
    <p class='ocr_par' dir='ltr' id='par_1_27' title="bbox 75 2726 3308 2807">
     <span class='ocr_line' id='line_1_27' title="bbox 75 2726 3308 2807; baseline 0.003 -25"><span class='ocrx_word' id='word_1_354' title='bbox 75 2726 163 2785; x_wconf 71' lang='lat' dir='ltr'><strong>h&#39;os</strong></span> <span class='ocrx_word' id='word_1_355' title='bbox 184 2733 342 2788; x_wconf 90' lang='lat' dir='ltr'><strong>nostri</strong></span> <span class='ocrx_word' id='word_1_356' title='bbox 365 2743 682 2806; x_wconf 89' lang='lat' dir='ltr'><strong>sequuntur</strong></span> <span class='ocrx_word' id='word_1_357' title='bbox 708 2736 774 2790; x_wconf 87' lang='lat' dir='ltr'><strong>de</strong></span> <span class='ocrx_word' id='word_1_358' title='bbox 811 2735 900 2791; x_wconf 90' lang='lat' dir='ltr'><strong>die</strong></span> <span class='ocrx_word' id='word_1_359' title='bbox 949 2734 1006 2790; x_wconf 93' lang='lat' dir='ltr'><strong>in</strong></span> <span class='ocrx_word' id='word_1_360' title='bbox 1053 2734 1198 2790; x_wconf 90' lang='lat' dir='ltr'><strong>diem</strong></span> <span class='ocrx_word' id='word_1_361' title='bbox 1241 2734 1533 2806; x_wconf 86' lang='lat' dir='ltr'><strong>propinqui</strong></span> <span class='ocrx_word' id='word_1_362' title='bbox 1571 2743 1626 2790; x_wconf 89' lang='lat' dir='ltr'><strong>et</strong></span> <span class='ocrx_word' id='word_1_363' title='bbox 1723 2745 2098 2806; x_wconf 88' lang='lat' dir='ltr'><strong>sequerentur,</strong></span> <span class='ocrx_word' id='word_1_364' title='bbox 2120 2737 2260 2792; x_wconf 89' lang='lat' dir='ltr'><strong>duos</strong></span> <span class='ocrx_word' id='word_1_365' title='bbox 2286 2735 2353 2791; x_wconf 90' lang='lat' dir='ltr'><strong>de</strong></span> <span class='ocrx_word' id='word_1_366' title='bbox 2377 2735 2494 2792; x_wconf 87' lang='lat' dir='ltr'><strong>suis</strong></span> <span class='ocrx_word' id='word_1_367' title='bbox 2517 2735 2864 2807; x_wconf 78' lang='lat' dir='ltr'><strong>probior-ibus</strong></span> <span class='ocrx_word' id='word_1_368' title='bbox 2889 2735 3046 2806; x_wconf 89' lang='lat' dir='ltr'><strong>equis</strong></span> <span class='ocrx_word' id='word_1_369' title='bbox 3069 2735 3308 2806; x_wconf 71' lang='lat' dir='ltr'><strong>deiectos</strong></span> 
     </span>
    </p>
   </div>
   <div class='ocr_carea' id='block_1_28' title="bbox 76 2825 3308 2904">
    <p class='ocr_par' dir='ltr' id='par_1_28' title="bbox 76 2825 3308 2904">
     <span class='ocr_line' id='line_1_28' title="bbox 76 2825 3308 2904; baseline 0.002 -27"><span class='ocrx_word' id='word_1_370' title='bbox 76 2831 308 2894; x_wconf 84' lang='lat' dir='ltr'><strong>parentes,</strong></span> <span class='ocrx_word' id='word_1_371' title='bbox 373 2843 722 2898; x_wconf 69' lang='lat' dir='ltr'><strong>quazcunque</strong></span> <span class='ocrx_word' id='word_1_372' title='bbox 762 2829 1118 2899; x_wconf 83' lang='lat' dir='ltr'><strong>possederant</strong></span> <span class='ocrx_word' id='word_1_373' title='bbox 1170 2827 1397 2883; x_wconf 90' lang='lat' dir='ltr'><strong>omnino</strong></span> <span class='ocrx_word' id='word_1_374' title='bbox 1457 2827 1626 2882; x_wconf 89' lang='lat' dir='ltr'><strong>relin-</strong></span> <span class='ocrx_word' id='word_1_375' title='bbox 1724 2837 1887 2900; x_wconf 90' lang='lat' dir='ltr'><strong>atque</strong></span> <span class='ocrx_word' id='word_1_376' title='bbox 1907 2840 2215 2901; x_wconf 90' lang='lat' dir='ltr'><strong>peremptos</strong></span> <span class='ocrx_word' id='word_1_377' title='bbox 2241 2829 2352 2884; x_wconf 92' lang='lat' dir='ltr'><strong>illic</strong></span> <span class='ocrx_word' id='word_1_378' title='bbox 2396 2829 2721 2904; x_wconf 79' lang='lat' dir='ltr'><strong>amiserunt.</strong></span> <span class='ocrx_word' id='word_1_379' title='bbox 2749 2825 2862 2884; x_wconf 88' lang='lat' dir='ltr'><strong>Nos</strong></span> <span class='ocrx_word' id='word_1_380' title='bbox 2889 2843 3020 2884; x_wconf 88' lang='lat' dir='ltr'><strong>vero</strong></span> <span class='ocrx_word' id='word_1_381' title='bbox 3054 2826 3308 2884; x_wconf 83' lang='lat' dir='ltr'><strong>clientem</strong></span> 
     </span>
    </p>
   </div>
   <div class='ocr_carea' id='block_1_29' title="bbox 75 2917 3308 2991">
    <p class='ocr_par' dir='ltr' id='par_1_29' title="bbox 75 2917 3308 2991">
     <span class='ocr_line' id='line_1_29' title="bbox 75 2917 3308 2991; baseline 0.002 -23"><span class='ocrx_word' id='word_1_382' title='bbox 75 2924 285 2985; x_wconf 87' lang='lat' dir='ltr'><strong>quentes,</strong></span> <span class='ocrx_word' id='word_1_383' title='bbox 322 2935 421 2976; x_wconf 89' lang='lat' dir='ltr'><strong>nec</strong></span> <span class='ocrx_word' id='word_1_384' title='bbox 454 2921 624 2976; x_wconf 89' lang='lat' dir='ltr'><strong>etiam</strong></span> <span class='ocrx_word' id='word_1_385' title='bbox 670 2920 935 2975; x_wconf 87' lang='lat' dir='ltr'><strong>volentes.</strong></span> <span class='ocrx_word' id='word_1_386' title='bbox 961 2919 1065 2987; x_wconf 87' lang='lat' dir='ltr'><strong>Qui</strong></span> <span class='ocrx_word' id='word_1_387' title='bbox 1107 2919 1252 2975; x_wconf 92' lang='lat' dir='ltr'><strong>enim</strong></span> <span class='ocrx_word' id='word_1_388' title='bbox 1310 2918 1421 2974; x_wconf 91' lang='lat' dir='ltr'><strong>illic</strong></span> <span class='ocrx_word' id='word_1_389' title='bbox 1468 2927 1624 2974; x_wconf 90' lang='lat' dir='ltr'><strong>erant</strong></span> <span class='ocrx_word' id='word_1_390' title='bbox 1723 2936 1916 2987; x_wconf 86' lang='lat' dir='ltr'><strong>unum,</strong></span> <span class='ocrx_word' id='word_1_391' title='bbox 1940 2935 2035 2976; x_wconf 87' lang='lat' dir='ltr'><strong>sex</strong></span> <span class='ocrx_word' id='word_1_392' title='bbox 2057 2935 2277 2991; x_wconf 91' lang='lat' dir='ltr'><strong>quoque</strong></span> <span class='ocrx_word' id='word_1_393' title='bbox 2306 2919 2559 2978; x_wconf 87' lang='lat' dir='ltr'><strong>tentoria.</strong></span> <span class='ocrx_word' id='word_1_394' title='bbox 2583 2918 2795 2975; x_wconf 84' lang='lat' dir='ltr'><strong>Accidit</strong></span> <span class='ocrx_word' id='word_1_395' title='bbox 2825 2917 3093 2974; x_wconf 88' lang='lat' dir='ltr'><strong>adventus</strong></span> <span class='ocrx_word' id='word_1_396' title='bbox 3114 2933 3308 2974; x_wconf 89' lang='lat' dir='ltr'><strong>eorum</strong></span> 
     </span>
    </p>
   </div>
   <div class='ocr_carea' id='block_1_30' title="bbox 77 3005 3310 3084">
    <p class='ocr_par' dir='ltr' id='par_1_30' title="bbox 77 3005 3310 3084">
     <span class='ocr_line' id='line_1_30' title="bbox 77 3005 3310 3084; baseline 0.002 -24"><span class='ocrx_word' id='word_1_397' title='bbox 77 3005 249 3079; x_wconf 84' lang='lat' dir='ltr'><strong>inopes,</strong></span> <span class='ocrx_word' id='word_1_398' title='bbox 269 3011 354 3068; x_wconf 89' lang='lat' dir='ltr'><strong>hic</strong></span> <span class='ocrx_word' id='word_1_399' title='bbox 375 3011 512 3069; x_wconf 91' lang='lat' dir='ltr'><strong>facit</strong></span> <span class='ocrx_word' id='word_1_400' title='bbox 536 3030 632 3072; x_wconf 90' lang='lat' dir='ltr'><strong>eos</strong></span> <span class='ocrx_word' id='word_1_401' title='bbox 661 3013 805 3070; x_wconf 87' lang='lat' dir='ltr'><strong>Deus</strong></span> <span class='ocrx_word' id='word_1_402' title='bbox 827 3014 1145 3084; x_wconf 89' lang='lat' dir='ltr'><strong>locupletes.</strong></span> <span class='ocrx_word' id='word_1_403' title='bbox 1171 3011 1277 3080; x_wconf 92' lang='lat' dir='ltr'><strong>Qui</strong></span> <span class='ocrx_word' id='word_1_404' title='bbox 1317 3012 1625 3068; x_wconf 89' lang='lat' dir='ltr'><strong>habuerant</strong></span> <span class='ocrx_word' id='word_1_405' title='bbox 1724 3027 1786 3068; x_wconf 85' lang='grc' dir='ltr'><strong>ιιι</strong></span> <span class='ocrx_word' id='word_1_406' title='bbox 1811 3010 2037 3067; x_wconf 81' lang='lat' dir='ltr'><strong>Kalend.</strong></span> <span class='ocrx_word' id='word_1_407' title='bbox 2064 3011 2372 3068; x_wconf 86' lang='lat' dir='ltr'><strong>Februarii.</strong></span> <span class='ocrx_word' id='word_1_408' title='bbox 2402 3009 2508 3066; x_wconf 90' lang='lat' dir='ltr'><strong>Sed</strong></span> <span class='ocrx_word' id='word_1_409' title='bbox 2534 3011 2664 3082; x_wconf 90' lang='lat' dir='ltr'><strong>quia</strong></span> <span class='ocrx_word' id='word_1_410' title='bbox 2695 3019 2860 3066; x_wconf 91' lang='lat' dir='ltr'><strong>noctu</strong></span> <span class='ocrx_word' id='word_1_411' title='bbox 2891 3011 3160 3081; x_wconf 88' lang='lat' dir='ltr'><strong>repentini</strong></span> <span class='ocrx_word' id='word_1_412' title='bbox 3211 3011 3310 3068; x_wconf 87' lang='lat' dir='ltr'><strong>ad-</strong></span> 
     </span>
    </p>
   </div>
   <div class='ocr_carea' id='block_1_31' title="bbox 75 3103 3311 3178">
    <p class='ocr_par' dir='ltr' id='par_1_31' title="bbox 75 3103 3311 3178">
     <span class='ocr_line' id='line_1_31' title="bbox 75 3103 3311 3178; baseline 0.002 -27"><span class='ocrx_word' id='word_1_413' title='bbox 75 3113 290 3160; x_wconf 89' lang='lat' dir='ltr'><strong>nummos</strong></span> <span class='ocrx_word' id='word_1_414' title='bbox 312 3121 545 3176; x_wconf 89' lang='lat' dir='ltr'><strong>paucos,</strong></span> <span class='ocrx_word' id='word_1_415' title='bbox 575 3107 663 3164; x_wconf 82' lang='lat' dir='ltr'><strong>hic</strong></span> <span class='ocrx_word' id='word_1_416' title='bbox 707 3106 992 3178; x_wconf 86' lang='lat' dir='ltr'><strong>possident</strong></span> <span class='ocrx_word' id='word_1_417' title='bbox 1043 3106 1325 3177; x_wconf 86' lang='lat' dir='ltr'><strong>bysantios</strong></span> <span class='ocrx_word' id='word_1_418' title='bbox 1367 3105 1622 3161; x_wconf 90' lang='lat' dir='ltr'><strong>innume-</strong></span> <span class='ocrx_word' id='word_1_419' title='bbox 1720 3113 2007 3171; x_wconf 88' lang='lat' dir='ltr'><strong>venerunt,</strong></span> <span class='ocrx_word' id='word_1_420' title='bbox 2037 3114 2325 3175; x_wconf 89' lang='lat' dir='ltr'><strong>propterea</strong></span> <span class='ocrx_word' id='word_1_421' title='bbox 2351 3104 2650 3174; x_wconf 89' lang='lat' dir='ltr'><strong>imparatos</strong></span> <span class='ocrx_word' id='word_1_422' title='bbox 2695 3119 2802 3178; x_wconf 86' lang='lat' dir='ltr'><strong>nos</strong></span> <span class='ocrx_word' id='word_1_423' title='bbox 2840 3103 3057 3159; x_wconf 81' lang='lat' dir='ltr'><strong>facilius</strong></span> <span class='ocrx_word' id='word_1_424' title='bbox 3086 3103 3311 3158; x_wconf 89' lang='lat' dir='ltr'><strong>invene-</strong></span> 
     </span>
    </p>
   </div>
   <div class='ocr_carea' id='block_1_32' title="bbox 73 3195 3306 3267">
    <p class='ocr_par' dir='ltr' id='par_1_32' title="bbox 73 3195 3306 3267">
     <span class='ocr_line' id='line_1_32' title="bbox 73 3195 3306 3267; baseline 0.002 -24"><span class='ocrx_word' id='word_1_425' title='bbox 73 3203 163 3256; x_wconf 81' lang='lat' dir='ltr'><strong>ros.</strong></span> <span class='ocrx_word' id='word_1_426' title='bbox 192 3202 239 3248; x_wconf 89' lang='lat' dir='ltr'><strong>et</strong></span> <span class='ocrx_word' id='word_1_427' title='bbox 262 3197 349 3266; x_wconf 90' lang='lat' dir='ltr'><strong>qui</strong></span> <span class='ocrx_word' id='word_1_428' title='bbox 379 3214 492 3254; x_wconf 92' lang='lat' dir='ltr'><strong>non</strong></span> <span class='ocrx_word' id='word_1_429' title='bbox 525 3199 830 3254; x_wconf 90' lang='lat' dir='ltr'><strong>habuerant</strong></span> <span class='ocrx_word' id='word_1_430' title='bbox 855 3198 1061 3264; x_wconf 86' lang='lat' dir='ltr'><strong>villam,</strong></span> <span class='ocrx_word' id='word_1_431' title='bbox 1085 3197 1196 3265; x_wconf 93' lang='lat' dir='ltr'><strong>hic,</strong></span> <span class='ocrx_word' id='word_1_432' title='bbox 1227 3196 1338 3253; x_wconf 93' lang='lat' dir='ltr'><strong>Deo</strong></span> <span class='ocrx_word' id='word_1_433' title='bbox 1360 3197 1618 3265; x_wconf 80' lang='lat' dir='ltr'><strong>donante,</strong></span> <span class='ocrx_word' id='word_1_434' title='bbox 1650 3247 1691 3267; x_wconf 63' lang='grc' dir='ltr'>η</span> <span class='ocrx_word' id='word_1_435' title='bbox 1723 3207 1852 3253; x_wconf 92' lang='lat' dir='ltr'><strong>runt</strong></span> <span class='ocrx_word' id='word_1_436' title='bbox 1875 3206 1929 3252; x_wconf 91' lang='lat' dir='ltr'><strong>et</strong></span> <span class='ocrx_word' id='word_1_437' title='bbox 1949 3197 2332 3253; x_wconf 90' lang='lat' dir='ltr'><strong>confuderunt.</strong></span> <span class='ocrx_word' id='word_1_438' title='bbox 2362 3195 2698 3266; x_wconf 80' lang='lat' dir='ltr'><strong>Vilissimum</strong></span> <span class='ocrx_word' id='word_1_439' title='bbox 2727 3211 2858 3267; x_wconf 82' lang='lat' dir='ltr'><strong>ergo</strong></span> <span class='ocrx_word' id='word_1_440' title='bbox 2883 3196 3052 3264; x_wconf 91' lang='lat' dir='ltr'><strong>dictu,</strong></span> <span class='ocrx_word' id='word_1_441' title='bbox 3077 3195 3306 3251; x_wconf 71' lang='lat' dir='ltr'><strong>inhone-~</strong></span> 
     </span>
    </p>
   </div>
   <div class='ocr_carea' id='block_1_33' title="bbox 72 3247 3306 3361">
    <p class='ocr_par' dir='ltr' id='par_1_33' title="bbox 72 3247 3306 3361">
     <span class='ocr_line' id='line_1_33' title="bbox 72 3247 3306 3361; baseline 0.001 -25"><span class='ocrx_word' id='word_1_442' title='bbox 72 3280 159 3349; x_wconf 83' lang='lat' dir='ltr'><strong>iam</strong></span> <span class='ocrx_word' id='word_1_443' title='bbox 198 3247 466 3355; x_wconf 63' lang='lat' dir='ltr'><strong>possident</strong></span> <span class='ocrx_word' id='word_1_444' title='bbox 521 3289 733 3345; x_wconf 86' lang='lat' dir='ltr'><strong>urbem.</strong></span> <span class='ocrx_word' id='word_1_445' title='bbox 790 3289 972 3358; x_wconf 86' lang='lat' dir='ltr'><strong>Quare</strong></span> <span class='ocrx_word' id='word_1_446' title='bbox 1007 3305 1137 3361; x_wconf 86' lang='lat' dir='ltr'><strong>ergo</strong></span> <span class='ocrx_word' id='word_1_447' title='bbox 1174 3247 1540 3345; x_wconf 69' lang='lat' dir='ltr'><strong>reverteretur</strong></span> <span class='ocrx_word' id='word_1_448' title='bbox 1562 3290 1618 3344; x_wconf 92' lang='lat' dir='ltr'><strong>in</strong></span> <span class='ocrx_word' id='word_1_449' title='bbox 1647 3247 1691 3310; x_wconf 59' lang='grc' dir='ltr'><strong><em>ε</em></strong></span> <span class='ocrx_word' id='word_1_450' title='bbox 1723 3295 1865 3343; x_wconf 87' lang='lat' dir='ltr'><strong>stum</strong></span> <span class='ocrx_word' id='word_1_451' title='bbox 1903 3287 2064 3355; x_wconf 86' lang='lat' dir='ltr'><strong>scitu,</strong></span> <span class='ocrx_word' id='word_1_452' title='bbox 2097 3287 2317 3343; x_wconf 71' lang='lat' dir='ltr'><strong>taedium</strong></span> <span class='ocrx_word' id='word_1_453' title='bbox 2339 3286 2536 3354; x_wconf 90' lang='lat' dir='ltr'><strong>relatu,</strong></span> <span class='ocrx_word' id='word_1_454' title='bbox 2571 3261 2749 3357; x_wconf 86' lang='lat' dir='ltr'><strong>pudor</strong></span> <span class='ocrx_word' id='word_1_455' title='bbox 2789 3247 3004 3342; x_wconf 52' lang='lat' dir='ltr'><strong>auditu.</strong></span> <span class='ocrx_word' id='word_1_456' title='bbox 3059 3284 3164 3340; x_wconf 90' lang='lat' dir='ltr'><strong>Sed</strong></span> <span class='ocrx_word' id='word_1_457' title='bbox 3209 3286 3306 3356; x_wconf 90' lang='lat' dir='ltr'><strong>qui</strong></span> 
     </span>
    </p>
   </div>
   <div class='ocr_carea' id='block_1_34' title="bbox 75 3368 3306 3452">
    <p class='ocr_par' dir='ltr' id='par_1_34' title="bbox 75 3368 3306 3452">
     <span class='ocr_line' id='line_1_34' title="bbox 75 3368 3306 3452; baseline 0.002 -26"><span class='ocrx_word' id='word_1_458' title='bbox 75 3368 393 3449; x_wconf 84' lang='lat' dir='ltr'><strong>Occidentem,</strong></span> <span class='ocrx_word' id='word_1_459' title='bbox 423 3382 526 3452; x_wconf 91' lang='lat' dir='ltr'><strong>qui</strong></span> <span class='ocrx_word' id='word_1_460' title='bbox 576 3383 664 3438; x_wconf 91' lang='lat' dir='ltr'><strong>hic</strong></span> <span class='ocrx_word' id='word_1_461' title='bbox 696 3382 904 3437; x_wconf 87' lang='lat' dir='ltr'><strong>invenit</strong></span> <span class='ocrx_word' id='word_1_462' title='bbox 952 3381 1133 3437; x_wconf 87' lang='lat' dir='ltr'><strong>taliter</strong></span> <span class='ocrx_word' id='word_1_463' title='bbox 1156 3379 1468 3437; x_wconf 80' lang='lat' dir='ltr'><strong>Orientem?</strong></span> <span class='ocrx_word' id='word_1_464' title='bbox 1510 3379 1620 3436; x_wconf 88' lang='lat' dir='ltr'><strong>Nec</strong></span> <span class='ocrx_word' id='word_1_465' title='bbox 1719 3380 1825 3436; x_wconf 91' lang='lat' dir='ltr'><strong>hoc</strong></span> <span class='ocrx_word' id='word_1_466' title='bbox 1861 3395 2048 3446; x_wconf 87' lang='lat' dir='ltr'><strong>narro,</strong></span> <span class='ocrx_word' id='word_1_467' title='bbox 2084 3396 2114 3435; x_wconf 90' lang='lat' dir='ltr'><strong>a</strong></span> <span class='ocrx_word' id='word_1_468' title='bbox 2142 3380 2371 3435; x_wconf 84' lang='lat' dir='ltr'><strong>veritate</strong></span> <span class='ocrx_word' id='word_1_469' title='bbox 2391 3394 2502 3434; x_wconf 91' lang='lat' dir='ltr'><strong>non</strong></span> <span class='ocrx_word' id='word_1_470' title='bbox 2523 3379 2701 3435; x_wconf 90' lang='lat' dir='ltr'><strong>devio.</strong></span> <span class='ocrx_word' id='word_1_471' title='bbox 2723 3377 2866 3445; x_wconf 88' lang='lat' dir='ltr'><strong>Quid</strong></span> <span class='ocrx_word' id='word_1_472' title='bbox 2900 3377 3070 3448; x_wconf 86' lang='lat' dir='ltr'><strong>ergo?</strong></span> <span class='ocrx_word' id='word_1_473' title='bbox 3112 3377 3306 3432; x_wconf 91' lang='lat' dir='ltr'><strong>volun-</strong></span> 
     </span>
    </p>
   </div>
   <div class='ocr_carea' id='block_1_35' title="bbox 74 3466 3303 3545">
    <p class='ocr_par' dir='ltr' id='par_1_35' title="bbox 74 3466 3303 3545">
     <span class='ocr_line' id='line_1_35' title="bbox 74 3466 3303 3545; baseline 0.001 -27"><span class='ocrx_word' id='word_1_474' title='bbox 74 3466 164 3522; x_wconf 81' lang='lat' dir='ltr'><strong>vult</strong></span> <span class='ocrx_word' id='word_1_475' title='bbox 184 3484 268 3526; x_wconf 88' lang='lat' dir='ltr'><strong>eos</strong></span> <span class='ocrx_word' id='word_1_476' title='bbox 302 3475 532 3543; x_wconf 88' lang='lat' dir='ltr'><strong>penuria</strong></span> <span class='ocrx_word' id='word_1_477' title='bbox 565 3474 709 3531; x_wconf 90' lang='lat' dir='ltr'><strong>Deus</strong></span> <span class='ocrx_word' id='word_1_478' title='bbox 740 3474 899 3541; x_wconf 85' lang='lat' dir='ltr'><strong>allici,</strong></span> <span class='ocrx_word' id='word_1_479' title='bbox 923 3475 1017 3545; x_wconf 89' lang='lat' dir='ltr'><strong>qui</strong></span> <span class='ocrx_word' id='word_1_480' title='bbox 1045 3490 1170 3530; x_wconf 93' lang='lat' dir='ltr'><strong>cum</strong></span> <span class='ocrx_word' id='word_1_481' title='bbox 1220 3474 1478 3529; x_wconf 90' lang='lat' dir='ltr'><strong>crucibus</strong></span> <span class='ocrx_word' id='word_1_482' title='bbox 1504 3473 1620 3530; x_wconf 84' lang='lat' dir='ltr'><strong>suis</strong></span> <span class='ocrx_word' id='word_1_483' title='bbox 1719 3470 1817 3526; x_wconf 86' lang='lat' dir='ltr'><strong>tati</strong></span> <span class='ocrx_word' id='word_1_484' title='bbox 1838 3469 1936 3526; x_wconf 86' lang='lat' dir='ltr'><strong>Dei</strong></span> <span class='ocrx_word' id='word_1_485' title='bbox 1959 3470 2083 3540; x_wconf 88' lang='lat' dir='ltr'><strong>quis</strong></span> <span class='ocrx_word' id='word_1_486' title='bbox 2117 3469 2355 3526; x_wconf 82' lang='lat' dir='ltr'><strong>resistit?</strong></span> <span class='ocrx_word' id='word_1_487' title='bbox 2381 3468 2583 3524; x_wconf 84' lang='lat' dir='ltr'><strong>Verum</strong></span> <span class='ocrx_word' id='word_1_488' title='bbox 2611 3477 2694 3524; x_wconf 90' lang='lat' dir='ltr'><strong>est</strong></span> <span class='ocrx_word' id='word_1_489' title='bbox 2721 3477 2901 3524; x_wconf 91' lang='lat' dir='ltr'><strong>autem</strong></span> <span class='ocrx_word' id='word_1_490' title='bbox 2932 3467 3303 3538; x_wconf 91' lang='lat' dir='ltr'><strong>proverbium,</strong></span> 
     </span>
    </p>
   </div>
   <div class='ocr_carea' id='block_1_36' title="bbox 75 3556 3300 3638">
    <p class='ocr_par' dir='ltr' id='par_1_36' title="bbox 75 3556 3300 3638">
     <span class='ocr_line' id='line_1_36' title="bbox 75 3556 3300 3638; baseline 0 -27"><span class='ocrx_word' id='word_1_491' title='bbox 75 3556 360 3636; x_wconf 83' lang='lat' dir='ltr'><strong>devoverant</strong></span> <span class='ocrx_word' id='word_1_492' title='bbox 387 3583 520 3623; x_wconf 87' lang='lat' dir='ltr'><strong>eum</strong></span> <span class='ocrx_word' id='word_1_493' title='bbox 553 3567 730 3638; x_wconf 86' lang='lat' dir='ltr'><strong>sequi,</strong></span> <span class='ocrx_word' id='word_1_494' title='bbox 766 3568 877 3622; x_wconf 89' lang='lat' dir='ltr'><strong>imo</strong></span> <span class='ocrx_word' id='word_1_495' title='bbox 917 3567 1153 3638; x_wconf 90' lang='lat' dir='ltr'><strong>denique</strong></span> <span class='ocrx_word' id='word_1_496' title='bbox 1195 3565 1436 3638; x_wconf 88' lang='lat' dir='ltr'><strong>assequi.</strong></span> <span class='ocrx_word' id='word_1_497' title='bbox 1483 3565 1618 3622; x_wconf 85' lang='lat' dir='ltr'><strong>Per-</strong></span> <span class='ocrx_word' id='word_1_498' title='bbox 1719 3559 1866 3630; x_wconf 90' lang='lat' dir='ltr'><strong>quod</strong></span> <span class='ocrx_word' id='word_1_499' title='bbox 1895 3559 2119 3630; x_wconf 91' lang='lat' dir='ltr'><strong>quidam</strong></span> <span class='ocrx_word' id='word_1_500' title='bbox 2155 3559 2385 3630; x_wconf 86' lang='lat' dir='ltr'><strong>Sapiens</strong></span> <span class='ocrx_word' id='word_1_501' title='bbox 2406 3559 2570 3614; x_wconf 84' lang='lat' dir='ltr'><strong>dixit:</strong></span> <span class='ocrx_word' id='word_1_502' title='bbox 2603 3579 2622 3610; x_wconf 73' lang='grc' dir='ltr'><strong>ι</strong></span> <span class='ocrx_word' id='word_1_503' title='bbox 2658 3557 2864 3613; x_wconf 88' lang='lat' dir='ltr'><strong>Futura</strong></span> <span class='ocrx_word' id='word_1_504' title='bbox 2893 3573 3000 3612; x_wconf 93' lang='lat' dir='ltr'><strong>non</strong></span> <span class='ocrx_word' id='word_1_505' title='bbox 3031 3567 3300 3628; x_wconf 86' lang='lat' dir='ltr'><strong>pugnant,</strong></span> 
     </span>
    </p>
   </div>
   <div class='ocr_carea' id='block_1_37' title="bbox 74 3649 3302 3728">
    <p class='ocr_par' dir='ltr' id='par_1_37' title="bbox 74 3649 3302 3728">
     <span class='ocr_line' id='line_1_37' title="bbox 74 3649 3302 3728; baseline 0 -25"><span class='ocrx_word' id='word_1_506' title='bbox 74 3651 218 3720; x_wconf 90' lang='lat' dir='ltr'><strong>cipitis</strong></span> <span class='ocrx_word' id='word_1_507' title='bbox 261 3657 424 3728; x_wconf 73' lang='lat' dir='ltr'><strong>igitur</strong></span> <span class='ocrx_word' id='word_1_508' title='bbox 453 3675 576 3715; x_wconf 76' lang='lat' dir='ltr'><strong>esse</strong></span> <span class='ocrx_word' id='word_1_509' title='bbox 630 3649 737 3715; x_wconf 75' lang='grc' dir='ltr'>ιισο</span> <span class='ocrx_word' id='word_1_510' title='bbox 780 3659 1107 3714; x_wconf 75' lang='lat' dir='ltr'><strong>miraculum</strong></span> <span class='ocrx_word' id='word_1_511' title='bbox 1152 3659 1517 3724; x_wconf 79' lang='lat' dir='ltr'><strong>immensum,</strong></span> <span class='ocrx_word' id='word_1_512' title='bbox 1561 3657 1618 3713; x_wconf 79' lang='lat' dir='ltr'><strong>in</strong></span> <span class='ocrx_word' id='word_1_513' title='bbox 1712 3666 1822 3706; x_wconf 79' lang='lat' dir='ltr'><strong>nec</strong></span> <span class='ocrx_word' id='word_1_514' title='bbox 1849 3666 1908 3706; x_wconf 89' lang='lat' dir='ltr'><strong>se</strong></span> <span class='ocrx_word' id='word_1_515' title='bbox 1937 3650 2184 3720; x_wconf 89' lang='lat' dir='ltr'><strong>superari</strong></span> <span class='ocrx_word' id='word_1_516' title='bbox 2212 3651 2418 3706; x_wconf 91' lang='lat' dir='ltr'><strong>sinunt.</strong></span> <span class='ocrx_word' id='word_1_517' title='bbox 2453 3669 2471 3702; x_wconf 76' lang='grc' dir='ltr'><strong>ι</strong></span> <span class='ocrx_word' id='word_1_518' title='bbox 2510 3649 2642 3704; x_wconf 89' lang='lat' dir='ltr'><strong>Erat</strong></span> <span class='ocrx_word' id='word_1_519' title='bbox 2681 3651 2785 3705; x_wconf 94' lang='lat' dir='ltr'><strong>hoc</strong></span> <span class='ocrx_word' id='word_1_520' title='bbox 2807 3665 2997 3705; x_wconf 90' lang='lat' dir='ltr'><strong>verum</strong></span> <span class='ocrx_word' id='word_1_521' title='bbox 3030 3649 3302 3717; x_wconf 89' lang='lat' dir='ltr'><strong>futurum,</strong></span> 
     </span>
    </p>
   </div>
   <div class='ocr_carea' id='block_1_38' title="bbox 74 3739 3302 3820">
    <p class='ocr_par' dir='ltr' id='par_1_38' title="bbox 74 3739 3302 3820">
     <span class='ocr_line' id='line_1_38' title="bbox 74 3739 3302 3820; baseline 0 -27"><span class='ocrx_word' id='word_1_522' title='bbox 74 3742 283 3802; x_wconf 82' lang='lat' dir='ltr'><strong>universo</strong></span> <span class='ocrx_word' id='word_1_523' title='bbox 301 3765 393 3805; x_wconf 88' lang='lat' dir='ltr'><strong>mu</strong></span> <span class='ocrx_word' id='word_1_524' title='bbox 407 3749 516 3804; x_wconf 85' lang='lat' dir='ltr'><strong>ndo</strong></span> <span class='ocrx_word' id='word_1_525' title='bbox 540 3751 696 3804; x_wconf 87' lang='lat' dir='ltr'><strong>valde</strong></span> <span class='ocrx_word' id='word_1_526' title='bbox 723 3750 1076 3820; x_wconf 88' lang='lat' dir='ltr'><strong>stupendum.</strong></span> <span class='ocrx_word' id='word_1_527' title='bbox 1111 3748 1246 3816; x_wconf 91' lang='lat' dir='ltr'><strong>Quis</strong></span> <span class='ocrx_word' id='word_1_528' title='bbox 1288 3748 1496 3804; x_wconf 86' lang='lat' dir='ltr'><strong>audivit</strong></span> <span class='ocrx_word' id='word_1_529' title='bbox 1520 3748 1620 3803; x_wconf 86' lang='lat' dir='ltr'><strong>ha—</strong></span> <span class='ocrx_word' id='word_1_530' title='bbox 1719 3743 1816 3798; x_wconf 90' lang='lat' dir='ltr'><strong>sed</strong></span> <span class='ocrx_word' id='word_1_531' title='bbox 1842 3742 2046 3797; x_wconf 91' lang='lat' dir='ltr'><strong>nemini</strong></span> <span class='ocrx_word' id='word_1_532' title='bbox 2069 3743 2402 3812; x_wconf 73' lang='lat' dir='ltr'><strong>prmscitum.</strong></span> <span class='ocrx_word' id='word_1_533' title='bbox 2431 3740 2490 3797; x_wconf 90' lang='lat' dir='ltr'><strong>Si</strong></span> <span class='ocrx_word' id='word_1_534' title='bbox 2528 3741 2676 3797; x_wconf 90' lang='lat' dir='ltr'><strong>enim</strong></span> <span class='ocrx_word' id='word_1_535' title='bbox 2719 3739 2916 3798; x_wconf 79' lang='lat' dir='ltr'><strong>fuisset</strong></span> <span class='ocrx_word' id='word_1_536' title='bbox 2963 3741 3302 3812; x_wconf 74' lang='lat' dir='ltr'><strong>praescitum,</strong></span> 
     </span>
    </p>
   </div>
   <div class='ocr_carea' id='block_1_39' title="bbox 72 3833 3305 3916">
    <p class='ocr_par' dir='ltr' id='par_1_39' title="bbox 72 3833 3305 3916">
     <span class='ocr_line' id='line_1_39' title="bbox 72 3833 3305 3916; baseline 0.001 -29"><span class='ocrx_word' id='word_1_537' title='bbox 72 3842 226 3893; x_wconf 78' lang='lat' dir='ltr'><strong>etenus</strong></span> <span class='ocrx_word' id='word_1_538' title='bbox 251 3841 380 3898; x_wconf 86' lang='lat' dir='ltr'><strong>tale?</strong></span> <span class='ocrx_word' id='word_1_539' title='bbox 415 3841 542 3897; x_wconf 78' lang='lat' dir='ltr'><strong>Vult</strong></span> <span class='ocrx_word' id='word_1_540' title='bbox 575 3859 706 3916; x_wconf 87' lang='lat' dir='ltr'><strong>ergo</strong></span> <span class='ocrx_word' id='word_1_541' title='bbox 737 3858 840 3899; x_wconf 89' lang='lat' dir='ltr'><strong>nos</strong></span> <span class='ocrx_word' id='word_1_542' title='bbox 872 3843 1015 3898; x_wconf 87' lang='lat' dir='ltr'><strong>Deus</strong></span> <span class='ocrx_word' id='word_1_543' title='bbox 1045 3857 1236 3898; x_wconf 86' lang='lat' dir='ltr'><strong>omnes</strong></span> <span class='ocrx_word' id='word_1_544' title='bbox 1274 3839 1616 3906; x_wconf 78' lang='lat' dir='ltr'><strong>lucrifacere,</strong></span> <span class='ocrx_word' id='word_1_545' title='bbox 1718 3843 2206 3914; x_wconf 30' lang='lat' dir='ltr'><strong>nunquam&#39;posset</strong></span> <span class='ocrx_word' id='word_1_546' title='bbox 2241 3833 2358 3890; x_wconf 89' lang='lat' dir='ltr'><strong>fore</strong></span> <span class='ocrx_word' id='word_1_547' title='bbox 2386 3833 2654 3902; x_wconf 90' lang='lat' dir='ltr'><strong>futurum,</strong></span> <span class='ocrx_word' id='word_1_548' title='bbox 2681 3833 2810 3905; x_wconf 87' lang='lat' dir='ltr'><strong>quia</strong></span> <span class='ocrx_word' id='word_1_549' title='bbox 2839 3833 2906 3889; x_wconf 89' lang='lat' dir='ltr'><strong>de</strong></span> <span class='ocrx_word' id='word_1_550' title='bbox 2948 3833 3305 3889; x_wconf 88' lang='lat' dir='ltr'><strong>meditatione</strong></span> 
     </span>
    </p>
   </div>
   <div class='ocr_carea' id='block_1_40' title="bbox 75 3924 3303 4004">
    <p class='ocr_par' dir='ltr' id='par_1_40' title="bbox 75 3924 3303 4004">
     <span class='ocr_line' id='line_1_40' title="bbox 75 3924 3303 4004; baseline 0 -24"><span class='ocrx_word' id='word_1_551' title='bbox 75 3935 115 3980; x_wconf 84' lang='lat' dir='ltr'><strong>et</strong></span> <span class='ocrx_word' id='word_1_552' title='bbox 137 3939 187 3983; x_wconf 88' lang='lat' dir='ltr'><strong>ut</strong></span> <span class='ocrx_word' id='word_1_553' title='bbox 227 3935 430 3992; x_wconf 82' lang='lat' dir='ltr'><strong>amicos</strong></span> <span class='ocrx_word' id='word_1_554' title='bbox 463 3935 822 3991; x_wconf 81' lang='lat' dir='ltr'><strong>charissimos</strong></span> <span class='ocrx_word' id='word_1_555' title='bbox 852 3935 921 3991; x_wconf 81' lang='lat' dir='ltr'><strong>ad</strong></span> <span class='ocrx_word' id='word_1_556' title='bbox 957 3951 1016 3991; x_wconf 86' lang='lat' dir='ltr'><strong>se</strong></span> <span class='ocrx_word' id='word_1_557' title='bbox 1046 3935 1340 3991; x_wconf 80' lang='lat' dir='ltr'><strong>attrahere.</strong></span> <span class='ocrx_word' id='word_1_558' title='bbox 1373 3933 1440 3988; x_wconf 86' lang='lat' dir='ltr'><strong>Et</strong></span> <span class='ocrx_word' id='word_1_559' title='bbox 1489 3933 1618 4004; x_wconf 89' lang='lat' dir='ltr'><strong>quia</strong></span> <span class='ocrx_word' id='word_1_560' title='bbox 1717 3928 1928 3983; x_wconf 87' lang='lat' dir='ltr'><strong>veniret</strong></span> <span class='ocrx_word' id='word_1_561' title='bbox 1959 3927 2028 3983; x_wconf 89' lang='lat' dir='ltr'><strong>ad</strong></span> <span class='ocrx_word' id='word_1_562' title='bbox 2057 3927 2288 3982; x_wconf 89' lang='lat' dir='ltr'><strong>nihilum</strong></span> <span class='ocrx_word' id='word_1_563' title='bbox 2313 3927 2432 3984; x_wconf 90' lang='lat' dir='ltr'><strong>sine</strong></span> <span class='ocrx_word' id='word_1_564' title='bbox 2454 3927 2752 3982; x_wconf 88' lang='lat' dir='ltr'><strong>voluntate.</strong></span> <span class='ocrx_word' id='word_1_565' title='bbox 2776 3924 2914 3981; x_wconf 83' lang='lat' dir='ltr'><strong>Nam</strong></span> <span class='ocrx_word' id='word_1_566' title='bbox 2935 3934 3180 3982; x_wconf 88' lang='lat' dir='ltr'><strong>cassaret</strong></span> <span class='ocrx_word' id='word_1_567' title='bbox 3206 3925 3303 3996; x_wconf 89' lang='lat' dir='ltr'><strong>qui</strong></span> 
     </span>
    </p>
   </div>
   <div class='ocr_carea' id='block_1_41' title="bbox 73 4016 3298 4100">
    <p class='ocr_par' dir='ltr' id='par_1_41' title="bbox 73 4016 3298 4100">
     <span class='ocr_line' id='line_1_41' title="bbox 73 4016 3298 4100; baseline 0.002 -30"><span class='ocrx_word' id='word_1_568' title='bbox 73 4021 180 4086; x_wconf 75' lang='lat' dir='ltr'><strong>vult,</strong></span> <span class='ocrx_word' id='word_1_569' title='bbox 201 4040 290 4082; x_wconf 91' lang='lat' dir='ltr'><strong>nos</strong></span> <span class='ocrx_word' id='word_1_570' title='bbox 317 4044 540 4100; x_wconf 89' lang='lat' dir='ltr'><strong>quoque</strong></span> <span class='ocrx_word' id='word_1_571' title='bbox 574 4029 883 4085; x_wconf 82' lang='lat' dir='ltr'><strong>voluntarie</strong></span> <span class='ocrx_word' id='word_1_572' title='bbox 923 4029 1176 4094; x_wconf 87' lang='lat' dir='ltr'><strong>velimus,</strong></span> <span class='ocrx_word' id='word_1_573' title='bbox 1231 4035 1285 4083; x_wconf 89' lang='lat' dir='ltr'><strong>ct</strong></span> <span class='ocrx_word' id='word_1_574' title='bbox 1337 4026 1485 4098; x_wconf 90' lang='lat' dir='ltr'><strong>quod</strong></span> <span class='ocrx_word' id='word_1_575' title='bbox 1538 4026 1617 4080; x_wconf 90' lang='lat' dir='ltr'><strong>illi</strong></span> <span class='ocrx_word' id='word_1_576' title='bbox 1717 4020 2016 4092; x_wconf 67' lang='lat' dir='ltr'><strong>praesciret,</strong></span> <span class='ocrx_word' id='word_1_577' title='bbox 2065 4036 2134 4076; x_wconf 90' lang='lat' dir='ltr'><strong>ne</strong></span> <span class='ocrx_word' id='word_1_578' title='bbox 2192 4021 2260 4076; x_wconf 90' lang='lat' dir='ltr'><strong>ad</strong></span> <span class='ocrx_word' id='word_1_579' title='bbox 2300 4019 2500 4077; x_wconf 90' lang='lat' dir='ltr'><strong>factum</strong></span> <span class='ocrx_word' id='word_1_580' title='bbox 2555 4036 2646 4077; x_wconf 91' lang='lat' dir='ltr'><strong>res</strong></span> <span class='ocrx_word' id='word_1_581' title='bbox 2695 4020 2890 4077; x_wconf 83' lang='lat' dir='ltr'><strong>exiret.</strong></span> <span class='ocrx_word' id='word_1_582' title='bbox 2944 4016 3062 4076; x_wconf 82' lang='lat' dir='ltr'><strong>Rex</strong></span> <span class='ocrx_word' id='word_1_583' title='bbox 3113 4028 3298 4077; x_wconf 85' lang='lat' dir='ltr'><strong>autem</strong></span> 
     </span>
    </p>
   </div>
   <div class='ocr_carea' id='block_1_42' title="bbox 77 4108 3299 4196">
    <p class='ocr_par' dir='ltr' id='par_1_42' title="bbox 77 4108 3299 4196">
     <span class='ocr_line' id='line_1_42' title="bbox 77 4108 3299 4196; baseline 0.001 -29"><span class='ocrx_word' id='word_1_584' title='bbox 77 4108 217 4176; x_wconf 78' lang='lat' dir='ltr'><strong>placet</strong></span> <span class='ocrx_word' id='word_1_585' title='bbox 241 4117 472 4191; x_wconf 84' lang='lat' dir='ltr'><strong>benigno</strong></span> <span class='ocrx_word' id='word_1_586' title='bbox 507 4121 671 4176; x_wconf 90' lang='lat' dir='ltr'><strong>corde</strong></span> <span class='ocrx_word' id='word_1_587' title='bbox 691 4127 746 4175; x_wconf 87' lang='lat' dir='ltr'><strong>et</strong></span> <span class='ocrx_word' id='word_1_588' title='bbox 779 4119 973 4174; x_wconf 91' lang='lat' dir='ltr'><strong>humili</strong></span> <span class='ocrx_word' id='word_1_589' title='bbox 997 4117 1288 4186; x_wconf 89' lang='lat' dir='ltr'><strong>faciamus,</strong></span> <span class='ocrx_word' id='word_1_590' title='bbox 1319 4126 1380 4172; x_wconf 89' lang='lat' dir='ltr'><strong>ut</strong></span> <span class='ocrx_word' id='word_1_591' title='bbox 1401 4133 1526 4173; x_wconf 89' lang='lat' dir='ltr'><strong>cum</strong></span> <span class='ocrx_word' id='word_1_592' title='bbox 1549 4131 1616 4173; x_wconf 92' lang='lat' dir='ltr'><strong>eo</strong></span> <span class='ocrx_word' id='word_1_593' title='bbox 1716 4114 1912 4170; x_wconf 89' lang='lat' dir='ltr'><strong>deinde</strong></span> <span class='ocrx_word' id='word_1_594' title='bbox 1953 4115 2181 4171; x_wconf 88' lang='lat' dir='ltr'><strong>secessit</strong></span> <span class='ocrx_word' id='word_1_595' title='bbox 2203 4114 2571 4182; x_wconf 83' lang='lat' dir='ltr'><strong>Antiochiam,</strong></span> <span class='ocrx_word' id='word_1_596' title='bbox 2595 4113 3024 4196; x_wconf 86' lang='lat' dir='ltr'><strong>Goscelinusque</strong></span> <span class='ocrx_word' id='word_1_597' title='bbox 3045 4128 3171 4168; x_wconf 90' lang='lat' dir='ltr'><strong>cum</strong></span> <span class='ocrx_word' id='word_1_598' title='bbox 3210 4127 3299 4170; x_wconf 88' lang='lat' dir='ltr'><strong>eo.</strong></span> 
     </span>
    </p>
   </div>
   <div class='ocr_carea' id='block_1_43' title="bbox 76 4196 3303 4283">
    <p class='ocr_par' dir='ltr' id='par_1_43' title="bbox 76 4196 3303 4283">
     <span class='ocr_line' id='line_1_43' title="bbox 76 4196 3303 4283; baseline 0.002 -29"><span class='ocrx_word' id='word_1_599' title='bbox 76 4196 259 4263; x_wconf 74' lang='lat' dir='ltr'><strong>feliciter</strong></span> <span class='ocrx_word' id='word_1_600' title='bbox 278 4226 589 4283; x_wconf 66' lang='lat' dir='ltr'><strong>regnemus.</strong></span> <span class='ocrx_word' id='word_1_601' title='bbox 1715 4207 1948 4264; x_wconf 89' lang='lat' dir='ltr'><strong>Obsides</strong></span> <span class='ocrx_word' id='word_1_602' title='bbox 1967 4222 2116 4275; x_wconf 92' lang='lat' dir='ltr'><strong>vero,</strong></span> <span class='ocrx_word' id='word_1_603' title='bbox 2137 4223 2278 4279; x_wconf 91' lang='lat' dir='ltr'><strong>quos</strong></span> <span class='ocrx_word' id='word_1_604' title='bbox 2296 4208 2482 4279; x_wconf 87' lang='lat' dir='ltr'><strong>posuit</strong></span> <span class='ocrx_word' id='word_1_605' title='bbox 2508 4222 2608 4277; x_wconf 90' lang='lat' dir='ltr'><strong>pro</strong></span> <span class='ocrx_word' id='word_1_606' title='bbox 2627 4223 2687 4263; x_wconf 89' lang='lat' dir='ltr'><strong>se</strong></span> <span class='ocrx_word' id='word_1_607' title='bbox 2707 4222 2803 4263; x_wconf 86' lang='lat' dir='ltr'><strong>rex</strong></span> <span class='ocrx_word' id='word_1_608' title='bbox 2823 4206 3044 4278; x_wconf 85' lang='lat' dir='ltr'><strong>quando</strong></span> <span class='ocrx_word' id='word_1_609' title='bbox 3070 4207 3138 4263; x_wconf 88' lang='lat' dir='ltr'><strong>de</strong></span> <span class='ocrx_word' id='word_1_610' title='bbox 3183 4206 3303 4262; x_wconf 85' lang='lat' dir='ltr'><strong>vin-</strong></span> 
     </span>
    </p>
   </div>
   <div class='ocr_carea' id='block_1_44' title="bbox 535 4299 3301 4383">
    <p class='ocr_par' dir='ltr' id='par_1_44' title="bbox 535 4299 3301 4383">
     <span class='ocr_line' id='line_1_44' title="bbox 535 4299 3301 4383; baseline -0.007 -11"><span class='ocrx_word' id='word_1_611' title='bbox 535 4326 765 4383; x_wconf 68' lang='lat' dir='ltr'><strong>CAPUT</strong></span> <span class='ocrx_word' id='word_1_612' title='bbox 793 4325 1080 4382; x_wconf 58' lang='lat' dir='ltr'><strong>xxxv-&#39;11],</strong></span> <span class='ocrx_word' id='word_1_613' title='bbox 1716 4301 1856 4358; x_wconf 87' lang='lat' dir='ltr'><strong>culis</strong></span> <span class='ocrx_word' id='word_1_614' title='bbox 1883 4301 2036 4368; x_wconf 86' lang='lat' dir='ltr'><strong>exiit,</strong></span> <span class='ocrx_word' id='word_1_615' title='bbox 2066 4315 2243 4372; x_wconf 88' lang='lat' dir='ltr'><strong>neque</strong></span> <span class='ocrx_word' id='word_1_616' title='bbox 2265 4309 2396 4356; x_wconf 88' lang='lat' dir='ltr'><strong>sunt</strong></span> <span class='ocrx_word' id='word_1_617' title='bbox 2423 4299 2638 4368; x_wconf 86' lang='lat' dir='ltr'><strong>redditi,</strong></span> <span class='ocrx_word' id='word_1_618' title='bbox 2671 4315 2848 4371; x_wconf 90' lang='lat' dir='ltr'><strong>neque</strong></span> <span class='ocrx_word' id='word_1_619' title='bbox 2878 4300 3161 4370; x_wconf 87' lang='lat' dir='ltr'><strong>redempti.</strong></span> <span class='ocrx_word' id='word_1_620' title='bbox 3190 4299 3301 4355; x_wconf 88' lang='lat' dir='ltr'><strong>lta-</strong></span> 
     </span>
    </p>
   </div>
   <div class='ocr_carea' id='block_1_45' title="bbox 78 4391 3300 4486">
    <p class='ocr_par' dir='ltr' id='par_1_45' title="bbox 78 4391 3300 4486">
     <span class='ocr_line' id='line_1_45' title="bbox 78 4391 3300 4486; baseline -0.002 -30"><span class='ocrx_word' id='word_1_621' title='bbox 78 4401 138 4459; x_wconf 87' lang='lat' dir='ltr'><strong>De</strong></span> <span class='ocrx_word' id='word_1_622' title='bbox 164 4416 278 4486; x_wconf 70' lang='lat' dir='ltr'><strong>regis</strong></span> <span class='ocrx_word' id='word_1_623' title='bbox 321 4437 353 4474; x_wconf 79' lang='grc' dir='ltr'><em>α</em></span> <span class='ocrx_word' id='word_1_624' title='bbox 383 4419 608 4474; x_wconf 56' lang='lat' dir='ltr'><strong>vinculis</strong></span> <span class='ocrx_word' id='word_1_625' title='bbox 651 4417 982 4486; x_wconf 54' lang='lat' dir='ltr'><strong>liberatione,</strong></span> <span class='ocrx_word' id='word_1_626' title='bbox 1031 4429 1082 4474; x_wconf 54' lang='lat' dir='ltr'><em>et</em></span> <span class='ocrx_word' id='word_1_627' title='bbox 1137 4417 1408 4473; x_wconf 60' lang='lat' dir='ltr'><strong>obsidione</strong></span> <span class='ocrx_word' id='word_1_628' title='bbox 1467 4415 1614 4471; x_wconf 63' lang='lat' dir='ltr'><strong><em>urbi,</em></strong></span> <span class='ocrx_word' id='word_1_629' title='bbox 1716 4409 1823 4466; x_wconf 89' lang='lat' dir='ltr'><strong>que</strong></span> <span class='ocrx_word' id='word_1_630' title='bbox 1851 4403 1962 4449; x_wconf 90' lang='lat' dir='ltr'><strong>tam</strong></span> <span class='ocrx_word' id='word_1_631' title='bbox 1984 4392 2461 4486; x_wconf 82' lang='lat' dir='ltr'><strong>Hierosolymitani</strong></span> <span class='ocrx_word' id='word_1_632' title='bbox 2489 4409 2655 4464; x_wconf 88' lang='lat' dir='ltr'><strong>quam</strong></span> <span class='ocrx_word' id='word_1_633' title='bbox 2681 4391 3002 4464; x_wconf 90' lang='lat' dir='ltr'><strong>Tripolitani</strong></span> <span class='ocrx_word' id='word_1_634' title='bbox 3017 4408 3210 4448; x_wconf 89' lang='lat' dir='ltr'><strong>omnes</strong></span> <span class='ocrx_word' id='word_1_635' title='bbox 3232 4391 3300 4486; x_wconf 84' lang='lat' dir='ltr'><strong>ad</strong></span> 
     </span>
    </p>
   </div>
   <div class='ocr_carea' id='block_1_46' title="bbox 693 4485 3300 4561">
    <p class='ocr_par' dir='ltr' id='par_1_46' title="bbox 693 4485 3300 4561">
     <span class='ocr_line' id='line_1_46' title="bbox 693 4485 3300 4561; baseline -0.001 -19"><span class='ocrx_word' id='word_1_636' title='bbox 693 4485 973 4561; x_wconf 25' lang='lat' dir='ltr'><strong>Ilalapia&#39;.’</strong></span> <span class='ocrx_word' id='word_1_637' title='bbox 1717 4503 1819 4542; x_wconf 90' lang='lat' dir='ltr'><strong>sua</strong></span> <span class='ocrx_word' id='word_1_638' title='bbox 1853 4499 2252 4544; x_wconf 86' lang='lat' dir='ltr'><strong>remeaverunt.</strong></span> <span class='ocrx_word' id='word_1_639' title='bbox 2292 4485 2488 4543; x_wconf 89' lang='lat' dir='ltr'><strong>Obviat</strong></span> <span class='ocrx_word' id='word_1_640' title='bbox 2527 4495 2710 4542; x_wconf 89' lang='lat' dir='ltr'><strong>autem</strong></span> <span class='ocrx_word' id='word_1_641' title='bbox 2741 4487 2924 4542; x_wconf 88' lang='lat' dir='ltr'><strong>divina</strong></span> <span class='ocrx_word' id='word_1_642' title='bbox 2964 4485 3300 4557; x_wconf 88' lang='lat' dir='ltr'><strong>dispensatio</strong></span> 
     </span>
    </p>
   </div>
   <div class='ocr_carea' id='block_1_47' title="bbox 133 4573 3302 4668">
    <p class='ocr_par' dir='ltr' id='par_1_47' title="bbox 133 4573 3302 4668">
     <span class='ocr_line' id='line_1_47' title="bbox 133 4573 3302 4668; baseline 0.001 -41"><span class='ocrx_word' id='word_1_643' title='bbox 133 4573 482 4652; x_wconf 85' lang='lat' dir='ltr'><strong>Omnipotente</strong></span> <span class='ocrx_word' id='word_1_644' title='bbox 512 4582 626 4639; x_wconf 89' lang='lat' dir='ltr'><strong>Deo</strong></span> <span class='ocrx_word' id='word_1_645' title='bbox 651 4581 886 4652; x_wconf 88' lang='lat' dir='ltr'><strong>favente,</strong></span> <span class='ocrx_word' id='word_1_646' title='bbox 931 4582 998 4638; x_wconf 89' lang='lat' dir='ltr'><strong>de</strong></span> <span class='ocrx_word' id='word_1_647' title='bbox 1027 4581 1332 4639; x_wconf 90' lang='lat' dir='ltr'><strong>Turcorum</strong></span> <span class='ocrx_word' id='word_1_648' title='bbox 1365 4583 1612 4640; x_wconf 81' lang='lat' dir='ltr'><strong>custodia</strong></span> <span class='ocrx_word' id='word_1_649' title='bbox 1639 4605 1694 4668; x_wconf 71' lang='grc' dir='ltr'><strong>Ι)</strong></span> <span class='ocrx_word' id='word_1_650' title='bbox 1717 4577 1791 4647; x_wconf 90' lang='lat' dir='ltr'><strong>ei,</strong></span> <span class='ocrx_word' id='word_1_651' title='bbox 1822 4593 1984 4648; x_wconf 90' lang='lat' dir='ltr'><strong>quem</strong></span> <span class='ocrx_word' id='word_1_652' title='bbox 2026 4578 2428 4649; x_wconf 88' lang='lat' dir='ltr'><strong>prosperiorem</strong></span> <span class='ocrx_word' id='word_1_653' title='bbox 2480 4577 2614 4633; x_wconf 88' lang='lat' dir='ltr'><strong>facit</strong></span> <span class='ocrx_word' id='word_1_654' title='bbox 2663 4577 2902 4632; x_wconf 90' lang='lat' dir='ltr'><strong>humana</strong></span> <span class='ocrx_word' id='word_1_655' title='bbox 2932 4577 3198 4646; x_wconf 86' lang='lat' dir='ltr'><strong>probitas,</strong></span> <span class='ocrx_word' id='word_1_656' title='bbox 3233 4591 3302 4630; x_wconf 89' lang='lat' dir='ltr'><strong>ne</strong></span> 
     </span>
    </p>
   </div>
   <div class='ocr_carea' id='block_1_48' title="bbox 81 4655 3300 4746">
    <p class='ocr_par' dir='ltr' id='par_1_48' title="bbox 81 4655 3300 4746">
     <span class='ocr_line' id='line_1_48' title="bbox 81 4655 3300 4746; baseline 0.003 -35"><span class='ocrx_word' id='word_1_657' title='bbox 81 4655 534 4746; x_wconf 81' lang='lat' dir='ltr'><strong>Hierosolymorum</strong></span> <span class='ocrx_word' id='word_1_658' title='bbox 571 4691 665 4730; x_wconf 88' lang='lat' dir='ltr'><strong>rex</strong></span> <span class='ocrx_word' id='word_1_659' title='bbox 690 4691 741 4729; x_wconf 81' lang='lat' dir='ltr'><strong>iv</strong></span> <span class='ocrx_word' id='word_1_660' title='bbox 769 4673 890 4729; x_wconf 81' lang='lat' dir='ltr'><strong>Kal.</strong></span> <span class='ocrx_word' id='word_1_661' title='bbox 919 4672 1256 4744; x_wconf 67' lang='lat' dir='ltr'><strong>Septembris</strong></span> <span class='ocrx_word' id='word_1_662' title='bbox 1300 4674 1452 4741; x_wconf 89' lang='lat' dir='ltr'><strong>exiit,</strong></span> <span class='ocrx_word' id='word_1_663' title='bbox 1483 4691 1611 4731; x_wconf 82' lang='lat' dir='ltr'><strong>eum</strong></span> <span class='ocrx_word' id='word_1_664' title='bbox 1639 4655 1687 4668; x_wconf 66' lang='grc'>”</span> <span class='ocrx_word' id='word_1_665' title='bbox 1719 4671 1808 4728; x_wconf 92' lang='lat' dir='ltr'><strong>cui</strong></span> <span class='ocrx_word' id='word_1_666' title='bbox 1839 4670 2094 4727; x_wconf 87' lang='lat' dir='ltr'><strong>convenit</strong></span> <span class='ocrx_word' id='word_1_667' title='bbox 2119 4671 2368 4740; x_wconf 89' lang='lat' dir='ltr'><strong>ampliari</strong></span> <span class='ocrx_word' id='word_1_668' title='bbox 2390 4671 2648 4741; x_wconf 89' lang='lat' dir='ltr'><strong>patiatur.</strong></span> <span class='ocrx_word' id='word_1_669' title='bbox 2687 4669 2822 4736; x_wconf 83' lang='lat' dir='ltr'><strong>Quis</strong></span> <span class='ocrx_word' id='word_1_670' title='bbox 2860 4670 3006 4725; x_wconf 90' lang='lat' dir='ltr'><strong>enim</strong></span> <span class='ocrx_word' id='word_1_671' title='bbox 3038 4669 3181 4722; x_wconf 90' lang='lat' dir='ltr'><strong>alius</strong></span> <span class='ocrx_word' id='word_1_672' title='bbox 3215 4667 3300 4722; x_wconf 91' lang='lat' dir='ltr'><strong>vel</strong></span> 
     </span>
    </p>
   </div>
   <div class='ocr_carea' id='block_1_49' title="bbox 81 4761 3301 4839">
    <p class='ocr_par' dir='ltr' id='par_1_49' title="bbox 81 4761 3301 4839">
     <span class='ocr_line' id='line_1_49' title="bbox 81 4761 3301 4839; baseline 0.001 -29"><span class='ocrx_word' id='word_1_673' title='bbox 81 4761 311 4822; x_wconf 84' lang='lat' dir='ltr'><strong>mensibus</strong></span> <span class='ocrx_word' id='word_1_674' title='bbox 333 4769 399 4822; x_wconf 72' lang='lat' dir='ltr'><strong>l2</strong></span> <span class='ocrx_word' id='word_1_675' title='bbox 423 4769 695 4839; x_wconf 82' lang='lat' dir='ltr'><strong>pauloque</strong></span> <span class='ocrx_word' id='word_1_676' title='bbox 721 4767 896 4839; x_wconf 85' lang='lat' dir='ltr'><strong>magis</strong></span> <span class='ocrx_word' id='word_1_677' title='bbox 918 4767 1023 4822; x_wconf 91' lang='lat' dir='ltr'><strong>sub</strong></span> <span class='ocrx_word' id='word_1_678' title='bbox 1047 4781 1237 4822; x_wconf 89' lang='lat' dir='ltr'><strong>eorum</strong></span> <span class='ocrx_word' id='word_1_679' title='bbox 1260 4765 1495 4822; x_wconf 89' lang='lat' dir='ltr'><strong>vinculis</strong></span> <span class='ocrx_word' id='word_1_680' title='bbox 1518 4767 1614 4823; x_wconf 90' lang='lat' dir='ltr'><strong>de-</strong></span> <span class='ocrx_word' id='word_1_681' title='bbox 1716 4764 1988 4820; x_wconf 89' lang='lat' dir='ltr'><strong>bonorum</strong></span> <span class='ocrx_word' id='word_1_682' title='bbox 2015 4762 2192 4830; x_wconf 90' lang='lat' dir='ltr'><strong>dator,</strong></span> <span class='ocrx_word' id='word_1_683' title='bbox 2214 4763 2550 4818; x_wconf 89' lang='lat' dir='ltr'><strong>malorumve</strong></span> <span class='ocrx_word' id='word_1_684' title='bbox 2589 4763 2866 4832; x_wconf 90' lang='lat' dir='ltr'><strong>depulsor,</strong></span> <span class='ocrx_word' id='word_1_685' title='bbox 2917 4775 3082 4830; x_wconf 91' lang='lat' dir='ltr'><strong>quam</strong></span> <span class='ocrx_word' id='word_1_686' title='bbox 3123 4767 3301 4814; x_wconf 91' lang='lat' dir='ltr'><strong>rector</strong></span> 
     </span>
    </p>
   </div>
   <div class='ocr_carea' id='block_1_50' title="bbox 82 4850 3300 4931">
    <p class='ocr_par' dir='ltr' id='par_1_50' title="bbox 82 4850 3300 4931">
     <span class='ocr_line' id='line_1_50' title="bbox 82 4850 3300 4931; baseline 0.001 -31"><span class='ocrx_word' id='word_1_687' title='bbox 82 4854 226 4909; x_wconf 82' lang='lat' dir='ltr'><strong>tentus</strong></span> <span class='ocrx_word' id='word_1_688' title='bbox 254 4872 409 4916; x_wconf 90' lang='lat' dir='ltr'><strong>esset.</strong></span> <span class='ocrx_word' id='word_1_689' title='bbox 437 4859 542 4916; x_wconf 91' lang='lat' dir='ltr'><strong>Sed</strong></span> <span class='ocrx_word' id='word_1_690' title='bbox 573 4860 701 4931; x_wconf 92' lang='lat' dir='ltr'><strong>quia</strong></span> <span class='ocrx_word' id='word_1_691' title='bbox 729 4875 829 4930; x_wconf 92' lang='lat' dir='ltr'><strong>pro</strong></span> <span class='ocrx_word' id='word_1_692' title='bbox 853 4855 1225 4929; x_wconf 83' lang='lat' dir='ltr'><strong>redemptione</strong></span> <span class='ocrx_word' id='word_1_693' title='bbox 1267 4858 1354 4914; x_wconf 93' lang='lat' dir='ltr'><strong>sui</strong></span> <span class='ocrx_word' id='word_1_694' title='bbox 1393 4857 1612 4914; x_wconf 85' lang='lat' dir='ltr'><strong>obsides</strong></span> <span class='ocrx_word' id='word_1_695' title='bbox 1717 4865 1814 4912; x_wconf 92' lang='lat' dir='ltr'><strong>aut</strong></span> <span class='ocrx_word' id='word_1_696' title='bbox 1842 4856 2142 4911; x_wconf 88' lang='lat' dir='ltr'><strong>medicator</strong></span> <span class='ocrx_word' id='word_1_697' title='bbox 2175 4854 2439 4910; x_wconf 90' lang='lat' dir='ltr'><strong>mentium</strong></span> <span class='ocrx_word' id='word_1_698' title='bbox 2467 4853 2632 4920; x_wconf 91' lang='lat' dir='ltr'><strong>Deus,</strong></span> <span class='ocrx_word' id='word_1_699' title='bbox 2663 4852 2760 4923; x_wconf 89' lang='lat' dir='ltr'><strong>qui</strong></span> <span class='ocrx_word' id='word_1_700' title='bbox 2805 4867 2872 4906; x_wconf 87' lang='lat' dir='ltr'><strong>ex</strong></span> <span class='ocrx_word' id='word_1_701' title='bbox 2911 4866 3126 4906; x_wconf 89' lang='lat' dir='ltr'><strong>summa</strong></span> <span class='ocrx_word' id='word_1_702' title='bbox 3175 4850 3300 4904; x_wconf 77' lang='grc' dir='ltr'><strong>οωιί</strong></span> 
     </span>
    </p>
   </div>
   <div class='ocr_carea' id='block_1_51' title="bbox 82 4938 3301 5022">
    <p class='ocr_par' dir='ltr' id='par_1_51' title="bbox 82 4938 3301 5022">
     <span class='ocr_line' id='line_1_51' title="bbox 82 4938 3301 5022; baseline 0 -28"><span class='ocrx_word' id='word_1_703' title='bbox 82 4938 144 4994; x_wconf 82' lang='lat' dir='ltr'><strong>eis</strong></span> <span class='ocrx_word' id='word_1_704' title='bbox 161 4945 334 5008; x_wconf 85' lang='lat' dir='ltr'><strong>electos</strong></span> <span class='ocrx_word' id='word_1_705' title='bbox 357 4953 612 5022; x_wconf 89' lang='lat' dir='ltr'><strong>primitus</strong></span> <span class='ocrx_word' id='word_1_706' title='bbox 633 4951 955 5007; x_wconf 90' lang='lat' dir='ltr'><strong>contradcre</strong></span> <span class='ocrx_word' id='word_1_707' title='bbox 972 4951 1361 5022; x_wconf 81' lang='lat' dir='ltr'><strong>Oportuit,non</strong></span> <span class='ocrx_word' id='word_1_708' title='bbox 1384 4950 1611 5005; x_wconf 89' lang='lat' dir='ltr'><strong>omnino</strong></span> <span class='ocrx_word' id='word_1_709' title='bbox 1717 4948 1937 5018; x_wconf 88' lang='lat' dir='ltr'><strong>specula</strong></span> <span class='ocrx_word' id='word_1_710' title='bbox 1967 4946 2222 5002; x_wconf 83' lang='lat' dir='ltr'><strong>universa</strong></span> <span class='ocrx_word' id='word_1_711' title='bbox 2244 4947 2510 5017; x_wconf 90' lang='lat' dir='ltr'><strong>conspicit</strong></span> <span class='ocrx_word' id='word_1_712' title='bbox 2531 4953 2584 5000; x_wconf 84' lang='lat' dir='ltr'><strong>et</strong></span> <span class='ocrx_word' id='word_1_713' title='bbox 2611 4943 2910 5000; x_wconf 89' lang='lat' dir='ltr'><strong>discernit?</strong></span> <span class='ocrx_word' id='word_1_714' title='bbox 2948 4940 3054 5008; x_wconf 90' lang='lat' dir='ltr'><strong>Qui</strong></span> <span class='ocrx_word' id='word_1_715' title='bbox 3095 4939 3301 5012; x_wconf 85' lang='lat' dir='ltr'><strong>Tyrum</strong></span> 
     </span>
    </p>
   </div>
   <div class='ocr_carea' id='block_1_52' title="bbox 84 5027 3301 5113">
    <p class='ocr_par' dir='ltr' id='par_1_52' title="bbox 84 5027 3301 5113">
     <span class='ocr_line' id='line_1_52' title="bbox 84 5027 3301 5113; baseline -0.002 -21"><span class='ocrx_word' id='word_1_716' title='bbox 84 5027 190 5087; x_wconf 75' lang='lat' dir='ltr'><strong>liber</strong></span> <span class='ocrx_word' id='word_1_717' title='bbox 209 5041 339 5109; x_wconf 80' lang='lat' dir='ltr'><strong>exiit,</strong></span> <span class='ocrx_word' id='word_1_718' title='bbox 363 5061 488 5100; x_wconf 88' lang='lat' dir='ltr'><strong>cum</strong></span> <span class='ocrx_word' id='word_1_719' title='bbox 525 5060 583 5100; x_wconf 92' lang='lat' dir='ltr'><strong>se</strong></span> <span class='ocrx_word' id='word_1_720' title='bbox 630 5053 684 5100; x_wconf 93' lang='lat' dir='ltr'><strong>et</strong></span> <span class='ocrx_word' id='word_1_721' title='bbox 729 5045 851 5100; x_wconf 92' lang='lat' dir='ltr'><strong>illos</strong></span> <span class='ocrx_word' id='word_1_722' title='bbox 901 5044 1110 5099; x_wconf 88' lang='lat' dir='ltr'><strong>incerta</strong></span> <span class='ocrx_word' id='word_1_723' title='bbox 1136 5052 1189 5098; x_wconf 89' lang='lat' dir='ltr'><strong>et</strong></span> <span class='ocrx_word' id='word_1_724' title='bbox 1238 5041 1473 5113; x_wconf 87' lang='lat' dir='ltr'><strong>pendula</strong></span> <span class='ocrx_word' id='word_1_725' title='bbox 1519 5057 1614 5112; x_wconf 89' lang='lat' dir='ltr'><strong>spe</strong></span> <span class='ocrx_word' id='word_1_726' title='bbox 1716 5039 1910 5095; x_wconf 90' lang='lat' dir='ltr'><strong>urbem</strong></span> <span class='ocrx_word' id='word_1_727' title='bbox 1954 5037 2310 5094; x_wconf 84' lang='lat' dir='ltr'><strong>fortissimam</strong></span> <span class='ocrx_word' id='word_1_728' title='bbox 2354 5048 2408 5092; x_wconf 89' lang='lat' dir='ltr'><strong>et</strong></span> <span class='ocrx_word' id='word_1_729' title='bbox 2443 5034 2896 5106; x_wconf 78' lang='lat' dir='ltr'><strong>gloriosissimam</strong></span> <span class='ocrx_word' id='word_1_730' title='bbox 2933 5030 3092 5085; x_wconf 87' lang='lat' dir='ltr'><strong>nobis</strong></span> <span class='ocrx_word' id='word_1_731' title='bbox 3135 5030 3301 5106; x_wconf 87' lang='lat' dir='ltr'><strong>Chri-</strong></span> 
     </span>
    </p>
   </div>
   <div class='ocr_carea' id='block_1_53' title="bbox 85 5116 3300 5208">
    <p class='ocr_par' dir='ltr' id='par_1_53' title="bbox 85 5116 3300 5208">
     <span class='ocr_line' id='line_1_53' title="bbox 85 5116 3300 5208; baseline 0.001 -37"><span class='ocrx_word' id='word_1_732' title='bbox 85 5126 240 5184; x_wconf 83' lang='lat' dir='ltr'><strong>anxius</strong></span> <span class='ocrx_word' id='word_1_733' title='bbox 260 5116 586 5208; x_wconf 84' lang='lat' dir='ltr'><strong>obligaverit.</strong></span> <span class='ocrx_word' id='word_1_734' title='bbox 613 5134 767 5191; x_wconf 90' lang='lat' dir='ltr'><strong>Unde</strong></span> <span class='ocrx_word' id='word_1_735' title='bbox 788 5135 1018 5192; x_wconf 89' lang='lat' dir='ltr'><strong>consilio</strong></span> <span class='ocrx_word' id='word_1_736' title='bbox 1041 5134 1353 5191; x_wconf 85' lang='lat' dir='ltr'><strong>necessitati</strong></span> <span class='ocrx_word' id='word_1_737' title='bbox 1369 5142 1614 5205; x_wconf 89' lang='lat' dir='ltr'><strong>postmo-</strong></span> <span class='ocrx_word' id='word_1_738' title='bbox 1704 5131 1911 5192; x_wconf 52' lang='lat' dir='ltr'><strong>,stianis</strong></span> <span class='ocrx_word' id='word_1_739' title='bbox 1943 5129 2059 5186; x_wconf 92' lang='lat' dir='ltr'><strong>suis</strong></span> <span class='ocrx_word' id='word_1_740' title='bbox 2087 5129 2252 5200; x_wconf 89' lang='lat' dir='ltr'><strong>paulo</strong></span> <span class='ocrx_word' id='word_1_741' title='bbox 2276 5138 2402 5183; x_wconf 87' lang='lat' dir='ltr'><strong>ante</strong></span> <span class='ocrx_word' id='word_1_742' title='bbox 2437 5126 2668 5197; x_wconf 84' lang='lat' dir='ltr'><strong>benigne</strong></span> <span class='ocrx_word' id='word_1_743' title='bbox 2696 5123 2935 5186; x_wconf 88' lang='lat' dir='ltr'><strong>tradidit,</strong></span> <span class='ocrx_word' id='word_1_744' title='bbox 2975 5133 3030 5177; x_wconf 87' lang='lat' dir='ltr'><strong>et</strong></span> <span class='ocrx_word' id='word_1_745' title='bbox 3076 5136 3300 5191; x_wconf 87' lang='lat' dir='ltr'><strong>posses-</strong></span> 
     </span>
    </p>
   </div>
   <div class='ocr_carea' id='block_1_54' title="bbox 83 5211 3298 5298">
    <p class='ocr_par' dir='ltr' id='par_1_54' title="bbox 83 5211 3298 5298">
     <span class='ocr_line' id='line_1_54' title="bbox 83 5211 3298 5298; baseline 0.002 -35"><span class='ocrx_word' id='word_1_746' title='bbox 83 5211 182 5271; x_wconf 88' lang='lat' dir='ltr'><strong>dum</strong></span> <span class='ocrx_word' id='word_1_747' title='bbox 205 5223 445 5294; x_wconf 88' lang='lat' dir='ltr'><strong>adhibito,</strong></span> <span class='ocrx_word' id='word_1_748' title='bbox 471 5229 660 5284; x_wconf 89' lang='lat' dir='ltr'><strong>urbem</strong></span> <span class='ocrx_word' id='word_1_749' title='bbox 682 5227 955 5298; x_wconf 85' lang='lat' dir='ltr'><strong>Caliptum</strong></span> <span class='ocrx_word' id='word_1_750' title='bbox 975 5227 1226 5282; x_wconf 85' lang='lat' dir='ltr'><strong>obsidere</strong></span> <span class='ocrx_word' id='word_1_751' title='bbox 1266 5226 1608 5292; x_wconf 90' lang='lat' dir='ltr'><strong>acceleravit,</strong></span> <span class='ocrx_word' id='word_1_752' title='bbox 1715 5222 1936 5278; x_wconf 91' lang='lat' dir='ltr'><strong>soribus</strong></span> <span class='ocrx_word' id='word_1_753' title='bbox 1959 5221 2079 5292; x_wconf 90' lang='lat' dir='ltr'><strong>ejus</strong></span> <span class='ocrx_word' id='word_1_754' title='bbox 2101 5221 2344 5287; x_wconf 89' lang='lat' dir='ltr'><strong>abstulit,</strong></span> <span class='ocrx_word' id='word_1_755' title='bbox 2370 5235 2516 5274; x_wconf 92' lang='lat' dir='ltr'><strong>nunc</strong></span> <span class='ocrx_word' id='word_1_756' title='bbox 2545 5217 2594 5273; x_wconf 93' lang='lat' dir='ltr'><strong>ei</strong></span> <span class='ocrx_word' id='word_1_757' title='bbox 2642 5231 2864 5272; x_wconf 89' lang='lat' dir='ltr'><strong>manum</strong></span> <span class='ocrx_word' id='word_1_758' title='bbox 2911 5214 3192 5270; x_wconf 89' lang='lat' dir='ltr'><strong>retrahere</strong></span> <span class='ocrx_word' id='word_1_759' title='bbox 3228 5215 3298 5269; x_wconf 87' lang='lat' dir='ltr'><strong>li-</strong></span> 
     </span>
    </p>
   </div>
   <div class='ocr_carea' id='block_1_55' title="bbox 86 5308 3296 5392">
    <p class='ocr_par' dir='ltr' id='par_1_55' title="bbox 86 5308 3296 5392">
     <span class='ocr_line' id='line_1_55' title="bbox 86 5308 3296 5392; baseline -0.003 -20"><span class='ocrx_word' id='word_1_760' title='bbox 86 5317 304 5375; x_wconf 71' lang='lat' dir='ltr'><strong>‘luatenus</strong></span> <span class='ocrx_word' id='word_1_761' title='bbox 332 5321 448 5392; x_wconf 82' lang='lat' dir='ltr'><strong>ipsa</strong></span> <span class='ocrx_word' id='word_1_762' title='bbox 484 5321 746 5386; x_wconf 87' lang='lat' dir='ltr'><strong>cohibita,</strong></span> <span class='ocrx_word' id='word_1_763' title='bbox 776 5320 859 5376; x_wconf 88' lang='lat' dir='ltr'><strong>vel</strong></span> <span class='ocrx_word' id='word_1_764' title='bbox 882 5319 1102 5375; x_wconf 85' lang='lat' dir='ltr'><strong>obsides</strong></span> <span class='ocrx_word' id='word_1_765' title='bbox 1143 5333 1275 5374; x_wconf 85' lang='lat' dir='ltr'><strong>suos</strong></span> <span class='ocrx_word' id='word_1_766' title='bbox 1315 5335 1345 5373; x_wconf 91' lang='lat' dir='ltr'><strong>a</strong></span> <span class='ocrx_word' id='word_1_767' title='bbox 1397 5317 1609 5373; x_wconf 90' lang='lat' dir='ltr'><strong>civibus</strong></span> <span class='ocrx_word' id='word_1_768' title='bbox 1716 5314 1856 5369; x_wconf 90' lang='lat' dir='ltr'><strong>buit.</strong></span> <span class='ocrx_word' id='word_1_769' title='bbox 1882 5313 2160 5382; x_wconf 87' lang='lat' dir='ltr'><strong>Fortassis</strong></span> <span class='ocrx_word' id='word_1_770' title='bbox 2200 5311 2548 5366; x_wconf 85' lang='lat' dir='ltr'><strong>liberioribus</strong></span> <span class='ocrx_word' id='word_1_771' title='bbox 2577 5309 2832 5382; x_wconf 89' lang='lat' dir='ltr'><strong>agricolis</strong></span> <span class='ocrx_word' id='word_1_772' title='bbox 2870 5308 3085 5386; x_wconf 82' lang='lat' dir='ltr'><strong>vineam</strong></span> <span class='ocrx_word' id='word_1_773' title='bbox 3141 5323 3296 5363; x_wconf 90' lang='lat' dir='ltr'><strong>suam</strong></span> 
     </span>
    </p>
   </div>
   <div class='ocr_carea' id='block_1_56' title="bbox 85 5398 3301 5478">
    <p class='ocr_par' dir='ltr' id='par_1_56' title="bbox 85 5398 3301 5478">
     <span class='ocr_line' id='line_1_56' title="bbox 85 5398 3301 5478; baseline 0.002 -33"><span class='ocrx_word' id='word_1_774' title='bbox 85 5405 395 5478; x_wconf 82' lang='lat' dir='ltr'><strong>extorqueret,</strong></span> <span class='ocrx_word' id='word_1_775' title='bbox 419 5399 503 5465; x_wconf 75' lang='lat' dir='ltr'><strong>v&#39;el</strong></span> <span class='ocrx_word' id='word_1_776' title='bbox 530 5410 669 5466; x_wconf 88' lang='lat' dir='ltr'><strong>forte</strong></span> <span class='ocrx_word' id='word_1_777' title='bbox 697 5410 839 5465; x_wconf 89' lang='lat' dir='ltr'><strong>fame</strong></span> <span class='ocrx_word' id='word_1_778' title='bbox 867 5419 1116 5464; x_wconf 76' lang='lat' dir='ltr'><strong>vexatam</strong></span> <span class='ocrx_word' id='word_1_779' title='bbox 1148 5408 1609 5477; x_wconf 88' lang='lat' dir='ltr'><strong>comprehendere</strong></span> <span class='ocrx_word' id='word_1_780' title='bbox 1713 5407 1968 5462; x_wconf 86' lang='lat' dir='ltr'><strong>excolere</strong></span> <span class='ocrx_word' id='word_1_781' title='bbox 1988 5405 2307 5471; x_wconf 88' lang='lat' dir='ltr'><strong>reservavit,</strong></span> <span class='ocrx_word' id='word_1_782' title='bbox 2333 5403 2428 5474; x_wconf 86' lang='lat' dir='ltr'><strong>qui</strong></span> <span class='ocrx_word' id='word_1_783' title='bbox 2453 5401 2689 5457; x_wconf 89' lang='lat' dir='ltr'><strong>fructum</strong></span> <span class='ocrx_word' id='word_1_784' title='bbox 2709 5401 2762 5474; x_wconf 88' lang='lat' dir='ltr'><strong>ei</strong></span> <span class='ocrx_word' id='word_1_785' title='bbox 2788 5401 3022 5456; x_wconf 89' lang='lat' dir='ltr'><strong>ubertim</strong></span> <span class='ocrx_word' id='word_1_786' title='bbox 3075 5398 3301 5455; x_wconf 89' lang='lat' dir='ltr'><strong>reddere</strong></span> 
     </span>
    </p>
   </div>
   <div class='ocr_carea' id='block_1_57' title="bbox 85 5490 3298 5572">
    <p class='ocr_par' dir='ltr' id='par_1_57' title="bbox 85 5490 3298 5572">
     <span class='ocr_line' id='line_1_57' title="bbox 85 5490 3298 5572; baseline -0.002 -23"><span class='ocrx_word' id='word_1_787' title='bbox 85 5496 243 5550; x_wconf 69' lang='lat' dir='ltr'><strong>Posset.</strong></span> <span class='ocrx_word' id='word_1_788' title='bbox 266 5497 528 5556; x_wconf 90' lang='lat' dir='ltr'><strong>Didicerat</strong></span> <span class='ocrx_word' id='word_1_789' title='bbox 546 5502 692 5557; x_wconf 90' lang='lat' dir='ltr'><strong>enim</strong></span> <span class='ocrx_word' id='word_1_790' title='bbox 717 5502 873 5572; x_wconf 91' lang='lat' dir='ltr'><strong>panis</strong></span> <span class='ocrx_word' id='word_1_791' title='bbox 903 5501 1082 5570; x_wconf 89' lang='lat' dir='ltr'><strong>inopia</strong></span> <span class='ocrx_word' id='word_1_792' title='bbox 1103 5515 1223 5555; x_wconf 90' lang='lat' dir='ltr'><strong>eam</strong></span> <span class='ocrx_word' id='word_1_793' title='bbox 1253 5499 1408 5554; x_wconf 90' lang='lat' dir='ltr'><strong>valde</strong></span> <span class='ocrx_word' id='word_1_794' title='bbox 1429 5515 1604 5570; x_wconf 88' lang='lat' dir='ltr'><strong>angu-</strong></span> <span class='ocrx_word' id='word_1_795' title='bbox 1697 5499 1882 5558; x_wconf 80' lang='lat' dir='ltr'><strong>velint</strong></span> <span class='ocrx_word' id='word_1_796' title='bbox 1919 5498 2003 5552; x_wconf 91' lang='lat' dir='ltr'><strong>vel</strong></span> <span class='ocrx_word' id='word_1_797' title='bbox 2031 5497 2248 5552; x_wconf 90' lang='lat' dir='ltr'><strong>valeant</strong></span> <span class='ocrx_word' id='word_1_798' title='bbox 2294 5503 2602 5566; x_wconf 87' lang='lat' dir='ltr'><strong>opportuno</strong></span> <span class='ocrx_word' id='word_1_799' title='bbox 2645 5493 2702 5548; x_wconf 90' lang='lat' dir='ltr'><strong>in</strong></span> <span class='ocrx_word' id='word_1_800' title='bbox 2752 5502 3014 5563; x_wconf 87' lang='lat' dir='ltr'><strong>tempore.</strong></span> <span class='ocrx_word' id='word_1_801' title='bbox 3063 5490 3298 5564; x_wconf 86' lang='lat' dir='ltr'><strong>Quidam</strong></span> 
     </span>
    </p>
   </div>
   <div class='ocr_carea' id='block_1_58' title="bbox 89 5581 3299 5665">
    <p class='ocr_par' dir='ltr' id='par_1_58' title="bbox 89 5581 3299 5665">
     <span class='ocr_line' id='line_1_58' title="bbox 89 5581 3299 5665; baseline 0.002 -35"><span class='ocrx_word' id='word_1_802' title='bbox 89 5581 293 5665; x_wconf 46' lang='lat' dir='ltr'><strong>s_lari.Ab</strong></span> <span class='ocrx_word' id='word_1_803' title='bbox 314 5594 603 5649; x_wconf 83' lang='lat' dir='ltr'><strong>Antiochia</strong></span> <span class='ocrx_word' id='word_1_804' title='bbox 640 5610 834 5665; x_wconf 83' lang='lat' dir='ltr'><strong>magna</strong></span> <span class='ocrx_word' id='word_1_805' title='bbox 865 5593 934 5648; x_wconf 70' lang='grc'><strong>10</strong></span> <span class='ocrx_word' id='word_1_806' title='bbox 957 5594 1201 5649; x_wconf 90' lang='lat' dir='ltr'><strong>millibus</strong></span> <span class='ocrx_word' id='word_1_807' title='bbox 1246 5593 1440 5649; x_wconf 89' lang='lat' dir='ltr'><strong>civitas</strong></span> <span class='ocrx_word' id='word_1_808' title='bbox 1491 5593 1607 5647; x_wconf 74' lang='lat' dir='ltr'><strong>hznc</strong></span> <span class='ocrx_word' id='word_1_809' title='bbox 1713 5589 1936 5661; x_wconf 89' lang='lat' dir='ltr'><strong>quidem</strong></span> <span class='ocrx_word' id='word_1_810' title='bbox 1980 5603 2104 5644; x_wconf 91' lang='lat' dir='ltr'><strong>cum</strong></span> <span class='ocrx_word' id='word_1_811' title='bbox 2135 5587 2260 5658; x_wconf 90' lang='lat' dir='ltr'><strong>plus</strong></span> <span class='ocrx_word' id='word_1_812' title='bbox 2288 5586 2492 5641; x_wconf 90' lang='lat' dir='ltr'><strong>habent</strong></span> <span class='ocrx_word' id='word_1_813' title='bbox 2526 5584 2708 5640; x_wconf 91' lang='lat' dir='ltr'><strong>minus</strong></span> <span class='ocrx_word' id='word_1_814' title='bbox 2737 5584 2938 5651; x_wconf 85' lang='lat' dir='ltr'><strong>valent,</strong></span> <span class='ocrx_word' id='word_1_815' title='bbox 2993 5598 3094 5638; x_wconf 90' lang='lat' dir='ltr'><strong>nec</strong></span> <span class='ocrx_word' id='word_1_816' title='bbox 3135 5581 3299 5653; x_wconf 87' lang='lat' dir='ltr'><strong>largi-</strong></span> 
     </span>
    </p>
   </div>
   <div class='ocr_carea' id='block_1_59' title="bbox 87 5663 3296 5756">
    <p class='ocr_par' dir='ltr' id='par_1_59' title="bbox 87 5663 3296 5756">
     <span class='ocr_line' id='line_1_59' title="bbox 87 5663 3296 5756; baseline -0.003 -17"><span class='ocrx_word' id='word_1_817' title='bbox 87 5663 334 5750; x_wconf 62' lang='lat' dir='ltr'><strong>dim(fuat;</strong></span> <span class='ocrx_word' id='word_1_818' title='bbox 362 5679 473 5756; x_wconf 87' lang='lat' dir='ltr'><strong>quo</strong></span> <span class='ocrx_word' id='word_1_819' title='bbox 499 5685 553 5740; x_wconf 93' lang='lat' dir='ltr'><strong>in</strong></span> <span class='ocrx_word' id='word_1_820' title='bbox 576 5685 700 5742; x_wconf 92' lang='lat' dir='ltr'><strong>loco</strong></span> <span class='ocrx_word' id='word_1_821' title='bbox 721 5663 790 5741; x_wconf 80' lang='lat' dir='ltr'><strong>ab</strong></span> <span class='ocrx_word' id='word_1_822' title='bbox 809 5686 1108 5749; x_wconf 80' lang='lat' dir='ltr'><strong>Abraham,</strong></span> <span class='ocrx_word' id='word_1_823' title='bbox 1131 5685 1352 5756; x_wconf 90' lang='lat' dir='ltr'><strong>quando</strong></span> <span class='ocrx_word' id='word_1_824' title='bbox 1383 5685 1450 5740; x_wconf 90' lang='lat' dir='ltr'><strong>de</strong></span> <span class='ocrx_word' id='word_1_825' title='bbox 1468 5684 1608 5739; x_wconf 60' lang='lat' dir='ltr'><strong>Car»</strong></span> <span class='ocrx_word' id='word_1_826' title='bbox 1695 5682 1820 5739; x_wconf 88' lang='lat' dir='ltr'><strong>.tori</strong></span> <span class='ocrx_word' id='word_1_827' title='bbox 1848 5682 2118 5737; x_wconf 88' lang='lat' dir='ltr'><strong>honorum</strong></span> <span class='ocrx_word' id='word_1_828' title='bbox 2153 5681 2355 5753; x_wconf 86' lang='lat' dir='ltr'><strong>gratias</strong></span> <span class='ocrx_word' id='word_1_829' title='bbox 2381 5687 2613 5750; x_wconf 89' lang='lat' dir='ltr'><strong>quantas</strong></span> <span class='ocrx_word' id='word_1_830' title='bbox 2641 5677 2840 5733; x_wconf 89' lang='lat' dir='ltr'><strong>debent</strong></span> <span class='ocrx_word' id='word_1_831' title='bbox 2878 5677 3168 5742; x_wconf 85' lang='lat' dir='ltr'><strong>exhibent;</strong></span> <span class='ocrx_word' id='word_1_832' title='bbox 3200 5689 3296 5728; x_wconf 90' lang='lat' dir='ltr'><strong>ve-</strong></span> 
     </span>
    </p>
   </div>
   <div class='ocr_carea' id='block_1_60' title="bbox 89 5767 3295 5849">
    <p class='ocr_par' dir='ltr' id='par_1_60' title="bbox 89 5767 3295 5849">
     <span class='ocr_line' id='line_1_60' title="bbox 89 5767 3295 5849; baseline -0.002 -19"><span class='ocrx_word' id='word_1_833' title='bbox 89 5771 176 5817; x_wconf 64' lang='lat' dir='ltr'><strong>ram</strong></span> <span class='ocrx_word' id='word_1_834' title='bbox 202 5767 403 5833; x_wconf 78' lang='lat' dir='ltr'><strong>interra</strong></span> <span class='ocrx_word' id='word_1_835' title='bbox 431 5779 883 5849; x_wconf 84' lang='lat' dir='ltr'><strong>peregrinabatur</strong></span> <span class='ocrx_word' id='word_1_836' title='bbox 908 5777 1220 5842; x_wconf 82' lang='lat' dir='ltr'><strong>Chanaam,</strong></span> <span class='ocrx_word' id='word_1_837' title='bbox 1256 5792 1454 5846; x_wconf 88' lang='lat' dir='ltr'><strong>pecora</strong></span> <span class='ocrx_word' id='word_1_838' title='bbox 1507 5792 1606 5832; x_wconf 93' lang='lat' dir='ltr'><strong>sua</strong></span> <span class='ocrx_word' id='word_1_839' title='bbox 1713 5790 1836 5830; x_wconf 89' lang='lat' dir='ltr'><strong>rum</strong></span> <span class='ocrx_word' id='word_1_840' title='bbox 1887 5773 2052 5828; x_wconf 89' lang='lat' dir='ltr'><strong>etiam</strong></span> <span class='ocrx_word' id='word_1_841' title='bbox 2089 5771 2202 5827; x_wconf 90' lang='lat' dir='ltr'><strong>Deo</strong></span> <span class='ocrx_word' id='word_1_842' title='bbox 2247 5773 2300 5827; x_wconf 90' lang='lat' dir='ltr'><strong>in</strong></span> <span class='ocrx_word' id='word_1_843' title='bbox 2355 5773 2463 5838; x_wconf 90' lang='lat' dir='ltr'><strong>his,</strong></span> <span class='ocrx_word' id='word_1_844' title='bbox 2499 5786 2622 5841; x_wconf 73' lang='lat' dir='ltr'><strong>quae</strong></span> <span class='ocrx_word' id='word_1_845' title='bbox 2648 5771 2791 5825; x_wconf 90' lang='lat' dir='ltr'><strong>votis</strong></span> <span class='ocrx_word' id='word_1_846' title='bbox 2832 5769 2906 5822; x_wconf 90' lang='lat' dir='ltr'><strong>illi</strong></span> <span class='ocrx_word' id='word_1_847' title='bbox 2951 5767 3295 5837; x_wconf 83' lang='lat' dir='ltr'><strong>promittunt,</strong></span> 
     </span>
    </p>
   </div>
   <div class='ocr_carea' id='block_1_61' title="bbox 91 5856 3094 5942">
    <p class='ocr_par' dir='ltr' id='par_1_61' title="bbox 91 5856 3094 5942">
     <span class='ocr_line' id='line_1_61' title="bbox 91 5856 3094 5942; baseline -0.003 -23"><span class='ocrx_word' id='word_1_848' title='bbox 91 5856 173 5912; x_wconf 60' lang='lat' dir='ltr'><strong>iam</strong></span> <span class='ocrx_word' id='word_1_849' title='bbox 197 5859 394 5926; x_wconf 79' lang='lat' dir='ltr'><strong>ietcntia</strong></span> <span class='ocrx_word' id='word_1_850' title='bbox 417 5885 581 5940; x_wconf 87' lang='lat' dir='ltr'><strong>quam</strong></span> <span class='ocrx_word' id='word_1_851' title='bbox 611 5859 776 5926; x_wconf 84' lang='lat' dir='ltr'><strong>fetata</strong></span> <span class='ocrx_word' id='word_1_852' title='bbox 820 5870 874 5924; x_wconf 90' lang='lat' dir='ltr'><strong>in</strong></span> <span class='ocrx_word' id='word_1_853' title='bbox 899 5871 1117 5942; x_wconf 85' lang='lat' dir='ltr'><strong>pascuis</strong></span> <span class='ocrx_word' id='word_1_854' title='bbox 1169 5871 1274 5925; x_wconf 88' lang='lat' dir='ltr'><strong>illis</strong></span> <span class='ocrx_word' id='word_1_855' title='bbox 1313 5869 1605 5928; x_wconf 86' lang='lat' dir='ltr'><strong>uberrimis</strong></span> <span class='ocrx_word' id='word_1_856' title='bbox 1714 5884 1832 5925; x_wconf 85' lang='lat' dir='ltr'><strong>sese</strong></span> <span class='ocrx_word' id='word_1_857' title='bbox 1855 5866 2120 5935; x_wconf 86' lang='lat' dir='ltr'><strong>fallentes,</strong></span> <span class='ocrx_word' id='word_1_858' title='bbox 2147 5865 2275 5922; x_wconf 87' lang='lat' dir='ltr'><strong>item</strong></span> <span class='ocrx_word' id='word_1_859' title='bbox 2299 5866 2535 5938; x_wconf 75' lang='lat' dir='ltr'><strong>itemque</strong></span> <span class='ocrx_word' id='word_1_860' title='bbox 2566 5861 2876 5920; x_wconf 86' lang='lat' dir='ltr'><strong>mentiendo</strong></span> <span class='ocrx_word' id='word_1_861' title='bbox 2901 5859 3094 5922; x_wconf 81' lang='lat' dir='ltr'><strong>fallunt</strong></span> 
     </span>
    </p>
   </div>
  </div>
