3850 6310
519 397 628 458 927

1117 509 1345 566 CAPUT
1385 508 1500 564 XL.

587 605 744 673 Quod
784 621 875 660 rea:
899 603 1284 674 Hierosolymis
1313 618 1434 656 cum
1460 600 1656 672 gaudio
1675 601 1745 654 sit
1774 610 2028 672 receptus.

583 698 725 754 Cum
755 706 934 753 autem
962 695 1176 751 duobus
1205 693 1317 750 fere
1343 694 1502 749 annis
1539 701 1741 759 tentus,
1769 701 1824 748 et
1865 691 2100 748 vinculis

511 790 856 861 compeditus
885 804 915 843 a
931 788 1156 860 paganis
1185 786 1529 842 atrocissime
1551 801 1648 842 rex
1671 785 1882 854 fuisset,
1909 785 2098 841 Hiero-

509 883 780 955 solymam
808 897 964 937 suam
987 895 1238 935 reversus
1260 879 1450 946 rediit;
1479 894 1643 951 quem
1671 895 1734 934 ιιι
1771 877 1913 934 Νοιι.
1940 879 2102 950 Apri-

510 971 582 1030 lis
604 973 840 1029 universi
862 972 1208 1043 processione
1233 972 1434 1027 celebri
1465 971 1829 1042 suscepimus.
1857 971 1984 1038 Qui,
2003 987 2100 1041 pa-

509 1082 636 1122 rum
669 1066 812 1136 apud
842 1080 942 1121 nos
967 1073 1360 1130 commoratus,
1390 1064 1740 1121 Antiochiam
1776 1063 2101 1120 festinanter

506 1155 688 1210 rediit.
725 1153 1136 1210 Turcisterram
1165 1155 1314 1209 illam
1334 1154 1448 1225 jam
1471 1156 1834 1223 vastantibus,
1859 1171 2096 1226 quorum

505 1246 784 1315 potentior
807 1246 1180 1316 Borsequinus
1207 1257 1326 1304 erat
1357 1250 1694 1318 nominatus,
1737 1249 1946 1320 junctis
1991 1248 2095 1304 sibi

502 1352 598 1393 sex
625 1337 867 1396 millibus
889 1340 1145 1395 militum.

1093 1446 1325 1508 CAPUT
1367 1447 1509 1503 XLI.

501 1536 582 1594 De
619 1537 902 1608 Veneticis,
935 1541 1026 1610 qui
1051 1549 1359 1594 revertentes
1388 1539 1605 1594 Insulas
1628 1539 1962 1611 imperatoris
1997 1557 2092 1594 va-

1147 1620 1438 1665 staverunt.

571 1699 731 1757 Tunc
762 1701 1025 1772 temporis
1046 1717 1224 1773 usque
1245 1703 1312 1758 ad
1348 1718 1452 1758 nos
1470 1702 1780 1772 divulgatur
1804 1701 2092 1759 Veneticos

498 1799 628 1863 post
657 1790 862 1863 Tyrum
890 1802 1106 1862 captam
1144 1794 1200 1848 in
1225 1793 1519 1864 repatriatu
1543 1810 1645 1849 suo
1683 1793 1894 1849 insulas
1916 1794 2090 1865 impe-

498 1882 724 1948 ratoris,
757 1897 855 1951 per
883 1898 1022 1952 quas
1049 1884 1414 1952 praeteribant,
1442 1883 1694 1938 Rhodum
1741 1885 1992 1942 videlicet
2037 1894 2091 1942 et

497 1969 837 2038 Mothonem,
865 1971 1070 2026 Sanum
1097 1989 1315 2043 quoque
1344 1984 1398 2028 et
1417 1975 1636 2041 Chium,
1653 1975 1919 2032 violenter
1937 1993 2090 2033 com-

497 2061 875 2132 prehendisse,
909 2063 1221 2133 pariterque
1249 2063 1450 2118 moenia
1475 2063 1733 2133 diruisse,
1773 2066 2007 2136 puberes
2034 2077 2090 2123 et

496 2155 708 2225 puellas
739 2154 1122 2210 miserabiliter
1141 2155 1465 2226 captivasse,
1493 2157 1784 2228 pecuniam
1808 2159 2089 2214 multimo-

494 2245 624 2300 dam
669 2263 854 2303 secum
903 2257 1236 2319 asportasse.
1274 2249 1381 2304 Sed
1428 2251 1692 2321 quoniam
1737 2251 2087 2323 nequivimus

495 2337 601 2394 hoc
627 2339 1031 2407 commendare,
1058 2338 1116 2394 in
1149 2340 1454 2397 visceribus
1481 2341 1692 2397 intimis
1727 2343 1831 2398 hoc
1858 2344 2086 2400 audien-

493 2438 577 2486 tes
607 2430 1007 2486 condoluimus.
1064 2429 1131 2486 Hi
1160 2434 1309 2488 enim
1353 2434 1620 2490 adversus
1670 2446 2081 2506 imperatorem,

491 2519 585 2576 hic
606 2536 824 2594 quoque
857 2531 1048 2579 contra
1101 2523 1392 2583 Veneticos
1440 2527 1822 2584 crudelissime
1874 2529 2086 2585 utrobi-

491 2627 601 2682 que
639 2613 1024 2670 deszeviebant.
1059 2616 1274 2672 Inimici
1321 2617 1468 2673 enim
1519 2628 1677 2673 erant
1705 2620 1772 2674 ad
1824 2620 2078 2677 invicem.

495 2703 601 2759 Sed
629 2722 705 2761 υω
733 2708 928 2762 mundo
953 2707 1018 2762 ab
1047 2710 1356 2764 scandatis!
1384 2727 1462 2766 vae
1484 2711 1592 2766 illis
1614 2713 1778 2767 etiam
1817 2729 1913 2784 per
1942 2730 2084 2785 quos

491 2797 751 2854 scandala
778 2801 1055 2856 eveniunt!
1075 2801 1294 2871 (Matth.
1316 2820 1474 2871 xvm,
1500 2805 1576 2875 7.)
1608 2805 1665 2860 Si
1696 2807 1853 2876 culpa
1875 2808 1959 2863 est
1980 2808 2084 2863 im-

494 2892 789 2960 peratoris,
821 2894 963 2948 male
991 2894 1212 2964 quidem
1241 2897 1354 2967 ipse
1381 2897 1630 2968 imperat.
1659 2898 1716 2954 Si
1753 2909 1934 2956 autem
1979 2901 2084 2958 Ve-

492 2985 820 3050 neticorum,
873 2985 977 3056 ipsi
1033 2985 1139 3041 sibi
1193 2989 1602 3045 damnationem
1651 2992 1962 3062 acquirunt.
2005 2993 2083 3050 De

493 3076 748 3146 superbia
773 3077 974 3148 quippe
1002 3089 1223 3150 peccata
1249 3082 1551 3150 procedunt
1583 3083 1858 3140 universa.
1888 3083 2081 3142 Nonne

493 3166 980 3270 superbitnbomo,
1028 3171 1249 3240 quando
1285 3170 1416 3227 facit
1444 3173 1591 3242 quod
1614 3175 1862 3243 prohibet
1904 3175 2081 3232 Deus?
2107 3209 2152 3270 ε

493 3254 708 3311 Habent
737 3256 978 3316 Venetici
1009 3262 1304 3318 ulciscendi
1341 3279 1402 3320 se
1421 3265 1792 3332 occasionem,
1828 3267 1991 3322 habet
2027 3279 2080 3323 et

493 3345 796 3417 imperator
827 3349 1153 3408 defendendi
1185 3370 1262 3420 sc,
1295 3364 1357 3410 ut
1403 3357 1500 3423 ait,
1528 3357 1838 3427 justiorem.
1888 3359 2081 3416 Inson-

489 3455 575 3504 tcs
616 3458 818 3506 autem'
843 3452 898 3509 in
947 3456 1127 3510 medio
1161 3457 1347 3528 positi,
1372 3465 1426 3513 et
1479 3474 1666 3515 eorum
1718 3461 1932 3532 injuriae
1969 3480 2079 3520 non

490 3544 712 3600 obnoxii
747 3548 924 3617 luunt,
949 3559 1001 3605 ct
1024 3551 1226 3622 injuste
1253 3554 1505 3623 perdunt.
1541 3553 1647 3610 Sed
1673 3557 1801 3626 quid
1820 3568 2079 3627 prmterea

493 3635 787 3694 dicendum
814 3649 898 3697 est
928 3642 1026 3709 eis,
1055 3645 1151 3714 qui
1185 3655 1342 3715 raptu
1374 3646 1601 3716 piratico
1640 3650 1942 3719 peregrinis
1989 3651 2082 3706 Dei

488 3735 546 3783 et
571 3726 910 3787 Hierusalem
950 3749 1050 3803 pro
1092 3751 1280 3791 amore
1315 3735 1613 3807 Creatoris,
1637 3755 1759 3794 cum
1801 3743 1990 3797 labors
2029 3751 2083 3798 et

489 3835 693 3892 angore
718 3824 1022 3881 tantimodo
1055 3829 1314 3885 euntibus
1338 3830 1393 3884 in
1431 3832 1622 3903 pelago
1650 3835 1790 3888 mala
1817 3852 1939 3904 qua:
1962 3853 2084 3906 pos-

489 3921 620 3968 sunt
647 3913 825 3970 facere
863 3931 974 3972 non
1014 3918 1325 3976 desistunt?
1371 3920 1430 3976 Si
1477 3923 1799 3991 beatificari,
1851 3926 2083 3982 Domino

489 4004 722 4072 dicente,
741 4009 1098 4065 merebuntur
1125 4011 1507 4070 misericordes
1526 4015 1745 4087 (Matth.
1771 4034 1824 4085 v,
1851 4018 1924 4088 7),
1950 4021 2082 4089 quid

489 4096 754 4150 contrarii
778 4097 996 4166 pietatis
1020 4101 1290 4170 recipiunt
1327 4119 1428 4173 pro
1454 4104 1731 4176 impietate
1762 4124 1860 4162 sua
1901 4108 2084 4163 immi-

493 4187 835 4245 sericordes?
860 4191 1274 4260 Malcdicuntur,
1305 4200 1875 4266 excommunicantur,
1900 4210 1953 4255 et
1978 4202 2083 4255 im-

491 4279 820 4352 pmnitentes
849 4293 902 4338 et
942 4285 1130 4354 perﬁdi
1159 4289 1487 4345 moriuntur.
1546 4290 1892 4346 Descendunt
1941 4294 2082 4349 ultro

492 4373 630 4429 tales
658 4375 714 4428 in
739 4376 1005 4446 infernum
1028 4381 1254 4436 viventes
1293 4381 1469 4453 (Psat.
1497 4400 1605 4449 LIV,
1630 4385 1739 4455 16).
1767 4385 2081 4454 Apostolico

486 4480 596 4519 non
631 4467 913 4535 obediunt,
941 4475 1309 4541 patriarcham
1346 4485 1724 4543 contemnunt,
1763 4487 2078 4534 sanctorum

1093 395 1186 450 AD
1221 393 1672 453 GODEFBIDUM
1710 390 2004 450 APPEND.
2046 392 2110 449 Il.
2149 422 2219 432 —
2249 389 2521 449 MONUM.
2560 391 2650 444 DE
2687 391 2912 448 Βιλιιο
2951 393 3197 448 δΑοιιυ.
3656 405 3728 457 θυλς

2128 507 2177 567 Α

2777 503 3006 560 CAPUT
3043 502 3207 559 XLII.

2204 617 2282 674 De
2312 618 2494 672 multis
2531 634 2566 672 a
2594 616 2920 688 Borsequino
2954 617 3291 687 perpetratis,
3318 626 3368 669 et
3410 618 3580 685 pratia
3595 633 3730 678 contra

2814 690 2988 758 ipsum
3010 697 3173 758 gesto.

2271 778 2443 852 Igitur
2480 779 2883 852 Borscquinus,
2920 780 3080 850 cujus
3127 788 3238 834 tam
3273 779 3582 850 probitatem
3607 800 3728 852 quam

2201 871 2606 942 improbitatem
2658 873 2828 927 ordiri
2870 873 2985 943 jam
3027 871 3322 942 coepimus,
3359 889 3480 926 cum
3524 876 3729 944 paulatim

2199 980 2296 1034 per
2327 965 2574 1036 singulos
2610 966 2727 1021 dies
2761 966 2880 1036 ejus
2903 973 3282 1021 concresceret
3323 965 3599 1033 exercitus,
3619 972 3729 1040 oppi-

2199 1054 2329 1108 dum
2407 1054 2686 1125 quoddam
2752 1053 3049 1110 vocitatum
3113 1052 3460 1124 Caphardam
3507 1053 3731 1112 obsidione

2199 1144 2395 1212 arcuit,
2421 1153 2477 1200 et
2523 1145 2756 1201 arcitum
2805 1143 3239 1216 comprehendit.
3289 1143 3445 1212 Quod
3470 1145 3519 1200 ei
3551 1147 3729 1203 tradide-

2198 1245 2329 1291 runt
2377 1237 2473 1308 qui
2515 1246 2724 1292 tutores
2764 1237 2885 1308 ejus
2913 1246 3088 1305 erant,
3138 1252 3267 1292 cum
3307 1237 3510 1292 diutius
3541 1239 3731 1297 obtinere

2197 1329 2506 1398 nequirent,
2536 1345 2638 1386 nec
2663 1330 2990 1386 subventum
3013 1330 3236 1386 aliunde
3259 1330 3460 1385 habere
3482 1343 3730 1401 sperarent,

2195 1414 2439 1472 Necdum
2466 1435 2562 1474 rex
2600 1434 2765 1475 noser
2802 1419 2934 1474 illuc
2959 1433 3305 1490 pervenerat,
3333 1435 3432 1475 nec
3463 1437 3625 1477 comes
3641 1423 3730 1478 Tri-

2195 1509 2473 1578 politanus
2505 1526 2670 1582 quem
2703 1527 2890 1568 secum
2922 1511 3051 1567 illuc
3084 1511 3341 1566 ducebat.
3375 1510 3452 1567 De
3480 1511 3730 1588 Hierosoly-

2195 1599 2418 1657 mitanis
2441 1611 2624 1656 autem
2645 1617 2850 1672 paucos
2871 1602 3108 1658 habebat
3124 1644 3138 1668 ,
3165 1603 3430 1672 quoniam
3455 1602 3505 1657 in
3532 1608 3730 1673 praesenti

2192 1699 2248 1746 et
2294 1692 2350 1747 in
2395 1693 2670 1763 przetcrito
2719 1709 2866 1749 anno
2915 1694 3072 1749 valde
3119 1693 3329 1765 fatigati
3370 1692 3590 1749 fuerant.
3629 1695 3729 1753 Nam

2192 1785 2470 1854 quomodo
2525 1794 2603 1841 tot
2663 1785 2878 1841 labores
2933 1785 3156 1841 assidue
3209 1785 3444 1841 tolerare
3497 1799 3729 1857 poterant.

2124 1856 2166 1911 Β
2192 1881 2392 1950 quibus
2427 1881 2517 1935 vix
2564 1895 2675 1935 uno
2719 1896 2908 1935 mense
2950 1880 3006 1934 in
3051 1880 3314 1935 domibus
3343 1879 3460 1935 suis
3505 1881 3732 1951 quiescere

2191 1972 2432 2028 licebat?
2465 1970 2626 2027 Certe
2657 1971 2897 2027 crudelis
2933 1971 3098 2026 corde
3125 1980 3209 2026 est
3229 2013 3243 2039 ,
3278 1972 3373 2042 qui
3400 1971 3479 2026 eis
3513 1972 3595 2042 qui
3621 1975 3732 2028 circa

2191 2065 2533 2120 llicrusalem
2574 2065 2887 2120 inhabitant
2930 2065 3016 2134 pie
3043 2079 3155 2119 non
3190 2064 3536 2134 compatitur.
3560 2063 3648 2132 Qui
3667 2066 3732 2121 die

2189 2175 2254 2218 ac
2284 2167 2442 2214 nocte
2472 2159 2527 2213 in
2551 2157 2772 2214 Domini
2811 2157 3036 2214 servitio
3065 2155 3392 2227 gravissime
3433 2156 3731 2222 tribulantur,

2188 2251 2280 2322 qui
2303 2251 2467 2306 etiam
2487 2293 2501 2318 ,
2532 2265 2659 2307 cum
2689 2250 2756 2306 de
2790 2249 3030 2320 hospitio
3063 2263 3166 2304 suo
3205 2258 3440 2314 exeunt,
3486 2265 3549 2304 ne
3574 2249 3731 2303 reverti

2187 2353 2375 2415 postea
2413 2343 2628 2414 possint
2671 2342 2849 2398 tinndi
2895 2343 3200 2414 ambigunt.
3236 2341 3294 2394 Si
3335 2341 3490 2412 longe
3518 2341 3733 2405 tendunt,

2187 2437 2498 2493 necessario
2547 2435 2820 2492 alimentis
2847 2435 2964 2491 suis
2991 2443 3046 2490 et
3084 2434 3416 2490 utensilibus
3455 2435 3732 2489 oncratiin-

2161 2522 2404 2587 ’cedunt.
2436 2529 2494 2586 Si
2529 2545 2795 2601 pauperes
2815 2529 2900 2584 vel
2929 2528 3214 2600 agricolae,
3257 2537 3355 2582 aut
3379 2528 3583 2599 lignarii
3617 2536 3735 2596 sunt,

2188 2623 2243 2678 in
2279 2623 2512 2684 saltibus
2533 2631 2589 2678 et
2630 2621 2793 2690 lucis,
2835 2620 3156 2692 Ethiopum
3185 2620 3404 2675 insidiis
3433 2630 3522 2675 aut
3552 2621 3736 2691 capiun-

2185 2723 2295 2780 tur,
2321 2723 2416 2768 aut
2449 2721 2736 2769 necantur.
2782 2710 2921 2766 Hinc
2945 2709 3231 2782 Babylonii
3263 2719 3410 2764 terra
3435 2719 3487 2765 et
3515 2711 3666 2777 mari,
3685 2709 3736 2765 ab

2185 2805 2441 2874 aquilone
2463 2819 2595 2859 vero
2625 2802 2789 2858 Turci
2812 2803 3135 2874 plerumque
3163 2811 3463 2857 accurrunt
3483 2801 3740 2858 subitanei.

2183 2896 2389 2951 Praesto
2414 2897 2616 2967 quippe
2648 2905 2776 2952 sunt
2807 2911 2972 2950 aures
3015 2903 3070 2950 et
3100 2902 3323 2949 attentze
3349 2893 3416 2948 ad
3444 2894 3734 2949 cornicinem

2183 2991 2546 3056 audiendum,
2599 2989 2644 3044 si
2682 2987 2822 3043 forte
2847 2987 3182 3058 increpuerit
3217 2987 3450 3042 bellicus
3487 2988 3735 3041 tumultus.

2183 3082 2337 3150 Quod
2387 3083 2492 3138 nisi
2548 3082 2822 3137 interdum
2863 3081 3141 3153 peccando
3186 3081 3562 3148 dcviaremus,
3609 3080 3740 3135 amici

2185 3191 2370 3230 revera
2433 3174 2526 3229 Dei
2551 3175 2778 3229 omnino
2842 3191 3111 3230 essemus.
3161 3173 3539 3245 Borseqninus
3593 3185 3739 3229 autem

2184 3269 2446 3324 humilem
2492 3268 2706 3341 Syriam
2741 3269 3104 3339 proculcans,
3148 3277 3201 3323 et
3245 3269 3382 3338 quid
3424 3269 3473 3322 ei
3507 3268 3664 3337 magis
3687 3267 3744 3321 sit

2183 3363 2532 3418 commodum
2555 3361 2783 3416 sollicite
2805 3361 3121 3430 exquirens,
3149 3358 3515 3414 Sardanaium
3536 3369 3742 3415 castrum

2183 3455 2414 3510 obsedit.
2453 3455 2555 3509 Sed
2606 3454 2742 3508 nihil
2776 3453 2886 3508 illic
2926 3453 3256 3524 proficiens,
3301 3453 3371 3508 ad
3420 3453 3741 3524 municipium

2184 3549 2360 3605 Hasar
2390 3550 2732 3604 nominatum
2762 3549 3066 3606 exercitum
3102 3564 3266 3603 suum
3300 3549 3587 3603 convertit.
3615 3544 3744 3612 Quod

2184 3642 2367 3697 statim
2410 3642 2697 3697 obsessum
2740 3641 3014 3697 machinis
3058 3649 3112 3696 et
3151 3642 3445 3696 tormentis
3480 3641 3744 3696 vehemen-

2184 3734 2396 3788 tissime
2422 3733 2691 3789 coercuit.‘
2727 3731 2830 3787 Cui
2863 3750 2958 3788 rex
2983 3733 3451 3788 Damascenorum
3483 3750 3603 3788 cum
3643 3748 3744 3802 pro-

2184 3834 2427 3894 perasset
2469 3825 2762 3881 mandatus
2790 3825 3068 3895 adjutum,
3110 3825 3299 3879 audito
3335 3825 3483 3897 regis
3511 3826 3746 3888 adventu,

2178 3918 2292 3988 jam
2320 3917 2512 3972 callide
2559 3916 2934 3988 Borsequinus
2969 3916 3202 3971 tentoria
3242 3933 3343 3971 sua
3391 3919 3615 3973 collecta
3646 3933 3748 3972 cum

2183 4007 2416 4062 sarcinis
2445 4023 2562 4063 SUIS
2603 4007 2992 4064 formidolosus
3022 4008 3304 4062 emiserat.
3336 4007 3405 4062 Et
3436 4026 3561 4065 cum
3596 4023 3748 4078 usque

2182 4101 2252 4156 ad
2295 4102 2844 4172 comprehensionem
2888 4101 3003 4170 jam
3061 4111 3304 4156 castrum
3367 4113 3671 4174 angeretur,
3709 4111 3751 4154 et

2185 4199 2398 4261 tempus
2445 4193 2512 4246 ad
2556 4193 2788 4246 bellandi
2817 4193 3067 4247 affectum
3109 4201 3330 4248 nostros
3354 4204 3621 4260 arctaret,
3650 4208 3751 4247 cccc

2183 4301 2277 4339 rex
2320 4285 2470 4339 venit
2497 4300 2623 4339 cum
2661 4284 2728 4338 13
2763 4285 2956 4339 cuneis
2983 4283 3396 4339 ordinatissime
3418 4295 3751 4356 praeparatus.

2181 4377 2263 4433 Ad
2295 4378 2454 4448 cujus
2484 4393 2656 4432 cornu
2682 4377 2934 4432 dextrum
2960 4376 3289 4431 Antiocltcni
3313 4379 3601 4432 constituti
3627 4385 3750 4432 sunt.

2182 4466 2240 4520 ln
2291 4468 2424 4522 laevo
2467 4468 2576 4522 duo
2617 4467 2868 4533 comites,
2915 4465 3290 4537 Tripolitanus
3339 4477 3398 4523 et
3444 4468 3751 4524 Edessenus.

485 4555 711 4615 Patrum
739 4561 883 4618 dicta
931 4565 1291 4636 vilipendum,
1326 4567 1472 4635 scio,
1519 4570 1635 4630 ερίο
1691 4570 1838 4640 quod
1871 4572 1952 4627 eis
1990 4573 2075 4627 di-
2111 4557 2154 4612 D
2182 4559 2294 4615 Rex
2324 4577 2453 4616 vero
2479 4561 2532 4615 in
2567 4560 2730 4616 tertio
2753 4577 2878 4616 cum
2915 4561 3168 4618 densiore
3201 4573 3256 4617 et
3291 4564 3628 4632 posteriore,
3651 4578 3753 4618 cum

485 4665 613 4707 cere
640 4669 747 4708 non
783 4653 1040 4713 formido.
1081 4657 1347 4713 Futurum
1373 4660 1519 4714 enim
1554 4670 1640 4716 est
1665 4663 1810 4732 quod
1855 4665 2078 4720 audient

485 4757 517 4797 a
547 4741 778 4800 Domino
808 4746 990 4816 judice
1037 4748 1193 4803 valde
1234 4764 1458 4804 severo:
1499 4769 1518 4801 ‹
1555 4750 1748 4806 Nescio
1793 4755 1930 4809 unde
1958 4756 2077 4811 sitis

487 4831 642 4904 (Luc.
677 4852 796 4904 xm,
825 4838 941 4910 27),
985 4839 1078 4910 qui
1107 4840 1332 4909 januam
1358 4841 1514 4897 vobis
1549 4844 1758 4913 aperire
1802 4847 2074 4904 clamatis.

483 4924 552 4982 Et
583 4929 734 4984 tarde
755 4931 1048 4999 venitis,et
1072 4932 1209 4986 nihil
1235 4932 1364 4987 boni
1389 4935 1673 4990 vobiscum
1704 4937 1930 4993 affertis.
1962 4937 2077 4994 lmo

473 5019 652 5091 janua
687 5023 802 5092 jam
846 5024 1033 5079 clausa
1078 5035 1156 5080 est
1186 5026 1405 5096 (Matth.
1460 5046 1594 5099 xxv,
1661 5031 1770 5104 10).
1813 5031 2078 5090 Noluistis

481 5115 630 5169 enim
667 5131 756 5171 me
779 5117 990 5185 audire,
1022 5133 1122 5174 nec
1145 5121 1378 5191 amplius
1399 5123 1597 5196 dignor
1621 5141 1718 5182 vos
1740 5127 2071 5182 auscultare.

483 5201 590 5269 Qui
620 5205 896 5274 quondam
921 5207 1172 5276 clamavi,
1209 5208 1388 5266 Venite
1409 5213 1626 5284 (Matth.
1657 5232 1736 5282 xi,
1763 5216 1876 5286 28),
1921 5233 2070 5273 nunc

483 5294 714 5350 omnino
750 5295 901 5363 dico,
958 5297 1220 5357 Discedite
1276 5303 1496 5374 (Matth.
1555 5324 1724 5375 xxvn,
1749 5309 1860 5380 41).
1915 5308 2070 5377 Dico,

482 5383 631 5450 dico,
698 5400 857 5442 amen
908 5389 1062 5457 dico;
1121 5393 1304 5450 datam
1361 5399 1688 5453 sententiam
1750 5399 2069 5457 nullatenus

482 5486 784 5533 commuto.
838 5479 995 5549 Quod
1040 5495 1220 5542 autem
1262 5499 1530 5559 superest,
1573 5491 1836 5548 horribile
1873 5503 1975 5558 est,
2017 5501 2072 5549 et

483 5567 791 5638 impatibile
815 5585 917 5644 est,
956 5580 1048 5635 sed
1072 5592 1394 5654 perpetuum
1418 5601 1518 5654 pro
1549 5586 1761 5641 meritis
1812 5602 1914 5642 vze.
1964 5585 2070 5642 Re-

484 5679 615 5720 rum
638 5675 820 5751 autem
857 5673 1102 5732 ordinem
1127 5679 1481 5735 continuandi
1525 5680 1696 5751 gratia
1718 5721 1735 5748 ,
1782 5689 1838 5736 et
1873 5695 1942 5736 ne
1988 5681 2072 5735 in-

483 5755 689 5811 tercisa
715 5749 947 5828 pendeat
987 5767 1240 5840 historia,
1288 5749 1606 5829 summatim
1655 5772 1868 5845 singula
1923 5771 2070 5830 desi-

483 5863 660 5924 gnarc
688 5863 949 5926 satagam.

2180 4651 2234 4706 in
2267 4651 2326 4706 ἳΙ
2398 4653 2763 4724 phalangibus
2806 4653 2969 4708 Turci
3020 4653 3182 4709 divisi
3225 4663 3440 4722 essent;
3488 4655 3758 4711 multitudo

2178 4759 2372 4814 nempe
2411 4755 2528 4800 erat
2581 4747 2822 4815 copiosa.
2880 4745 3226 4817 Jamjamque
3268 4763 3434 4802 arcus
3491 4757 3664 4803 lentos
3712 4747 3753 4798 in

2177 4837 2402 4892 brachia
2433 4839 2501 4893 de
2524 4838 2778 4893 manibus
2799 4839 3168 4909 deponcbant,
3196 4848 3250 4894 et
3274 4841 3534 4896 cominus
3557 4841 3758 4896 ensibus

2177 4931 2437 4986 extractis
2467 4931 2797 5001 nudatisque
2839 4931 3197 4987 dimicabant.
3223 4931 3364 4987 Cum
3393 4950 3494 4988 rex
3530 4934 3632 4988 hoc
3657 4934 3757 4985 viso

2176 5022 2311 5077 haut
2334 5023 2540 5078 diutius
2567 5024 2823 5092 tardans,
2861 5025 3171 5079 orationum
3203 5026 3518 5081 munimine
3540 5036 3594 5082 et
3624 5027 3760 5096 signo

2176 5117 2358 5172 crucis
2396 5128 2669 5185 armatus,
2701 5119 3061 5174 exclamando
3093 5120 3323 5190 Adjuva,
3352 5120 3523 5188 Deus,
3555 5133 3608 5177 et
3635 5120 3758 5176 tubis

2176 5210 2527 5265 vehementer
2557 5211 2916 5278 sonantibus,
2944 5212 3208 5282 impetum
3235 5213 3290 5267 in
3325 5230 3426 5269 eos
3449 5226 3507 5270 et
3529 5215 3686 5280 fecit,
3717 5223 3761 5267 ct

2174 5303 2290 5356 ﬁeri
2315 5305 2589 5373 prmcepit.
2613 5302 2730 5358 Non
2761 5305 2906 5358 enim
2939 5321 3176 5376 pugnam
3208 5306 3456 5377 incipere
3484 5307 3759 5366 audebant,

2175 5411 2286 5465 quo
2343 5411 2518 5466 usque
2560 5412 2655 5451 rex
2697 5397 2979 5467 jussisset,
3035 5396 3232 5452 Turcis
3268 5399 3550 5468 sltluidem
3590 5409 3761 5470 poten-

2174 5486 2384 5542 tissime
2426 5487 2682 5556 primitus
2738 5487 3144 5543 resistentibus.
3172 5486 3446 5559 Denique,
3469 5490 3758 5545 Conditore

2173 5580 2557 5634 universorum
2593 5581 2898 5650 opitulante
2917 5623 2932 5646 ,
2953 5581 3338 5651 desperatione
3367 5584 3685 5649 tabuerunt,
3717 5593 3762 5639 et

2173 5683 2355 5744 strage
2374 5673 2476 5728 sub
2499 5690 2696 5745 magna
2724 5674 2940 5731 confusi
2965 5675 3020 5728 in
3041 5674 3227 5746 fugam
3249 5683 3306 5732 et
3333 5677 3760 5749 desperationem

2172 5765 2374 5835 quibus
2395 5765 2549 5820 licuit
2572 5767 2824 5823 conversi
2855 5777 3002 5823 sunt.

2171 5856 2480 5929 Quinquies
2518 5860 2748 5920 extortis
2773 5861 2827 5918 in
2849 5861 3032 5932 quinis
3054 5861 3302 5934 quinque
3330 5864 3602 5924 Gemellis
