3850 6310
140 333 220 391 929

797 319 1165 377 FULCHERII
1200 317 1501 376 CARNOT.
1545 318 1726 376 HIST.

1769 319 2136 378 HIEROSOL.
2179 352 2251 365 —~
2285 322 2421 380 LIB.
2461 321 2550 380 IlI.
3218 331 3332 389 950

133 443 410 505 (nmium
434 439 647 513 mnum,
674 436 897 513 meino
920 445 1207 506 praestante
1233 436 1574 513 triumphum
1617 434 1816 497 :AEx
1876 451 1987 507 quo
2056 446 2218 494 natus
2284 453 2444 506 sum,
2499 439 2682 510 quoad
2753 439 2904 497 hunc
2969 445 3327 513 pervenimus

136 520 278 572 Idibus
302 514 346 567 in
375 509 530 564 ternis
550 523 678 562 cum
701 506 894 562 Junius
921 515 1116 562 aestuat
1136 507 1288 562 auris
1308 550 1323 573 ,

133 588 219 644 lloc
236 582 412 656 geritur
437 579 631 634 bellum
662 577 870 632 Domini
905 577 1072 632 decus
1095 578 1162 632 ad
1187 578 1627 634 memorandum.

618 710 845 767 CAPUT
884 711 1067 767 XLIII.

418 805 608 872 Quanti
649 807 705 858 in
737 804 921 874 praelia
956 805 1078 858 εἰπε·
1095 806 1276 859 occisi.

177 904 240 958 De
279 911 486 955 numero
528 904 706 951 autem
767 895 1074 950 occisorum
1122 897 1208 951 vel
1255 897 1630 952 sauciatorum

123 991 449 1066 comprehendi
475 989 673 1044 veritas
701 1003 800 1043 nec
823 989 876 1043 in
909 989 1013 1043 hoc
1039 1003 1138 1043 nec
1160 989 1216 1043 in
1249 989 1358 1043 alio
1387 989 1633 1059 quolibet

120 1088 228 1144 bello
251 1090 425 1155 potest,
449 1095 570 1136 cum
597 1079 704 1134 nisi
736 1077 839 1134 sub
865 1078 1225 1133 aestimatione
1262 1079 1385 1133 talis
1412 1094 1628 1134 summa

117 1199 140 1235 a
158 1178 335 1234 nemine
359 1182 580 1228 taxetur.
607 1171 713 1226 Sed
735 1170 1012 1226 multoties
1031 1171 1268 1226 varietas
1293 1171 1626 1242 scriptorum

115 1273 264 1340 utique
273 1265 463 1322 fallacia
476 1273 574 1331 est,
587 1279 710 1334 quae
722 1264 939 1334 quidem
952 1262 1179 1318 fallaciae
1199 1279 1365 1319 causa
1387 1264 1631 1335 profecto

114 1361 303 1418 adulatio
317 1366 409 1424 est,
427 1357 553 1412 dum
569 1357 840 1411 victorum
861 1355 1050 1411 laudes
1066 1356 1434 1422 accumulare,
1459 1356 1630 1412 virtu-

113 1466 284 1523 temque
307 1448 480 1520 patria:
503 1446 763 1504 extollere
793 1447 878 1502 vel
898 1448 1256 1518 praesentibus
1278 1447 1362 1503 vel
1396 1449 1629 1518 posteris

111 1545 298 1600 student.
327 1539 472 1595 Unde
496 1538 833 1594 lucidissime
864 1548 1008 1609 patet
1031 1539 1291 1609 quoniam
1327 1539 1422 1594 tali
1444 1538 1627 1610 impu-

109 1637 250 1692 deutia
291 1631 569 1688 mentiendi
612 1638 668 1686 et
722 1631 1032 1686 occisorum
1091 1629 1336 1685 hostium
1393 1645 1627 1686 numero

108 1728 336 1798 adjiciunt,
357 1732 409 1779 et
429 1723 730 1778 amicorum
751 1722 953 1777 damna
981 1722 1266 1788 minuunt,
1293 1722 1377 1776 vel
1397 1722 1624 1777 omnino

1735 574 1891 643 Quod
1922 587 2170 646 superest
2196 579 2322 634 vitae
2352 577 2500 634 Deus
2531 580 2746 635 ordinet
2773 589 2828 636 et
2859 591 3012 653 regat
3034 514 3324 654 mimum

2315 691 2545 748 CAPUT
2580 692 2721 747 XLV

2108 781 2185 836 De
2211 784 2427 838 castello
2456 801 2488 838 a
2512 801 2628 856 rege
2656 785 2945 855 aediﬁcato.

1804 869 1918 927 Hoc
1949 871 2002 926 in
2025 887 2170 927 anno
2196 891 2385 931 mense
2415 874 2668 933 Octobris
2692 877 2984 934 aediﬁcavit
3010 893 3107 934 rex
3132 879 3324 934 castel-

1731 960 1847 1016 lum
1893 961 1947 1016 in
1994 964 2272 1019 montanis
2319 964 2560 1033 Berithi,
2610 976 2665 1022 et
2715 977 2860 1022 terra
2883 968 3157 1024 bonorum
3187 970 3326 1024 satis

1731 1051 1924 1109 feraci.
1975 1053 2134 1110 llunc
2185 1065 2426 1112 montem
2456 1058 2780 1115 Glavianum
2824 1070 3054 1130 vocant,
3087 1078 3119 1117 a
3146 1062 3324 1133 digla-

1731 1143 1966 1211 diando,
1998 1146 2126 1215 quia
2168 1147 2240 1200 ibi
2265 1147 2344 1202 rei
2387 1147 2848 1221 digladiabantur,
2874 1153 2966 1222 qui
2998 1152 3143 1223 apud
3173 1152 3326 1206 Beri-

1730 1236 1887 1290 thum
1915 1236 2209 1291 damnandi
2245 1237 2653 1307 judicabantur.
2695 1242 2862 1297 Abest
2889 1252 3071 1298 autem
3094 1244 3163 1298 ab
3187 1243 3323 1302 urbe

1729 1328 1850 1400 ipsa
1876 1344 1970 1384 sex
2010 1329 2298 1386 milliariis.
2337 1331 2404 1386 Et
2437 1334 2565 1402 quia
2600 1336 2851 1390 ruricolae
2883 1336 3174 1391 Sarraceni
3217 1335 3323 1390 tri-

1728 1420 1861 1476 buta
1902 1422 2150 1476 locorum
2197 1423 2425 1478 reddere
2483 1434 2642 1480 antea
2701 1426 2990 1496 nolebant,
3041 1436 3230 1498 postea
3266 1425 3323 1481 vi

1729 1512 1956 1569 cohibiti
1985 1513 2282 1570 reddibiles
2309 1515 2660 1571 exstiterunt.

2285 1624 2514 1681 CAPUT
2554 1625 2740 1682 XLVI.

1860 1711 1941 1767 De
1980 1714 2310 1784 expeditione
2343 1717 2500 1786 regis,
2535 1725 2584 1771 et
2609 1717 2796 1786 prwlio
2823 1735 2942 1772 cum
2979 1718 3187 1775 Turcis.

107 1793 298 1874 reticent.
331 1815 646 1871 Retulerunt
671 1821 854 1869 autem
886 1813 1046 1868 nobis
1067 1813 1161 1883 qui
1191 1813 1332 1868 bello
1358 1812 1615 1868 interfue-

1799 1801 2006 1859 Deinde
2031 1806 2243 1875 paravit
2275 1821 2370 1861 rex
2396 1805 2791 1877 profectionem
2820 1823 2978 1863 suam
3017 1808 3073 1863 in
3107 1807 3320 1880 Syriam

105 1910 337 1977 runt,duo
377 1907 545 1962 millia
593 1906 829 1960 militum
875 1905 1181 1960 Turcorum
1215 1905 1495 1960 exstitisse
1527 1920 1624 1975 pe-

103 2009 398 2071 remptorum,
445 1997 584 2069 ipsis
619 1997 714 2067 qui
755 2005 1044 2052 evaserant
1084 1995 1282 2052 Turcis
1323 1996 1621 2051 testifican-

104 2100 226 2153 tibus.
253 2095 346 2152 Sed
392 2094 458 2150 de
497 2095 660 2166 equis
706 2103 1062 2163 utrarumque
1100 2092 1338 2163 partium
1376 2091 1624 2148 infinitus

102 2203 310 2243 numerus
337 2186 437 2242 fuit
473 2201 680 2258 angore
709 2194 762 2240 et
791 2185 1103 2256 fatigatione
1129 2184 1218 2239 siti
1242 2183 1547 2240 exstinctis.

100 2321 242 2376 fistus
259 2328 383 2384 erat,
414 2333 757 2390 magnusque
789 2317 937 2390 calor
967 2317 1585 2390 geminaveratuaestum,

98 2390 241 2459 Pugna
261 2390 426 2459 gravis
457 2387 686 2459 geritur,
724 2389 858 2442 furit
887 2387 996 2451 hic,
1024 2389 1222 2442 occidit
1249 2396 1303 2459 et
1332 2387 1438 2441 ille.

98 2407 241 2444 ruona
261 2407 426 2459 gravis
491 2407 686 2455 errtur,
724 2407 858 2442 tum
887 2407 996 2451 nte,
1024 2407 1222 2442 necnon
1249 2407 1303 2441 et
1332 2407 1419 2441 tue

98 2460 132 2540 is
158 2431 310 2540 fugat,
340 2460 424 2514 ille
447 2407 621 2530 ﬁngit;
647 2468 771 2529 post
795 2473 1170 2540 casumnemo
1204 2457 1424 2540 refugit.

97 2529 317 2599 Sanguine
340 2529 609 2586 caesorum
639 2529 926 2600 campique
948 2530 1162 2600 viaeque
1182 2529 1511 2595 rubescunt,

96 2602 286 2655 (laudent
307 2602 502 2667 lorica,
534 2601 724 2656 lucent
756 2599 908 2670 galea
938 2599 1265 2670 framezeque

95 2671 290 2742 Clariftca
311 2673 502 2742 specie,
536 2687 638 2741 per
667 2669 889 2740 campos
915 2669 1357 2742 undiquejactae.

94 2741 265 2812 l’rojicit
284 2740 365 2797 hie
389 2740 632 2808 scutum,
657 2745 969 2812 pharetram
995 2740 1131 2811 jacit
1156 2740 1265 2806 ille,
1293 2740 1378 2794 vel
1403 2754 1615 2796 arcum.

91 2870 223 2928 Nollet
262 2872 630 2944 Borsequinus
673 2872 881 2929 scutica
911 2881 1042 2928 tunc
1078 2886 1297 2939 carere,
1347 2881 1403 2928 et
1434 2873 1620 2928 mallet

92 2963 404 3035 Tuldequinus
448 2966 591 3021 urbe
631 2963 968 3022 Damascena
1017 2964 1248 3035 nudipes
1291 2965 1501 3032 inesse,
1563 2975 1617 3022 et

90 3068 205 3108 suam
264 3055 598 3125 toparchiam
679 3055 908 3110 sollicite
983 3071 1222 3112 servare.
1297 3056 1615 3114 Amiserunt

89 3155 282 3215 satrapas
325 3144 485 3202 Turci
539 3147 613 3202 l5
665 3146 721 3202 in
766 3163 1064 3219 congressu
1108 3147 1223 3204 illo.
1263 3145 1448 3210 Nostri
1486 3165 1618 3206 vero
1643 3139 1686 3204 C

86 3250 167 3290 non
200 3236 411 3306 amplius
450 3253 626 3308 quam
652 3236 723 3291 20
772 3237 1054 3306 homines,
1089 3253 1327 3309 quorum
1371 3240 1616 3310 quinque

85 3325 237 3380 milites
280 3336 447 3382 erant.
510 3326 665 3382 Mille
737 3328 958 3400 quidem
1021 3337 1352 3400 centumque
1413 3332 1616 3391 milites

84 3417 214 3472 nostri
259 3417 502 3487 fuerunt,
558 3420 781 3491 quando
819 3420 1067 3490 praelium
1111 3422 1470 3478 commissum
1505 3433 1610 3480 est.

83 3507 207 3564 Turci
244 3521 412 3568 autem
462 3513 533 3568 15
576 3513 747 3568 millia
783 3513 1039 3568 militum.
1087 3512 1164 3570 De
1219 3515 1426 3571 nostris
1484 3531 1615 3573 vero

81 3600 162 3656 duo
179 3603 328 3660 millia
359 3604 632 3676 peditum.

594 3738 823 3796 CAPUT
860 3739 1048 3794 XLIV.

76 3827 374 3902 Borsequinus
442 3834 502 3887 in
570 3849 669 3886 sua
715 3833 971 3902 repatriat
1010 3848 1030 3886 :
1059 3847 1152 3886 rea:
1208 3831 1272 3887 de
1323 3833 1614 3902 receptione

125 3901 230 3970 lilia:
265 3904 317 3956 in
355 3903 612 3957 obsidatu
655 3901 784 3957 olim
822 3904 999 3970 datae,
1032 3919 1124 3957 nec
1161 3919 1264 3957 non
1295 3905 1361 3958 de
1389 3901 1614 3958 uictoria

125 3969 214 4024 Deo
234 3975 428 4044 gratias
462 3975 604 4045 agit.

125 4083 236 4140 Cum
263 4096 439 4143 autem
483 4087 602 4144 nisi
647 4087 837 4158 paucis
880 4087 1075 4144 diebus
1104 4088 1247 4159 apud
1283 4103 1385 4144 nos
1421 4099 1614 4160 postea

74 4187 270 4234 moratus
302 4191 450 4236 esset
483 4180 887 4250 Borsequinus,
916 4193 1302 4253 praetergresso
1338 4182 1614 4254 Euphrate

73 4267 268 4338 flumine,
296 4273 351 4328 in
385 4290 489 4329 sua
520 4274 861 4344 repatriavit,
889 4274 1024 4328 nihil
1057 4275 1304 4341 honoris,
1338 4277 1432 4332 sed
1454 4277 1611 4333 dolo-

71 4360 130 4414 ris
161 4371 207 4416 et
237 4364 543 4436 plangoris,
578 4365 772 4419 amicis
813 4365 928 4420 suis
969 4365 1024 4420 in
1053 4365 1287 4436 patriam
1317 4367 1608 4423 relaturus.

1723 1909 1917 1950 versus
1942 1894 2268 1952 Damascum
2291 1938 2307 1964 ,
2331 1907 2490 1968 rupta
2511 1912 2645 1968 pace
2670 1898 2809 1954 inter
2832 1914 3014 1971 regem
3039 1908 3094 1955 et
3122 1899 3323 1955 Tulde-

1723 1985 1988 2056 quinum,
2020 1987 2116 2044 ubi
2158 1996 2268 2043 tres
2311 1989 2463 2044 vicos
2487 1990 2728 2060 optimos
2757 1992 2931 2062 cepit,
2984 1990 3320 2062 profligavit,

1722 2076 2107 2147 praecipitavit,
2162 2087 2216 2133 et
2259 2081 2441 2150 praeda
2487 2090 2642 2152 rapta
2667 2091 2931 2152 quantum
2991 2083 3203 2153 potuit,
3250 2083 3320 2138 ad

1724 2181 1823 2220 sua
1870 2168 2048 2223 rediit.
2096 2167 2274 2236 Quam
2312 2171 2537 2241 quidem
2581 2173 2831 2242 rapinam
2870 2189 2995 2228 cum
3041 2175 3320 2244 equitibus

1721 2262 1842 2317 suis
1875 2263 1960 2317 vel
1987 2264 2347 2336 participibus
2380 2281 2536 2336 aeque
2559 2267 2860 2333 divisisset,
2894 2268 2977 2322 vel
3005 2268 3170 2323 solito
3193 2268 3321 2338 jure

1720 2352 2114 2422 distribuisset,
2144 2355 2408 2426 postridie
2441 2357 2495 2412 in
2528 2365 2725 2413 terram
2775 2358 3108 2415 Philisthiim
3148 2376 3318 2430 expe-

1721 2444 1984 2501 ditionem
2030 2462 2188 2502 suam
2230 2449 2516 2505 convertit.
2577 2449 2733 2506 Tunc
2788 2451 2934 2521 apud
2986 2451 3315 2506 Ascalonem

1721 2537 1851 2593 novi
1898 2547 2255 2610 recentesque
2315 2549 2716 2608 convenerant,
2769 2541 2864 2612 qui
2906 2541 2973 2597 de
3019 2541 3316 2612 Babylonia

1720 2630 1852 2686 illuc
1905 2632 2061 2687 missi
2119 2631 2359 2688 fuerant.
2413 2632 2637 2690 Cuneus
2692 2634 2926 2689 militum
2985 2634 3314 2704 probitatem

1719 2736 1880 2778 suam
1921 2723 1978 2777 in
2026 2731 2172 2778 terra
2226 2732 2416 2779 nostra
2471 2735 2778 2782 monstrare
2834 2725 3142 2796 cupientes,
3195 2725 3313 2795 jam

1718 2815 1958 2871 victores
1987 2830 2046 2872 se
2095 2815 2216 2871 fore
2251 2816 2680 2872 arbitrabantur.
2717 2817 2867 2885 Quos
2911 2833 3038 2874 cum
3065 2817 3316 2873 viderent

1719 2906 1928 2963 civitati
1997 2908 2271 2978 pradicas
2330 2908 2524 2965 levatis
2599 2911 2774 2981 signis
2849 2909 3314 2980 appropinquare,

1716 2998 1970 3063 exierunt
2009 3007 2200 3054 contra
2245 3013 2343 3055 eos
2392 3015 2518 3054 cum
2567 3015 2765 3072 magna
2814 2999 3212 3056 vociferatione
3258 3009 3314 3057 et

1717 3071 2046 3147 audacitate.
2086 3089 2155 3146 Et
2204 3091 2506 3162 quamlibet
2547 3107 2642 3146 rex
2691 3091 2937 3147 nondum
2980 3091 3038 3146 in
3073 3091 3312 3162 primam

1717 3183 1963 3238 aeierum
1989 3198 2216 3239 suarum
2243 3183 2480 3239 frontem
2517 3183 2848 3251 advenisset,
2886 3185 3017 3255 quia
3046 3184 3102 3238 in
3128 3191 3314 3255 poste-

1718 3273 1866 3330 riore
1899 3281 2054 3343 parte
2095 3274 2363 3331 sollicitus
2384 3289 2444 3331 se
2487 3275 2834 3342 retardabat,
2868 3285 2928 3331 ut
2969 3275 3088 3332 suis
3115 3275 3310 3331 callide

1717 3363 2075 3436 fugientibus,
2107 3367 2155 3422 si
2181 3367 2488 3424 necessitas
2509 3377 2748 3440 urgeret,
2777 3369 2996 3440 adjutor
3025 3368 3309 3434 existeret,

1713 3457 2017 3519 anteriores
2040 3457 2215 3514 nostri
2231 3473 2486 3515 cursores
2507 3459 2678 3514 animi
2700 3474 2811 3514 non
2829 3460 3018 3529 inopes
3041 3458 3312 3514 adversus

1715 3564 1814 3608 eos
1859 3549 2125 3605 indicibili
2170 3550 2408 3620 impetu,
2441 3548 2674 3619 Adjuva,
2709 3549 2850 3603 Deus
2905 3549 3264 3603 inclamantes
3287 3591 3308 3616 ,

1716 3638 2018 3696 irruerunt.
2065 3639 2218 3706 Quos
2256 3655 2382 3696 cum
2420 3649 2569 3696 tanta
2613 3641 2816 3696 virtute
2859 3650 2914 3695 et
2959 3640 3309 3695 animositate

1716 3729 2055 3788 inculcantes
2097 3732 2240 3787 intra
2270 3741 2457 3803 portas
2503 3732 2658 3789 urbis
2677 3774 2693 3800 ,
2727 3732 3009 3798 feriendo,
3058 3739 3306 3803 prostare

1713 3823 1895 3878 uendo
1928 3831 1984 3878 et
2027 3824 2325 3879 occidendo
2362 3824 2726 3894 impulerunt,
2751 3832 2834 3892 ut,
2861 3833 3128 3894 quantum
3160 3823 3308 3880 aesti-

1714 3929 1870 3971 mare
1913 3913 2060 3981 licet,
2091 3915 2139 3970 si
2167 3915 2450 3985 aliquanto
2477 3915 2654 3987 magis
2689 3917 2757 3972 de
2783 3927 2943 3988 gente
2969 3926 3158 3987 parata
3193 3916 3309 3971 illic

1713 4005 2062 4073 haberemus,
2102 4007 2296 4076 procul
2327 4007 2497 4064 dubio
2523 4023 2648 4064 cum
2697 4009 2807 4064 illis
2837 4008 3202 4064 communiter
3221 4008 3308 4063 in-

1713 4095 1884 4152 troire
1938 4104 2167 4166 possent
2217 4097 2314 4168 qui
2358 4099 2847 4169 persequebantur.
2901 4098 3306 4156 Remanserunt

1713 4188 1903 4258 itaque
1928 4189 2260 4245 Ascalonita:
2287 4199 2534 4246 mortuos
2565 4207 2698 4248 suos
2749 4193 2893 4247 ultra
2915 4191 2984 4248 40
3016 4193 3085 4248 de
3112 4192 3307 4248 melio-

1712 4279 1868 4334 ribus
1913 4279 2162 4350 lugentes
2204 4289 2260 4336 et
2287 4280 2677 4350 lamentantes,
2704 4290 2759 4337 et
2791 4282 2858 4337 de
2888 4282 2994 4338 hoc
3020 4283 3303 4353 insperato

1713 4370 2016 4428 infortunio
2044 4373 2396 4428 vehementer
2422 4373 2778 4430 admirantes.
2810 4372 2926 4429 Rex
2947 4383 3130 4429 autem
3153 4373 3302 4430 tubis

70 4447 120 4502 Et
143 4453 220 4522 qui
262 4456 364 4511 huc
391 4464 628 4511 venerat
667 4455 852 4510 minax
882 4464 937 4510 et
975 4466 1268 4523 cornutus,
1305 4457 1397 4513 Dei
1435 4459 1608 4529 gratia
1637 4483 1688 4545 ι)
1713 4463 2152 4534 significantibus
2185 4465 2328 4520 ultra
2359 4475 2415 4521 et
2438 4481 2608 4536 prope
2632 4467 2848 4534 urbem,
2879 4476 3040 4522 nocte
3067 4467 3157 4522 illa
3193 4467 3302 4524 sub

70 4544 194 4599 rediit
238 4549 565 4616 mutilatus,
617 4557 672 4602 et
711 4548 1086 4604 consolatione
1132 4548 1351 4604 viduus.
1403 4548 1606 4606 Deinde

67 4651 162 4691 cum
200 4656 284 4695 rex
321 4653 514 4698 noster
558 4641 725 4696 tiliam
772 4657 929 4697 suam
974 4650 1133 4697 aetate
1166 4642 1602 4713 quinquennem,

67 4740 161 4795 qua:
188 4730 235 4784 in
259 4732 516 4788 obsidatu
541 4731 761 4787 detenta
789 4731 1003 4799 fuerat,
1035 4742 1088 4788 et
1113 4734 1424 4804 aliquantos
1445 4733 1608 4789 fami-

65 4819 194 4877 liares
225 4839 350 4880 suos
381 4824 646 4881 similiter
679 4825 1013 4896 compeditos
1068 4827 1440 4896 redemptione
1496 4844 1604 4883 nu-

65 4912 333 4971 mismatum
366 4918 607 4988 adeptus
637 4915 864 4985 fuisset,
911 4919 1055 4975 sicut
1092 4919 1347 4991 utrinque
1383 4930 1604 4990 pactum

63 5001 236 5073 fuerat,
286 5007 638 5066 Hierusalem
683 5009 963 5066 contendit
1005 5011 1305 5082 gratiarum
1363 5013 1608 5072 actiones

65 5092 150 5150 Deo
170 5107 410 5168 acturus,
443 5109 504 5156 et
541 5099 611 5156 de
646 5099 834 5170 praelio
877 5100 1020 5156 circa
1059 5099 1458 5172 Borsequinum
1489 5118 1608 5159 ma-

61 5186 217 5254 gnifice
255 5199 476 5260 patrato
517 5206 645 5247 eum
689 5190 888 5247 obnixe
927 5191 1271 5248 laudaturus.
1309 5191 1376 5249 Et
1412 5195 1608 5254 merito

61 5273 341 5339 laudaturos
375 5292 434 5339 et
452 5284 662 5355 gratias
687 5293 914 5340 acturus
931 5324 945 5352 ,
969 5283 1097 5354 quia
1121 5325 1139 5350 ,
1183 5300 1309 5340 cum
1335 5285 1451 5356 jam
1477 5286 1604 5343 diu-

58 5376 193 5426 turno
224 5382 471 5446 tempore
519 5375 913 5446 pessundatus,
942 5385 997 5432 et
1027 5379 1083 5432 in
1115 5385 1269 5448 parte
1298 5377 1604 5436 subteriore

60 5470 164 5516 rota:
193 5465 398 5522 locatus
421 5508 438 5534 ,
465 5476 529 5522 et
549 5467 815 5524 vilissime
841 5477 895 5523 et
939 5469 1246 5526 miserrime
1272 5468 1386 5527 fere
1425 5470 1604 5529 fuerat

59 5554 272 5623 traditus,
301 5575 479 5627 nunc,
507 5560 809 5630 opitulante
834 5560 963 5629 Deo,
999 5562 1057 5616 in
1106 5562 1274 5619 decus
1310 5563 1603 5634 pristinum

59 5647 306 5706 restituam
331 5661 419 5706 est
435 5693 453 5720 ,
475 5661 534 5708 et
551 5653 958 5710 corroboratus.

59 5753 171 5810 Sena
197 5761 457 5818 decenni:
513 5764 644 5820 bina
671 5765 933 5822 tricennia
959 5768 1370 5839 praeterierunt,

1713 4553 1963 4610 tentoriis
2007 4556 2340 4626 conquievit.
2373 4554 2528 4623 Quod
2564 4556 2613 4612 si
2651 4557 2964 4612 habuerunt
2992 4557 3167 4628 gratia
3200 4555 3299 4613 Dei

1711 4645 1972 4715 quietem,
2004 4646 2192 4702 hostes
2221 4647 2396 4702 nostri
2424 4655 2638 4702 noctem
2668 4647 2944 4703 duxerunt
2985 4647 3298 4704 insomnem

1709 4743 1764 4789 et
1809 4735 2041 4790 tristem.
2076 4734 2235 4804 Nam,
2264 4746 2325 4792 ut
2371 4738 2449 4793 ait
2493 4735 2790 4808 Iosephus,
2819 4737 2983 4792 nimis
3010 4735 3298 4794 confidens

1711 4823 1968 4881 incautus
2024 4832 2129 4892 est,
2176 4835 2356 4882 metus
2419 4835 2601 4882 autem
2662 4825 3059 4896 providentiam
3108 4825 3292 4882 docet.

1714 4913 2008 4972 Sciendum
2067 4918 2215 4988 quod
2270 4919 2356 4973 die
2413 4919 2504 4972 illa
2551 4917 2757 4972 nullam
2809 4917 3049 4988 praedam
3114 4918 3292 4972 nostri

1709 5023 1968 5064 cursores
1990 5009 2137 5064 circa
2167 5011 2358 5065 urbem
2402 5010 2745 5065 invenerunt.
2777 5007 2915 5063 Nam
2959 5007 3028 5064 de
3057 5008 3295 5064 adventu

1708 5101 1854 5172 regis
1893 5101 2106 5171 praescii
2126 5143 2141 5167 ,
2166 5101 2283 5172 jam
2326 5116 2522 5172 pecora
2569 5117 2672 5156 sua
2702 5100 2960 5158 universa
2989 5098 3298 5157 absconde-

1708 5201 1838 5248 runt
1863 5192 2229 5263 providenter.

2261 5298 2490 5354 CAPUT
2523 5298 2730 5357 XLVII.

1709 5391 1864 5459 Quod
1876 5389 2160 5447 Sarraceni
2173 5407 2264 5462 per
2273 5391 2354 5446 col
2358 5391 2540 5447 ambas
2551 5394 2892 5449 suaslitterat
2905 5397 3293 5454 transmittant.

1781 5503 1985 5560 Morale
2010 5515 2096 5560 est
2120 5503 2438 5562 Sarracenis
2462 5507 2516 5562 in
2535 5507 2826 5565 Palaestina
2856 5511 3195 5582 degentibus,
3227 5519 3294 5570 ut

1707 5611 1807 5666 per
1829 5595 2109 5652 columbas
2143 5597 2212 5652 ad
2244 5597 2350 5652 hoc
2379 5596 2615 5654 ofﬁcium
2653 5600 2845 5656 doctas
2873 5602 2940 5657 de
2972 5602 3192 5658 civitate
3232 5603 3292 5658 in

1710 5686 1982 5742 civitatem
2018 5686 2228 5744 litteras
2259 5689 2528 5760 sagaciter
2554 5691 2957 5759 transmittant;
2988 5710 3111 5764 qua:
3152 5695 3291 5749 scri-

1709 5786 1930 5847 ptorum
1964 5780 2226 5836 vectriees
2267 5779 2336 5835 ad
2382 5780 2719 5838 domicilium
2766 5784 2879 5852 jam
2921 5786 3022 5840 sibi
3079 5785 3287 5840 dudum
