3850 6310
515 335 612 389 951

1077 332 1173 385 AD
1209 327 1657 387 GODEFRIDUM
1694 323 1990 382 APPEND.
2033 323 2101 380 II.
2145 353 2214 363 —
2248 322 2524 381 MONUM.
2568 323 2658 379 DE
2697 323 2921 380 BELLO
2963 323 3208 381 SACRO.
3641 331 3720 386 932

515 449 796 522 cognitum
846 448 1148 518 deportent.
1199 446 1333 512 Quae
1375 444 1576 514 scripta
1635 441 1690 496 in
1735 439 2011 496 schedulis
2057 446 2111 494 et
2139 439 2186 499 A
2213 438 2528 509 citaturque
2547 448 2770 510 propter
2793 455 2919 494 eum
2943 453 3057 494 aer.
3082 437 3180 494 Est
3213 444 3390 493 autem
3419 438 3656 498 cristatus.
3678 441 3720 498 Si

515 558 681 612 super
709 542 898 596 clunes
931 539 1308 596 columbarum
1342 543 1571 590 consuta
1610 532 1845 588 inventis
1879 531 2106 602 legendo

516 634 796 690 insinuent
850 633 979 703 quid
1022 639 1207 702 postea
1252 627 1368 682 ﬁeri
1407 627 1620 681 debeat.
1664 623 1819 691 Quod
1854 632 1990 678 tunc
2028 622 2105 677 ita

517 724 722 781 factum
745 724 1047 780 clarissime
1070 730 1154 776 est
1177 728 1537 788 compertum.

1067 809 1294 867 CAPUT
1323 807 1558 862 XLVIII.

881 905 958 959 De
993 903 1244 957 varietate
1272 901 1727 955 consuetudinum.

588 998 756 1069 Igitur
799 997 1098 1052 secundum
1145 994 1443 1050 divisiones
1489 1001 1760 1048 terrarum
1811 991 2106 1048 varietates

515 1089 758 1144 existunt
813 1087 1002 1157 utique
1067 1101 1252 1141 rerum
1316 1093 1370 1140 et
1420 1085 1899 1141 consuetudinum.
1952 1084 2106 1139 Alios

515 1182 660 1236 enim
714 1196 848 1235 usus
895 1179 1057 1233 habet
1105 1177 1360 1245 Francia,
1410 1179 1549 1233 alios
1592 1178 1843 1248 equidem
1889 1176 2103 1247 Anglia,

515 1274 653 1329 alios
681 1272 970 1345 Egyptus,
1002 1273 1140 1329 alios
1168 1288 1297 1328 vero
1325 1271 1495 1327 India.
1555 1270 1820 1326 Diﬂ‘erunt
1853 1271 2016 1325 etiam
2050 1271 2106 1324 in

511 1365 849 1429 volucribus,
861 1364 1117 1418 differunt
1135 1363 1188 1418 in
1205 1363 1448 1433 piscibus
1463 1371 1624 1433 atque
1639 1361 1945 1417 arboribus.
1963 1360 2108 1417 Nun-

522 1467 690 1523 quam
721 1454 775 1508 in
805 1452 1092 1508 Palestina
1130 1452 1241 1508 vidi
1259 1453 1531 1517 balenam,
1557 1451 2104 1522 nequelampredam,

515 1561 618 1601 nec
641 1545 698 1600 in
728 1546 1042 1601 volucribus
1068 1545 1269 1616 picam,
1302 1546 1417 1600 sive
1446 1561 1729 1600 curucam.
1767 1544 1882 1600 Illic
1923 1554 2104 1600 autem

513 1636 786 1692 habentur
815 1637 1025 1711 onagri,
1065 1637 1347 1709 cirogrilli,
1381 1653 1481 1692 nec
1518 1653 1626 1692 non
1663 1646 1718 1693 et
1751 1637 1948 1709 hyena,
1986 1654 2108 1709 quin

515 1735 857 1782 mortuorum
890 1727 1077 1783 eﬂ‘odit
1099 1728 1279 1784 busta.
1313 1727 1372 1782 In
1401 1728 1690 1784 arboribus
1721 1727 1830 1783 illic
1861 1743 1972 1782 non
1997 1728 2107 1783 vidi

514 1818 802 1888 populum,
836 1833 938 1873 nec
973 1827 1182 1886 taxum,
1216 1834 1393 1889 neque
1438 1819 1692 1885 corilum,
1741 1826 1840 1874 aut
1884 1819 2107 1874 sambu-

515 1924 667 1978 cum,
707 1920 802 1966 aut
829 1927 1074 1980 ruscum,
1103 1919 1198 1967 aut
1231 1927 1447 1967 acerem
1476 1911 1666 1966 ullam.

1067 2021 1299 2081 CAPUT
1327 2023 1516 2081 XLIX.

515 2114 595 2172 De
621 2117 838 2172 diversis
897 2119 1170 2190 generibus
1202 2107 1509 2190 _bestiarum
1557 2126 1609 2172 et
1665 2117 1986 2188 serpentium
2049 2118 2105 2172 in

1013 2197 1156 2243 terra
1188 2187 1624 2243 Sarracenorum.

587 2279 771 2352 Nuper
809 2281 1048 2338 vidimus
1093 2297 1286 2338 omnes
1346 2282 1490 2353 apud
1541 2279 1824 2352 Neapolim
1874 2281 2107 2338 bestiam

517 2374 838 2444 quamdam,
863 2375 1022 2445 cujus
1047 2391 1248 2432 nomen
1278 2375 1461 2431 nullus
1487 2374 1774 2430 hominum
1807 2376 1981 2443 novit,
2008 2391 2110 2431 nec

527 2467 761 2532 audivit;
793 2466 932 2523 facie
952 2484 1060 2538 qua
1082 2469 1290 2536 hircus,
1309 2469 1468 2524 collo
1499 2477 1560 2524 ut
1587 2468 1740 2525 aselli
1763 2469 1980 2538 crinito,
2005 2486 2111 2524 un-

517 2559 662 2630 gulis
719 2558 918 2626 bifidis,
965 2559 1139 2615 cauda
1181 2561 1430 2626 vitulina,
1503 2560 1673 2616 ariete
1719 2560 2002 2631 majorem.
2049 2560 2111 2617 In

528 2649 828 2722 Babylonia
861 2666 1082 2723 quoque
1121 2660 1207 2708 est
1245 2653 1351 2707 alia
1385 2653 1579 2719 bestia,
1611 2669 1776 2724 quam
1809 2652 2110 2708 Chimeram

513 2751 736 2810 vocant,
762 2758 885 2813 quae
906 2759 1018 2798 non
1041 2752 1209 2810 retro,
1228 2744 1322 2800 sed
1345 2753 1471 2799 ante
1495 2745 1603 2800 alta
1626 2754 1730 2811 est,
1755 2750 1924 2815 super
1943 2759 2110 2815 quam

516 2832 575 2887 in
614 2832 808 2888 diebus
848 2833 1150 2903 majoribus
1189 2833 1413 2904 pallium
1459 2835 1761 2889 extendunt
1818 2833 2108 2904 optimum,

516 2923 752 2993 principi
776 2937 880 2979 suo
909 2939 1034 2979 cum
1065 2925 1276 2995 magnis
1309 2924 1432 2980 aliis
1456 2925 1807 2994 apparatibus
1831 2924 2109 2980 servituri.

518 3011 618 3067 Est
660 3012 981 3067 crocodillus
1018 3014 1220 3070 animal
1263 3014 1602 3084 quadrupes.
1654 3013 1713 3068 In
1763 3022 1906 3070 terra
1959 3022 2015 3070 et
2054 3014 2112 3069 in

2208 544 2372 600 quem
2401 529 2604 601 ligarit,
2629 529 2851 596 occidit,
2883 545 2914 584 a
2941 544 3051 600 quo
3075 544 3221 584 nunc
3245 528 3495 599 elephans
3518 539 3644 587 tutus
3663 547 3722 590 est

2208 622 2294 677 sui
2322 623 2570 693 corporis
2594 623 2990 694 magnitudine.
3045 621 3300 693 Gignitur
3344 622 3397 676 in
3445 620 3722 689 India,etin

2208 711 2490 784 [Ethiopia
2519 715 2573 769 in
2598 714 2717 785 ipso
2744 714 2998 770 incendio
3019 713 3168 785 jugis
3187 721 3375 770 aestus.
3397 712 3543 770 Circa
3561 719 3726 777 semitas

2208 803 2416 870 delitet,
2462 819 2560 873 per
2600 819 2740 874 quas
2783 804 3048 874 elephans
3097 803 3377 874 graditur;
3408 804 3570 860 solitis
3612 823 3726 866 crura

2207 895 2330 965 ejus
2356 895 2513 951 nodis
2543 895 2730 963 illigat,
2759 905 2814 950 et
2843 895 3169 950 suﬁ'ocatum
3205 894 3442 965 perimit.
3473 894 3624 954 Pedes
3653 916 3726 956 non

2208 988 2430 1043 habent.
2457 987 2515 1042 In
2543 988 2673 1044 Asia
2690 986 2943 1058 Scythica
2963 996 3092 1043 sunt
3107 986 3390 1057 [rigriphes
3405 987 3551 1043 alites
3565 988 3732 1048 ferocis-

2208 1081 2353 1146 simi,
2381 1081 2526 1142 ultra
2561 1095 2780 1135 omnem
2810 1081 3017 1135 rabiem
3041 1079 3346 1135 saevientes.
3375 1077 3509 1152 sunt
3533 1093 3582 1135 et
3601 1082 3730 1136 hircu-

2209 1174 2286 1227 τιὶὶ
2310 1188 2443 1244 gens
2471 1172 2624 1228 silvis
2651 1187 2866 1242 aspera,
2895 1171 3118 1242 copiosa
3148 1170 3481 1226 immanibus
3507 1170 3636 1239 feris,
3659 1173 3731 1230 tcta

2211 1264 2454 1334 tigribus.
2486 1262 2646 1330 Quod
2692 1263 2992 1318 bestiarum
3045 1278 3240 1334 genus,
3283 1262 3519 1332 insignes
3561 1267 3735 1320 maculis

2210 1363 2353 1411 nota:
2374 1354 2522 1410 fulvo
2545 1355 2740 1410 nitent.
2761 1353 2969 1410 Pedum
3003 1364 3214 1410 motum
3245 1355 3434 1409 nescio
3451 1354 3672 1410 velocitas
3685 1374 3732 1411 an

2208 1447 2514 1520 pervicacia
2563 1447 2749 1518 magis.
2771 1446 3009 1518 adjuvet.
3046 1445 3196 1502 Nihil
3239 1455 3352 1501 tam
3403 1445 3604 1516 longum
3633 1450 3735 1518 quod

2211 1553 2323 1594 non
2370 1538 2519 1594 brevi.
2541 1546 2852 1608 penetrent;
2905 1538 3044 1592 nihil
3094 1537 3230 1593 adeo
3271 1537 3539 1592 antecedit
3575 1546 3735 1594 utnon

2211 1631 2365 1687 illico
2424 1639 2812 1702 assequantur.
2875 1627 3014 1685 Sunt
3056 1638 3112 1684 et
3152 1629 3426 1700 panthera:
3455 1630 3507 1684 in
3543 1627 3738 1685 Hircania

2211 1722 2442 1778 minutis
2463 1723 2727 1779 orbiculis
2753 1721 3099 1793 superpictre.
3139 1720 3389 1776 Tradunt
3415 1720 3571 1776 odore
3597 1736 3738 1776 earum

2209 1824 2264 1870 et
2288 1815 2751 1885 contemplatione
2780 1821 3028 1869 armenta
3057 1812 3196 1868 mire
3223 1810 3392 1878 afﬁci,
3415 1821 3568 1882 atque
3589 1812 3741 1883 ubique

2206 1921 2304 1962 eas
2325 1906 2978 1977 persentiuntproperato
3007 1904 3322 1970 convenire,
3351 1919 3454 1960 nec
3478 1904 3644 1960 terreri
3666 1904 3743 1959 nisi

2209 1995 2327 2052 sola
2369 1996 2483 2052 oris
2525 1996 2802 2050 torvitate.
2855 1993 2963 2050 Eas
3007 2009 3218 2049 veneno
3260 1993 3591 2064 frequentius
3619 2010 3743 2064 quam

2209 2083 2354 2140 ferro
2382 2092 2623 2153 necant;
2682 2085 2828 2140 lenta
2879 2084 2986 2140 illis
3031 2083 3317 2140 vivacitas.
3352 2082 3444 2139 Est
3479 2084 3602 2152 alae,
3621 2085 3744 2139 mulis

2209 2177 2604 2248 comparanda;
2635 2177 2774 2233 adeo
2800 2182 3076 2247 propenso
3098 2176 3254 2230 labro
3283 2175 3577 2246 superiore,
3598 2185 3649 2230 ut
3669 2176 3745 2231 nisi

2209 2271 2470 2326 recedens
2502 2271 2556 2325 in
2587 2270 2891 2342 posteriora
2914 2268 3143 2341 vestigia
3167 2268 3316 2339 pas‘ci
3341 2278 3583 2339 nequeat.
3604 2267 3749 2324 Cante-

2215 2365 2334 2419 leon
2365 2365 2613 2420 nascitur
2643 2365 2700 2419 in
2735 2352 2868 2419 Asia
2901 2363 3194 2434 plurimus,
3231 2363 3437 2418 animal
3471 2362 3747 2434 quadrupes,

2211 2457 2381 2514 facies
2439 2473 2547 2529 qua
2595 2458 2834 2524 lacertae,
2884 2443 2999 2513 nisi
3043 2471 3206 2513 crura
3255 2458 3414 2512 curta
3454 2466 3507 2512 et
3558 2457 3750 2530 longior:

2210 2551 2388 2607 ventri
2432 2551 2812 2621 jungerentur.
2866 2549 3088 2604 Prolixa
3149 2549 3349 2616 cauda,
3401 2549 3676 2621 eademque
3712 2551 3750 2604 in

2211 2641 2533 2712 vertiginem
2564 2649 2728 2708 torta,
2769 2641 2976 2696 hamati
3020 2655 3232 2712 ungues
3260 2640 3450 2696 subtili
3475 2641 3752 2702 aduncitate.

2213 2732 2460 2788 incessus
2481 2733 2654 2804 piger,
2678 2748 2879 2804 corpus
2901 2748 3182 2803 asperum,
3209 2733 3354 2789 cutis
3377 2733 3584 2804 qualem
3605 2734 3651 2792 in
3673 2750 3757 2789 cro—

2214 2825 2426 2880 codillis
2471 2825 2952 2895 deprehendimus,
3003 2812 3187 2880 hiatus
3247 2825 3370 2896 ejus
3435 2836 3670 2892 aeternus,
3710 2842 3756 2880 ac

2215 2916 2332 2973 sine
2363 2916 2530 2973 ullius
2555 2933 2692 2973 usus
2720 2917 3048 2972 ministerio.
3078 2916 3403 2986 Impetibilis
3423 2927 3507 2973 est
3533 2918 3704 2975 cornei.
3725 2918 3758 2970 Α

2215 3024 2545 3080 quocunque
2594 3009 2914 3066 interfectus
2944 3019 3048 3077 est,
3071 3010 3340 3065 victorem
3389 3026 3548 3066 suum
3589 3011 3760 3082 perimit

520 3101 750 3157 ﬂumine
777 3103 980 3172 pari-ter
998 3104 1161 3159 valet.
1194 3103 1462 3176 Linguam
1487 3121 1596 3159 non
1627 3105 1809 3172 habet,
1832 3105 2110 3160 maxillam
2143 3129 2184 3188 ο
2217 3098 2559 3156 interfectus.
2588 3099 2728 3156 Nam
2754 3101 2800 3156 si
2830 3100 2915 3157 vel
2949 3101 3229 3157 modicum
3275 3102 3394 3156 ales
3423 3117 3490 3156 ex
3517 3116 3580 3157 eo
3607 3100 3762 3160 ederit.

521 3201 706 3247 movet
745 3193 1101 3262 superiorem,
1127 3210 1348 3250 morsus
1382 3195 1504 3265 ejus
1539 3195 1789 3250 horribili
1822 3197 2116 3252 tenacitate
2218 3192 2365 3247 illico
2386 3193 2638 3247 moritur.
2679 3192 2784 3248 Sed
2822 3208 2986 3248 corax
3020 3194 3184 3248 habet
3227 3193 3547 3263 praesidium
3583 3192 3644 3247 ad
3673 3207 3762 3245 me-

523 3287 878 3341 conveniunt.
943 3285 1272 3357 Plerumque
1317 3287 1384 3342 ad
1427 3286 1498 3341 20
1536 3287 1696 3343 ulnas
1757 3287 2115 3359 longitudinis
2217 3283 2416 3350 delam,
2449 3291 2669 3353 sumpta
2716 3281 2911 3339 fronde
2952 3283 3140 3338 laurea
3181 3292 3474 3354 recuperat
3503 3281 3762 3338 sanitatem.

530 3378 807 3433 evalescit.
844 3376 1037 3445 Qualia
1075 3395 1298 3436 anseres
1333 3377 1446 3435 edit
1480 3396 1606 3446 ova;
1646 3395 1746 3436 nec
1783 3380 1913 3436 alibi
1968 3378 2115 3438 fetus
2217 3374 2432 3444 Corpus
2455 3375 2574 3429 sine
2603 3389 2788 3439 carne.
2822 3374 3006 3429 vitalia
3049 3375 3167 3430 sine
3201 3375 3377 3442 linea;
3411 3376 3698 3446 cuicunque
3723 3390 3767 3432 se

523 3469 743 3540 premit,
782 3485 947 3540 quam
974 3471 1065 3525 ubi
1099 3472 1395 3527 crescentis
1421 3470 1528 3527 Nili
1563 3487 1720 3543 aquae
1749 3488 1856 3527 non
1886 3481 2120 3543 possunt
2213 3464 2479 3535 junxerit,
2503 3466 2761 3522 concolor
2781 3465 2831 3521 ei
2860 3466 2939 3521 ﬁt.
2965 3465 3332 3520 Salamandra
3355 3464 3545 3522 Grazce
3564 3476 3766 3532 vocatur,

522 3560 825 3630 pervenire.
859 3561 1118 3616 Armatus
1145 3573 1229 3618 est
1256 3563 1404 3618 enim
1439 3565 1708 3635 unguium
1751 3564 2114 3622 immanitate.
2220 3557 2409 3615 Stellio
2441 3557 2656 3626 Lalinci

523 3650 790 3709 Νοοῑίδυε
818 3654 873 3708 in
903 3670 1045 3725 aqua
1072 3655 1238 3727 degit,
1276 3672 1375 3727 De”
1411 3656 1556 3712 diem
1600 3658 1752 3714 humi
1797 3660 2115 3729 θαιιιίεεοίι·
2255 3670 2443 3726 Stellio
2473 3670 2895 3741 flammipotens,
2927 3667 3311 3737 Salamandra,
3343 3669 3632 3741 Lameleon
3652 3668 3736 3723 hor

521 3744 911 3802 Circumdatur
958 3748 1201 3803 maxima
1255 3749 1398 3805 cutis
1459 3749 1735 3806 ﬁrmitate.
1787 3751 1845 3806 In
1895 3751 2120 3807 ﬂumine
2683 3739 2718 3811 ί
2991 3810 2998 3811 ,
3065 3810 3069 3811 ,
3175 3810 3185 3811 ί
3607 3739 3748 3811 [Γθηε.

527 3838 768 3908 quodam
806 3838 1162 3894 Caesariensis
1188 3839 1491 3896 Palaestinae
1515 3843 1680 3898 modo
1721 3843 1836 3899 haec
1880 3844 2122 3914 quadru-

529 3928 692 3998 pedia
723 3928 976 3983 similiter
1010 3929 1302 3998 habentur,
1332 3932 1426 3987 sed
1456 3946 1567 3987 non
1590 3948 1657 3988 ex
1685 3933 1848 4005 longo
1877 3943 2123 4004 tempore

526 4020 717 4075 dicunt
753 4020 886 4075 illuc
910 4019 1084 4076 fuisse
1105 4022 1268 4076 allata
1292 4023 1360 4078 de
1389 4023 1509 4094 ipso
1531 4023 1652 4080 Nilo
1687 4026 1975 4082 dolositate
2005 4040 2122 4080 ma-
2222 4018 2404 4072 habet-
2435 4017 2668 4084 Quidam
2698 4017 2883 4087 populi
2908 4017 3045 4073 adeo
3079 4019 3444 4088 suntproccri
3472 4027 3532 4072 ut
3557 4016 3776 4086 elephaik

526 4110 705 4181 ligna;
733 4111 826 4165 ubi
851 4111 965 4181 jam
981 4113 1186 4167 damna
1210 4116 1615 4184 quamplurima
1649 4119 1702 4171 in
1727 4118 2003 4173 territorio
2029 4116 2123 4171 illo
2221 4119 2310 4165 tos
2332 4111 2482 4165 velut
2526 4125 2700 4180 equos
2753 4108 3014 4164 facillima
3071 4109 3435 4165 insultatione
3491 4109 3777 4165 transiliam.

525 4221 672 4276 sepe
710 4216 1046 4277 perpetrant,
1080 4209 1337 4265 animalia
1373 4211 1656 4266 devorant.
1697 4213 2022 4283 Appotamus
2066 4215 2122 4270 in
2223 4199 2394 4256 Εεῑθῐ
2422 4217 2574 4272 gens,
2608 4216 2730 4272 qua?
2759 4201 2814 4255 ίιι
2845 4201 3132 4271 Iuvenum?
3161 4217 3298 4256 cana
3334 4201 3430 4267 δίιν
3457 4203 3711 4273 "ich-im
3739 4200 3778 4251 ί¹¹

2256 3811 2465 3868 Nomen
2498 3811 2640 3867 inest
2656 3810 2885 3878 trinum,
2913 3810 3005 3866 sed
3029 3810 3261 3880 simplex
3283 3825 3492 3881 corpus
3513 3818 3567 3866 et
3587 3810 3748 3864 unum.

2220 3925 2349 3980 Ales
2375 3933 2459 3981 est
2487 3941 2729 3996 pegasus,
2762 3939 2886 3995 quas
2926 3923 3063 3979 nihil
3108 3925 3372 3995 equinum
3428 3934 3624 3995 praeter
3653 3938 3776 3977 aures

527 4299 721 4354 eodem
766 4297 991 4355 flumine
1031 4299 1152 4356 Nilo
1197 4318 1263 4359 ac
1307 4304 1427 4360 solo
1469 4304 1738 4370 nascitur,
1768 4313 1822 4359 et
1856 4304 1910 4360 in
1947 4306 2120 4374 India,

530 4389 776 4447 maxime
811 4406 955 4461 equo
984 4391 1199 4460 similis,
1227 4402 1282 4448 et
1314 4393 1502 4460 dorso,
1530 4402 1583 4448 et
1611 4393 1764 4462 juba,
1786 4402 1841 4449 et
1882 4395 2120 4464 hinnitu,

2224 4300 2522 4348 senectute.
2550 4291 2874 4347 Leucocrota
2894 4301 2978 4348 est
2999 4292 3193 4359 bestia,
3216 4308 3342 4362 quae
3368 4293 3655 4348 velocitate
3675 4305 3781 4359 pur-

2223 4385 2368 4442 cedit
2403 4384 2549 4441 feras
2572 4385 2877 4450 universas,
2917 4383 3058 4438 asini
3101 4381 3202 4438 feri
3241 4383 3642 4454 magnitudine,
3667 4380 3781 4436 cervi

527 4491 713 4538 rostro
751 4483 1034 4553 resupino,
1077 4485 1297 4556 ungulis
1343 4484 1546 4553 biﬁdis,
1589 4485 1796 4556 aprinis
1840 4487 2115 4557 dentibus,
2150 4481 2195 4536 Ῑ)
2220 4476 2495 4542 Omnibus:
2527 4482 2748 4545 Ρθειοτθ
2799 4489 2865 4530 ac
2911 4473 3168 4529 cruribus
3211 4473 3477 4540 Ῑθοηίιιίεν
3519 4474 3686 4543 calli”
3715 4486 3785 4526 θ’

527 4575 702 4630 cauda
729 4583 996 4631 tortuosa.
1015 4575 1279 4633 Noctibus
1305 4585 1516 4647 segetes
1542 4578 1872 4648 depascitur,
1892 4579 1959 4634 ad
1978 4595 2116 4651 quas

527 4667 705 4736 pergit
737 4683 985 4735 aversus,
1009 4678 1133 4724 astu
1160 4670 1375 4734 dolcso,
1406 4677 1464 4723 ut
1510 4669 1730 4726 fallente
1757 4672 1988 4745 vestigio
2023 4689 2115 4730 re-

527 4761 758 4814 vertenti
805 4763 970 4818 nullre
1020 4763 1232 4819 insidia:
1280 4775 1675 4834 praeparentur.
1729 4766 1867 4821 Sunt
1897 4769 2116 4838 quidem

529 4865 758 4922 corpore
781 4854 1018 4924 majores
1041 4870 1206 4924 quam
1226 4855 1521 4924 elephanti.
1547 4854 1674 4912 Haec
1692 4865 1746 4912 et
1767 4858 1894 4926 alia,
1920 4859 2118 4930 pusilla

528 4945 596 4998 et
625 4960 844 5016 magna,
882 4945 1030 5000 Deus
1073 4954 1221 5001 creat
1258 4946 1535 5003 universa.
1580 4948 1646 5003 Et
1680 4951 1806 5020 quia
1852 4951 2029 5022 placet
2069 4954 2118 5007 ei

530 5049 737 5102 creare,
767 5046 823 5091 et
851 5037 1008 5092 nobis
1033 5037 1230 5093 debent
1259 5039 1492 5109 placere,
1518 5048 1570 5095 et
1591 5042 1820 5111 proinde
1851 5043 2039 5098 laudes
2070 5043 2121 5098 ei

531 5126 681 5182 dare.
707 5127 862 5184 Veris
891 5128 1209 5182 draconibus
1233 5144 1330 5185 ora
1353 5140 1480 5186 sunt
1499 5148 1686 5202 parva,
1711 5143 1764 5188 et
1783 5135 1849 5188 ad
1873 5149 2120 5190 morsum

533 5234 643 5274 non
686 5219 1054 5285 dehiscentia;
1088 5229 1217 5276 sunt
1265 5230 1319 5276 et
1365 5231 1528 5278 arcta:
1576 5225 1794 5292 fistulae,
1845 5242 1943 5295 per
1984 5242 2122 5296 quas

531 5310 761 5364 trahunt
781 5311 1007 5379 spiritus
1037 5320 1092 5366 et
1117 5311 1329 5384 linguas
1378 5325 1625 5370 exerunt.
1655 5317 1866 5387 Quippe
1910 5333 2019 5372 non
2066 5318 2120 5372 in

535 5399 812 5465 dentibus,
845 5401 953 5456 sed
979 5403 1032 5456 in
1060 5405 1252 5459 caudis
1277 5421 1544 5462 venenum
1572 5407 1791 5474 habent,
1815 5416 1870 5463 et
1898 5408 2122 5462 verbere

537 5490 721 5561 potius
757 5509 922 5563 quam
949 5493 1086 5550 rictu
1105 5505 1321 5552 nocent.
1344 5497 1628 5554 Exciditur
1646 5515 1712 5555 ex
1738 5499 1979 5555 cerebris
2003 5499 2126 5553 dra-

539 5582 746 5635 cantias
785 5583 944 5652 lapis.
985 5586 1158 5643 Draco
1202 5588 1478 5644 maximus
1505 5597 1590 5644 est
1619 5588 1864 5644 omnium
1901 5603 2124 5657 serpen-

540 5673 701 5732 tium.
731 5674 844 5729 sive
876 5677 1237 5734 animantium
1259 5696 1383 5750 qua:
1417 5688 1548 5736 sunt
1577 5695 1742 5750 super
1766 5688 2000 5744 terram;
2033 5679 2127 5748 qui

541 5778 686 5834 »πρε
710 5781 738 5816 a
769 5767 1046 5837 speluncis
1095 5771 1402 5828 abstractus
1439 5771 1610 5828 fertur
1653 5773 1708 5828 in
1743 5786 1946 5837 aerem,
1989 5786 2124 5826 con-

2225 4569 2371 4635 meli,
2398 4568 2607 4623 bisulca
2641 4566 2866 4638 ungula,
2895 4581 2991 4622 ore
3015 4581 3194 4636 usque
3227 4564 3297 4620 ad
3337 4581 3507 4620 aures
3535 4565 3784 4620 dehisceuo

2225 4667 2297 4726 te,
2322 4659 2568 4714 dentium
2596 4659 2735 4714 locis
2753 4673 2878 4713 osse
2901 4667 3182 4728 perpetuo.
3207 4655 3336 4712 Haec
3357 4656 3548 4727 quoad
3569 4656 3784 4717 formam;

2223 4767 2351 4806 nam
2386 4766 2518 4806 voce
2569 4750 2906 4820 loquentium
2957 4749 3242 4804 hominum
3301 4764 3474 4804 sonos
3512 4749 3782 4804 aemulatur.

2229 4844 2570 4898 Mantichora
2591 4842 2813 4897 nomine
2838 4842 2981 4896 inter
3005 4842 3122 4896 haec
3148 4841 3419 4906 nascitur,
3449 4841 3652 4912 triplici
3681 4838 3780 4894 deu-

2224 4939 2360 4993 tium
2388 4937 2580 4992 ordine
2609 4945 2858 5002 coeunte,
2883 4934 3094 4990 vicibus
3124 4934 3374 4997 alternis,
3404 4931 3788 4991 faciehominis,

2223 5031 2433 5102 glaucis
2482 5029 2677 5096 oculis,
2711 5029 3010 5100 sanguineo
3050 5027 3253 5092 colore,
3287 5021 3532 5096 corpore
3583 5023 3790 5084 leonino,

2226 5122 2399 5178 cauda
2432 5120 2582 5176 velut
2615 5119 2941 5191 scorpionis,
2973 5118 3174 5175 aculeo.
3194 5116 3493 5186 spiculata,
3524 5131 3660 5172 voce
3693 5124 3792 5168 tau-

2225 5219 2341 5266 tum
2365 5209 2544 5275 sibila,
2560 5217 2620 5263 ut
2639 5209 2883 5263 imitetur
2904 5205 3154 5262 modulos
3176 5205 3519 5260 fistularum.
3544 5203 3794 5260 Humanas

2225 5318 2420 5360 carnes
2451 5301 2768 5357 avidissime
2803 5299 3037 5365 affectat,
3073 5298 3306 5368 pedibus
3350 5298 3436 5353 sic
3487 5298 3656 5369 viget,
3681 5296 3794 5350 saltu

2223 5395 2304 5451 sic
2333 5402 2534 5464 potest,
2566 5401 2627 5448 ut
2661 5391 2867 5448 morari
2903 5406 3023 5446 eam
3072 5405 3174 5446 nec
3220 5389 3616 5446 extentissima
3650 5385 3798 5458 spatia

2225 5489 2460 5560 possint,
2482 5503 2583 5543 nec
2613 5486 2897 5542 obstacula
2933 5484 3224 5539 latissima.
3259 5481 3368 5538 Sed
3397 5484 3533 5554 quis
3567 5489 3734 5553 potest
3755 5478 3797 5530 in

2227 5588 2334 5643 hoc
2355 5587 2494 5641 mari
2523 5599 2722 5655 magno
2750 5589 2803 5639 et
2829 5581 3070 5653 spatioso
3099 5590 3181 5636 tot
3204 5589 3258 5635 et
3290 5589 3446 5634 tanta
3475 5579 3573 5634 Dei
3603 5587 3798 5647 magna-

2231 5680 2303 5734 lia
2348 5679 2433 5734 vel
2485 5678 2647 5744 scire,
2679 5675 2764 5730 vel
2806 5674 3126 5743 exquirere,
3164 5672 3221 5726 in
3268 5686 3384 5741 quo
3411 5681 3702 5726 versantur
3736 5671 3798 5717 tot

2233 5768 2489 5830 animalia
2548 5776 2602 5822 et
2653 5764 2863 5836 reptilia
2925 5777 3161 5833 quorum
3215 5777 3329 5816 non
3388 5770 3479 5818 est
3528 5749 3798 5815 numerus?
