3804 6312
80 327 161 382 95:5
753 310 1128 370 FULCHERII
1160 307 1462 368 CARNOT.
1501 305 1684 369 HIST,
1719 303 2086 364 IIIEROSOL.
2109 289 2194 347 κ-
2231 303 2363 361 LIB.
2403 303 2492 362 III.
3181 304 3287 362 93$

78 442 168 498 iloc
189 447 348 494 autem
369 435 507 504 quod
527 430 638 488 dixi
661 429 958 496 tantillum,
989 444 1022 484 a
1053 427 1242 484 Solino
1263 424 1598 496 exquisitore
1625 426 1674 484 Α
1699 425 1934 480 etiticato
1968 430 2095 493 post
2117 421 2349 478 missam
2391 416 2635 474 auditam
2685 415 3076 474 communicati
3103 426 3290 474 essent

77 528 377 604 sagacissimo
407 534 460 581 et
481 522 862 590 dictatissimo,
894 531 1058 593 prout
1099 519 1291 587 malui,
1321 516 1592 589 excerpsi.
1701 529 1912 579 omnes,
1933 511 2112 568 factus
2136 520 2221 567 est
2246 510 2504 580 utrinque
2526 522 2878 579 congressus,
2898 517 2953 563 et
2975 507 3178 564 bellare
3199 507 3288 564 in-

77 597 160 681 Sed
185 621 311 694 quod
339 621 436 674 iter
479 615 785 672 Alexander
813 614 1042 687 Magnus
1084 613 1142 669 in
1182 612 1335 669 India
1389 613 1594 684 reperit
1699 605 1984 676 cipientes,
2020 603 2251 674 Adjuva,
2309 601 2478 670 Deus,
2505 601 2902 663 exclamantes,
2949 597 3289 656 vociferam-

75 729 116 774 et
137 691 267 781 vidit,
287 713 330 769 si
375 726 481 767 non
513 717 727 777 cuneta,
758 717 942 764 tamen
986 707 1265 779 aliquanta
1308 706 1364 762 in
1416 715 1598 776 poste-
1699 707 1846 755 runt.
1883 697 2046 754 Turci
2075 711 2295 768 quoque
2330 703 2386 752 et
2420 695 2885 761 exclamaverunt,
2925 700 2982 749 et
3021 691 3290 748 acerrime

72 780 550 867 tioribusindicabo.
1697 790 2118 846 dimicaverunt.
2149 786 2216 843 Et
2238 801 2380 859 quos
2417 786 2577 857 quasi
2609 785 2724 856 jam
2757 785 2936 841 victos
2977 793 3138 840 antea
3167 780 3294 839 vili-

97 899 225 954 Nunc
250 896 352 952 abit
374 895 460 952 hic
484 909 680 960 annus,
715 899 898 948 rector
923 890 1070 947 Deus
1097 898 1276 948 exstet
1309 890 1452 946 alius
1699 880 2025 953 penderant,
2049 894 2242 935 eorum
2272 879 2471 934 miram
2500 876 2826 948 probitatem
2851 875 3106 932 admirati
3135 882 3288 932 sunt.

101 968 344 1040 Temporis
367 965 433 1020 ad
455 965 642 1032 ritum,
659 964 824 1019 modo
845 963 1276 1018 transilitannus
1293 962 1349 1016 in
1364 975 1592 1016 annum.

1801 972 2088 1030 deﬁciente
2125 971 2235 1028 illis
2276 970 2494 1042 spiritu,
2521 969 2719 1025 timore
2743 977 2798 1024 et
2822 985 3023 1040 pavore
3047 967 3292 1026 exterriti

381 1123 392 1135 .
551 1126 570 1137 ,
650 1074 882 1131 CAPUT
908 1075 971 1129 L.
1698 1066 1768 1123 de
1789 1065 1918 1138 fuga
1945 1065 2345 1137 cogitaverunt.
2369 1061 2531 1134 Fugit
2555 1061 2956 1133 Tuldequinus,
2979 1061 3119 1134 fugit
3146 1061 3294 1117 ﬁlius

70 1172 132 1228 De
149 1170 446 1242 expeditione
481 1169 616 1242 regis
661 1167 1154 1238 Hierosolymorum
1197 1173 1383 1220 contra
1423 1181 1594 1236 regem
1700 1159 1840 1231 ejus.
1887 1158 1955 1214 Et
1981 1155 2236 1230 quamvis
2277 1163 2498 1213 nostros
2525 1155 2606 1210 illi
2635 1154 2778 1211 ultra
2797 1171 3016 1212 onmem
3066 1155 3293 1210 modum

565 1238 1039 1292 Damascenorum.
1702 1259 2066 1318 coarctat-ent,

1789 1259 2066 1318 trctarent,
2093 1257 2377 1306 crescente
2407 1247 2520 1304 illis
2549 1246 2726 1319 magis
2753 1248 3039 1319 magisque
3072 1247 3291 1317 spiritu,

124 1337 256 1390 Anno
282 1349 311 1388 a
331 1331 501 1388 Natali
521 1331 812 1388 Dominico
837 1332 995 1399 1126,
1033 1330 1329 1388 indictione
1351 1348 1434 1398 ιιι,
1458 1331 1600 1387 cele—
1701 1350 2022 1400 constantes
2039 1351 2094 1398 ει
2117 1341 2288 1397 animi
2314 1348 2598 1410 εοωροιεε
2620 1340 2970 1397 exstiterunt,
2989 1338 3198 1394 Tamus
3220 1347 3298 1394 ta.

66 1430 205 1484 bratis
233 1428 283 1482 in
308 1425 645 1483 Hierusalem
673 1423 914 1480 Natalitii
935 1424 1130 1481 diebus
1149 1424 1324 1492 festis,
1347 1425 1603 1481 conflavit
1702 1451 1829 1491 men
1859 1434 2084 1489 nimbus
2113 1431 2439 1504 sagittarum
2470 1431 2758 1502 ingruebat
2778 1446 2810 1486 a
2835 1428 3030 1486 Turcis
3061 1438 3122 1485 ut
3146 1429 3296 1484 nulla

68 1538 143 1577 rex
188 1521 470 1576 exercitum
525 1535 725 1587 suum,
773 1517 829 1574 in
870 1533 1055 1589 regem
1114 1517 1434 1572 incessurus
1500 1514 1570 1570 Da

1794 1526 1953 1598 'poris
1979 1540 2110 1596 pars
2138 1525 2208 1580 ab
2238 1525 2352 1580 ictu
2375 1530 2431 1579 et
2458 1523 2684 1580 vulnere
2707 1530 2823 1578 tuta
2853 1530 3000 1579 esset
3023 1521 3296 1578 Christia-

66 1629 287 1670 mascum.
309 1611 373 1667 Et
401 1611 549 1667 facto
577 1618 898 1666 extraventu
937 1624 1038 1666 suo
1066 1607 1276 1665 monitu
1317 1620 1568 1680 praeona

1801 1660 1816 1674 .
1842 1617 2002 1673 Nulla
2027 1616 2228 1688 quippe
2252 1615 2460 1671 nostris
2494 1612 2907 1681 tumultuosior,
2947 1613 3099 1670 nulla
3133 1612 3299 1669 terri-

65 1707 148 1772 rio,
174 1713 272 1761 tota
299 1703 792 1776 Hierosolymitana
824 1702 975 1774 regio
997 1703 1066 1758 ad
1089 1703 1193 1758 hoc
1217 1711 1491 1758 commota
1519 1713 1567 1756 es

1799 1714 1871 1766 Lor
1897 1723 2082 1782 pugna
2126 1707 2251 1763 fuit.
2292 1705 2586 1763 Discursus
2615 1702 3172 1760 circumcursantium
3216 1710 3301 1758 at-

65 1799 171 1870 pede
192 1807 241 1854 et
263 1812 417 1869 equo.
443 1795 666 1868 Joppini
693 1805 748 1852 et
771 1795 1147 1863 Rametenses,
1171 1803 1226 1850 et
1251 1794 1346 1865 qui
1373 1793 1566 1849 eranti

1798 1800 2116 1870 afremitus,
2151 1799 2394 1870 itemque
2432 1797 2671 1868 impetus
2699 1804 2818 1852 erat
2854 1795 3080 1852 nimius.
3118 1795 3300 1866 Salpi-

66 1890 218 1958 Lidda,
241 1900 475 1946 meantes
502 1905 604 1961 per
625 1888 929 1962 Neapolim,
953 1889 1056 1944 iter
1075 1895 1305 1960 egerunt
1327 1903 1487 1942 suum
1509 1903 1568 1958 pe

1799 1938 1800 1945 η
1843 1905 1899 1953 et
1941 1911 2151 1954 cornua
2196 1893 2549 1951 vehementer
2595 1889 3020 1959 concrepabant.
3055 1887 3301 1944 Accineti

65 1982 354 2055 ScitOpolim.
384 1981 513 2039 Haec
537 1990 624 2039 est
649 1981 848 2038 Besan.
887 1981 948 2037 In
979 1980 1387 2051 septentrionali
1422 1988 1567 2035 auter

1801 2002 1840 2051 :o
1877 1987 2056 2044 nostri
2102 2003 2134 2042 a
2184 1986 2382 2042 Turcis
2414 1981 2776 2042 circumcirca
2819 1980 2934 2050 jam
2977 1979 3303 2050 plerumque

63 2084 205 2131 1mm
229 2075 502 2131 Achonita!
530 2082 588 2130 et
615 2073 787 2146 Tyrii.
830 2072 898 2128 Ηί
942 2089 1094 2141 \‘el'O.
1127 2073 1181 2127 in
1223 2087 1460 2143 quorum
1511 2087 1607 2127 re!
1709 2079 2120 2146 sauciabantur,
2158 2088 2214 2135 et
2251 2094 2378 2134 cum
2405 2086 2644 2150 quatuor
2682 2071 2957 2132 milliariis
3005 2071 3304 2144 fugitantes

63 2175 250 2237 pluerat
267 2167 511 2238 collegio,
539 2167 851 2238 linquentes
881 2166 945 2223 ad
968 2165 1251 2222 dexteram
1285 2165 1479 2220 urbem
1511 2163 1609 2221 Se-
1709 2172 1996 2228 tolerando
2046 2169 2385 2236 ealluissent,
2417 2169 2618 2225 vellent
2641 2167 2868 2235 nollent,
2905 2163 3186 2222 conversis
3233 2161 3305 2218 ad

64 2261 256 2328 phorum
308 2268 361 2316 et
394 2269 643 2316 montem
671 2259 912 2326 Thabor,
936 2268 1208 2317 venerunt
1238 2257 1604 2313 Tiberiadem.
1709 2277 1806 2320 eos
1833 2262 2099 2330 vultibus,
2133 2261 2329 2332 spiritu
2364 2260 2557 2330 repleti
2597 2258 2798 2314 martia
2833 2273 3079 2330 pugnare
3121 2267 3306 2329 cmpe-

63 2348 235 2416 Quibus
273 2347 755 2422 Hierosolymitani
802 2349 970 2405 simul
1007 2349 1336 2421 conglobati,
1372 2348 1610 2406 Iordane
1709 2362 1858 2410 runt.
1894 2353 2065 2411 Sacra
2101 2353 2190 2410 die
2229 2353 2359 2409 belli
2397 2351 2564 2408 nituit
2585 2350 2890 2408 Conversio
2929 2349 3106 2416 Pauli,
3135 2365 3304 2420 quem
3345 2400 3350 2405 .

63 2445 276 2514 transito,
325 2443 427 2500 sub
461 2443 720 2500 tentoriis
781 2442 900 2500 suis
943 2443 1126 2499 cuncti
1166 2442 1410 2514 jucunde
1449 2443 1608 2515 quie—
1709 2446 1856 2504 Deus
1883 2447 2064 2519 elegit.
2099 2445 2248 2502 Hora
2277 2445 2385 2502 diei
2412 2443 2572 2501 teriia
2597 2444 2834 2514 incmpta
2861 2450 2949 2500 est
2988 2442 3058 2498 lis
3079 2442 3298 2510 bellica,

62 2545 236 2592 verunt.
1684 2541 1779 2602 ,de
1801 2555 1912 2611 qua
1941 2538 2107 2594 ﬁnem
2135 2537 2230 2593 dat
2262 2551 2489 2608 vespera
2511 2534 2620 2592 diei
2651 2534 2780 2591 data
2822 2533 3074 2590 victoria.
3107 2533 3304 2590 Gravis

89 2625 293 2708 Ῑβηψιιε
311 2637 427 2708 θιζθῑ
445 2626 971 2708 ριὲὶνιιῐηηςιξοιιίεῐη
995 2626 1116 2682 Sine
1135 2626 1300 2708 ιξιὼε,
1329 2641 1608 2694 serenum.
1711 2636 1935 2708 quidem
1966 2650 2147 2705 pugna
2171 2631 2538 2705 ignominiosa
2560 2638 2646 2686 est
2659 2629 2808 2700 fuga.
2839 2627 2942 2684 Sed
2963 2627 3306 2685 tolerabilius

87 2695 576 2770 mseptemdccmm
596 2698 904 2754 mntem!"
930 2697 1324 2754 Commium"
1712 2695 1797 2785 est
1846 2727 2127 2782 inﬁrmum
2181 2725 2364 2780 vivere
2401 2739 2568 2795 quam
2615 2731 2895 2777 mortuum
2941 2721 2996 2775 in
3038 2728 3305 2776 aeternum

60 2811 412 2870 Antelucanum
441 2823 655 2882 autem,
679 2829 806 2870 cum
828 2812 1024 2870 castris
1053 2812 1442 2885 egrediendum
1469 2819 1610 2880 erat,
1711 2820 1990 2891 plangere.
2015 2815 2201 2886 Itaque
2216 2814 2380 2870 Turci
2407 2813 2692 2884 elegerunt
2707 2811 2988 2883 fugam,ut
3004 2810 3306 2866 retinerent

62 2904 284 2960 indicium
312 2906 485 2963 lituus
514 2905 665 2962 fecit.
710 2905 868 2964 Tune
911 2920 1045 2960 vero
1090 2905 1440 2961 tabernacula
1499 2907 1614 2960 eol-
1712 2911 1902 2966 vitam.
1930 2908 2050 2964 Duo
2073 2907 2344 2978 siquidem
2370 2906 2564 2972 millia,
2586 2913 2642 2960 et
2660 2904 2826 2974 paulo
2846 2903 2991 2974 plus,
3017 2903 3084 2959 de
3106 2901 3306 2958 Turcis

60 2994 219 3068 ligunt,
248 3008 300 3055 et
324 2999 392 3056 ad
425 2997 830 3071 profectionem
884 3007 1079 3054 cuncta
1109 2998 1407 3054 instruunt.
1435 2997 1613 3054 Mulos
1713 2997 2179 3059 remanseruntin
2203 2994 2431 3066 campis.
2463 2994 2540 3050 De
2571 2993 2850 3064 peditibus
2871 3001 3057 3048 autem
3087 3007 3198 3048 non
3220 2997 3309 3047 est

60 3097 102 3141 et
117 3089 358 3158 jumenta,
391 3091 750 3161 camelosque
798 3089 1032 3146 sarcinis
1073 3097 1326 3156 onerant,
1356 3089 1424 3144 ad
1466 3089 1612 3160 quod
1640 3131 1686 3189 Ω
1716 3105 1999 3146 numerus.
2051 3087 2128 3144 De
2155 3087 2361 3144 nostris
2388 3101 2520 3142 vero
2563 3085 2630 3140 14
2663 3085 2878 3156 equites
2905 3094 2962 3140 et
2984 3083 3054 3140 80
3073 3084 3304 3154 pedites.

59 3183 253 3238 multum
303 3183 768 3240 tumultuabatur.
823 3181 1050 3237 Rudunt
1101 3181 1266 3249 asini,
1309 3182 1615 3238 blacterant
1642 3171 1686 3192 "
1715 3179 1934 3252 Optime
1961 3195 2022 3237 se
2045 3179 2238 3234 habuit
2265 3193 2360 3232 rex
2386 3185 2573 3232 noster
2606 3175 2660 3230 in
2708 3175 2797 3231 die
2829 3175 2943 3241 illa,
2987 3190 3115 3230 eum
3156 3172 3308 3228 omni

61 3275 238 3342 cameli,
272 3274 538 3331 hinniunt
566 3274 713 3346 equi.
755 3273 894 3330 Cum
934 3283 1120 3330 autem
1167 3274 1451 3346 praedulces
1498 3276 1615 3330 via-
1713 3274 1960 3345 equitatu
1989 3287 2110 3339 suo,
2135 3285 2236 3327 nec
2262 3285 2372 3325 non
2394 3278 2448 3324 et
2470 3267 2742 3335 clientela,
2760 3282 2886 3323 cum
2906 3266 3110 3337 quibus
3129 3265 3309 3321 omni-

58 3371 208 3420 torum
243 3366 518 3422 tramitem
549 3365 828 3422 insinuare
849 3365 1163 3438 erupissent,
1189 3367 1450 3424 cornibus
1485 3367 1612 3422 item
1714 3375 1910 3437 potens
1930 3363 2074 3428 Deus
2095 3365 2149 3418 in
2169 3362 2584 3433 praesentiarum
2607 3358 2802 3430 adfuit.
2829 3358 2992 3430 Fugit
3018 3373 3114 3413 rex
3135 3355 3310 3429 Syria:

59 3471 145 3512 una
170 3459 609 3529 personantibus,
635 3459 780 3515 viam
825 3452 994 3531 quam
1039 3459 1144 3515 sibi
1187 3460 1463 3516 utiliorem
1508 3475 1614 3516 no-
1716 3474 1842 3515 cum
1871 3457 2074 3528 quibus
2101 3455 2299 3526 potuit.
2331 3452 2449 3509 Rex
2478 3462 2663 3509 autem
2689 3451 2910 3507 Solima:
2947 3465 3074 3506 cum
3108 3450 3306 3504 trium-

55 3561 219 3606 verunt
241 3563 496 3608 accurate
521 3560 863 3623 carpserunt.
890 3551 1102 3606 Etcum
1130 3560 1330 3608 terram
1357 3551 1614 3608 hostilem
1715 3552 1826 3624 pho
1859 3551 2018 3606 laetus
2041 3547 2222 3604 rediit.
2255 3546 2505 3618 Cumque
2535 3559 2782 3600 remeare
2821 3551 3089 3600 statutum
3131 3551 3301 3608 esset,

56 3638 346 3707 profundius
365 3642 716 3710 introissent,
737 3642 930 3698 levatis
941 3642 1115 3715 signis
1136 3643 1388 3700 incedere
1408 3643 1618 3714 sapien-
1716 3643 2076 3704 aceinxerunt
2100 3640 2294 3696 turrim
2327 3654 2516 3705 unam,
2538 3645 2594 3692 et
2620 3642 2884 3706 ceperunt
2906 3649 3027 3690 eam
3049 3649 3176 3689 cum
3201 3648 3306 3688 no-

56 3729 145 3787 tius
168 3743 500 3807 sategerunt,
530 3743 586 3790 et
609 3735 780 3790 armis
809 3735 924 3792 suis
955 3751 1014 3792 se
1037 3735 1376 3804 munierunt,
1428 3751 1498 3790 ne
1531 3735 1618 3790 in-
1717 3733 1942 3805 naginta
1985 3747 2080 3788 sex
2131 3731 2283 3785 viris.
2331 3729 2544 3796 Quibus
2585 3725 2908 3793 interfectis,
2957 3725 3122 3780 aliam
3161 3740 3308 3780 com-

56 3824 248 3892 opinato
272 3827 528 3898 periculo
553 3827 1024 3898 perturbarentur.
1073 3827 1227 3885 Tune
1279 3828 1620 3884 transierunt
1691 3825 2004 3898 prehendit
2031 3839 2129 3879 rex
2154 3838 2282 3879 eum
2321 3821 2393 3876 20
2415 3819 2610 3876 Turcis
2641 3819 2698 3875 in
2739 3835 2804 3875 ea
2833 3817 3096 3890 fugitivis.
3128 3815 3305 3884 Quam

54 3927 244 3972 caveam
263 3917 440 3986 Roob,
467 3928 526 3975 et
548 3927 751 3974 terram
768 3919 1235 3976 Damascenorum
1263 3920 1617 3988 introierunt,
1720 3933 1846 3974 cum
1870 3916 2118 3972 viderent
2141 3931 2174 3970 a
2193 3903 2402 3970 uestris
2425 3911 2776 3979 circumfodi,
2807 3921 2862 3968 et
2883 3911 3094 3982 lapides
3111 3909 3306 3982 ingen-

55 4013 98 4058 et
115 4007 243 4064 ultra
267 4008 527 4066 Meddam
559 4010 775 4067 duabus
810 4012 1063 4068 noctibus
1086 4022 1479 4083 pausaverunt.
1511 4011 1618 4068 Ubi
1721 4010 1966 4066 tissimos
2002 4008 2340 4079 extorqueri,
2373 4016 2429 4063 et
2475 4022 2535 4064 se
2565 4017 2620 4063 et
2653 4021 2836 4062 arcem
2884 4003 3162 4076 perterriti
3195 4011 3309 4059 tra-

53 4098 297 4166 quoddam
339 4101 526 4157 oritur
569 4100 793 4168 ﬁumen,
818 4103 966 4173 quod
1004 4113 1159 4179 extra
1202 4119 1354 4160 mare
1383 4103 1620 4161 Gallinae:
1719 4103 1973 4160 diderunt
1995 4101 2131 4172 regi,
2157 4115 2296 4171 quos
2319 4115 2385 4156 eo
2403 4108 2565 4170 pacto
2598 4099 2751 4155 abire
2789 4097 2949 4166 fecit,
2975 4097 3071 4154 sed
3107 4096 3306 4152 turrim

51 4202 217 4247 versus
239 4191 568 4265 Scitopolim
603 4193 903 4262 descendit,
939 4203 993 4250 et
1040 4193 1264 4252 Jordani
1318 4211 1378 4252 se
1415 4195 1616 4268 jungit.
1719 4193 1861 4252 diru’
1914 4192 2063 4250 feeit.
2117 4191 2503 4248 Necessarium
2565 4199 2747 4246 autem
2805 4189 2962 4245 valde
3023 4189 3312 4245 videbatur

53 4276 184 4338 Tunc
209 4284 482 4356 siquidem
515 4301 680 4341 unam
711 4287 907 4342 turrim
935 4294 1062 4342 ante
1090 4303 1150 4343 se
1181 4287 1456 4345 inventam
1478 4303 1620 4359 prae-
1720 4287 1867 4344 hanc
1909 4285 2179 4352 exscindi,
2235 4301 2305 4340 ne
2351 4285 2557 4340 multos
2594 4283 2680 4340 sui
2718 4281 3023 4338 munimine
3063 4281 3131 4337 ad
3167 4279 3314 4338 defc-

51 4372 400 4443 cipitaverunt.
432 4377 626 4448 Itaque
653 4379 789 4434 adea
815 4387 992 4435 strum
1030 4377 1230 4436 Solone
1271 4380 1618 4436 nominatum
1720 4378 1960 4434 (tionem
1991 4376 2266 4431 invitaret.
2303 4373 2444 4430 Nam
2474 4383 2529 4430 et
2569 4373 2762 4429 salutis
2791 4387 2944 4443 spem
2988 4370 3308 4428 habitatori-

52 4477 308 4524 vcnerunt.
360 4467 524 4525 Unde
573 4468 697 4542 Syri
743 4469 1045 4526 Christiani
1083 4471 1394 4528 habitantes
1443 4473 1500 4526 in
1551 4487 1618 4527 eo
1646 4472 1696 4534 D
1723 4471 1826 4526 bus
1859 4479 2088 4537 certam,
2129 4476 2185 4524 et
2231 4466 2673 4538 aggredientibus
2706 4463 3106 4520 haesitationem
3144 4471 3311 4532 atque

49 4568 155 4610 cum
195 4560 555 4628 processione
583 4575 681 4615 sua
717 4560 972 4616 exierunt
1015 4560 1232 4616 obviam
1272 4562 1406 4634 regi.
1454 4561 1617 4618 Post-
1728 4559 2080 4618 formidinem
2108 4567 2369 4630 praestare
2393 4565 2624 4628 poterat.
2658 4556 2899 4612 Taedebit
2919 4553 3106 4610 forsan
3135 4554 3311 4609 histo-

48 4649 248 4706 modum
297 4667 431 4708 vero
487 4662 755 4707 venerunt
795 4651 865 4708 ad
912 4651 1129 4720 vallem,
1149 4681 1151 4683 ι
1171 4669 1337 4724 quam
1367 4653 1616 4710 Marchi-
1722 4653 1821 4710 riae
1849 4653 2148 4719 auditores,
2178 4651 2226 4708 si
2253 4650 2438 4707 omnia
2467 4665 2591 4720 qua:
2617 4649 2672 4704 in
2700 4649 2866 4715 bello,
2899 4648 2982 4703 vel
3013 4646 3138 4702 belli
3179 4662 3308 4718 gra-

46 4742 217 4809 tophur
260 4751 466 4800 vocant
491 4783 508 4808 ,
562 4743 668 4799 boe
716 4751 802 4799 est
844 4741 1194 4814 imperatoris
1244 4740 1493 4815 Sophar,
1547 4747 1617 4802 ad
1725 4748 1820 4814 tia,
1858 4756 1972 4802 tam
2000 4747 2051 4801 vi
2073 4761 2240 4816 quam
2265 4744 2466 4800 astutia
2503 4754 2657 4815 gesta
2687 4750 2835 4810 sunt,
2860 4741 3184 4802 recitentur,
3211 4739 3314 4795 As-

47 4827 228 4901 locum,
249 4834 306 4889 in
333 4851 450 4911 quo
472 4832 677 4889 Paulus
697 4835 980 4906 apostolus
1009 4851 1040 4889 a
1065 4834 1299 4891 Domino
1323 4837 1617 4908 colaphum
1725 4837 2018 4894 sumebant
2039 4839 2186 4892 enim
2219 4834 2543 4890 Damasceni
2579 4834 2752 4889 lectos
2777 4831 3019 4904 agilitate
3053 4829 3309 4899 juvenes,

45 4924 249 4994 accepit,
270 4941 370 4996 per
391 4935 506 4981 tres
526 4924 646 4981 dies
671 4925 850 4981 visum
868 4925 1145 4994 amittens,
1165 4927 1382 4983 duobus
1404 4927 1477 4983 ibi
1503 4928 1619 4984 die-
1725 4928 1820 4999 qui
1849 4943 1976 4983 cum
2003 4926 2173 4982 armis
2203 4926 2319 4982 suis
2348 4933 2473 4996 post
2509 4923 2758 4994 equitum
2781 4931 2930 4994 terga
2955 4921 3225 4988 sederent,
3257 4931 3310 4980 et

46 5011 135 5070 bus
148 5033 351 5074 moram
377 5017 662 5076 facientes.
682 5018 798 5075 Illic
811 5029 1151 5090 aspexerant
1171 5021 1404 5076 tentoria
1427 5019 1620 5078 Dama-
1722 5036 1850 5077 eum
1893 5021 1962 5076 ad
1999 5021 2216 5076 hostem
2263 5028 2488 5074 ventum
2538 5025 2705 5084 esset,
2736 5015 2894 5086 equis
2922 5014 3226 5083 desilirent,
3255 5026 3313 5073 et

46 5118 337 5176 scenorum,
373 5109 680 5166 exercitum
709 5117 962 5165 nostrum
980 5109 1053 5164 ibi
1071 5111 1527 5182 exspectantium.
1548 5110 1617 5168 Et
1724 5112 1985 5168 continuo
2031 5112 2240 5183 pedites
2281 5109 2386 5180 ipsi
2427 5124 2496 5164 ex
2537 5107 2645 5164 alia
2675 5115 2828 5178 parte
2866 5107 3164 5177 equitibus,
3213 5123 3313 5178 per

47 5211 157 5252 cum
203 5199 532 5274 Tuldequini
579 5203 724 5274 regis
766 5201 914 5259 ﬁlius
963 5201 1211 5274 equitum
1253 5201 1475 5258 circiter
1512 5203 1618 5258 tria
1701 5217 1865 5276 quos
1889 5203 2108 5260 adducti
2133 5201 2374 5268 fuerant,
2403 5199 2795 5256 dimicantibus
2835 5198 3048 5256 hostem
3091 5209 3312 5270 pertur-

47 5287 199 5344 millia
226 5293 470 5352 studiose
485 5293 790 5350 adductans
805 5302 1083 5365 utcunque
1113 5293 1290 5365 potuit
1313 5293 1620 5350 contraxis-
1721 5289 1935 5354 harent.
2187 5347 2194 5352 .
3063 5305 3065 5307 ’

50 5386 139 5444 set,
167 5381 231 5435 ad
258 5391 467 5452 patrem
493 5384 899 5456 pugnabundus
941 5384 1122 5450 rediit;
1163 5392 1218 5440 et
1256 5383 1466 5440 dieillo
1489 5393 1618 5441 ante
2326 5404 2557 5461 CAPUT
2597 5401 2682 5459 LI.

49 5465 232 5568 bellum
266 5476 412 5546 genti
435 5491 547 5532 sua:
568 5485 895 5549 aggregatus
917 5485 1020 5532 est.
1049 5474 1161 5532 Nec
1193 5491 1350 5536 mora
1384 5477 1551 5548 longit

1771 5499 1834 5556 De
1862 5499 2134 5554 obsidione
2168 5498 2315 5552 urbis
2351 5496 2664 5568 Raphauiw,
2691 5499 2828 5553 etde
2859 5495 3146 5553 Sabbatico
3166 5497 3273 5567 [lu-

53 5563 298 5626 ordinata:
320 5582 446 5626 sunt
471 5573 526 5628 in
556 5581 712 5643 parte
735 5580 924 5628 nostra
945 5580 1054 5627 tam
1075 5572 1308 5626 militum
1332 5587 1498 5642 quam
1520 5587 1617 5642 pe-
2426 5563 2579 5624 mine.

53 5656 209 5716 (litum
238 5663 385 5719 acies
411 5666 495 5734 l2,
532 5675 594 5722 ut
624 5667 693 5722 ab
725 5666 987 5722 alterutra
1031 5665 1483 5722 corroboraretur
1518 5680 1614 5721 ca-
1792 5662 2068 5735 Scriptum
2091 5665 2296 5737 quippe
2316 5673 2401 5721 cst
2432 5684 2445 5720 :
2479 5683 2499 5716 ι
2539 5662 2687 5719 Nihil
2707 5680 2773 5720 ex
2801 5663 2951 5719 omni
3004 5671 3158 5733 parte
3180 5662 3312 5717 bea-

58 5757 208 5822 terva,
239 5755 286 5809 si
315 5759 607 5816 necessitas
637 5757 940 5816 adveniret.
969 5757 1037 5814 Et
1066 5773 1194 5815 cum
1223 5757 1290 5814 de
1321 5771 1464 5828 pane
1490 5771 1618 5813 san—
1719 5765 1855 5813 tum.
1889 5775 1907 5809 ι
1952 5755 2109 5814 Beari
2132 5759 2279 5814 enim
2315 5759 2368 5814 in
2405 5757 2507 5815 hac
2532 5765 2686 5829 parte
2709 5772 2818 5814 non
2853 5757 3152 5826 potuimus,
3180 5769 3307 5810 cum

1614 5933 1687 5940 -.ν-.-
