3850 6310
527 357 635 413 955
1100 350 1194 406 ΑΙ)
1229 341 1678 408 GODEFRIDUM
1719 338 2013 396 APPEND.
2050 337 2115 395 11.

2250 337 2524 398 ΜΟΝΙΙΜ.
2563 335 2653 393 DE
2691 335 2917 394 BELLO
2953 336 3201 395 SACRO.
3645 350 3714 405 956

528 468 596 522 14
625 465 701 521 ibi
743 461 946 518 milites
994 459 1360 532 probissimos
1389 455 1699 520 amisimus,
1731 460 1930 523 praeter
1975 449 2126 522 pedi-
2149 453 2198 513 Α
2229 451 2514 515 tiantibus,
2533 449 2858 506 addentibus
2871 450 3034 505 etiam
3061 449 3334 506 Saxonum
3351 456 3547 520 ducem,
3567 464 3723 523 nomine

528 567 610 613 tes
637 555 845 625 aliquot
875 552 1128 608 similiter
1154 559 1428 607 strenuos.
1458 545 1565 602 Sed
1591 553 1858 616 quantum
1887 543 1958 598 ad
1981 551 2124 600 stra-
2225 541 2574 610 Lotharium,
2609 541 2664 597 in
2705 557 2892 613 regem
2928 550 2982 604 et
3029 542 3408 614 imperatorem
3457 547 3723 611 sublimatum

528 664 649 721 gem
677 647 744 702 de
772 646 882 702 illis
911 643 1136 710 factam,
1158 643 1265 697 hoc
1289 639 1578 695 minimum
1603 645 1706 692 est.
1731 635 2125 707 Interpretatur
2225 633 2417 691 fuisse.

538 751 722 797 autem
779 738 1082 793 Damascus
1123 731 1362 788 osculum
1411 730 1711 802 sanguinis,
1745 728 1862 784 sive
1897 729 2121 800 sangui-
2301 725 2440 802 l_)um
2470 727 2583 781 ruit
2618 725 2887 802 Henricus
2908 725 3263 802 Geminorum
3291 728 3642 802 claruitortus.

531 851 648 888 nem
693 832 891 886 bibens.
924 827 1180 900 Legimus
1219 825 1276 879 in
1312 797 1582 878 Damasco
1622 821 1946 893 sanguinem
1989 797 2124 877 Abel

2301 797 2434 852 Post
2456 813 2620 868 quem
2644 798 2938 852 Lotharius
2967 813 3061 852 rex
3091 800 3342 868 imperat,
3374 814 3439 854 ex
3467 801 3584 858 duce
3599 816 3729 867 usus.

529 924 714 980 fusum
759 922 950 977 fuisse.
1003 918 1077 974 De
1105 931 1302 973 cruore
1353 915 1503 971 enim
1549 913 1859 969 occisorum
1901 919 2121 984 possent
2775 925 2785 932 ·
2831 905 3062 964 CAPUT
3102 908 3214 963 LV.

488 1074 493 1084 _
531 1012 851 1069 Damasceni
875 1009 1134 1073 lambere,
1161 1013 1388 1078 possent
1406 1005 1573 1060 etiam
1589 1004 1657 1060 de
1673 1003 1794 1074 ipso
1815 1003 2004 1058 cernui
2028 1018 2120 1073 po-
2442 997 2515 1054 De
2544 1001 2680 1071 regis
2703 1000 3028 1070 profectione
3053 1010 3239 1054 contra
3260 999 3580 1072 Babylonios,

529 1115 664 1159 tare.
720 1103 987 1171 Regresso
1033 1099 1270 1169 denique
1311 1113 1437 1154 cum
1479 1096 1725 1154 exercitu
1758 1110 1862 1152 suo
1906 1111 2035 1168 rege
2067 1093 2125 1150 in
2298 1089 2419 1146 Non
2464 1092 2700 1146 multum
2747 1100 2939 1162 postea
2979 1092 3248 1164 processit
3275 1096 3542 1163 temporis,
3568 1113 3664 1155 cum
3688 1104 3733 1160 de

528 1195 890 1259 Hierusalem,
908 1194 1052 1248 diem
1081 1191 1280 1248 festum
1297 1200 1351 1247 et
1377 1191 1798 1263 gratulatorium
1825 1188 2126 1244 universim
2230 1181 2375 1256 Tyro
2416 1199 2512 1240 rex
2534 1183 2726 1240 exiens
2748 1184 2805 1238 in
2836 1183 3052 1257 Syriam
3077 1185 3341 1239 humilem
3373 1185 3634 1255 descendit,
3651 1209 3736 1262 par.

527 1287 808 1342 duximus.
844 1285 912 1340 Et
939 1293 1065 1355 post
1091 1283 1353 1354 pusillum
1384 1297 1482 1338 rex
1507 1289 1693 1336 motus
1723 1294 1885 1351 prece
1907 1278 2128 1334 comitis
2231 1286 2337 1334 tem
2371 1279 2438 1333 de
2480 1279 2725 1349 equitatu
2761 1293 2862 1334 suo
2909 1278 3246 1349 relinquens,
3279 1287 3578 1350 partemque
3605 1299 3736 1342 secum

528 1377 870 1448 Tripolitani,
891 1375 1256 1447 proﬁciscitur
1273 1373 1613 1447 irrauxilium
1628 1372 1767 1442 ejus,
1785 1370 1852 1425 ad
1869 1369 2127 1427 obsiden-
2229 1371 2458 1438 ducens,
2488 1371 2617 1428 licet
2649 1372 2716 1427 de
2746 1371 3062 1444 Babyloniis
3085 1371 3149 1426 ad
3175 1371 3484 1428 bellandum
3511 1377 3687 1444 paratis,
3704 1390 3741 1435 et

531 1470 663 1525 dum
717 1469 976 1539 oppidum
1013 1467 1159 1538 quod
1189 1466 1533 1537 Haphaniam
1575 1465 1949 1530 nominamus,
1972 1471 2128 1518 extra
2229 1471 2420 1519 contra
2457 1479 2554 1519 eos
2582 1463 2852 1532 venturis,
2876 1479 2907 1518 a
2935 1463 3228 1535 rumigeris
3254 1465 3508 1520 audisset.
3547 1465 3742 1538 Exptdic—

529 1560 802 1615 Libanum
849 1568 1091 1614 montem
1125 1560 1315 1614 situm.
1351 1557 1413 1612 ln
1447 1572 1557 1628 qua
1601 1556 1856 1611 videlicet
1881 1556 2124 1627 regione,
2227 1555 2322 1611 bat
2344 1555 2490 1612 enim
2521 1571 2648 1611 eum
2695 1555 2826 1611 illuc
2859 1556 3015 1626 prius
3039 1570 3356 1626 properare,
3395 1557 3483 1611 ubi
3510 1558 3661 1615 hostes
3677 1577 3743 1616 au-

531 1661 592 1703 ut
629 1656 816 1703 narrat
837 1647 1133 1718 Josephus,
1177 1648 1318 1700 inter
1351 1647 1564 1701 Arcbas
1586 1654 1640 1700 et
1669 1644 2012 1715 Raphaniam
2044 1645 2127 1700 ci-
2230 1647 2415 1703 diebat
2440 1648 2715 1719 ingruere.
2742 1645 2892 1703 More
2916 1647 3064 1702 enim
3103 1647 3221 1718 apri
3265 1663 3296 1702 a
3330 1648 3548 1703 canibus
3573 1650 3744 1707 circum-

527 1741 725 1796 vitates
760 1740 960 1794 ﬂuvius
987 1739 1202 1794 medius
1233 1737 1352 1792 ﬂuit
1372 1782 1388 1806 ,
1419 1737 1513 1808 qui
1541 1736 1816 1808 quoddam
1854 1738 2127 1807 peculiare
2157 1797 2200 1811 __
2230 1738 2364 1804 dati,
2397 1747 2452 1794 et
2483 1737 2763 1794 morsibus
2795 1739 3146 1794 creberrimis
3174 1739 3498 1811 angustiosi,
3526 1744 3746 1811 oportebat

531 1833 692 1888 habet
726 1831 1076 1885 miraculum.
1131 1828 1267 1884 Nam
1295 1797 1520 1884 cumsit
1554 1797 1776 1899 quando
1808 1797 1928 1882 ﬂuit
1956 1828 2127 1898 pluri-
2157 1797 2202 1858 Β
2229 1797 2423 1886 dextro
2455 1831 2700 1902 laevoque
2743 1831 2880 1901 pede
2923 1827 3169 1886 feriendo
3194 1797 3744 1891 seuobnixe'deflendere.

533 1940 681 1990 mus,
714 1933 877 1994 atque
908 1932 1090 1976 meatu
1118 1921 1322 1992 segnis,
1343 1929 1526 1976 tamen
1550 1920 1891 1991 interpositis
1922 1919 1956 1974 6
2007 1920 2127 1974 die-
2230 1923 2484 1979 Solemus
2519 1938 2758 1994 namque
2796 1923 3109 1994 parabolice
3155 1923 3379 1979 dicere:
3429 1942 3448 1976 ς
3498 1923 3592 1980 Ubi
3622 1927 3749 1992 dolor.

533 2016 640 2072 bus
699 2031 729 2070 a
798 2015 1040 2069 fontibus
1085 2014 1346 2070 deﬁciens
1413 2013 1622 2068 siccum
1671 2013 1892 2068 exhibet
1944 2013 2127 2068 locum
2230 2015 2302 2071 ibi
2333 2031 2595 2071 manus.»
2629 2015 2938 2084 Antequam
2971 2022 3157 2069 autem
3187 2029 3282 2068 rex
3313 2014 3445 2069 illuc
3466 2016 3749 2085 pervenisset,

535 2107 741 2162 videre.
768 2105 976 2160 Deinde
1005 2104 1163 2175 quasi
1188 2105 1337 2159 nulla
1368 2103 1673 2159 mutatione
1695 2102 1861 2170 facta,
1895 2103 2129 2174 septimo
2224 2107 2340 2178 jam
2372 2105 2537 2162 Turci
2567 2105 2844 2176 quoddam
2869 2105 3371 2176 pseudocastellum
3398 2105 3697 2174 obsederant,
3716 2119 3755 2163 et

535 2199 626 2254 die
676 2197 872 2252 similis
911 2197 1178 2264 exoritur,
1227 2204 1392 2266 atque
1435 2195 1585 2250 hunc
1615 2195 1865 2250 ordinem
1912 2209 2130 2264 semper
2231 2197 2286 2251 vi
2311 2205 2589 2268 ceperant.
2622 2195 2780 2264 Quod
2805 2197 3025 2267 quidem
3058 2197 3166 2253 illis
3202 2207 3321 2253 erat
3345 2199 3670 2265 contrarium,
3689 2214 3756 2256 no-

533 2307 659 2348 eum
685 2292 975 2347 observare
992 2304 1092 2360 pro
1121 2299 1271 2345 certo
1293 2296 1637 2360 compertum
1655 2295 1758 2343 est.
1786 2285 1941 2344 Unde
1961 2287 2128 2343 etiam
2229 2288 2317 2344 bis
2357 2297 2542 2344 autem
2585 2287 2979 2344 necessarium.
3031 2286 3231 2345 Milites
3277 2296 3463 2344 autem
3486 2292 3757 2348 astutissime

537 2383 867 2438 Sabbaticus
892 2384 1194 2453 appellatus
1225 2391 1337 2448 est,
1371 2396 1401 2436 a
1434 2396 1593 2437 sacro
1621 2379 1936 2436 Judaeorum
1970 2380 2132 2450 septi-
2229 2383 2380 2437 exitu
2424 2390 2714 2438 noctanter
2761 2388 3078 2448 evaserunt,
3122 2381 3332 2438 relictis
3373 2383 3623 2439 uxoribus
3667 2399 3757 2437 cum

535 2492 629 2530 mo
660 2477 748 2531 die
776 2475 857 2530 sic
886 2475 1221 2529 nominatus.
1260 2472 1523 2544 Princeps
1548 2487 1679 2528 vero
1697 2471 1855 2527 Titus
1880 2472 2132 2543 aliquan-
2231 2473 2418 2529 liberis
2464 2473 2602 2538 suis,
2648 2472 2914 2528 malentes
2948 2480 3160 2543 partem
3207 2472 3413 2529 salvari
3448 2488 3599 2544 quam
3630 2481 3759 2529 totum

536 2567 632 2622 diu
657 2567 863 2623 Berithi
886 2574 1283 2632 commoratus,
1301 2573 1352 2620 et
1377 2565 1505 2620 inde
1529 2579 1803 2630 reversus,
1820 2579 1917 2634 per
1939 2579 2132 2621 omnes
2230 2566 2449 2638 penitus
2469 2565 2642 2636 perdi.
2661 2564 2928 2635 Tempore
2947 2573 3080 2620 tunc
3102 2565 3313 2633 aestivo,
3343 2565 3606 2621 mediante
3621 2581 3763 2621 mense

536 2673 676 2728 quas
701 2655 889 2712 abibat
934 2654 1106 2728 Syriae
1133 2656 1384 2712 civitates
1415 2654 1959 2726 magniﬁcentissima
1989 2655 2132 2710 cele-
2231 2646 2397 2724 Iulio,
2429 2672 2692 2728 apparere
2725 2655 2892 2728 coepit
2920 2666 3129 2713 cometa
3159 2657 3302 2713 inter
3332 2657 3590 2714 orientem
3607 2666 3654 2711 et
3672 2673 3761 2728 sep-

536 2750 706 2805 brans
739 2749 1072 2820 spectacula,
1098 2749 1247 2803 hunc
1271 2747 1618 2818 conspiciens
1661 2745 1887 2802 ﬂuvium
1932 2754 2130 2802 natura
2233 2749 2580 2815 tentrionem,
2636 2763 2762 2819 qua:
2784 2753 2910 2802 ante
2949 2745 3208 2803 lucanum
3238 2763 3510 2817 nascens,
3553 2757 3604 2804 et
3620 2765 3764 2803 versus

539 2841 850 2914 cognitione
891 2840 1299 2911 dignissimum,
1329 2839 1635 2895 admiratus
1661 2847 1746 2895 est
1770 2838 1948 2894 valde.
2231 2841 2426 2897 horam
2458 2856 2662 2896 nonam
2691 2839 2908 2896 radium
2943 2855 3106 2896 suum
3137 2842 3423 2909 emittens,
3456 2842 3686 2897 mediocri
3707 2842 3766 2896 luo

1144 2930 1376 2987 CAPUT
1415 2931 1526 2986 Lll.
2231 2936 2380 2991 mine
2408 2950 2468 2992 se
2491 2933 2855 2990 monstrabat.
2892 2931 3050 2989 lllum
3078 2943 3260 2990 autem
3287 2950 3396 3006 per
3418 2935 3536 2992 dies
3559 2943 3631 2993 ter
3648 2949 3769 2990 senos

973 3023 1053 3080 De
1085 3025 1194 3080 alio
1216 3025 1446 3096 quodam
1469 3025 1708 3094 ﬂumine.
2233 3042 2458 3083 cernere
2503 3025 2839 3094 studuimus,
2888 3025 3312 3098 signiﬁcandam
3363 3028 3523 3099 cujus
3547 3025 3770 3083 Conditorl

619 3115 772 3170 Aliud
826 3124 1046 3187 Quoque
1088 3115 1231 3171 idem
1277 3116 1754 3187 historiographus
1805 3114 2131 3171 miraculum
2159 3142 2201 3202 ρ
2233 3121 2480 3177 omnium
2515 3121 2920 3178 commisimus.
2950 3120 3114 3178 Turci
3144 3130 3356 3189 autem,
3379 3138 3606 3193 quorum
3624 3121 3772 3176 Βοηθ-

538 3204 728 3274 refert,
759 3206 1013 3277 inquiens
1031 3207 1188 3278 juxta
1211 3206 1606 3263 Ptolemaidam
1635 3208 1827 3262 urbem
1848 3208 2132 3262 ﬂuviolum
2235 3213 2440 3284 quinus
2469 3221 2588 3269 erat
2639 3212 2855 3280 fortior,
2894 3214 3156 3285 oppidum
3184 3213 3466 3285 Cerepum
3491 3213 3772 3269 nominatum

541 3312 665 3358 esse
696 3299 856 3370 quasi
878 3301 934 3370 la
965 3300 1184 3355 duobus
1231 3299 1424 3354 stadiis
1451 3299 1942 3370 praeterlabentem,
1971 3314 2134 3369 quem
2237 3303 2591 3372 obsederunt,
2625 3304 2721 3360 sed
2747 3306 2936 3360 audito
2979 3305 3124 3376 regis
3158 3303 3437 3373 adventu,
3475 3307 3565 3376 qui
3588 3305 3682 3376 jam
3709 3320 3775 3359 eos

539 3399 740 3447 vocant
773 3391 1024 3458 Beleum,
1063 3407 1295 3462 prorsus
1350 3391 1642 3462 exiguum;
1687 3391 1778 3446 cui
1838 3406 2008 3461 prope
2053 3399 2139 3447 est
2235 3395 2649 3468 insequebatur,
2684 3413 2781 3469 spe
2809 3413 2912 3454 sua
2959 3395 3198 3453 fraudati
3239 3397 3311 3453 ad
3340 3399 3546 3455 tutiora
3578 3396 3776 3469 praesidia

541 3485 856 3553 sepulcrum
894 3482 1166 3550 Menonis,
1206 3483 1571 3539 admiratione
1611 3481 1834 3553 quidem
1872 3482 2129 3553 dignissi-

2244 3498 2604 3546 Iecesserunt.
2659 3488 2779 3546 Non
2824 3490 2970 3546 enim
2999 3498 3159 3546 erant
3209 3489 3340 3561 plus
3391 3507 3559 3563 quam
3591 3491 3620 3546 6
3653 3490 3780 3545 millia

541 3591 713 3631 mum.
770 3575 903 3631 Erat
935 3584 1120 3631 autem
1165 3575 1379 3646 species
1410 3573 1570 3630 vallis
1600 3573 1880 3642 rotunde,
1905 3573 2137 3629 vitream
2238 3578 2474 3635 militum
2508 3597 2522 3635 :
2554 3594 2651 3635 rex
2679 3595 2811 3652 ergo
2837 3579 3190 3636 Antiochiam
3215 3580 3409 3636 rediit.

539 3669 796 3724 emittens
866 3683 1112 3724 arenam.
1166 3666 1344 3735 Quam
1394 3683 1522 3723 cum
1578 3667 1901 3734 hauserint,
1951 3666 2139 3722 multa:

539 3778 709 3816 naves
741 3761 947 3832 pariter
969 3761 1310 3828 accedentes,
1340 3761 1498 3817 locus
1523 3760 1696 3818 isdem
1728 3775 1923 3816 rursus
1946 3759 2140 3831 imple-

543 3862 652 3909 tur.
679 3853 841 3910 Venti
866 3855 1138 3926 siquidem
1166 3855 1327 3927 quasi
1351 3855 1498 3912 edita
1538 3871 1706 3927 opera
1729 3855 2043 3913 convehunt
2067 3857 2137 3914 de

541 3945 1029 4002 circumstantibus
1069 3946 1377 4018 superciliis
1431 3961 1656 4004 arenam
1725 3948 1889 4004 istam
1945 3948 2138 4019 utique

2825 3670 3058 3727 CAPUT
3098 3670 3234 3727 LVI.

2703 3762 2782 3818 De
2813 3763 2980 3818 classe
3006 3763 3367 3835 Babylonica.

2311 3853 2498 3910 Horno
2521 3862 2702 3911 autem
2759 3854 3043 3928 Babylonii
3095 3857 3271 3912 classe
3333 3873 3442 3914 sua
3493 3861 3716 3929 reparata
3751 3861 3786 3907 et

2237 3955 2587 4018 congregata,
2615 3946 2948 4003 veliﬁcantes
2979 3948 3151 4002 austri
3176 3947 3311 4003 flatu
3341 3949 3680 4005 intraverunt
3704 3954 3785 4002 ter—

541 4053 914 4094 communem.
945 4037 1126 4095 Locus
1158 4047 1340 4095 autem
1365 4041 1570 4096 metalli
1596 4040 1783 4096 statim
1826 4041 2044 4096 metalla
2080 4042 2135 4096 in

539 4126 746 4182 vitrum
760 4139 884 4198 qua:
903 4127 1208 4198 susceperit
1228 4137 1423 4185 mutat.
1449 4128 1751 4185 Mirabilius
1763 4131 2136 4200 quoqueillud

540 4217 679 4273 mihi
693 4219 930 4286 videtur,
946 4220 1206 4290 quoniam
1220 4237 1499 4278 conversae
1513 4223 1628 4293 jam
1649 4237 1831 4277 arenae
1851 4222 1907 4276 in
1933 4224 2137 4279 vitrum

541 4326 673 4382 pars
695 4327 1038 4382 quacunque
1058 4329 1224 4384 super
1247 4315 1524 4386 margines
1545 4315 1652 4369 loci
1686 4314 1832 4369 illius
1864 4313 2030 4370 fuerit
2048 4316 2137 4386 ja-

542 4413 708 4473 ctata,
734 4406 791 4461 in
821 4421 1172 4462 communem
1201 4422 1428 4462 arenam
1456 4407 1637 4461 denuo
1669 4406 2028 4461 convertitur.

1131 4497 1361 4554 CAPUT
1401 4497 1534 4553 Llll.

861 4587 936 4643 De
961 4591 1312 4660 acquisitione
1335 4589 1483 4643 urbis
1505 4589 1820 4659 Bap/mnia.

616 4678 692 4735 De
721 4680 856 4736 urbe
883 4689 1066 4735 autem
1091 4679 1395 4750 Raphania,
1412 4678 1479 4734 de
1505 4695 1613 4749 qua
1636 4695 1861 4734 narrare
1885 4695 2136 4736 sermun-

545 4774 730 4828 culum
765 4772 878 4843 jam
912 4771 1075 4842 ccepi,
1108 4772 1236 4826 talis
1280 4770 1387 4826 fuit
1430 4771 1630 4827 exitus.
1670 4771 1920 4843 Cumque
1957 4789 2052 4829 rex
2081 4783 2136 4830 et

547 4878 734 4919 comes
771 4879 896 4920 cum
954 4864 1244 4920 tormentis
1276 4863 1392 4919 suis
1434 4864 1640 4934 lapides
1691 4865 2007 4936 iaculando,
2039 4883 2136 4938 per

545 4957 666 5013 dies
718 4957 805 5024 48,
867 4957 1204 5012 Sarracenos
1257 4956 1499 5013 inclusos
1537 4958 2013 5015 vehementissime
2036 4977 2134 5016 co-

547 5048 875 5116 bibuissent,
929 5056 986 5104 et
1041 5049 1252 5102 urbem
1311 5048 1698 5117 reddiderunt,
1748 5060 1804 5107 et
1850 5052 2136 5108 indemnes

546 5138 822 5192 abierunt.
873 5138 1088 5194 Accidit
1139 5138 1408 5209 siquidem
1444 5140 1547 5196 hoc
1583 5141 1778 5198 ultimo
1816 5142 1994 5198 Martii
2023 5143 2132 5198 die.

545 5227 737 5296 Itaque
768 5244 952 5286 comes
977 5229 1270 5301 praedictus
1309 5232 1501 5288 urbem
1546 5249 1904 5303 possessurus
1934 5235 2138 5306 recepit

545 5330 600 5375 et
623 5319 877 5376 munivit.
906 5322 1021 5378 Rex
1060 5333 1240 5379 autem
1277 5323 1708 5398 Hierosolymam
1749 5327 1930 5382 rediit.

1145 5415 1373 5473 CAPUT
1407 5417 1542 5473 LIV.

889 5503 968 5561 De
998 5516 1164 5562 morte
1192 5509 1416 5564 Romani
1444 5512 1804 5581 imperatoris.

615 5589 686 5644 Et
712 5605 838 5648 cum
870 5597 987 5655 dies
1012 5599 1306 5660 Paschales
1337 5604 1392 5658 in
1444 5603 1785 5661 Hierusalem
1827 5606 2133 5664 celebrare-

545 5696 695 5746 πηοεν
729 5684 864 5741 exiit
892 5691 958 5745 ad
991 5707 1094 5748 nos
1127 5697 1484 5751 rumusculus
1516 5711 1548 5750 a
1590 5697 1894 5767 peregrinis
1942 5713 2135 5768 super-

543 5773 918 5848 venientibus,
973 5783 1277 5842 Romanum
1338 5789 1725 5858 imperatorem
1761 5788 1966 5844 obiisse
1991 5807 2136 5844 nun-

2236 4051 2358 4090 ram
2389 4035 2744 4103 Philisthiim,
2778 4037 3010 4093 transita
3036 4037 3236 4105 Phara,
3265 4037 3524 4096 Mialaris
3544 4055 3735 4112 quoque
3753 4052 3784 4091 e»

2239 4127 2408 4198 Gara,
2431 4129 2703 4185 Ascalone
2725 4145 2944 4201 quoque
2967 4139 3022 4186 et
3041 4129 3234 4202 Joppe,
3279 4131 3546 4189 Caesarea
3573 4139 3624 4187 et
3651 4129 3786 4184 Ptole-

2241 4221 2446 4288 maida,
2479 4221 2625 4294 Tyro
2675 4231 2728 4277 et
2765 4220 2988 4290 Sidone,
3038 4224 3387 4294 explorando
3425 4235 3484 4282 et
3535 4223 3799 4282 insidiando

2239 4329 2338 4386 per
2359 4315 2513 4370 littus
2536 4314 2876 4370 maritimum
2910 4332 3086 4386 usque
3108 4317 3304 4373 urbem
3329 4318 3640 4385 Berithum,
3666 4332 3793 4371 aucu-

2239 4415 2432 4476 pantes
2454 4413 2509 4462 et
2529 4415 2936 4477 perscrutantes
2966 4408 3034 4463 de
3072 4419 3235 4480 portu
3268 4409 3330 4465 in
3362 4421 3611 4482 portum,
3633 4411 3674 4466 si
3698 4405 3794 4479 quid

2166 4512 2212 4567 ι)
2235 4505 2465 4568 possent
2511 4496 2758 4552 invenire
2805 4498 2909 4554 sibi
2933 4500 3308 4567 commodum,
3337 4501 3499 4572 quod
3521 4497 3796 4556 Christianis

2239 4599 2387 4646 esset
2411 4590 2861 4656 iincommodum.
2901 4589 3008 4646 Sed
3042 4591 3170 4661 quia
3195 4591 3384 4649 dulcis
3433 4609 3593 4663 aqua:
3617 4588 3797 4662 penuria

2241 4690 2372 4736 tunc
2423 4681 2688 4736 sitibundi
2735 4683 2893 4738 valde
2935 4683 3310 4753 angebantur,
3370 4685 3620 4756 oportuit
3652 4698 3730 4738 eos
3749 4677 3800 4731 aut

2239 4771 2447 4827 siccum
2494 4771 2700 4842 egredi,
2727 4779 2790 4826 ut
2817 4771 2884 4828 de
2924 4772 3061 4827 rivis
3085 4781 3139 4827 et
3171 4770 3437 4831 fontibus
3494 4773 3678 4830 situlas
3701 4782 3797 4824 suas

2240 4861 2561 4931 implerent,
2605 4870 2660 4916 et
2689 4862 2837 4916 sitim
2876 4876 3035 4917 suam
3083 4863 3435 4934 mitigarent.
3492 4863 3599 4920 Sed
3629 4862 3795 4918 civibus

2242 4955 2398 5008 urbis
2453 4953 2694 5024 praal'atze
2742 4955 2848 5009 hoc
2878 4955 3108 5010 moleste
3145 4954 3493 5024 ferentibus,
3541 4957 3607 5011 ad
3629 4967 3797 5008 cosex’

2242 5046 2446 5115 templo
2470 5045 2838 5102 audacissime
2864 5048 3141 5118 progressi
3169 5057 3324 5115 sunt,
3351 5047 3567 5104 additis
3597 5047 3691 5101 sibi
3713 5043 3796 5096 via-

2248 5138 2476 5204 toribus,
2506 5139 2601 5209 qui
2636 5139 2767 5193 illuc
2791 5137 3026 5195 forsitan
3065 5149 3467 5208 accurrerunt,
3497 5147 3549 5194 et
3583 5149 3806 5209 congres.

2247 5231 2403 5288 sione
2432 5230 2597 5301 facta,
2623 5241 2734 5288 tam
2761 5233 2828 5289 de
2855 5233 3058 5290 occisis
3079 5249 3245 5304 quam
3271 5235 3348 5290 ad
3387 5241 3623 5290 mortem
3652 5229 3806 5284 vulne-

2243 5327 2379 5383 ratis
2409 5327 2533 5394 150,
2565 5328 2632 5383 de
2662 5327 2856 5397 piratis
2898 5327 3006 5382 illis
3045 5335 3514 5396 prosternuntur.
3561 5327 3718 5384 Erant
3734 5320 3803 5395 qui

2242 5420 2492 5476 exierant
2538 5420 2606 5475 ad
2641 5415 2919 5476 certamen
2971 5420 3215 5492 quinque
3244 5421 3458 5488 millia,
3487 5422 3712 5491 exceptis
3742 5417 3804 5471 his

2243 5510 2338 5581 qui
2364 5526 2532 5566 naves
2560 5510 2779 5566 interim
2819 5522 3308 5579 conservaverunt,
3345 5529 3596 5586 quarum
3633 5510 3697 5566 22
3734 5507 3805 5562 tri-

2241 5617 2422 5658 remes
2441 5604 2527 5659 vel
2573 5614 2762 5661 cautos
2803 5615 3155 5676 nuncupant;
3183 5617 3410 5664 caeteras
3452 5609 3671 5665 vero53
3715 5604 3805 5658 fne-

2246 5704 2394 5751 runt.
2427 5694 2616 5767 Itaque
2643 5697 3019 5754 crudelitatem
3051 5715 3207 5754 suam
3253 5699 3318 5754 in
3350 5711 3581 5773 gentem
3605 5708 3807 5758 nostram

2249 5789 2602 5859 pompabant,
2635 5791 2700 5845 ad
2723 5791 3094 5847 miserandum
3131 5791 3475 5850 inﬂexibiles
3526 5805 3579 5851 et
3607 5793 3806 5848 immise-
