3850 6310
97 372 182 444 937
756 367 1126 429 FULCIIEIIII
1162 365 1465 426 CARNOT.
1506 365 1688 425 IIIST.
1731 363 2098 427 HIEROSOL.
2139 398 2208 412 -——
2243 367 2374 426 LIB.
2408 361 2502 426 ‘lII.

3171 373 3340 443 938χ

95 491 282 554 ricordes
305 488 353 545 in
386 501 568 546 omnes
611 500 748 558 quos
771 498 1152 559 prmccupare
1177 491 1448 557 poterant.
1479 481 1586 541 Sed
1613 493 1663 556 Α
1689 479 1806 540 Nisi
1842 482 2049 541 videret
2080 483 2383 558 angelicam
2430 483 2702 541 visionem
2747 485 2804 542 in
2843 487 3104 546 extremis
3150 489 3279 548 vita

92 581 381 656 Deogratias,
409 579 535 638 nihil
567 578 654 634 hic
697 577 798 634 sibi
839 576 1288 645 vendicaverunt,
1319 576 1582 648 quoniam

89 689 128 735 et
138 675 307 747 equites
325 671 480 729 nostri
500 686 620 727 enm
643 671 864 739 lanceis,
882 682 938 728 et
967 671 1200 728 arcuarii
1222 686 1347 728 cum
1371 669 1584 742 sagittis

87 771 127 826 in
155 751 302 824 saltm)
327 763 642 820 inculcantes
675 762 1084 834 inopinabiliter
1121 761 1472 835 fugaverunt.
1498 759 1582 818 Illi

87 869 248 920 autem.
270 857 506 914 continuo
536 854 778 910 carbasis
817 854 1010 912 levatis
1040 871 1138 927 per
1179 869 1349 912 mare.
1374 853 1582 911 velivo-

83 952 168 1010 ιυω
199 945 652 1020 versusfl‘ripolim
696 960 757 1002 se
798 941 1148 1014 direxerunt,
1189 954 1247 1002 et
1288 943 1422 1001 hinc
1467 941 1578 1016 Cy-

83 1058 217 1118 prum.

569 1125 800 1184 CAPUT
838 1126 998 1185 LVII.

237 1223 304 1279 De
321 1221 635 1293 navigatione
665 1221 1014 1276 adolescentis
1041 1219 1364 1276 Boamamdi.

127 1315 307 1384 Quoties
325 1321 494 1368 autem
515 1313 674 1385 legati
694 1313 801 1369 hoc
821 1327 990 1380 anno,
1006 1312 1093 1368 vel
1115 1311 1406 1384 peregrini,
1434 1309 1578 1368 Boa-

78 1408 217 1465 mundi
242 1403 573 1461 adolescentis
603 1403 898 1460 adventum
925 1403 1084 1460 nobis
1111 1402 1579 1459 annuntiaverunt

75 1509 114 1556 et
137 1494 484 1569 allegaveruntl
505 1493 598 1552 sed
621 1494 999 1566 multiplicatis
1027 1495 1342 1551 rumoribus
1365 1492 1576 1552 fefelle-

75 1597 182 1644 runt.
199 1573 514 1665 Meticulosus
543 1586 692 1642 enim
720 1593 839 1642 erat
873 1595 1101 1659 propter
1134 1586 1368 1643 classem
1391 1585 1574 1660 Baby-

74 1681 248 1737 lonicam
267 1679 343 1735 vel
369 1677 668 1750 piraticam,
698 1693 866 1751 quam
895 1679 953 1735 in
988 1689 1158 1752 ponto
1194 1679 1450 1736 audiebat
1468 1679 1577 1737 late

73 1773 279 1828 diffusam.
309 1769 527 1842 Insuper
564 1770 633 1828 de
663 1779 808 1827 terra
837 1786 938 1828 sua
978 1771 1250 1828 sollicitus
1277 1771 1574 1828 admodum

1683 573 2122 645 consolatricem,
2155 575 2268 648 jam
2296 575 2513 632 subibat
2533 575 2658 631 vita:
2689 576 3124 649 desperationem

2274 666 2506 724 CAPUT
2544 667 2680 724 LIX.

2233 759 2312 816 De
2338 761 2476 815 mari
2501 776 2711 832 magno.

1750 849 1910 907 Circa
1955 847 2225 924 gurgitem
2262 849 2430 907 Italire
2458 851 2737 909 multoties
2767 866 2936 908 naves
2970 852 3276 910 assuefiunt

1678 942 2000 1014 periclitari,
2041 953 2096 999 et
2139 942 2381 1014 undique
2427 942 2597 998 flabra
2645 945 3003 1012 commoveri,
3039 959 3163 1015 quae
3206 945 3275 1001 de

1679 1034 1959 1091 montanis
1989 1049 2089 1105 per
2121 1034 2381 1090 valestria
2412 1033 2817 1106 praecipitanter
2853 1049 2951 1105 per
2993 1035 3275 1092 anfractus

1679 1125 2069 1183 subterraneos
2098 1125 2202 1182 rite
2223 1136 2552 1182 assuescunt
2577 1127 2904 1198 intorqucri,
2927 1138 2981 1184 et
3017 1128 3072 1182 in
3102 1129 3276 1185 verti.

1677 1217 2154 1291 ginemvoraginis
2177 1218 2505 1274 mirabiliter
2525 1219 2796 1276 convolvi.
2820 1218 2975 1287 Quod
3005 1219 3051 1276 si
3079 1220 3274 1290 paroni

1678 1310 1976 1383 aliquando
2006 1319 2187 1366 nauta:
2215 1310 2574 1379 obviaveriut,
2603 1319 2657 1366 et
2679 1310 3031 1383 diripiuntur,
3073 1320 3129 1368 et
3165 1311 3274 1366 im-

1677 1406 1767 1479 pie
1795 1405 2230 1463 confunduntur.
2263 1405 2393 1474 Sed,
2426 1406 2520 1478 qui
2560 1421 2657 1478 pro
2692 1405 2784 1462 Dei
2813 1421 3000 1463 amore
3031 1407 3138 1463 hoc
3173 1423 3274 1478 pa-

1677 1499 1910 1565 tiuntur,
1931 1497 2205 1555 donativis
2228 1497 2347 1554 suis
2369 1497 2618 1569 nunquid
2646 1497 2810 1569 impie
2829 1497 3276 1555 frustrabuntur?

1673 1585 1894 1647 De‘boc
1935 1589 2074 1646 mari
2103 1597 2295 1647 nostro
2323 1590 2598 1646 tantillum
2630 1591 2711 1646 sic
2739 1590 3025 1647 habemus.
3055 1591 3132 1648 De
3162 1591 3276 1649 lle-

1675 1679 1987 1737 diterraneo
2014 1690 2196 1736 autem
2243 1694 2356 1736 non
2395 1688 2482 1736 est
2519 1680 2903 1748 omittendum,
2939 1683 3084 1738 unde
3111 1693 3277 1753 caput

1675 1772 1922 1830 extollat.
1951 1771 2284 1830 Existimant
2308 1772 2456 1829 enim
2487 1773 2713 1845 quidam
2757 1773 2914 1829 sinus
2943 1774 3080 1829 istos
3105 1791 3136 1830 a
3165 1774 3275 1830 Ga-

72 1872 170 1929 erat,
186 1876 322 1933 quam
351 1861 454 1917 nisi
485 1860 625 1918 bene
648 1871 702 1918 et
737 1860 988 1919 fidelibus
1010 1862 1128 1920 suis
1151 1862 1378 1928 locaret,
1399 1877 1431 1916 a
1453 1877 1576 1918 ma-
1607 1867 1650 1928 Β
1676 1862 1868 1922 ditano
1907 1864 2049 1922 freto
2087 1866 2264 1932 nasci,
2308 1880 2410 1922 nec
2449 1865 2613 1921 aliam
2656 1880 2780 1921 esse
2815 1864 3083 1936 originem
3107 1879 3262 1935 quam

71 1955 206 2011 levolis
225 1955 326 2010 suis
345 1952 753 2011 insidiatoribus
774 1954 1184 2012 circumventus
1205 1953 1575 2010 fraudulenter

71 2047 289 2102 amitteret.
322 2045 584 2116 Scriptum
634 2055 721 2104 est
767 2046 825 2102 in
869 2047 1174 2118 proverbiis
1230 2046 1570 2104 rusticanis:

76 2140 180 2207 «Qui
206 2139 344 2196 habet
373 2138 580 2194 malum
625 2138 870 2195 vicinum
910 2139 1077 2196 habet
1110 2139 1316 2195 malum
1346 2139 1572 2195 matuti-

72 2247 222 2285 num.»
257 2229 477 2301 Denique
512 2246 642 2288 cum
673 2230 780 2286 iter
819 2246 983 2287 suum
1018 2230 1220 2302 saepius
1268 2244 1575 2302 praeparas-

70 2334 126 2379 set
149 2325 262 2394 apud
307 2322 647 2396 Hydruntum
700 2323 912 2394 Apulia:
964 2323 1267 2389 civitatem,
1329 2321 1574 2379 collectis

68 2418 161 2479 quin
180 2409 327 2480 potuit
350 2410 577 2466 navibus
604 2409 862 2466 videlicet
888 2409 981 2478 22,
1014 2425 1252 2482 quarum
1281 2408 1348 2464 IO
1374 2408 1572 2482 longa,

66 2510 102 2556 et
118 2502 241 2558 remis
266 2503 473 2561 munita:
513 2511 696 2572 erant,
741 2502 848 2560 iter
891 2503 1058 2575 etrapit
1097 2501 1356 2574 expedire
1398 2502 1571 2558 mari-

67 2610 180 2664 nam”
201 2591 465 2667 Postquam
495 2603 702 2652 terram
749 2609 906 2652 suam
948 2595 1160 2666 Apuliae
1187 2593 1315 2650 duci
1341 2592 1572 2650 commi-

64 2684 193 2752 sisset,
219 2701 360 2757 quem
382 2685 656 2742 bteredem
683 2694 844 2742 terra:
867 2700 981 2742 sua:
1003 2685 1240 2752 suffecit,
1273 2691 1329 2740 et
1360 2684 1570 2741 substi-

63 2771 147 2837 tuit,
169 2773 205 2828 si
228 2772 359 2844 prior
383 2789 414 2830 a
447 2773 562 2829 vita
601 2773 929 2842 discederet,
955 2773 1251 2830 identidem
1278 2774 1574 2830 confirma-

59 2862 167 2920 vitei
193 2863 302 2932 dux,
340 2872 392 2921 et
417 2874 702 2938 gratanter
731 2865 1026 2933 concessit,
1072 2865 1122 2922 si
1165 2865 1424 2937 primitus
1453 2865 1571 2938 ipse

61 2956 212 3023 obiret,
254 2958 573 3014 testantibus
618 2957 976 3029 optimatibus
1029 2972 1222 3014 eorum
1279 2959 1571 3030 utrobique

59 3044 373 3105 assistentibus.
389 3047 584 3121 Itaque
595 3047 948 3106 Boamundus
971 3049 1246 3106 mediante
1263 3047 1570 3122 Septembri

58 3152 190 3194 mense
209 3155 339 3197 mare
364 3141 614 3208 sulcans,
633 3141 881 3198 transitis
900 3138 1231 3214 Cycladibus
1259 3157 1357 3213 per
1379 3157 1570 3213 equor

1676 1957 1880 2030 eliquia
1903 1958 2244 2030 erumpentis
2266 1956 2489 2015 Oceani.
2511 1957 2617 2026 Qui
2649 1958 2992 2015 contrarium
3017 1958 3276 2014 sentiunt

1676 2065 1897 2106 omnem
1926 2049 2152 2107 iluorem
2179 2051 2334 2107 aiunt
2362 2066 2392 2106 e
2421 2051 2659 2122 ponticis
2700 2049 2952 2106 faucibus
2981 2050 3272 2115 inundare,

1673 2147 1840 2218 idque
1873 2146 2109 2203 fulcinnt
2150 2153 2474 2218 argumento
2514 2160 2624 2199 non
2660 2141 2832 2211 inani,
2861 2143 3008 2214 quod
3039 2152 3208 2200 aestus
3242 2160 3276 2200 e

1673 2249 1843 2312 ponto
1871 2238 2117 2311 protinus
2155 2251 2438 2308 nunquam
2489 2237 2878 2307 rcciprocetur.
2928 2234 3075 2291 Laus
3105 2236 3274 2307 igitur

1672 2339 1729 2387 et
1776 2331 1955 2387 honor
1996 2329 2244 2386 omnium
2283 2325 2372 2384 sit
2412 2326 2718 2394 Conditori,
2764 2327 2862 2398 qui
2898 2326 3086 2398 posuit
3135 2327 3273 2381 fines

1674 2422 1836 2491 mari,
1867 2437 2147 2495 apponens
2192 2421 2432 2477 claustra
2477 2429 2531 2476 et
2572 2429 2778 2490 portas.
2813 2418 2961 2475 Dixit
3002 2419 3149 2474 enim
3177 2418 3269 2474 ei:

1679 2531 1699 2566 ο
1724 2512 1842 2571 Huc
1867 2528 2044 2585 usque
2077 2511 2286 2578 venies,
2311 2519 2366 2567 et
2385 2510 2441 2566 in
2473 2519 2526 2566 te
2568 2520 2923 2567 conterentur
2960 2509 3159 2565 fluctus
3190 2508 3272 2564 tui

1673 2605 1795 2677 (Job
1820 2621 2050 2673 xxxvm,
2079 2604 2189 2676 Il).
2212 2623 2230 2656 ι
2253 2603 2408 2671 Quod
2440 2601 2531 2657 ubi
2557 2601 2818 2673 impetum
2847 2617 3008 2658 suum
3029 2601 3096 2656 ad
3118 2601 3272 2656 littus

1669 2694 1906 2762 illiserit,
1947 2693 2003 2750 in
2045 2707 2270 2764 spumas
2302 2690 2615 2756 resolvitur,
2651 2698 2706 2746 et
2741 2691 3015 2762 repagulis
3035 2688 3270 2762 quibus-

1671 2787 1796 2842 dam
1835 2799 2018 2841 arenae
2040 2783 2267 2840 humilis
2303 2783 2686 2854 repercutitur.
2727 2781 3021 2850 Caeterum,
3049 2782 3158 2840 nisi
3176 2782 3272 2853 jus

1667 2872 1858 2930 statuti
1903 2871 2143 2929 caelestis
2200 2869 2492 2938 inhiberet,
2536 2869 2668 2940 quid
2719 2870 2966 2926 obstaret
3009 2870 3143 2941 quin
3173 2885 3271 2943 per

1670 2964 1833 3037 plana
1855 2963 2070 3036 Egypti,
2101 2976 2225 3034 quae
2268 2961 2508 3018 maxime
2530 2961 2922 3018 humilioribus
2941 2962 3129 3032 jacent
3151 2963 3273 3019 val-

1670 3057 1838 3124 liius,
1869 3070 2022 3112 mare
2043 3053 2292 3110 Rubrum
2317 3051 2546 3126 Egyptio
2567 3053 2758 3124 pelago
2785 3053 3146 3109 misceretur?
3171 3052 3273 3110 De-

1670 3149 1840 3221 nique
1865 3147 2066 3205 docent
2091 3149 2216 3214 hoc,
2241 3146 2337 3218 qui
2359 3147 2654 3202 voluerunt
2680 3146 2796 3202 hac
2816 3145 2928 3201 duo
2955 3146 3063 3202 sibi
3091 3145 3271 3204 maria

57 3225 222 3312 sparsis,
243 3228 375 3282 venit
387 3227 730 3284 Mothonem.
755 3225 1110 3284 Postmodum
1140 3242 1272 3284 vero
1292 3226 1567 3297 Rhodum,

1682 3217 1996 3298 connectere
2019 3282 2034 3309 ,
2085 3217 2362 3312 atquein
2419 3253 2479 3296 se
2538 3237 2942 3295 transfundere.
2998 3235 3272 3295 Sesostris

54 3311 353 3386 Pamphiliam,
378 3326 432 3374 et
453 3317 674 3375 Liciam
703 3325 948 3390 permeat
993 3327 1049 3374 et
1083 3316 1252 3375 Italia:
1299 3317 1570 3392 gurgitem

57 3422 155 3478 sepe
194 3410 483 3482 navigantes
529 3409 852 3467 conturbat.
902 3409 1033 3466 inde
1071 3411 1349 3468 transiens
1377 3411 1572 3466 Antio-

54 3499 180 3554 thiam
199 3517 418 3572 parvam,
448 3503 607 3560 venit
635 3501 704 3559 ad
731 3517 1008 3576 magnam,
1039 3503 1377 3559 transeundo
1416 3501 1570 3559 Isau-

53 3590 172 3660 riam,
204 3602 250 3649 et
268 3595 447 3651 urbem
473 3594 809 3652 Seleuciam.
831 3594 1084 3662 Quicum
1105 3593 1344 3667 Cyprum
1375 3595 1570 3667 liquis-

51 3690 106 3734 set
122 3684 171 3738 ad
191 3685 466 3755 dexteram,
511 3685 792 3742 Tharsum
824 3686 871 3743 si
908 3686 1130 3757 quidem
1157 3687 1368 3743 dimisit
1394 3688 1462 3742 ad
1488 3687 1568 3764 si-

50 3771 236 3844 nistram,
259 3785 308 3832 et
337 3776 598 3835 Melotem
643 3778 832 3832 urbem
870 3776 1308 3849 opiuatissimam
1353 3763 1567 3850 jamdiu

47 3873 266 3922 vastatam.
280 3866 354 3924 Eo
378 3879 510 3925 tunc
532 3878 784 3940 tempore
803 3867 988 3940 plures
1006 3867 1189 3923 bifarii
1214 3877 1268 3924 et
1285 3869 1568 3928 helluones

48 3952 92 4008 de
118 3957 224 4012 mari
258 3970 496 4016 recenter
529 3968 801 4016 exeuntes
845 3959 1144 4031 vulgabant
1182 3960 1372 4032 procul
1399 3961 1568 4017 dubio

45 4046 156 4103 nobis
183 4049 230 4104 in
254 4048 670 4126 Hierosolymis,
708 4065 834 4106 eum
865 4051 1057 4122 procul
1085 4050 1255 4108 dubio
1284 4052 1428 4124 apud
1453 4053 1568 4109 Au-

46 4137 238 4196 tiochiant
258 4144 610 4215 applicuisse,
634 4151 689 4199 et
702 4143 1124 4200 mentiebantur.
1177 4141 1567 4200 Verumtamen

42 4229 552 4309 dicereseputabant,
594 4238 725 4310 quia
758 4253 884 4295 cum
921 4237 1102 4309 aliqua
1142 4246 1295 4309 parte
1331 4237 1566 4294 militum

44 4336 207 4381 suorum
233 4344 399 4402 usque
439 4329 705 4389 Pataram
733 4345 840 4386 una
885 4341 1170 4399 venerant,
1200 4338 1398 4386 etcum
1422 4331 1568 4387 acci-

39 4413 230 4488 pitribus,
249 4435 298 4477 et
318 4423 528 4494 capris,
545 4431 602 4478 et
617 4421 942 4495 aucupibus,
965 4430 1132 4494 atque
1156 4420 1408 4490 canibus,
1424 4437 1568 4494 quos

40 4521 130 4568 ante
155 4517 500 4586 praeminebat

539 4607 774 4666 CAPUT
813 4607 994 4664 LVIII.

261 4699 336 4756 De
361 4699 624 4773 periculis
654 4701 710 4755 in
735 4701 871 4754 mari
897 4697 1272 4756 evenientibus.

79 4785 214 4850 Multa
245 4810 386 4868 saepe
420 4795 765 4862 turbulenta,
791 4793 880 4851 vel
905 4792 1018 4851 Deo
1052 4793 1291 4860 volente,
1330 4791 1419 4848 vel
1446 4805 1572 4864 per-

31 4880 240 4953 mittente,
266 4889 321 4944 in
353 4889 500 4945 mari
534 4887 920 4966 navigantibus
943 4894 1248 4944 occurrunt
1261 4875 1286 4953 ’ς
1310 4895 1429 4942 tum
1459 4884 1574 4942 sol-

31 4974 137 5033 ritur
164 4982 414 5055 anchora,
462 4991 587 5041 tum
623 4981 893 5056 frangitur
915 4991 1176 5050 antenna,
1198 4982 1283 5039 vel
1304 4982 1570 5054 aplustra,

29 5070 90 5124 vel
118 5075 351 5136 rudentes
386 5090 749 5154 rumpuntur.
791 5081 1042 5152 Cumque
1082 5080 1231 5136 venti
1259 5089 1565 5147 mutantur,

29 5166 126 5218 tunc
146 5165 574 5247 adcherucham
618 5177 979 5242 respectatur,
1006 5178 1070 5226 ut
1107 5169 1154 5226 si
1192 5184 1453 5241 prospere
1483 5169 1569 5224 in-

28 5252 195 5324 (edant,
219 5260 474 5320 distincte
517 5272 574 5320 et
614 5263 843 5322 solerter
868 5262 1202 5336 experiatur.
1247 5262 1566 5319 Cavendum

30 5357 77 5398 ne
92 5359 224 5408 nocte
250 5369 356 5412 una
380 5357 666 5429 perdatur.
689 5358 829 5415 Cum
857 5359 1004 5415 enim
1027 5358 1198 5415 stella:
1221 5357 1565 5425 obnubilant,

29 5436 61 5488 si
90 5443 236 5500 cubas
273 5448 411 5506 ratis
443 5449 708 5519 alliditur,
755 5459 987 5507 mortem
1031 5451 1178 5508 illico
1219 5450 1305 5506 vel
1343 5449 1568 5506 naufra-

30 5527 141 5597 ῑίῑιω
160 5540 317 5607 pestis
350 5542 653 5600 imminens
687 5542 990 5600 minitatur.
1015 5541 1170 5599 Sicut
1197 5542 1252 5598 in
1289 5551 1458 5610 terra,
1486 5542 1572 5598 sic
1661 5581 1670 5587 -

30 5629 70 5673 et
94 5623 136 5679 in
156 5633 281 5687 mari
301 5635 571 5704 pericula.
590 5633 732 5708 Quid
753 5636 823 5692 de
849 5635 1011 5692 nobis
1031 5636 1320 5702 miramur,
1344 5634 1393 5692 si
1412 5634 1567 5692 Pauli

31 5721 214 5785 lpostoli
259 5727 608 5800 naufragium
656 5729 1032 5786 recordamur.
1099 5727 1182 5783 Ad
1245 5728 1564 5784 tentandum

34 5807 173 5870 ih'ssi
202 5819 626 5877 'rofunditatem
666 5822 997 5878 dimiserunt
1028 5819 1269 5877 naueleri
1303 5819 1562 5877 bolidcm.

376 5913 656 5978 ΡΑτιιοι.
694 5916 872 5979 CLV.

1595 4569 1649 4632 Ι)

1672 3331 1957 3404 Egyptius,
2002 3330 2099 3402 qui
2148 3329 2429 3401 antiquior
2467 3328 2590 3396 fuit,
2621 3336 2677 3384 et
2701 3327 2900 3384 Darius
2933 3326 3149 3393 Medus,
3173 3327 3273 3399 qui

1672 3425 1902 3497 majoris
1941 3423 2191 3480 contuitu
2231 3421 2490 3492 potentia
2520 3421 2574 3475 in
2602 3419 2859 3478 etIeCtum
2885 3420 3066 3476 voluit
3095 3419 3272 3476 addu-

1671 3520 1816 3588 cere,
1849 3519 1995 3591 quod
2040 3520 2110 3576 ab
2153 3519 2409 3590 indigena
2445 3518 2624 3574 fuerat
2655 3531 2782 3573 ante
2812 3525 3104 3572 tentatum.
3133 3515 3272 3583 Quae

1669 3626 1760 3667 res
1783 3611 1986 3666 indicio
2016 3619 2101 3666 est
2130 3609 2278 3680 quod
2322 3608 2578 3680 superius
2616 3617 2702 3663 est
2736 3622 2889 3664 mare
2913 3605 3182 3675 Indicum,
3209 3607 3268 3662 in

1669 3718 1781 3776 quo
1809 3718 1960 3758 mare
1989 3700 2259 3768 Rubrum,
2289 3701 2419 3772 quia
2453 3716 2643 3771 mquor
2657 3699 2970 3772 Egyptium,
3000 3699 3149 3770 quod
3182 3700 3268 3755 in¢

1669 3793 1840 3852 ferius
1863 3793 2036 3850 alluit.
2075 3792 2142 3848 Et
2171 3792 2423 3848 fortassis
2457 3807 2527 3847 ne
2564 3791 2728 3848 latius
2759 3806 2818 3846 se
2844 3806 2996 3846 mare
3019 3789 3268 3847 effunde-

1669 3896 1774 3956 ret,
1805 3887 1873 3944 de
1893 3885 2271 3958 superioribus
2319 3884 2388 3940 ad
2427 3883 2686 3940 inferiora
2722 3881 3094 3954 praecipitans,
3142 3881 3268 3939 ideo

1667 3978 1951 4036 molimina
1976 3993 2077 4035 sua
2101 3993 2195 4032 rex
2221 3984 2447 4046 uterque
2479 3975 2776 4030 revocavit.
2789 3971 2904 4029 Hoc
2933 3972 2988 4028 in
3000 3971 3268 4030 Hexame-

1669 4088 1769 4129 roa
1795 4070 2072 4127 Ambrosii
2099 4070 2181 4126 sic
2214 4069 2468 4124 habetur.
2505 4067 2670 4123 Aliud
2695 4079 2828 4122 vero
2862 4064 2920 4120 in
2961 4063 3155 4120 Solino
3183 4064 3270 4121 in-

1667 4164 1903 4220 venitur.
1955 4161 2226 4218 Mirabilia
2272 4160 2440 4232 igitur
2479 4172 2648 4230 opera
2701 4155 2818 4224 Dei,
2862 4155 3042 4211 multo
3083 4163 3270 4212 autem

1670 4256 1972 4314 mirabilior
2011 4255 2107 4326 qui
2155 4253 2287 4309 facit
2319 4261 2375 4308 et
2407 4250 2649 4322 disponit
2675 4263 2761 4306 ea.
2797 4247 2957 4317 Quod
2989 4257 3038 4304 st
3081 4246 3270 4319 aliqua

1669 4347 1874 4404 nostris
1915 4344 2228 4416 aspectibus
2270 4342 2528 4398 videntur
2572 4339 2864 4408 deformia,
2907 4338 3270 4395 nihilominus

1671 4450 1854 4496 tamen
1900 4445 2032 4494 sunt
2069 4436 2361 4503 laudanda,
2397 4435 2526 4506 quia
2567 4433 2834 4490 Conditor
2858 4433 3106 4490 omnium
3136 4431 3271 4489 facit

1671 4546 1758 4597 ea,
1784 4530 1897 4585 imo
1922 4544 2026 4585 nec
2060 4528 2246 4584 minus
2266 4537 2395 4584 sunt
2431 4526 2609 4583 utilia.
2635 4525 2812 4582 Etiam
2857 4523 2913 4580 in
2950 4524 3144 4582 cimice
3172 4525 3270 4582 dat

1674 4621 1820 4678 Deus
1846 4622 2134 4687 medelam,
2157 4630 2213 4677 et
2237 4621 2292 4676 in
2317 4620 2516 4692 polypo
2541 4620 2693 4692 pisce
2707 4619 2954 4676 immittit
2979 4618 3264 4687 astutiam,
3382 4635 3391 4645 ’

1671 4713 1757 4772 vel
1780 4711 1996 4770 echino.
2016 4710 2370 4784 Serpentibus
2394 4726 2615 4782 quoque
2637 4711 2732 4768 dat
2757 4708 3138 4782 prudentiam;
3165 4709 3268 4764 ali-

1670 4805 1892 4879 quando
1927 4803 2173 4876 praebent
2212 4803 2503 4869 medelam,
2551 4800 2850 4873 aliquando
2891 4799 3142 4855 inferunt
3165 4813 3265 4870 pe-

1671 4907 1834 4966 stem,
1867 4896 1953 4953 vel
1989 4895 2158 4952 etiam
2193 4893 2756 4956 mortem._Interdum
2781 4905 2911 4947 vero
2935 4898 3134 4961 parant
3162 4891 3266 4946 ob-

1669 4990 1944 5063 sequium,
1975 4987 2248 5045 interdum
2297 5003 2430 5043 vero
2466 4993 2880 5042 nocumentum.
2907 4979 3267 5052 Quandoqui-

1671 5082 1796 5139 dem
1826 5079 2132 5138 antidotum
2163 5079 2432 5152 tyriacum
2461 5078 2529 5134 de
2561 5089 2793 5148 corpore
2833 5083 3103 5144 serpent.s
3131 5085 3267 5126 con-

1673 5177 1759 5234 fici
1809 5176 1986 5235 solere
2033 5173 2268 5242 dicatur,
2319 5171 2468 5245 quod
2517 5170 2707 5242 utique
2751 5165 2905 5222 virus
2949 5177 3265 5234 corpusque

1673 5270 1943 5342 serpentis
1965 5282 2091 5324 cum
2119 5267 2298 5324 solum
2323 5263 2562 5320 sumitur
2597 5266 2779 5326 nocet,
2807 5271 2934 5313 eum
2959 5263 3141 5312 autem
3167 5251 3267 5310 ad-

1673 5361 1936 5418 miscetur
1960 5359 2084 5417 aliis
2109 5357 2334 5416 sanitati
2361 5362 2446 5410 est
2471 5361 2528 5409 et
2551 5351 2738 5409 saluti.

2271 5443 2503 5503 CAPUT
2542 5441 2657 5499 LX.

2099 5543 2176 5598 De
2199 5540 2474 5615 generibus
2493 5536 2834 5609 serpentium.

1745 5634 2042 5692 Basiliscus
2070 5644 2251 5690 autem
2280 5641 2367 5689 est
2406 5629 2475 5685 ad
2517 5627 2848 5699 semipedem
2879 5617 3262 5695 longitudinis,

1674 5729 1833 5784 albus
1860 5725 2022 5798 quasi
2069 5725 2312 5792 mitrula,
2357 5723 2598 5780 lineatus
2641 5727 2831 5791 caput,
2867 5731 2971 5773 nec
3018 5709 3262 5770 hominis

1674 5828 1886 5878 tantum
1913 5819 1998 5876 vel
2047 5818 2281 5875 aliorum
2327 5813 2690 5874 animantium
2727 5809 2911 5868 exitiis
2938 5807 3122 5874 datus,
3160 5801 3262 5861 sed

2863 5901 2946 5970 30
