3850 6310
516 399 652 455 τηθίς)
1113 397 1206 452 Al)
1244 390 1693 453 commntum!
1731 388 2020 447 APPEND.
2064 388 2129 447 η.
2168 418 2237 432 -—
2270 387 2542 448 MONUM.
2586 390 2676 447 DE
2701 390 2923 449 BELLO
2957 391 3202 450 saeuo.
3664 386 3745 467 ui

554 531 3259 563 Μ

1726 752 2089 846 LIBER
2156 746 2650 845 PRIMUS.

1242 988 1526 1048 TEXTUS
1561 986 1943 1047 GESTORUM
1979 984 2467 1045 MEMORANDUS
2500 986 3137 1049 CHRISTICOLARUM.

625 1152 722 1209 Est
746 1166 850 1223 Ope
885 1149 1071 1205 divina
1105 1146 1416 1213 Turcorum
1440 1144 1583 1202 facta
1617 1144 1811 1211 ruina,

552 1245 673 1319 Hoc,
696 1260 795 1315 pro
824 1242 984 1298 laude
1012 1240 1130 1307 Dei,
1154 1240 1279 1295 licet
1307 1239 1485 1309 impar
1506 1236 1780 1302 materiei,

552 1337 810 1391 Carmine
838 1334 1149 1406 prestringo
1172 1332 1340 1398 facili,
1371 1349 1472 1387 nec
1499 1331 1707 1386 ludicra
1735 1332 1902 1401 (lngo.

546 1428 794 1494 Christe,
818 1442 953 1481 mea:
975 1424 1145 1480 menti
1183 1432 1275 1478 tua
1290 1422 1431 1477 bella
1464 1420 1669 1477 referre
1694 1420 1897 1475 volenti

554 1520 739 1587 Adsis,
762 1519 882 1573 laus
911 1516 1070 1587 cujus
1101 1514 1272 1570 series
1293 1522 1379 1569 est
1404 1512 1666 1568 carminis
1695 1508 1883 1581 hujus,

544 1609 630 1667 ‘Ut
663 1612 800 1666 bene
825 1606 1172 1679 proveniant,
1201 1613 1258 1660 et
1282 1613 1337 1660 te
1363 1605 1503 1660 duce
1537 1601 1781 1659 carmina
1809 1600 1963 1655 flant.

801 1698 1086 1753 Exercitus
1112 1694 1449 1750 Christianus
1479 1695 1609 1763 petit
1635 1690 1898 1747 Nicwam.

627 1788 969 1845 Christicolae
991 1795 1202 1858 gentes,
1232 1783 1520 1857 gladioque
1547 1784 1760 1853 ﬁdeque
1793 1781 2051 1848 nitentes,

559 1879 631 1936 Ut
656 1894 814 1935 sacra
843 1884 1141 1948 purgarent
1167 1891 1199 1931 a
1226 1874 1500 1939 sordibus,
1532 1882 1587 1928 et
1612 1880 1933 1942 superarent

558 1971 771 2026 Turcos
798 1970 1047 2036 insanos,
1079 1964 1348 2022 fmdantes
1377 1963 1527 2033 fana,
1551 1963 1835 2036 profanos,

557 2062 1022 2133 Conjuraverunt,
1051 2068 1106 2114 et
1126 2058 1428 2115 Jerusalem
1466 2044 1759 2129 petierunt.

557 2153 658 2208 Ast
688 2153 777 2207 ubi
802 2151 916 2222 jam
946 2150 1148 2215 lassus,
1170 2149 1284 2221 jam
1314 2150 1483 2204 multa
1514 2149 1753 2220 pericula
1782 2164 2001 2221 passus,

555 2242 898 2314 JEquoreum
926 2241 1080 2296 littus
1104 2240 1284 2310 tetigit
1312 2241 1516 2295 chorus
1546 2240 1635 2295 ille
1666 2240 1883 2306 beatus,

557 2335 781 2391 Transit
804 2347 1116 2405 aequoream
1145 2332 1376 2400 rabiem,
1414 2333 1678 2404 petiitque
1704 2330 1966 2399 Nicaaam,

555 2428 616 2484 In
669 2440 777 2500 qua
827 2438 908 2484 ter
957 2436 1176 2484 centum
1214 2436 1296 2482 ter
1320 2426 1580 2498 'quinquc
1624 2425 1901 2496 triumque
1948 2438 2147 2495 paren-

2164 1145 2218 1208 Α
2244 1140 2312 1200 Et
2336 1141 2468 1199 dum
2497 1144 2795 1217 successit,
2817 1161 2912 1217 per
2939 1147 3119 1220 turpia
3139 1148 3308 1208 verba
3339 1149 3550 1208 lacessit

2242 1234 2451 1291 Christi
2499 1237 2761 1307 cultores,
2789 1253 2943 1305 cave,
2974 1240 3187 1310 dicens,
3216 1243 3531 1301 deteriores.

2244 1324 2485 1384 Vocibus
2514 1328 2743 1401 ingratis
2772 1330 2976 1387 nostris
3010 1333 3147 1389 satis
3170 1332 3481 1405 exagitatis,

2240 1416 2419 1474 Altior
2438 1419 2508 1475 ad
2543 1420 2714 1477 duros
2745 1430 2996 1494 portatur
3023 1425 3278 1480 machina
3306 1441 3520 1482 muros.

2244 1508 2486 1569 Gentiles
2507 1514 2696 1569 miseri
2722 1515 2941 1570 tandem
2969 1532 3184 1586 coepere
3210 1518 3409 1575 vereri.

2243 1597 2431 1656 Nostri
2462 1616 2573 1657 non
2595 1605 2800 1674 'segnes
2822 1604 3033 1674 lapides
3057 1605 3380 1677 jaculantur
3402 1615 3458 1662 et
3490 1605 3643 1679 ignes,

2245 1689 2451 1749 Turres
2475 1693 3073 1767 impellunt,'allixaque
3103 1697 3210 1753 tela
3237 1699 3503 1754 revellunt

2244 1783 2292 1837 Α
2318 1783 2545 1855 clypeis,
2570 1784 2758 1842 hostes
2784 1787 2895 1842 telo
2920 1789 3143 1859 pr0prio
3169 1788 3447 1846 ferientes.

2247 1870 2426 1945 thue
2460 1875 2607 1930 cadit
2635 1875 2849 1946 spissus
2882 1877 3057 1933 imber
3087 1894 3215 1934 cum
3253 1880 3515 1952 grandine
3536 1881 3716 1948 missus,

2248 1963 2341 2022 Sic
2375 1970 2485 2021 non
2513 1965 2695 2022 vitata:
2727 1967 3023 2025 mittuntur
3054 1968 3261 2044 ubique
3282 1972 3509 2043 sagittae.

2248 2054 2378 2111 Tela
2411 2055 2634 2125 cadunt,
2666 2057 2967 2132 miserique
3008 2071 3255 2135 gemunt,
3290 2064 3589 2118 moriuntur
3631 2066 3762 2121 utrin-

3594 2153 3712 2225 ique.

2250 2232 2316 2292 Ili
2343 2236 2559 2309 gladiis,
2591 2239 2683 2296 alii
2708 2240 2922 2299 baculis
2946 2254 3212 2316 pugnant,
3240 2244 3590 2315 sudibusque,

2250 2328 2481 2401 Magnus
2508 2339 2629 2388 erat
2659 2334 2831 2389 turba:
2852 2334 3063 2389 clamor
3091 2334 3422 2406 trepidantis
3443 2337 3494 2390 in
3526 2334 3638 2389 urbe

2322 2422 2409 2491 (6)
2427 2421 2571 2495 Ergo
2608 2424 2889 2495 plorantes
2934 2426 3189 2482 manibus
3219 2442 3442 2498 quoque
3464 2426 3767 2499 'signilicantcs

1829 2490 1969 2589 [tum
1997 2516 2075 2587 (ί)
2178 2490 2224 2550 Β
2249 2490 2488 2566 Orarunt
2506 2490 2724 2582 pacem,
2751 2513 3059 2570 clamarunt
3087 2490 3447 2583 deditionem,

540 2611 893 2679 "Couventus,
926 2624 1110 2665 mores
1140 2609 1364 2675 struxit,
1395 2607 1693 2679 docuitque
1716 2608 1981 2666 minores.

536 2703 665 2760 'Sed
693 2704 834 2759 male
872 2712 1100 2767 mutata,
1129 2700 1443 2770 Christique
1466 2698 1573 2757 ﬁde
1609 2708 1859 2767 vacuata,

557 2795 842 2850 Christum
873 2793 1185 2864 spernebat,
1213 2789 1437 2863 gentilia
1466 2798 1715 2846 monstra
1741 2790 1974 2847 colebat.

558 2889 628 2943 Et
648 2888 910 2959 quoniam
942 2887 1223 2943 Christum
1256 2886 1414 2956 prius
1438 2886 1556 2941 haec
1578 2884 1816 2942 coluisse
1844 2890 2113 2957 putatur,‘

560 2978 644 3033 Ad
673 2976 957 3032 Christum
990 2984 1248 3047 corrupta
1278 2976 1431 3047 prius
1462 2976 1662 3031 merito
1684 2983 1993 3030 revocatur.

918 3066 1160 3121 Nicaeam
1196 3067 1491 3123 Christiani
1529 3067 1791 3121 obsident.

631 3158 776 3231 Ergo
809 3158 1109 3229 disponunt
1136 3158 1302 3224 acies,
1327 3157 1563 3213 tentoria
1594 3164 1829 3227 ponunt.

561 3252 815 3323 Undique
843 3252 1195 3318 conveniunt,
1220 3262 1275 3306 et
1300 3251 1442 3306 bello
1467 3265 1711 3321 congrua
1737 3250 1894 3305 llunt.

2249 2600 2560 2673 Expediunt
2585 2602 2808 2661 dextras
2833 2606 3145 2678 vaduntque
3174 2608 3458 2663 recludere
3484 2616 3664 2679 portas,

2252 2692 2543 2750 Exsultant
2570 2696 2766 2763 nostri,
2798 2697 3024 2755 laudant
3052 2700 3329 2771 magnalia
3361 2699 3579 2755 Christi.

2250 2783 2495 2842 Primum
2517 2788 2741 2860 purgari
2779 2798 3007 2845 censent
3040 2805 3073 2846 a
3103 2792 3363 2848 sordibus
3391 2792 3592 2857 urbem,

2249 2875 2319 2933 Et
2340 2878 2653 2950 consignari
2679 2895 2777 2951 per
2800 2895 3000 2951 aquam
3023 2896 3185 2953 prece
3214 2882 3617 2946 sanctiﬁcatam,

2248 2969 2499 3043 Cumque
2529 2972 2749 3043 hymnis
2779 2974 3147 3045 crucibusque
3177 2975 3387 3031 intrant
3406 2973 3776 3030 reconciliatam.

2248 3062 2542 3119 Mittuntur
2565 3064 2710 3120 sacri
2738 3074 3019 3135 portantes
3057 3082 3217 3133 saera
3244 3066 3513 3133 ministri,

2250 3153 2515 3211 Lustrant
2542 3170 2768 3213 securos
2793 3156 3077 3213 benedicta
3108 3158 3400 3230 aspergine
3432 3173 3626 3225 muros,

2249 3244 2550 3303 Cantantes
2573 3247 2825 3304 modulos
2854 3248 3055 3305 divinis
3077 3250 3276 3306 ritibus
3306 3259 3485 3321 aptos.

558 3343 800 3410 Partem,
830 3358 993 3413 quam
1033 3342 1273 3397 mundus
1294 3348 1455 3396 vocat
1481 3356 1765 3408 occasum,
1806 3339 2147 3396 Boimundus
2249 3336 2404 3393 Talia
2432 3338 2562 3394 dum
2590 3339 2881 3397 cives‘visu
2912 3342 3214 3413 audituque
3234 3353 3553 3414 capescunt,

529 3432 827 3504 --0ccupat,
856 3441 911 3488 et
937 3441 1129 3488 contra
1156 3447 1346 3487 muros
1368 3431 1559 3486 statuit
1582 3447 1681 3487 sua
1704 3440 1905 3487 castra.

544 3524 666 3592 Qui
691 3526 845 3580 locus
884 3539 914 3579 e
941 3525 1189 3594 plaustro
1218 3523 1296 3594 (2)
1319 3523 1546 3592 junctus
1589 3523 1898 3579 contrarius
1935 3530 2143 3591 austro,

530 3616 655 3673 ..llle
676 3627 783 3673 tuae
814 3615 962 3685 forti,
989 3617 1152 3672 datus
1180 3623 1286 3683 est,
1315 3614 1628 3683 Godel‘ride,
1659 3615 1894 3671 cohorti.

534 3708 619 3764 :ln
646 3710 764 3765 loca
797 3710 1099 3766 succedunt
1124 3708 1236 3775 alii,
1269 3724 1391 3779 quae
1419 3722 1660 3777 congrua
1684 3708 1935 3777 credunt,

558 3796 897 3855 Cunctorum
924 3809 1137 3872 portus,
1168 3806 1457 3853 vertuntur
1479 3798 1611 3854 solis
1642 3799 1709 3854 ad
1744 3807 1920 3854 ortus.

559 3889 823 3948 Militibus
850 3892 1006 3947 densi
1036 3890 1397 3963 Raymundus
1420 3904 1547 3945 cum
1576 3888 1859 3958 Podiensi,

559 3982 719 4055 Hugo
749 3998 933 4039 comes
958 3998 1209 4054 magnus,
1240 3982 1326 4038 leo
1364 3982 1545 4050 saevis,
1577 3980 1805 4038 mitibus
1834 3980 1913 4054 (5)
1945 3997 2143 4054 agnus,

534 4075 626 4131 -Et
648 4077 780 4133 satis
810 4084 1067 4146 expertus
1089 4090 1185 4145 per
1213 4074 1397 4145 przelia
1429 4074 1549 4129 dira
1580 4072 1658 4145 (4)
1691 4072 1987 4141 Robertus,

537 4164 680 4221 tDux
707 4182 923 4238 quoque
950 4164 1321 4233 Flandrensis,
1351 4166 1510 4238 cujus
1537 4180 1645 4220 non
1677 4162 1883 4219 fallitur
1903 4164 2075 4234 ensis,

559 4258 629 4312 Et
656 4258 967 4329 Stephanus
999 4272 1191 4314 muros
1216 4258 1604 4329 expugnabant
1632 4255 1897 4312 ruituros.

560 4349 701 4405 Tuta
732 4351 825 4405 sed
850 4366 881 4404 a
911 4350 1085 4406 turbis
1116 4365 1244 4421 pars
1270 4364 1379 4404 una
1408 4357 1753 4404 remanserat
1778 4348 1952 4414 urbis,

560 4441 671 4497 Nec
699 4442 853 4497 timet
888 4442 1132 4497 assultus
1152 4457 1280 4513 pars
1310 4455 1477 4512 quam
1517 4439 1598 4495 sol
1624 4438 1848 4511 respicit
1881 4440 2047 4497 altus.

540 4532 789 4589 'Frustra
826 4548 1053 4589 securos
1078 4533 1349 4603 petierant
1375 4531 1611 4602 denique
1635 4545 1846 4587 muros.

538 4611 697 4681 Nam
728 4626 881 4682 lacus
902 4626 1230 4691 immensus,
1257 4624 1539 4694 multaque
1561 4623 1765 4695 uligine
1785 4624 1990 4681 densus

544 4716 674 4772 llos
693 4715 1034 4782 defensabat,
1068 4723 1289 4769 nostros
1306 4713 1545 4770 transire
1575 4713 1826 4785 negabat.
2018 4707 2031 4715 ’

540 4808 669 4864 ’δρᾶ
699 4817 884 4864 tamen
911 4808 1055 4862 hanc
1084 4813 1297 4876 partem
1337 4804 1515 4858 nostri
1554 4804 1777 4876 tetigere
1808 4820 1905 4876 per
1951 4814 2147 4874 artem,

558 4892 809 4970 Namque
838 4897 1163 4968 superjectis
1204 4895 1436 4961 ratibus,
1480 4895 1668 4952 multis
1694 4911 1914 4968 quoque
1941 4898 2119 4965 tectis,

632 4992 712 5062 (5)
742 4989 891 5057 Quas
916 4988 1104 5043 Caesar
1132 4986 1334 5052 dictus,
1364 4985 1563 5041 vinctis
1594 5002 1691 5057 per
1726 4996 1902 5044 terrea
1926 4988 2104 5045 bobus

556 5081 787 5137 Fecerat
809 5078 1006 5135 adduci
1022 5085 1150 5133 voto
1174 5086 1306 5133 tunc
1329 5077 1649 5145 auxiliandi,

556 5173 657 5229 Sic
684 5173 844 5243 quasi
866 5187 965 5242 per
993 5179 1190 5242 pontes
1226 5178 1524 5240 potuerunt
1555 5179 1775 5242 tangere
1798 5171 2003 5241 fontes,

560 5265 775 5321 Acriter
805 5263 1069 5319 insistunt
1091 5262 1288 5329 nostri,
1326 5260 1599 5332 Tureique
1628 5263 1911 5317 resistunt.

562 5357 778 5413 Acriter
798 5355 1083 5426 impellunt
1107 5354 1250 5422 illos,
1279 5354 1468 5425 illique
1496 5353 1784 5424 repellunt.

567 5449 722 5505 Saeva
743 5458 1037 5505 venenatas
1062 5466 1195 5520 gens
1222 5449 1387 5504 mittit
1410 5449 1479 5503 ab
1509 5449 1641 5502 urbe
1670 5448 1925 5519 sagittas,

565 5538 777 5611 Cuique
796 5540 992 5612 sagitta
1019 5540 1181 5596 dabat
1223 5552 1339 5597 leve
1364 5541 1583 5607 vulnus,
1609 5554 1735 5595 eum
1785 5537 2091 5609 perimebat
2128 5558 2142 5594 :

637 5675 717 5746 (ι)
755 5674 921 5741 Edit.,
957 5685 1241 5745 potentum.

640 5746 717 5815 (9.)
758 5746 923 5811 Edit.,
954 5756 1028 5798 est
1064 5748 1226 5815 infra.

639 5818 718 5887 (5)
758 5815 855 5870 his.
882 5815 1160 5870 militibus.

2248 3428 2506 3487 Protinus
2529 3431 2654 3487 irati
2684 3431 2739 3486 in
2770 3432 2990 3503 gentilia
3022 3430 3271 3490 monstra
3295 3444 3606 3502 recurrunt,

2246 3519 2457 3577 Cuncta
2491 3521 2771 3594 profanari
2793 3526 3004 3597 magica
3032 3526 3301 3599 vertigine
3323 3529 3536 3595 dicunt,

2249 3614 2317 3672 Et
2338 3618 2728 3687 proturbantes
2756 3627 2911 3675 extra
2940 3635 3096 3677 sacra
3121 3621 3343 3692 agmina
3377 3622 3616 3677 trudunt.

2250 3707 2344 3765 Sic
2368 3709 2657 3765 irritantur
2679 3710 2922 3781 legiones
2946 3710 3435 3781 Christicolarum,

2250 3795 2320 3853 Et
2341 3797 2534 3854 delusa
2562 3798 2749 3855 dolent
2782 3801 3042 3871 mysteria
3068 3798 3472 3858 cmlieolarum.

2228 3889 2447 3946 .Acrius
2474 3890 2766 3964 insurgunt
2791 3892 2995 3949 celeres
3021 3894 3149 3949 etin
3174 3910 3327 3949 arma
3352 3903 3634 3950 recurrunt

2252 3981 2438 4054 Deque
2464 3982 2770 4054 profanatis
2792 4000 2989 4055 poenas
3017 4002 3143 4042 eum
3175 3988 3449 4058 sanguine
3475 3997 3707 4058 poscunt.

2249 4076 2446 4133 Acrius
2471 4076 2816 4145 incumbunt,
2840 4078 3070 4134 balistas
3098 4077 3390 4134 fundibulo
3415 4088 3619 4149 aptant,

2247 4167 2570 4225 Perfodiunt
2590 4178 2798 4240 portas,
2824 4170 3057 4226 miseros
3086 4170 3247 4241 quasi
3278 4186 3503 4226 carcere
3523 4170 3725 4231 vallant,

2249 4260 2522 4316 Excubias
2548 4269 2797 4316 statuunt
2826 4271 3099 4332 noctuque
3136 4262 3337 4333 dieque
3363 4270 3616 4318 caventes

2250 4348 2327 4406 Ne
2357 4350 2483 4421 quis
2510 4350 2785 4421 colloquio
2818 4360 3080 4408 externus
3097 4352 3252 4422 juvet
3279 4353 3594 4408 interiores.

2250 4441 2499 4513 Dumque
2530 4443 2739 4499 instant
2772 4442 2963 4515 vigiles
2994 4443 3097 4499 sibi
3120 4444 3473 4500 succedendo
3504 4460 3597 4515 per
3617 4446 3777 4508 horas,

2252 4532 2584 4605 Repperiunt
2611 4535 2902 4607 quemdam
2928 4550 3024 4606 per
3052 4534 3238 4606 nigras
3265 4535 3347 4590 ire
3377 4536 3628 4592 tenebras

2250 4623 2709 4691 Quasi-cutem..."
2743 4626 2827 4681 vel
2852 4635 3038 4697 portas
3074 4625 3417 4697 ingrediendi

2255 4715 2350 4772 Vel
2375 4733 2583 4787 per.....
2608 4733 2735 4773 cum
2758 4717 2962 4773 clausis
2987 4717 3397 4775 sermocinandi

2251 4806 2331 4862 illi
2354 4818 2664 4879 correptum
2692 4808 2931 4879 graviter
2957 4809 3300 4881 manicisque
3330 4810 3561 4881 ligatum

2252 4899 2489 4972 Cogunt,
2517 4908 2613 4955 aut
2635 4900 2799 4956 citius
2821 4915 2945 4971 qua:
2972 4909 3162 4957 nosset
3188 4912 3388 4957 cuncta
3418 4901 3651 4973 profari,

2251 4989 2363 5045 Aut
2385 4989 2537 5045 durae
2558 4992 2753 5046 mortis
2782 4992 2970 5062 gravia
2995 4992 3367 5062 experimenta
3393 4993 3625 5048 lucrari.

2254 5080 2346 5137 Ille
2368 5091 2517 5138 metu
2546 5083 2724 5139 vietus
2750 5082 2943 5149 nimio,
2982 5098 3085 5139 nec
3106 5084 3264 5155 longa
3294 5094 3549 5139 moratus

2184 5196 2231 5254 υ
2258 5172 2447 5230 Dicere
2476 5183 2689 5231 servata
2716 5189 2777 5229 se
2803 5174 3033 5230 devovet
3062 5174 3247 5230 omnia
3280 5175 3419 5230 vita.

2256 5264 2395 5323 Hinc
2426 5265 2517 5320 ubi
2546 5264 2677 5321 fecit
2702 5280 2828 5321 eum
2850 5265 2938 5335 pia
2966 5265 3350 5322 convenientia
3370 5265 3568 5335 ﬁdum,

2265 5356 2504 5428 Exponit
2535 5356 2767 5411 missum
2793 5369 2853 5412 se
2873 5355 3086 5411 civibus
3112 5355 3481 5425 insinuatum,

2255 5450 2335 5507 Ne
2350 5451 2723 5522 desperarent,
2756 5449 2850 5506 sed
2874 5464 2988 5505 rem
3011 5449 3214 5503 virtute
3234 5456 3511 5516 tenerent,

2256 5540 2505 5613 Namque
2529 5547 2791 5611 sequente
2814 5540 2901 5595 die
2926 5540 3147 5611 plenum
3170 5538 3424 5595 solamen
3456 5540 3719 5598 haberent

2353 5680 2409 5748 ι)
2447 5677 2615 5750 Edim
2646 5678 2824 5750 statim]

2354 5752 2408 5805 5)
2447 5748 2510 5803 Hi
2534 5750 2644 5804 duo
2670 5748 2860 5805 versus
2889 5749 3085 5805 desunt
3113 5748 3167 5803 in
3201 5764 3312 5804 ms.

2353 5681 2409 5748 ι)
2449 5681 2615 5743 Edit.,
2646 5681 2824 5750 statim]

2354 5752 2386 5805 5
2447 5748 2510 5803 Hi
2534 5750 2644 5804 duo
2670 5766 2860 5805 versus
2889 5749 3085 5805 desunt
3113 5748 3167 5803 in
3201 5764 3312 5804 ms.

2262 5878 2275 5886 ,
2328 5681 2408 5889 itii
2450 5817 2853 5876 Uneisinclusa
2880 5821 2933 5875 in
2965 5835 3069 5875 ms.
3111 5819 3525 5875 desiderantur.
