3804 6312
56 361 137 419 sis
878 348 1154 407 GILONIS
1191 347 1416 421 PAlt'iS.
1459 344 1638 404 rns'r.
1680 346 2045 417 rusnosou
2086 377 2156 413 ——_
2193 346 2321 415 ue.
2363 347 2404 402 1.
3156 353 3265 425 ρων

52 448 342 545 Quando-1m
365 464 571 525 ObseSSl
596 458 939 521 mortiﬁcal‘e-
1100 458 1105 459 ί
1598 461 1647 522 Δ
1677 460 1855 532 Atque
1877 470 2027 517 motu
2062 461 2211 529 tacti,
2241 461 2459 517 tandem
2488 476 2704 520 cessere
2728 463 2929 545 coacti;
2982 534 2987 549 ~

50 562 238 621 Possem
261 570 415 631 atque
438 560 632 630 opibus
650 573 775 614 eum
805 558 1054 614 libertate
1083 571 1300 612 vacare.
1673 551 1887 624 Perque
1912 553 2056 609 duos
2078 564 2315 619 menses,
2348 554 2587 609 obsessae
2611 555 2786 625 gentis
2812 556 3060 625 habente,

50 654 181 709 llillia
200 665 316 706 nam
347 648 572 720 propius
593 648 713 720 plus
742 647 1060 704 concedisse
1080 653 1324 703 trecenta
1675 639 1795 697 Dux
1818 641 1919 697 tibi
1944 641 2255 710 traduntur,
2282 641 2920 715 Constantinopolitanae.

50 745 237 800 Sultano
259 730 483 797 ducibus
507 738 951 812 Solymannoque
973 745 1185 794 coacta.
1674 731 1972 788 Mittuntur
1997 731 2157 804 plena
2179 734 2420 804 capitum
2443 738 2662 805 quoque
2681 736 2848 791 millia
2871 737 2999 793 navi

48 836 151 903 Quae
174 832 243 890 sic
259 831 322 888 de
343 830 579 902 propriis
606 844 665 886 se
684 828 899 884 viribus
922 828 1315 894 exhilararent,
1676 822 1979 879 Servitium
2009 823 2251 901 primum
2287 824 2452 913 datur
2477 824 2583 882 hoc
2606 841 2637 882 a
2668 827 2839 885 milite
2857 828 3022 903 forti.)

48 922 252 994 thuasi
280 921 511 976 victores
531 918 645 989 jam
675 916 805 974 facti
828 917 1218 989 gloriﬁcarent,
1681 955 1978 994 “nam”.
2011 958 2188 994 Μυκη
2227 912 2455 994 "una"
2485 958 2819 994 pbd-“MM
2860 906 3088 994 "nm":

97 955 1485 1083 3;;ggézgnrgx:3;;‘Xeiggimmm’
1681 955 1981 1035 Turcoroum
2011 958 2189 1015 millia
2225 968 2456 1016 trecenta
2485 958 2819 1018 Christianos
2856 964 3259 1038 aggrediuntur.

47 1102 238 1172 Solaque
256 1099 319 1155 de
346 1099 536 1171 spoliis
559 1098 703 1155 inter
730 1113 790 1154 se
817 1097 955 1153 bella
986 1104 1267 1169 pararent.
1748 1088 1847 1147 His
1868 1090 1943 1146 ita
1966 1091 2220 1161 devictis,
2250 1093 2409 1150 victis
2432 1095 2537 1151 sub
2567 1111 2693 1169 rege
2721 1097 2947 1165 relictis,

45 1194 168 1249 Mane
188 1192 333 1247 etiam
360 1190 539 1264 primo
566 1190 887 1247 statuissent
910 1200 1089 1247 castra
1120 1204 1359 1255 movere,
1681 1180 1952 1239 Successu
1976 1182 2083 1238 laeti
2106 1185 2301 1251 nostri,
2322 1201 2426 1243 nec
2446 1187 2637 1243 cedere
2658 1188 2812 1255 certi,
2950 1192 2973 1207 “

44 1284 115 1337 Illa
136 1297 330 1354 quoque
352 1291 476 1337 ante
508 1282 725 1349 urbem,
754 1297 926 1338 vacua
950 1280 1204 1349 statione,
1232 1280 1436 1342 locare,
1677 1270 1881 1330 Castra
1900 1283 2144 1342 movent,
2166 1273 2509 1348 Dominoque
2528 1288 2727 1334 vovent
2748 1278 2981 1350 jejunia,
3003 1279 3169 1353 cujus

44 1377 147 1443 Qua:
178 1374 339 1430 luerat
370 1374 489 1443 tibi,
514 1375 627 1431 dux
652 1373 995 1447 Raymunde,
1020 1371 1500 1443 tuisquc‘relicta.‘
1676 1364 1903 1424 Auxilio
1918 1366 2099 1425 vicere
2125 1367 2216 1440 pio
2237 1370 2414 1441 gentis
2442 1372 2621 1428 scelus
2650 1373 2816 1444 hujus
2847 1392 2867 1429 τ
3098 1380 3101 1395 ⁵

44 1466 233 1534 Quando
247 1466 317 1522 ibi
340 1467 517 1537 prima
549 1466 721 1522 duces
746 1473 1031 1536 cmperunt
1064 1464 1231 1535 ﬁgere
1262 1474 1465 1529 castra,
1678 1456 1788 1516 Sed
1822 1460 2082 1531 queriiam
2105 1475 2203 1532 per
2236 1463 2375 1518 dura
2396 1462 2547 1518 viam
2577 1463 2802 1520 fuerant
2821 1465 3086 1534 habituri,

43 1560 122 1625 Qui
147 1567 391 1613 retrorsus
404 1557 587 1613 adhuc
611 1556 840 1612 aberant
867 1556 934 1611 ad
956 1554 1125 1610 millia
1155 1553 1285 1609 bina
1678 1549 1759 1608 Ne
1782 1551 1968 1624 populi
1991 1554 2257 1626 languore
2290 1555 2381 1612 siti
2412 1556 2668 1613 caderent
2694 1556 2944 1628 perituri,

43 1652 125 1707 Pro
145 1651 324 1722 quibus
347 1658 429 1715 est
449 1649 684 1706 missum
715 1649 903 1717 citius,
925 1648 1181 1721 iussique
1209 1646 1399 1704 venire
1676 1642 1736 1699 In
1762 1652 1973 1702 turmas
2003 1661 2220 1705 cessere
2241 1648 2398 1717 duas,
2425 1648 2522 1705 tibi
2550 1649 2784 1706 traditur
2812 1667 2963 1719 una;

42 1741 133 1814 Ipsa
149 1743 196 1798 in
212 1740 420 1812 planitie
444 1740 686 1797 tentoria
713 1739 1068 1811 disposuere.‘
1582 1770 1649 1814 -_
1680 1734 1799 1793 Dux
1826 1735 2155 1808 Boimunde,
2171 1740 2290 1808 tibi,
2326 1755 2513 1798 comes
2539 1739 2717 1813 Hugo,
2758 1741 2993 1797 traditur
3019 1758 3150 1798 una.

43 1798 233 1907 begatus
257 1848 416 1905 porro
450 1832 571 1905 iam
599 1830 779 1888 factus
799 1798 1008 1902 ‘sponte
1032 1828 1209 1886 ﬁdelis
1600 1798 1650 1862 Β
1679 1826 1882 1900 Sicque
1909 1845 2105 1903 graves
2126 1798 2294 1892 colles
2326 1832 2505 1888 nostri
2537 1798 2664 1888 lice‘i
2688 1798 2767 1887 ad
2782 1833 2925 1887 mala
2946 1834 3161 1902 molles,

42 1923 223 1995 Purgari
244 1936 359 1980 sese
391 1922 622 1994 expetiit
646 1921 997 1994 baptismatis
1025 1920 1193 1977 unda.
1678 1917 2008 1978 Trausivere
2029 1922 2209 1979 tribus
2236 1938 2348 1980 non
2372 1924 2581 1995 absque
2610 1924 2797 1980 labore
2819 1923 3033 1993 diebus,

43 2015 162 2082 Quod
181 2014 297 2070 dum
318 2014 377 2071 lit
403 2015 569 2071 citius
592 2028 867 2071 concursu
893 2013 1360 2086 presbyterorum,
1677 2011 1848 2084 Inque
1877 2014 1966 2070 die
2004 2024 2202 2086 quarta
2230 2024 2522 2087 postquam
2546 2016 2632 2072 via
2652 2016 2793 2073 facta
2829 2032 2925 2089 per
2946 2032 3096 2085 arca,

44 2106 255 2178 Egregius
280 2106 429 2164 iulsit
450 2108 538 2164 vir
568 2108 629 2163 in
653 2100 847 2162 ordine
867 2104 1358 2173 Christicolarum;
1464 2118 1465 2121 ‘
1580 2132 1581 2139 ι
1677 2104 1759 2160 Illi
1790 2106 1972 2162 securi
1994 2108 2152 2178 quasi
2178 2123 2317 2182 gens
2339 2109 2528 2179 ignara
2560 2107 2753 2177 futuri,
3054 2114 3073 2135 ³

44 2199 164 2257 Mane
183 2200 334 2275 igitur
358 2202 540 2273 primo
567 2198 751 2257 nostri
770 2208 1063 2256 vertuntur
1084 2199 1143 2254 in
1177 2212 1355 2266 arma,
1679 2197 1831 2267 Quos
1867 2199 1970 2256 sibi
1999 2200 2326 2257 commissos
2355 2200 2693 2258 Boimundus
2714 2200 2784 2257 ab
2816 2202 3034 2272 agmine
3055 2204 3261 2260 scisses

44 2290 173 2349 Urbis
194 2293 461 2364 perfidiam
490 2293 751 2365 punitum
786 2301 935 2349 sorte
962 2305 1241 2362 suprema.
1678 2290 1847 2348 Duxit
1877 2292 2143 2359 laetantes,
2174 2306 2337 2364 grave
2361 2290 2499 2348 nihil
2527 2301 2737 2350 restare
2759 2302 3036 2364 putantes,
3138 2294 3141 2297 ’

42 2383 106 2440 Fit
122 2386 299 2443 clamor
325 2385 552 2455 multus,
580 2385 943 2442 variatur.....
964 2384 1150 2441 vultus
1678 2382 1818 2441 Dum
1866 2386 2011 2442 male
2066 2402 2127 2443 se
2169 2388 2402 2458 jactant,
2461 2394 2517 2441 et
2560 2386 2694 2442 dum
2726 2386 2866 2443 bene
2913 2384 3057 2442 facta
3089 2395 3264 2442 retra-

42 2473 171 2531 lstiuc
191 2487 537 2548 pugnantum,
568 2486 738 2549 atque
760 2477 911 2535 illinc
930 2486 1177 2535 extrema
1200 2482 1535 2549 gementum.
2996 2478 3192 2553 [ctant,

42 2565 319 2638 Tormentis,
353 2569 578 2641 iaculis,
604 2569 802 2643 gladiis
829 2585 1051 2641 quoque
1077 2567 1219 2625 bella
1250 2575 1537 2641 geruntur,
1678 2569 1876 2630 Turcis
1898 2572 2184 2641 insultant,
2211 2583 2297 2629 ter
2318 2581 2541 2629 centum
2565 2571 2737 2628 millia
2758 2580 3012 2643 spectant

41 2657 161 2714 llaud
183 2661 397 2717 multum
421 2662 593 2719 distat
620 2663 756 2736 quin
787 2662 1042 2734 protinus
1076 2660 1501 2735 ingrediantur.]
1677 2658 1983 2716 Turcorum
2012 2661 2218 2729 moesti,
2245 2670 2515 2733 tantaeque
2540 2661 2799 2717 resistere
2820 2662 2965 2733 peSti

92 2770 347 2847 Sexaginta
369 2775 544 2847 millia
580 2774 877 2847 Turcorttm
920 2774 1188 2831 auailium
1222 2773 1504 2845 ferentium

1676 2750 1798 2809 Non
1821 2754 1942 2811 ausi
1968 2753 2241 2820 dubitant,
2266 2742 2571 2826 prius'ergo
2596 2754 2780 2826 praelia
2807 2754 3014 2810 vitant.‘.

356 2846 719 2902 debellantur.‘
749 2846 939 2903 Nicaza
967 2847 1198 2917 capitur.
1226 2844 1231 2845 ⁷
1584 2874 1589 2879 -
1680 2844 1789 2901 Sed
1810 2846 2016 2905 nullam
2045 2855 2278 2902 mortem
2304 2856 2576 2913 metuens,
2604 2845 2929 2914 Boimundc,
2952 2845 3241 2905 cohortem

96 2933 207 2992 Dum
229 2936 305 2993 sic
325 2937 598 2995 instarent
625 2938 824 3007 nostri,
853 2939 1043 2994 miseri
1076 2936 1434 3009 trepidarent,
1678 2937 1932 3007 instruis,
1981 2947 2043 2995 ut
2064 2939 2186 2995 vilis
2205 2938 2437 3010 depellat
2462 2939 2688 3011 cuspide
2722 2939 2901 3007 miles,
3100 2940 3103 2941 ⁷

41 3026 91 3083 Et
108 3030 202 3099 jam
218 3031 486 3087 constricti
513 3047 621 3088 sua
640 3031 841 3089 vellent
862 3031 1087 3087 reddere
1106 3029 1236 3086 victi
1259 3028 1361 3102 (7),
1574 3024 1577 3031 ’
1680 3030 1746 3087 Ει
1761 3031 1921 3103 ponis
1936 3031 2093 3103 juxta
2117 3031 2267 3087 rivos
2300 3046 2368 3087 ex
2399 3031 2592 3087 ordine
2614 3020 2818 3098 eastra,

41 3119 148 3177 Ecce
172 3125 435 3196 sexaginta
454 3122 769 3180 Turcoruin
798 3124 973 3180 millia
995 3131 1209 3180 structa
1601 3139 1649 3204 ς
1680 3120 1832 3190 Quos
1855 3122 2022 3179 nimis
2050 3135 2249 3181 exesos
2266 3131 2426 3178 vocat
2459 3121 2635 3177 incola
2670 3121 2830 3177 turba
2864 3122 3076 3177 lutosus
3108 3142 3125 3179 :

42 3208 233 3268 Ensibus
256 3221 307 3269 et
327 3213 555 3285 clypeis,
588 3212 659 3269 ad
688 3226 849 3284 Opem
872 3226 1074 3269 venere
1106 3208 1331 3267 Nicetis.
1683 3210 1789 3269 Sed
1811 3211 2061 3268 nondum
2088 3211 2263 3268 nostri
2303 3209 2525 3267 fuerant
2546 3211 2615 3267 ad
2649 3212 2789 3268 bella
2816 3213 3015 3283 parati,

40 3299 154 3359 Ceus
185 3314 288 3375 tua,
327 3304 569 3375 Christe,
603 3304 770 3362 nimis
789 3313 1065 3371 metuens.
1082 3303 1328 3376 suspirat
1353 3302 1424 3359 ab
1452 3300 1579 3357 imis
1678 3302 1818 3360 Cum
1843 3303 2237 3378 quinquaginta
2266 3313 2486 3361 centum
2508 3302 2787 3376 ferrugine
2823 3304 3030 3372 tincta,

40 3396 324 3470 Pectoribus,
351 3402 487 3459 clari
507 3390 659 3458 bello
681 3415 898 3472 capere
918 3400 1134 3472 precari
1176 3430 1179 3433 ι
1348 3420 1367 3433 ιν
1592 3410 1595 3413 ‘
1680 3394 1844 3451 Millia
1866 3394 2173 3452 Turcorum
2195 3410 2361 3452 cursu
2393 3404 3004 3467 portantur'equorum,

42 3489 251 3566 Supplice
297 3509 431 3553 voce
479 3494 682 3562 Deum,
755 3492 906 3565 quod
946 3492 1031 3549 eis
1088 3491 1248 3549 daret
1295 3490 1414 3562 ipse
1465 3498 1581 3546 tro-
1648 3485 1878 3554 .Et,non
1907 3486 2172 3558 paulatim
2196 3486 2504 3554 veniebant,
2527 3486 2644 3542 sive
2668 3486 2958 3557 gradatim.

1221 3583 1497 3658 [phazum.
1685 3579 1793 3637 Sed
1835 3578 1947 3635 cito
1993 3594 2148 3636 more
2192 3594 2392 3635 canum
2436 3578 2697 3650 quiddam
2747 3576 3051 3650 grassando
3078 3574 3267 3647 profa-

41 3672 95 3730 Ut
110 3689 481 3750 conspexerunt
507 3678 680 3736 Turci
709 3685 931 3737 nostros
959 3676 1327 3734 fremuerunt.
2522 3708 2529 3717 -
3032 3666 3198 3742 illum

39 3764 136 3824 llo:
163 3772 245 3827 ubi
271 3771 514 3830 iecerunt
534 3782 653 3829 tres
691 3779 926 3839 turmas,
951 3770 1345 3840 disposuerunt
1686 3760 1820 3817 Sese
1843 3759 2205 3817 commiscent
2236 3758 2462 3825 nostris,
2490 3767 2545 3814 et
2570 3758 2757 3829 praelia
2785 3757 3040 3814 miscent.

39 3857 162 3925 Quod
182 3879 297 3934 pars
321 3865 553 3921 intraret
576 3852 788 3930 muros,
819 3863 1124 3934 inopesque
1144 3862 1223 3934 (8)
1254 3861 1477 3933 iuvaret
1683 3852 1883 3910 Noster
1914 3852 2239 3908 commistos
2276 3851 2435 3907 miles
2468 3850 2597 3907 ferit
2624 3850 2844 3907 eminus
2875 3851 3038 3920 istos,

41 3948 219 4011 Viribus
238 3965 288 4013 et
313 3957 459 4027 telis,
478 3965 536 4014 et
565 3948 726 4027 opem
757 3939 1024 4026 praeberet
1048 3953 1261 4011 anhelis
1289 3971 1305 4008 :
1683 3944 1753 4003 Et
1775 3944 1901 4001 lidei
1928 3958 2119 4015 parma
2148 3950 2449 4014 protectus,
2480 3957 2590 3998 non
2623 3942 2779 3999 timet
2798 3957 2972 3998 arma.

40 4040 124 4113 Ipsi
150 4048 405 4105 munirent
429 4057 647 4121 portas,
670 4052 999 4118 nostrosque
1025 4044 1273 4102 ferirent.
1683 4035 1850 4092 Turci
1876 4034 2149 4101 vallabant
2173 4043 2413 4103 nostros,
2452 4050 2731 4107 cursuque
2750 4035 3029 4093 volabant.

40 4135 74 4188 Α
91 4139 273 4208 gemina
292 4151 445 4213 parte
472 4148 758 4211 comperta
792 4139 1045 4210 protinus
1074 4146 1212 4206 arte,
1416 4135 1420 4139 ⁴
1683 4126 1752 4184 Et
1782 4142 1930 4183 nunc
1950 4127 2248 4195 instabant,
2277 4142 2427 4183 nunc
2448 4126 2809 4185 Christicolas
2843 4126 3144 4199 fugiebant.

40 4223 195 4287 Noster
217 4233 269 4289 in
288 4233 521 4292 ιιοειίιεε
554 4232 733 4290 multo
763 4231 876 4288 ιιιιίι
899 4231 1100 4303 impete
1129 4231 1315 4298 miles,
1684 4223 1936 4293 Dumque
1955 4220 2098 4293 fugit
2124 4219 2361 4289 Turcus,
2392 4221 2645 4278 sinuatus
2669 4221 2903 4278 solvitur
2929 4236 3112 4277 arcus.

41 4315 273 4392 Pugnatur
305 4325 462 4395 dure,
489 4323 591 4383 sed
621 4340 728 4381 non
752 4338 851 4395 par
879 4333 1036 4380 actus
1065 4322 1351 4394 utrinque,
1682 4315 1835 4372 Arcu
1853 4315 2055 4387 quippe
2074 4314 2252 4387 magis
2280 4322 2548 4387 pugnant,
2572 4323 2629 4372 et
2650 4329 2759 4371 non
2790 4314 2910 4372 sine
2932 4315 3127 4385 plagis.

42 4409 125 4469 Sed
147 4416 405 4486 perimunt
430 4417 633 4486 nostri,
652 4423 883 4488 pereunt
899 4414 1204 4471 enormiter
1223 4413 1325 4468 illi.
1605 4482 1645 4488 _
1685 4407 1828 4466 Dum
1850 4424 2013 4481 grave
2038 4408 2390 4480 cum,Turcis
2412 4409 2616 4466 bellum
2647 4408 2989 4465 Boimundus
3022 4409 3265 4465 haberet.

42 4482 344 4579 Franguntur
369 4511 563 4584 rigidae
596 4482 795 4567 validis
819 4508 1148 4579 impulsibus
1172 4508 1369 4575 hastae,
1554 4514 1557 4515 '
1605 4482 1659 4546 ι)
1684 4497 1858 4571 Inque
1882 4500 2059 4557 vicem
2085 4499 2300 4558 Turcus
2330 4510 2553 4558 nostros
2575 4498 2833 4572 fugiendo
2860 4500 3093 4572 fugaret,

38 4590 227 4657 Pectora
249 4619 384 4660 sazva
408 4610 634 4671 ‘sonant,
657 4605 915 4675 rivosque
945 4602 1159 4661 cruoris
1182 4598 1477 4659 inundant.
1689 4589 1749 4646 In
1780 4591 2281 4665 lugiendoquidem
2303 4593 2506 4661 vulnus
2527 4592 2679 4660 facit,
2709 4601 2765 4649 et
2785 4591 2925 4663 fugit
2954 4592 3129 4657 idem;

40 4688 219 4749 Trunca
242 4697 421 4754 volant
443 4697 650 4770 capita,
675 4696 907 4753 tremula
934 4696 1082 4752 velut
1100 4696 1296 4752 arbore
1315 4709 1509 4766 poma;
1582 4726 1587 4731 t
1689 4683 1827 4740 Nam
1849 4685 2014 4742 modo
2039 4685 2136 4757 qui
2162 4684 2349 4755 Turci,
2370 4685 2543 4742 veteri
2563 4693 2694 4741 sunt
2719 4685 2942 4740 nomine
2966 4681 3177 4749 Parthi,

40 4776 129 4838 Nec
156 4788 239 4856 qui
265 4788 544 4846 descendit
574 4798 839 4856 montem,
859 4792 986 4859 post
1008 4788 1126 4844 haec
1153 4785 1426 4858 repetivit,
1689 4778 1883 4835 Fidere
1906 4795 2047 4851 quos
2073 4780 2251 4836 versis
2275 4794 2399 4835 mos
2418 4786 2504 4835 est
2529 4776 2788 4849 iugiendo
2814 4775 3048 4846 sagittis.

43 4869 95 4927 Et
122 4878 249 4947 quod
267 4880 332 4937 de
361 4880 571 4938 nostris
593 4879 790 4937 stolide
810 4879 1138 4951 praedixerat
1160 4878 1357 4947 hostis,
1694 4871 1889 4945 Magna
1924 4873 2128 4930 cohors
2147 4872 2333 4944 magni
2364 4886 2474 4927 non
2488 4870 2677 4941 .hujus
2699 4868 2923 4925 conscia
2944 4867 3155 4935 damni,

45 4963 135 5023 Hoc
151 4973 339 5039 patitur
362 4975 564 5042 victus,
589 4988 696 5030 nec
714 4972 886 5030 duros
922 4972 1157 5029 sustinet
1183 4973 1360 5039 ictus;
1588 4964 1596 4970 “
1691 4964 1863 5021 Gcnte
1890 4965 1996 5022 sub
2024 4965 2212 5037 ignota
2233 4964 2394 5036 quasi
2422 4962 2667 5020 millibus
2696 4974 2821 5017 octo
2843 4964 3074 5027 remota,

44 5056 130 5114 Sed
151 5064 337 5123 celeres
359 5067 579 5135 ﬁniunt,
607 5074 662 5122 et
683 5064 828 5122 tardi
850 5064 1044 5121 funera
1074 5065 1231 5120 ﬁunt.
1696 5056 1881 5113 Colles
1920 5056 2169 5128 gyrabat,
2195 5070 2301 5111 nec
2321 5064 2434 5111 tam
2459 5068 2631 5126 prope
2660 5052 2805 5108 bella
2824 5052 3071 5123 putabat,

48 5145 243 5209 Dimissa
267 5171 451 5227 parma
473 5156 614 5229 fugit
633 5156 725 5212 hic
743 5171 845 5213 sua
869 5156 1002 5211 dum
1022 5156 1169 5227 capit
1196 5169 1371 5221 arma,
1588 5190 1591 5191 ν
1696 5150 1804 5206 Sed
1837 5164 1937 5221 per
1971 5150 2208 5221 legatum
2240 5147 2444 5203 bellum
2467 5145 2572 5201 scit
2593 5145 2786 5201 adesse
2804 5152 3079 5215 paratum,

47 5235 170 5295 Mler
192 5255 488 5313 prostratus
511 5248 682 5315 cadit,
709 5247 767 5303 in
795 5247 1062 5319 capiendo
1082 5256 1350 5305 moratus.
1692 5242 1939 5299 Consilio
1960 5241 2186 5307 nitidus,
2214 5254 2382 5311 quem
2401 5237 2620 5310 misitei
2643 5236 3004 5293 Boimundus.

49 5322 240 5401 Singula
261 5338 387 5408 quid
412 5339 568 5395 dico?
588 5339 773 5396 nullus
807 5340 1080 5396 succurrit
1096 5340 1300 5398 amico.
1694 5337 1764 5392 At
1784 5335 1918 5390 dum
1938 5341 2232 5405 pugnatur,
2259 5332 2390 5388 dum
2423 5330 2584 5386 turba
2609 5336 2802 5385 vocata
2833 5337 3103 5397 moratur,

52 5414 129 5475 His
150 5424 331 5494 pietate
357 5427 453 5486 Dei
482 5430 661 5499 victis,
691 5429 926 5487 timuere
944 5428 1137 5498 Nicaea,
1694 5428 1832 5485 Pars
1851 5442 1914 5483 ea
1944 5425 2275 5492 Turcorum,
2298 5438 2439 5495 quos
2464 5423 2634 5478 altera
2663 5421 2781 5494 ripa
2811 5421 3051 5484 tenebat.

110 5575 176 5643 l7)
208 5576 261 5635 ln
301 5582 457 5657 editis
496 5600 593 5654 pro
636 5583 851 5653 duobus
882 5586 1035 5642 hisce
1062 5586 1313 5642 versibus
1355 5595 1592 5657 quatuor
1696 5581 1828 5657 Qua:
1849 5572 2271 5657 duntdissiliunt
2293 5579 2415 5632 hinc
2440 5592 2531 5649 per
2549 5577 2773 5633 declivia
2798 5576 3016 5657 montis.

58 5656 306 5723 sequentes
338 5647 601 5723 leguntur.
828 5652 831 5653 ⁷
1372 5647 1389 5657 ’
1696 5652 2170 5723 Alteraﬂcontiguat
2197 5647 2479 5719 properant
2502 5665 2595 5721 per
2618 5665 2843 5704 concaua
2865 5647 3045 5703 vallis.

63 5711 450 5798 ζ’ζᾷξςητφεηιίῇρ
473 5724 696 5780 clamore
720 5726 959 5780 ululante
987 5725 1171 5781 Nicrra
1770 5724 1848 5795 (8)
1880 5711 2362 5791 Ειὶίι.,“νηονὲδιμὶε.
2410 5769 2414 5773 .

63 5781 263 5844 Μὶιιὶὺιιὲ
287 5794 478 5849 auditis
503 5806 745 5852 montana
777 5797 1016 5852 ridentur
1039 5808 1236 5865 operta.
