3850 6310
1101 413 1196 469 AD
1229 377 1677 473 GODEFRIDUM
1715 369 2006 470 APPEND.
2048 414 2112 470 ll.
2152 445 2219 454 —
2256 411 2527 471 MONUM.
2569 414 2658 470 DE
2696 376 2928 472 BELLOI
2957 416 3202 472 SACRU.
3656 397 3729 477 911

2146 516 2200 597 Α
2224 531 2324 588 Ast
2349 548 2518 608 eques
2551 540 2818 601 armatus,
2856 531 2993 586 nihil
3016 532 3085 587 ad
3112 537 3381 601 praecepta
3402 538 3634 599 moratus,

2223 621 2435 678 Montes
2462 623 2736 689 lustravit,
2770 622 3062 678 crudeliter
3083 635 3216 675 ense
3241 621 3452 674 necavit

2222 713 2368 769 Mille
2392 715 2544 770 viros
2567 714 3066 787 ferme,.mulieres,
3098 711 3301 784 vulgus
3322 710 3546 776 inerme,’

2223 808 2518 864 Exanimes
2548 808 2740 876 factos,
2765 808 3045 877 nimioque
3073 814 3222 860 metu
3248 803 3566 874 stupefactos
3583 806 3686 878 (l5),

2223 900 2454 956 Multum
2487 900 2752 966 tardatos,
2782 899 3054 969 rebusque
3075 898 3194 953 suis
3212 904 3485 952 oneratos.

2226 994 2332 1062 Qui
2355 997 2497 1051 male
2525 995 2629 1051 sub
2655 994 2884 1064 rupibus
2910 991 3023 1062 (16)
3055 992 3337 1060 latitantes
3368 1006 3474 1046 non
3505 991 3724 1051 latuerunt

2225 1087 2635 1159 Exploratores,
2661 1086 2757 1143 sed
2783 1086 3015 1156 turpiter
3039 1084 3384 1140 interierunt.

2481 1217 2486 1224 ι
2581 1239 2584 1242 ,
2746 1177 2907 1235 Turci
2932 1177 3291 1233 debellamur.
3429 1163 3431 1165 1

2295 1273 2433 1330 Ecce
2457 1273 2596 1328 nihil
2635 1272 2860 1329 timidus
2885 1286 3070 1327 comes
3106 1269 3287 1340 llugo,
3309 1268 3423 1324 dux
3462 1267 3741 1340 Godefridus,

2224 1365 2442 1422 Hortari
2464 1365 2658 1421 fortem
2688 1364 3055 1436 precibusque
3079 1362 3358 1432 minisque
3384 1361 3655 1429 cohortem,

2221 1455 2403 1514 Cursu
2441 1457 2743 1523 certabant,
2767 1455 3059 1526 sociosque
3080 1454 3275 1524 juvare
3299 1453 3586 1524 parabant;

2223 1547 2405 1621 thue
2428 1549 2614 1604 vident
2633 1547 2820 1604 ﬂentes
2848 1545 3032 1603 socios
3045 1545 3161 1616 jam
3188 1542 3539 1617 deficientes,

536 532 606 588 Ut
633 530 840 588 faceret
861 533 1060 588 czedcm
1077 531 1145 587 de
1175 534 1378 588 nostris
1400 549 1564 604 quam
1593 532 1833 601 sitiebat,

528 623 634 679 Per
668 625 788 679 loca
811 633 938 678 nota
959 639 1154 694 parum
1179 625 1410 680 tentoria
1433 623 1887 680 Christicolarum

512 717 745 788 :Attigit,
777 725 832 772 et
860 701 1034 773 caedes
1062 715 1193 772 facit
1218 717 1414 785 hostis,
1443 727 1500 773 et
1522 727 1757 789 occupat
1776 718 1941 785 aedes,

528 806 745 878 Datque
766 797 888 863 neci
918 809 1118 875 lassos,
1153 816 1206 862 et
1228 808 1466 878 plurima
1498 799 1728 866 vulnera
1748 825 1966 882 passos,

530 892 741 966 Oppida
769 905 1070 963 servantes,
1099 911 1204 976 nec
1224 905 1457 976 martem
1478 898 1556 970 (9)
1583 899 2010 972 ferregvalentes.

532 987 638 1054 Qui
669 989 714 1043 si
737 987 908 1043 Marte
935 987 1074 1043 mori
1097 973 1343 1058 pbsSent,
1369 1005 1521 1047 mors
1540 978 1688 1048 esset
1709 991 1928 1049 honori.

527 1076 796 1136 Matribus
824 1079 1092 1136 haerentes
1119 1079 1231 1137 illic
1251 1090 1509 1140 truncare
1528 1083 1762 1142 videres.

531 1168 648 1226 Hoc
678 1170 771 1226 ubi
800 1159 1057 1250 cognovit
1086 1171 1454 1244 Boimundus,
1484 1185 1666 1251 castra
1694 1176 1906 1248 petivit,

532 1261 650 1317 Sub
678 1263 816 1319 duce
839 1261 1223 1323 Northmanno
1253 1266 1536 1326 dimittens
1559 1267 1748 1340 praelia
1770 1269 1996 1339 damno,

528 1356 753 1429 ﬂosque
776 1359 973 1430 juvare
999 1372 1178 1433 parat,
1203 1378 1346 1435 quos
1375 1347 1510 1436 gens
1540 1366 1684 1422 mala
1705 1381 1845 1437 pene
1872 1375 2117 1424 necaret.

526 1448 790 1536 Protinus
813 1453 978 1525 elegit
1003 1470 1232 1526 paucos,
1256 1458 1558 1530 paucisque
1590 1459 1808 1534 subegit

527 1538 684 1598 Hanc
705 1553 920 1627 gentem
945 1543 1398 1619 foedam-recipit
1426 1549 1681 1618 tentoria,
1713 1551 1977 1624 praedam,

525 1631 897 1714 Armatasque
923 1637 1308 1710 viroscircum
1335 1641 1572 1698 tentoria
1590 1643 1766 1714 ponit,

526 1721 834 1797 Castraque
852 1729 1085 1785 terribili
1117 1745 1218 1801 pro
1241 1733 1385 1788 vallo
1411 1733 1584 1790 milite
1608 1736 1807 1807 munit.

600 1815 745 1907 Dum
779 1819 1024 1891 duplices
1043 1833 1291 1896 pugnant
1314 1826 1480 1896 acies,
1507 1827 1621 1884 illic
1649 1827 2034 1898 Boimundus,

527 1906 613 1964 Ex
633 1909 739 1967 hac
753 1921 908 1983 parte
938 1929 1123 1972 comes
1146 1915 1560 1978 Northmannus
1574 1921 1631 1976 in
1644 1936 1800 1978 arma
1824 1923 2023 1980 timend

2189 1906 2198 1937 ⁵
2223 1915 2283 1971 In
2306 1915 2548 1972 medium
2578 1915 2764 1971 densa:
2788 1913 2964 1986 gentis
2990 1911 3181 1967 stricto
3217 1909 3370 1965 volat
3400 1923 3543 1976 ense,

527 1997 882 2076 Francigena
906 2008 1038 2063 tacti
1059 1996 1342 2082 nimioque
1363 2012 1781 2086 timorecoacti,
1820 2017 1840 2086 |
1895 2069 1898 2071 λ

2224 2007 2293 2063 Et
2318 2006 2486 2076 veluti
2513 2005 2694 2063 diram
2720 2019 2818 2061 sus
2852 2013 3142 2075 postquam
3167 2001 3376 2073 colligit
3403 1999 3555 2068 iram,

527 2089 669 2150 Cum
700 2095 840 2155 duce
868 2096 1250 2160 Northmanno
1292 2101 1544 2176 fugiunt,
1572 2083 1652 2162 ἐι
1692 2083 1976 2178 non'sine
2019 2107 2132 2165 da.-
2224 2099 2395 2156 Dente
2416 2097 2574 2171 canis
2598 2099 2784 2168 laesus,
2812 2098 3008 2155 baculo
3039 2096 3126 2153 vel
3147 2095 3419 2151 arundine
3443 2109 3616 2161 caesus,

561 2249 566 2254 .
1498 2256 1513 2260 ν,
1870 2199 2048 2274 [mum
2129 2223 2132 2228 -
2223 2191 2396 2249 Dente
2417 2207 2583 2263 canes
2614 2192 2764 2264 angit
2784 2191 2920 2262 (17),
2947 2190 3056 2245 ruit
3091 2198 3146 2246 et
3173 2187 3449 2267 venabula
3471 2183 3661 2257 frangit

525 2277 699 2338 Marte
730 2282 867 2355 (10),
898 2285 1100 2369 calore,
1123 2288 1217 2346 siti
1241 2290 1535 2349 crudeliter
1563 2292 1888 2362 excruciati,
1925 2347 1928 2350 .

525 2369 598 2436 Et
616 2372 726 2430 nisi
745 2375 876 2451 dum
896 2375 1178 2451 fugerunt,
1199 2382 1330 2438 dum
1353 2384 1596 2456 palmam
1618 2399 1758 2457 pene
1777 2395 2050 2444 tenerent.
2129 2433 2133 2436 .

526 2461 716 2550 Turci,
749 2467 1031 2526 vincentes
1057 2485 1118 2526 se
1137 2475 1500 2532 convertisset
1525 2477 1582 2531 in
1603 2477 1812 2547 hostes,

526 2550 652 2609 Dux
671 2553 1178 2618 Northmannorum
1201 2563 1420 2636 signum
1443 2567 1733 2625 clamando
1761 2583 2015 2640 suorum,

526 2642 649 2701 Lux
671 2661 735 2702 ea
758 2647 925 2725 plena,
946 2650 1130 2720 malis,
1155 2656 1362 2713 nostris
1381 2656 1529 2734 foret
1552 2659 1812 2729 exitians,

523 2736 637 2794 Nec
665 2755 828 2816 mora.
847 2741 1205 2816 Francigena:
1235 2763 1332 2820 spe
1357 2749 1508 2806 ducti
1529 2752 1676 2810 sedis
1703 2769 1958 2824 amante,

526 2828 891 2909 Despiciendo
918 2834 1031 2905 (11)
1059 2840 1200 2895 mori
1222 2842 1360 2898 bene
1382 2859 1484 2914 pro
1508 2845 1616 2902 vita
1651 2847 1891 2916 meliori,

526 2923 612 2979 Ad
643 2939 745 2980 sua
771 2927 1047 3006 conversi,
1069 2931 1278 2988 circum
1301 2937 1533 2991 tentoria
1561 2939 1762 3009 sparsi,
1787 2961 1814 2970 ι-

525 3013 681 3073 Facti
707 3021 1019 3088 castellum,
1040 3025 1579 3094 permiscentdenuo
1605 3030 1830 3088 bellum.
1875 3096 1881 3102 ,

529 3104 676 3163 Dum
710 3109 876 3168 nimis
899 3113 1164 3172 insistunt
1199 3116 1384 3187 Turci,
1413 3122 1698 3193 nostrique
1724 3123 2012 3192 resistunt,

531 3197 663 3290 Tela
687 3202 874 3274 legunt
894 3207 1068 3290 pueri,
1095 3218 1319 3273 cantant
1339 3227 1403 3266 ex
1427 3213 1620 3269 ordine
1641 3215 1796 3281 clerl,

524 3289 718 3350 Fortes
756 3298 1092 3369 pugnabant,
1121 3302 1382 3370 mulieres
1407 3305 1894 3377 collacrymabant.

523 3384 711 3440 Altera
740 3397 1076 3466 prostratum
1117 3394 1443 3470 portabatiu
1475 3397 1679 3467 Oppida
1701 3379 1916 3466 natum,

526 3477 642 3549 (12)
673 3479 951 3548 Alterade
985 3485 1118 3543 rivis
1149 3487 1404 3546 tendebat
1437 3491 1634 3559 pocula
1664 3491 1826 3548 vivis.

523 3567 627 3626 Est
654 3571 865 3642 aliquid
893 3576 1042 3646 quod
1070 3578 1307 3649 quisque
1329 3578 1481 3654 facit,
1531 3583 1824 3652 tegitralter,
1853 3585 2118 3640 amicum.

522 3660 626 3720 Hic
673 3664 834 3737 fugit,
892 3667 981 3724 hic
1036 3671 1306 3742 sequitur,
1341 3683 1558 3744 raptum
1603 3676 1748 3746 capit
1798 3677 1887 3733 hic
1937 3678 2120 3733 inimi-

2223 1640 2584 1698 Dimittuntur
2603 1640 2770 1712 equi,
2785 1638 3039 1712 quamvis
3065 1653 3177 1694 non
3197 1636 3410 1692 viribus
3436 1636 3566 1707 aequi

2222 1729 2443 1800 Essent,
2465 1747 2576 1788 non
2604 1731 2879 1798 dubitant,
2907 1745 3009 1809 nec
3032 1729 3139 1784 tela
3163 1727 3406 1783 volantia
3443 1726 3616 1792 vitant,

2197 1851 2204 1859 -
2294 1824 2438 1897 Ergo
2458 1825 2662 1880 ducum
2690 1823 2844 1880 sidus
2868 1837 2997 1878 cum
3027 1821 3220 1893 paucis
3241 1820 3353 1876 dux
3375 1817 3683 1888 Godefridus,

2224 2283 2340 2342 ﬂos
2363 2285 2442 2341 ita
2463 2285 2751 2346 conculcet
2777 2281 3127 2348 Godefridus,
3150 2289 3205 2337 et
3229 2279 3448 2352 agmina
3471 2278 3643 2335 sulcat.

2223 2378 2296 2434 At
2333 2377 2566 2434 comites
2593 2376 2814 2434 comitis
2835 2373 3182 2440 dantmuitis
3210 2381 3418 2429 tartara
3441 2369 3584 2426 diris.

2225 2467 2404 2526 Trans
2428 2469 2606 2540 ripam
2630 2467 2733 2524 rivi
2755 2466 3126 2540 pugnantibus
3155 2466 3211 2521 in
3245 2464 3384 2536 pede
3407 2461 3542 2519 clivi.

2133 2577 2136 2582 ‘
2222 2559 2347 2634 Istis
2371 2559 2686 2632 prostratis,
2713 2560 2782 2616 de
2802 2560 2943 2615 clivo
2961 2557 3354 2639 :prrecipitatis,

2223 2653 2489 2731 Ascendit
2509 2654 2714 2725 clivum
2735 2667 2942 2720 comes,
2968 2651 3157 2722 implet
3188 2648 3457 2722 sanguine
3478 2647 3656 2704 rivu.

2132 2803 2137 2808 .
2224 2745 2395 2802 Millia
2421 2761 2550 2801 nam
2571 2743 2818 2817 quinque
2838 2742 3003 2798 morti
3024 2741 3175 2798 dedit
3200 2741 3320 2811 ipse
3341 2739 3637 2809 decemque.

2227 2835 2334 2892 Sed
2359 2835 2492 2908 quid
2515 2833 2629 2906 (18)
2653 2833 2846 2906 juncta
2869 2847 3067 2886 manus
3095 2829 3282 2886 comiti
3318 2827 3464 2895 fecit,
3507 2825 3755 2882 referamus

2296 2926 2568 2999 Omnibus
2600 2925 2850 2983 accensis
2878 2924 2990 2996 (l9)
3017 2923 3085 2979 ad
3109 2937 3375 2994 pugnam,
3400 2918 3661 2976 Podiensis

2224 3023 2402 3092 Atque
2431 3035 2620 3094 comes
2642 3018 2802 3076 fortis
2828 3015 3186 3089 Raymondus
3208 3013 3431 3084 duxque
3451 3010 3683 3076 cohortis,

2187 3151 2194 3155 -
2225 3113 2587 3184 Audacesque
2607 3110 2736 3180 viri,
2765 3109 2916 3166 velut
2945 3108 3014 3164 ad
3039 3107 3246 3164 bellum
3271 3105 3413 3176 solet
3437 3103 3519 3170 iri,
3603 3171 3607 3173 _

2147 3233 2192 3294 ρ
2224 3205 2506 3262 Paulatim,
2525 3203 2774 3272 veniunt,
2799 3209 2854 3260 et
2877 3200 2947 3257 ab
2967 3200 3056 3255 his
3086 3213 3228 3254 nova
3259 3197 3447 3268 praelia
3479 3195 3619 3250 ﬁunt.

2225 3295 2288 3352 Hi
2317 3311 2491 3353 cornu
2523 3293 3037 3370 dextrurqcaedunt,
3063 3291 3266 3362 aliique
3297 3289 3590 3367 sinistrum,

2223 3390 2327 3457 Qui
2360 3390 2514 3460 prius
2544 3387 2740 3445 inclusi
2764 3387 2982 3444 fuerant
3009 3384 3306 3441 formidine
3330 3381 3467 3449 fusi;

2128 3519 2133 3531 τ
2223 3481 2312 3538 Fit
2335 3482 2598 3553 strepitus
2624 3480 2852 3547 multus,
2881 3480 2942 3534 tit
2971 3492 3204 3552 magnus
3243 3476 3502 3546 utrinque
3521 3471 3764 3528 tumultus.

2221 3575 2333 3633 Nec
2361 3576 2543 3632 sonitu
2581 3574 2811 3629 minimo
2845 3571 3163 3628 dissolvitur
3188 3584 3354 3624 arcus
3375 3567 3566 3638 equino

2223 3668 2400 3726 Nervu
2423 3668 2796 3734 constrictus,
2816 3666 2936 3722 sine
2967 3663 3244 3736 quoosatis
3271 3670 3359 3716 est
3384 3661 3513 3716 levis
3543 3659 3674 3714 ictus

1873 3769 2044 3840 Icum.
2127 3779 2132 3786 '

2125 3863 2134 3908 ἶ
2225 3856 2296 3913 Ut
2323 3857 2523 3912 vulnus
2551 3855 2830 3931 geminum
2850 3853 2999 3924 jactu
3035 3851 3128 3908 det
3148 3849 3367 3904 Turcus
3389 3847 3445 3903 in
3467 3861 3574 3902 uno
3671 3887 3674 3890 .

525 3849 675 3907 'Pene
697 3852 1102 3930 triumphantes
1127 3867 1347 3916 nostros
1375 3867 1447 3928 te,
1477 3859 1715 3928 Christe,
1739 3872 2002 3919 vocantes

513 3942 692 4000 Turci
727 3956 1108 4018 prosternunt,
1130 3959 1188 4007 et
1208 3965 1400 4008 eorum
1429 3952 1614 4023 praelia
1635 3965 1924 4025 spernunt.

527 4035 708 4109 thue
742 4040 905 4112 lupus
931 4041 1088 4099 villas
1115 4042 1469 4115 circumdans
1496 4046 1696 4117 quaerit
1723 4047 1939 4114 ovillas,

523 4128 592 4184 Et
610 4147 748 4202 quas
777 4131 1032 4204 deceptas
1052 4135 1284 4192 stabulis
1313 4152 1423 4193 non
1443 4151 1567 4194 esse
1589 4147 1836 4210 receptas

523 4222 757 4291 Aspicit,
782 4223 884 4281 fias
905 4223 1086 4285 fundit
1113 4227 1369 4296 miseras,
1393 4238 1450 4284 et
1474 4229 1531 4283 in
1554 4231 1664 4285 ora
1685 4229 1954 4286 recondit.

525 4312 619 4370 Sic
656 4318 1168 4394 quoque‘vallantes
1198 4318 1366 4388 Turci
1398 4331 1621 4395 nostros
1642 4321 1998 4392 trepidantes,

524 4405 686 4464 Hunc
713 4424 881 4480 quem
908 4413 1230 4482 spectabant
1252 4421 1410 4470 extra
1440 4412 1663 4469 castella
1685 4414 1977 4470 necabam.
2005 4457 2009 4462 «

2224 3762 2455 3827 Horum,
2483 3779 2610 3834 spes
2637 3776 2875 3833 quorum
2908 3774 3016 3814 non
3045 3766 3131 3813 est
3152 3755 3262 3811 nisi
3294 3770 3491 3811 cursus
3519 3764 3771 3823 equorum,

2221 3948 2360 4004 Cum
2391 3947 2706 4021 serpentino
2723 3946 3038 4019 jaculantur
3068 3944 3173 3999 tela
3195 3956 3429 3998 veneno.
3493 3970 3496 3972 η
3539 3972 3542 3974 ~

2295 4040 2435 4096 Dum
2460 4040 2541 4096 sic
2561 4048 2856 4111 pugnatur,
2887 4036 3061 4094 nostri
3090 4045 3174 4091 ter
3196 4034 3268 4090 ab
3291 4033 3450 4089 hoste
3469 4029 3744 4101 fugantur:

2225 4133 2341 4204 (20)
2371 4132 2586 4203 Terque
2614 4130 2756 4203 fuga:
2779 4131 2978 4188 dantur
3007 4127 3258 4200 gentiles,
3292 4126 3392 4184 sed
3428 4130 3731 4181 revocantur

2128 4233 2134 4250 ‘
2225 4225 2293 4282 Et
2324 4226 2515 4284 solitos
2544 4240 2744 4282 cursus
2776 4223 2989 4279 faciunt
3017 4231 3070 4278 et
3098 4221 3327 4276 vulnera
3353 4231 3544 4274 rursus
3578 4233 3592 4269 :

2227 4318 2333 4376 Sed
2364 4328 2497 4391 puto
2521 4299 2984 4388 cessissentﬁl),
3016 4331 3118 4371 nec
3144 4314 3289 4370 bella
3313 4312 3428 4384 pati
3453 4308 3757 4383 potuissent.

2127 4415 2133 4421 '
2223 4411 2291 4468 Ni
2318 4412 2464 4470 circa
2486 4420 2702 4468 montes
2729 4409 2956 4482 quidam
2979 4406 3148 4463 Turci
3173 4405 3459 4461 latitantes

524 4501 710 4559 Nostri
745 4505 1163 4580 quidfacerent,
1183 4507 1294 4564 nisi
1313 4517 1463 4564 tanta
1495 4507 1738 4578 pericula
1764 4507 1956 4563 flerent
1981 4509 2134 4580 (l5).-
2203 4496 2438 4560 iAcriter
2462 4510 2738 4559 arctarent
2761 4509 2981 4558 nostros
3009 4498 3308 4569 pluresque
3330 4499 3616 4552 necarent.

523 4595 645 4652 Non
677 4606 930 4680 poterant
952 4601 1177 4672 dorsum
1202 4602 1354 4669 dare,
1383 4615 1485 4657 nec
1511 4615 1757 4672 pugnare
1777 4615 2048 4658 seorsum.

524 4687 647 4745 Non
673 4691 808 4748 satis
831 4703 915 4750 est
936 4695 1082 4765 genti
1109 4695 1176 4749 de
1201 4695 1382 4764 palma
1403 4709 1514 4748 non
1542 4692 1835 4748 dubitanti.
1893 4733 1898 4737 ς

526 4780 683 4849 Quod
709 4782 927 4840 fuerant
948 4786 1123 4841 clausi
1155 4785 1354 4852 nostri,
1380 4797 1624 4855 pugnare
1657 4799 1759 4839 nec
1783 4784 1941 4852 ausi;

527 4874 637 4932 Sed
665 4878 878 4948 monuit
902 4865 1290 4934 millei'l-‘urcos.
1309 4879 1447 4950 grex
1479 4875 1742 4943 providus
1771 4878 1884 4945 ille,
1943 4925 1946 4927 λ

525 4968 601 5024 Ut
629 4985 752 5040 quae
781 4971 1114 5027 transierant
1143 4970 1336 5038 nostri,
1363 4979 1630 5026 montana.
1650 4971 1984 5040 requirant-

529 5059 890 5118 llzec'ctenim
921 5064 991 5119 de
1018 5063 1222 5133 retu)
1257 5063 1426 5129 dubia
1454 5071 1706 5133 suspecta
1738 5061 1912 5130 fuere,

465 5186 467 5188 -
527 5152 688 5224 Quod
716 5164 960 5227 tegerent
983 5155 1210 5226 aliquos.
1231 5153 1779 5213 montana'mOVebat
1807 5153 2052 5224 iniquos.
2123 5169 2129 5198 τ

603 5361 690 5450 (9)
719 5375 886 5450 Egit,
901 5361 1290 5448 jam'marlcnr.

607 5440 732 5518 (10)
753 5440 922 5518 [Ξόἰῇ
951 5456 1138 5502 morte.
1276 5453 1279 5457 “

604 5516 721 5595 (1
750 5516 921 5595 Εᾴἰι..
957 5519 1302 5595 respiciendo.

601 5587 726 5660 (12)
748 5587 849 5660 Hie
880 5587 1075 5646 versus
1096 5589 1252 5646 deest
1280 5591 1336 5646 in
1367 5587 1570 5645 editis.‘

603 5661 721 5733 (15)
941 5663 1150 5733 ferrem.
1253 5705 1256 5708 .

631 5734 697 5788 Η
749 5729 1099 5800 Εάίι.,’‹1ιιὺὶὶ
1129 5733 1422 5802 timidique.
1471 5772 1480 5779 .

595 5729 723 5871 ’15;
748 5800 917 5871 Edit.,
953 5803 1237 5860 Exanimes
1277 5803 1407 5871 facti
1458 5817 1480 5855 tl

626 5804 696 5858 15

526 5883 602 5947 (at
619 5875 688 5932 ti.

748 5798 917 5876 Edit.,
953 5803 1237 5860 Exanimes
1277 5798 1407 5875 fricti
1458 5798 1911 5868 nimioqucmctu
1950 5802 2129 5864 stupe—

2146 4583 2200 4644 D
2226 4596 2378 4664 Quos
2405 4595 2500 4652 ubi
2533 4600 2829 4656 senserunt
2858 4592 3034 4648 nostri
3058 4590 3311 4656 comites,
3342 4589 3652 4644 statuerunt

2129 4735 2132 4739 .
2228 4686 2301 4743 Ut
2336 4686 2511 4758 magis
2540 4685 2786 4741 audaces
2814 4682 3158 4740 committere
3180 4680 3327 4736 bella
3347 4692 3579 4750 sagaces

2224 4779 2306 4834 Ad
2341 4779 2580 4853 latebras
2601 4777 2770 4857 irent,
2804 4775 2897 4842 ubi
2927 4774 3107 4858 primo
3136 4771 3251 4843 (εξ)
3276 4770 3444 4825 Marte
3465 4767 3690 4824 ferirent

2227 4869 2340 4928 Hos
2361 4872 2455 4943 qui
2476 4870 2796 4942 pugnabant
2825 4866 3017 4931 furcis,
3054 4867 3371 4935 multosque
3394 4861 3670 4918 necabant

2123 5005 2131 5014 ,
2226 4961 2486 5038 Protinus
2521 4962 2769 5033 ingentes
2791 4957 2992 5015 animis
3011 4947 3429 5027 armisque_(23)
3455 4953 3699 5026 vigentes

2121 5079 2129 5098 ι
2230 5055 2378 5112 Mille
2401 5055 2506 5111 viri
2529 5054 2711 5118 laudis
2737 5053 2922 5124 cupidi
2951 5052 3055 5109 sub
3078 5049 3316 5120 tegmine
3345 5047 3567 5112 fraudis

2228 5146 2377 5204 Bella
2412 5147 2810 5218 relinquentes,
2839 5145 2990 5202 velut
3016 5159 3047 5200 c
3072 5142 3214 5199 bello
3249 5139 3558 5212 fugientes,

2305 5367 2420 5438 (16)
2447 5365 2618 5432 Edit.,
2649 5365 2820 5438 saxis.

2307 5437 2422 5510 (17)
2450 5438 2622 5510 Εάίιορ
2647 5437 2790 5510 ﬁgit.-

2307 5507 2423 5580 (18)
2450 5508 2542 5580 Al.
2569 5509 2614 5562 si
2638 5507 2787 5579 quid.

2243 5612 2246 5614 ν
2309 5579 2424 5648 (19)
2449 5579 2616 5646 Edit.,
2648 5579 2902 5633 extensis.

2332 5650 2424 5720 20)
2464 5649 2562 5705 Hic
2590 5666 2782 5704 versus
2812 5649 2964 5703 deest
2994 5649 3046 5702 in
3078 5656 3268 5702 uestro
3297 5660 3406 5702 ms.

2311 5723 2424 5790 (2!)
2455 5720 2623 5785 Edit.,
2648 5721 2977 5788 pressissent.
2999 5730 3001 5734 '

2311 5793 2426 5862 ((22)
2460 5790 2628 5854 Edit.,
2660 5791 2894 5860 inopino.

2312 5864 2424 5935 (23)
2457 5863 2541 5918 Al.
2575 5863 2846 5933 annisque.
