3850 6310
465 458 573 515 Sed
600 467 781 515 tamen
806 458 1023 515 illorum
1048 467 1278 516 mortem
1303 458 1461 530 pauci
1490 457 1771 514 sociorum

460 548 748 607 Narrando
774 551 957 607 tristes
988 549 1198 605 faciunt
1225 550 1406 605 socios
1432 563 1650 618 quoque
1673 548 1881 605 tristes.

463 641 594 697 Inde
615 641 779 697 nimis
806 641 980 697 tristis
1010 640 1347 696 Boimundus
1375 638 1539 695 rebus
1574 638 1630 693 in
1656 637 1779 694 istis

464 732 707 804 Supplex
737 735 933 789 divina:
966 742 1123 806 rogat
1146 732 1411 787 auxilium
1441 730 1749 797 medicinae,

463 822 809 894 lnsidiasque
836 832 993 896 parat
1020 823 1187 895 genti,
1215 838 1337 893 qua:
1369 821 1564 876 fraude
1591 829 1816 876 necarat

465 912 686 970 Victum
716 922 1046 985 quaerentes,
1075 914 1129 967 ni
1178 928 1277 984 per
1296 921 1557 967 montana
1586 911 1860 967 timentes.

466 1006 549 1061 Ad
582 1007 757 1062 victus
780 1006 943 1079 igitur
970 1006 1315 1075 quaerendos,
1344 1013 1403 1059 ut
1437 1004 1613 1073 prius,
1638 1003 1768 1058 itur.

410 1109 412 1112 '
467 1097 606 1152 Cum
631 1097 1113 1168 ducejFlandrensi
1136 1096 1477 1153 Boimund'us
1496 1096 1847 1151 consociatur

466 1189 788 1269 Armigeris,
816 1205 904 1245 res
936 1189 1222 1265 armigeris
1249 1187 1508 1259 prtedicta
1533 1188 1765 1243 dabatur
1792 1188 1929 1259 (50),

466 1280 775 1338 Ριδωιηίδείε
809 1280 978 1337 mille.
1006 1280 1268 1351 Sequitur
1289 1280 1400 1336 dux
1430 1280 1692 1351 providus
1717 1278 1828 1335 ille.

466 1370 582 1428 ﬂos
612 1372 705 1427 ubi
734 1374 1039 1445 przedantes
1072 1374 1330 1429 viderunt
1357 1372 1703 1439 insidiantes,

465 1462 725 1522 Protinus
759 1482 789 1523 c
816 1467 1040 1523 latebris
1070 1467 1329 1523 salientes
1358 1467 1599 1538 undique
1627 1465 1858 1533 crebris,

468 1557 710 1615 Vocibus
736 1560 1025 1629 insultant,
1060 1567 1117 1614 ct
1135 1575 1402 1630 equorum
1426 1569 1645 1630 pectora
1666 1558 1898 1613 multant
1920 1557 2057 1629 (51),

465 1650 783 1723 Armigeros
816 1649 1038 1705 feriunt.
1082 1650 1221 1704 Dum
1245 1650 1373 1705 talia
1407 1650 1590 1720 prmlia
1618 1650 1730 1720 (52)
1756 1650 1914 1718 ﬁunt,

467 1740 608 1794 Cum
650 1756 817 1810 parva
839 1748 997 1811 gente
1026 1739 1367 1796 Boimundus
1393 1740 1535 1795 bella
1563 1748 1785 1810 repente

469 1827 753 1895 Turbavit,
783 1830 986 1886 multos
1014 1830 1471 1901 perimit,'socios
1496 1846 1595 1885 nec
1624 1830 1829 1885 inultos

467 1921 720 1992 Amplius
745 1937 867 1978 esse
898 1922 1049 1990 sinit,
1063 1923 1420 1995 gemitusque
1446 1937 1578 1978 suos
1609 1922 1683 1977 ibi
1712 1922 1851 1977 linit.

2086 1796 2137 1859 B

1046 365 1142 421 At)
1179 360 1626 423 CODEFlllDUM
1666 360 1958 421 APPEND.
1998 360 2065 419 ll.
2107 390 2176 401 --
2210 360 2486 420 NONUM.
2524 360 2617 417 DE
2652 360 2889 419 BELLOV
2914 360 3163 420 SACRO.
3592 372 3673 429 993

2083 457 2131 515 Α
2156 454 2223 511 Et
2254 456 2330 512 nil
2359 455 2582 512 solliciti
2604 456 2915 529 gaudebant
2938 471 3066 512 aere
3090 454 3233 523 miti,

2156 546 2263 605 Sed
2289 549 2393 605 sub
2416 557 2695 604 momento
2717 557 2977 620 surgente
2998 563 3097 618 per
3119 562 3247 603 aera
3276 555 3450 618 vento,

2070 674 2071 679 η
2154 640 2313 695 Aeris
2336 639 2535 715 ingrati
2566 648 2847 696 commotu
2874 639 3219 710 przecipitati,

2155 730 2261 785 Vix
2292 732 2491 788 subitae
2518 732 2658 803 pesti
2682 739 2935 802 poterant
2955 730 3223 788 obsistere
3242 731 3443 800 mmsti,

2155 821 2473 894 Cunctaque
2494 824 2807 880 lustrabant
2830 824 3057 891 imbres,
3076 833 3133 881 et
3153 834 3334 880 castra
3357 824 3604 882 natabant.

2156 915 2373 986 Quique
2404 916 2614 973 locarat
2636 932 2840 990 equum
2871 926 3142 973 nocturno
3176 924 3417 988 tempore
3440 933 3615 988 secum,

2157 1007 2347 1064 Flebat
2366 1024 2493 1065 eum
2515 1024 2698 1076 mane,
2719 1024 3029 1080 corpusque
3056 1009 3309 1065 trahebat
3332 1008 3503 1065 inane.

2158 1099 2421 1158 Militibus
2448 1102 2617 1170 mille,
2650 1101 2746 1175 qui
2767 1101 2982 1159 cinctus
3006 1101 3161 1172 prius
3186 1110 3327 1168 erat,
3360 1101 3448 1156 ille

2157 1192 2265 1250 Pro
2287 1193 2456 1250 nimia
2484 1204 2638 1266 peste
2663 1210 2765 1251 nec
2785 1209 2987 1250 nomen
3016 1193 3254 1249 habebat
3279 1194 3502 1248 honeste

2159 1286 2368 1355 Militis,
2391 1294 2557 1358 atque
2574 1287 2740 1358 pedes
2762 1285 2943 1343 lactus
2967 1286 3219 1357 plorabat
3245 1286 3301 1340 in
3337 1285 3493 1341 aedes.

2160 1378 2343 1451 Turpe
2366 1380 2588 1451 quidem
2621 1380 2793 1447 dictu,
2825 1380 2921 1436 sed
2950 1379 3110 1434 miles
3139 1378 3301 1449 inops
3323 1377 3439 1433 sine
3456 1378 3582 1433 victu

2158 1473 2507 1544 Armigerum
2532 1472 2752 1528 ﬂentem
2780 1471 2918 1527 ﬁens
2945 1472 3059 1541 ipse
3087 1470 3234 1526 fame
3256 1478 3556 1540 pereuntem

2159 1563 2207 1619 A
2227 1578 2286 1618 se
2306 1562 2555 1633 pellebat,
2578 1560 2706 1632 quia
2736 1575 2836 1616 nec
2868 1559 2971 1615 sibi
2996 1558 3326 1615 sufﬁciebat.

2160 1653 2268 1711 Pro
2300 1654 2487 1709 dolor!
2518 1652 2637 1724 ipse
2669 1660 2825 1723 pater
2846 1661 2995 1718 nato,
3028 1649 3184 1705 fratri
3207 1664 3425 1721 quoque
3456 1648 3619 1717 frater,

2162 1746 2314 1815 Quos
2336 1746 2441 1803 sibi
2463 1745 2715 1801 servabat
2740 1744 2939 1809 victus,
2970 1743 3025 1797 in
3052 1751 3229 1798 morte
3251 1741 3495 1813 negabat,

2161 1841 2406 1899 Attentis'
2426 1839 2543 1912 (57)
2570 1839 2823 1907 ducibus,
2850 1853 2991 1911 quos
3020 1836 3251 1915 miserat
3289 1836 3523 1908 undique
3564 1852 3702 1891 mun-

3537 1929 3647 1997 dus,

469 2012 571 2070 llic
622 2028 843 2087 quoque
901 2015 1257 2072 Flandrensis
1321 2016 1524 2071 multos
1582 2023 1741 2071 necat
1801 2012 2061 2069 horridus
2159 2025 2299 2083 Cum
2323 2024 2462 2081 duce
2488 2022 2813 2080 Flandrcnsi
2843 2022 3054 2079 solatur
3083 2036 3182 2077 eos
3206 2020 3554 2091 Boimundns,

1790 2102 1985 2176 [ensis.

469 2195 563 2251 Sic
605 2196 935 2269 Turcijtebs
980 2197 1167 2270 populi
1195 2212 1412 2256 cessere
1448 2198 1641 2255 ﬁdelis.

468 2285 678 2367 Oppida
704 2288 939 2345 victores
965 2298 1238 2360 repetunt,
1270 2290 1595 2362 priscosque
1626 2289 1845 2346 dolores

467 2378 678 2436 Ponere
705 2382 1030 2453 praecipiunt
1054 2384 1194 2454 (55),
1218 2393 1451 2455 ponunt,
1477 2384 1744 2440 solemnia
1777 2382 1935 2439 ﬁunt.

467 2471 739 2544 Tempora
762 2474 1056 2545 tranquilla
1078 2474 1309 2531 victoria
1330 2476 1563 2547 praabuit
1588 2476 1700 2532 illa.

446 2560 657 2620 Victus
689 2564 757 2620 de
780 2564 923 2621 villis
950 2566 1085 2637 (54).
1114 2581 1226 2621 non
1250 2567 1637 2623 insidiantibus
1659 2567 1807 2635 ullis,

464 2654 766 2713 Portabant
788 2666 976 2730 gentes
1002 2658 1071 2714 ad
1094 2668 1277 2714 castra
1300 2659 1436 2714 nillil
1468 2668 1795 2716 metuentes.

519 2746 858 2803 Christianos
893 2749 1060 2818 fames
1084 2761 1134 2804 et
1157 2750 1342 2805 hiemis
1372 2751 1709 2807 inclementia
1746 2753 2002 2823 aﬂligunt.

535 2840 637 2895 Ast
667 2840 760 2894 ubi
794 2840 953 2912 plena
982 2841 1142 2898 malis
1166 2842 1387 2898 advenit
1410 2843 1589 2899 hiems
1617 2844 1892 2916 glacialis,

470 2936 629 2993 Venit
656 2947 973 3010 tempestas,
1005 2946 1225 2997 nostros
1249 2939 1442 2996 aﬂlixit
1461 2950 1698 3011 egestas.

464 3030 740 3094 Imbribus
758 3040 814 3087 et
837 3031 1024 3089 multis
1047 3031 1554 3088 nivibus‘montana
1584 3032 1852 3088 timebant
1881 3031 2018 3103 (55),

464 3123 803 3196 Armenique
831 3124 955 3181 cibo
983 3125 1078 3197 qui
1106 3136 1285 3182 castra
1304 3124 1500 3196 juvare
1525 3125 1794 3192 solebant,

464 3213 571 3270 Per
595 3215 797 3272 nimios
824 3216 1022 3274 ﬂuctus
1048 3218 1248 3274 nimios
1282 3218 1629 3290 exstinguere
1651 3218 1851 3283 luctus,

464 3305 588 3364 Non
615 3318 887 3380 poterant,
929 3310 1093 3366 ﬁebat
1124 3310 1360 3382 populus
1403 3324 1567 3381 quem
1596 3310 1806 3382 grando
1840 3323 2056 3380 preme-

1685 3401 1819 3476 [bat
1847 3400 1985 3472 (56).

465 3493 586 3550 Νοη
619 3494 778 3567 inops
807 3503 1020 3552 tantum
1043 3494 1266 3567 glacies,
1299 3494 1395 3551 sed
1423 3495 1527 3550 tela
1557 3495 1897 3566 premebant.

467 3586 586 3643 Non
615 3587 785 3658 aliqui
812 3596 1033 3659 portum
1066 3587 1255 3643 Sancti
1293 3585 1569 3643 Simeonis
1599 3586 1842 3653 adibant,

462 3680 573 3748 Qui
594 3681 785 3735 navale
808 3679 988 3736 forum
1023 3681 1190 3737 dabat
1216 3680 1367 3735 omni
1389 3694 1571 3735 merce
1599 3679 1881 3735 decorum.

466 3777 536 3830 At
560 3775 684 3831 fidei
710 3775 923 3847 pugiles
944 3790 1137 3846 poenas
1163 3773 1364 3829 nimias
1397 3772 1517 3829 fore
1540 3772 1677 3829 viles

466 3865 774 3936 Corporeas
796 3873 1012 3937 putant,
1035 3880 1138 3921 nec
1162 3863 1342 3935 panis
1364 3863 1561 3935 gaudia
1594 3870 1832 3929 mutant,

466 3956 580 4012 Nec
603 3957 743 4012 bona
765 3956 1075 4024 tormentis,
1105 3955 1302 4011 titubat
1329 3954 1640 4011 constantia
1670 3954 1894 4019 mentis,

468 4050 733 4118 Quamvis
760 4064 1052 4120 pressurae
1073 4048 1353 4120 patiantur
1378 4063 1613 4119 corpora
1636 4046 1826 4114 duras,

470 4143 579 4199 Sed
610 4143 927 4213 quicunque
954 4141 1067 4213 pati
1088 4149 1387 4213 potuerunt
1414 4141 1519 4197 tela
1547 4140 1749 4213 parati,

470 4234 713 4303 Parvum
728 4250 831 4291 nec
860 4234 1057 4292 fortem
1092 4235 1183 4291 vix
1204 4244 1530 4293 exstruxcre
1548 4234 1855 4299 cohortem,

469 4329 646 4400 Atque
680 4344 844 4383 manu
877 4344 1044 4400 parva
1070 4328 1309 4400 praedam
1334 4341 1567 4399 rapuere
1592 4341 1689 4396 per
1717 4339 1868 4380 arva.

471 4445 632 4502 Multi
659 4445 861 4517 pra’liis
895 4453 945 4500 et
959 4443 1187 4516 jejuniis
1218 4438 1922 4517 occumbunt._Boamundus
1954 4435 2057 4517 Sy-

540 4508 681 4571 riatn
701 4508 1042 4587 deprwdatur
1091 4525 1295 4587 tresque
1329 4528 1473 4585 reges
1518 4511 1703 4567 uincit.
1743 4509 1879 4565 Cum
1922 4508 2063 4563 victu

539 4604 657 4659 spes
684 4587 1007 4643 Christianis
1045 4587 1203 4642 redit.

540 4700 692 4769 Quos
716 4702 842 4758 tulit
866 4709 1098 4759 eventus
1124 4699 1408 4757 Gallorum
1432 4694 1580 4755 clara
1602 4695 1882 4767 juventus,

473 4793 810 4853 Enumerare
832 4796 991 4861 licet;
1022 4794 1118 4851 sed
1147 4793 1273 4863 quis
1301 4802 1381 4847 t0t
1406 4789 1673 4848 acerrima
1696 4788 1842 4845 dicet

472 4884 685 4953 Praelia,
718 4870 1029 4957 pressuras,
1056 4884 1287 4956 jejunia,
1316 4882 1539 4953 frigora,
1559 4880 1762 4937 curas?

471 4974 656 5034 Pauca
676 4978 897 5050 quidem
927 4978 1054 5036 dico
1082 4976 1280 5043 tristis,
1306 4990 1407 5030 nec
1430 4975 1635 5030 lumine
1667 4974 1836 5038 sicco,

473 5067 640 5125 Millia
671 5077 754 5125 ter
780 5078 1000 5125 centum
1028 5067 1267 5133 fuerant,
1300 5079 1432 5123 tunc
1449 5066 1662 5122 mstimo
1685 5075 1906 5122 centum

474 5157 534 5215 In
563 5160 707 5218 bello
728 5160 863 5217 clari
892 5160 984 5214 vix
1012 5168 1239 5230 possent
1266 5158 1637 5215 adnumerari.

478 5247 636 5324 Saepe
661 5251 884 5324 quidem
910 5251 1018 5307 laeti
1043 5252 1306 5309 dederant
1330 5267 1427 5309 sua
1452 5250 1696 5308 membra
1726 5248 1920 5322 quieti,

572 5452 665 5518 50)
697 5450 869 5518 Edit.,
900 5452 1134 5506 dicatur.

540 5521 664 5588 (5i)
696 5521 865 5588 Edit.,
897 5523 1125 5578 volvunt.

573 5593 668 5662 52)
698 5592 864 5659 Edit.,
894 5595 1119 5662 prwdia.

574 5661 666 5733 55)
702 5662 870 5733 Edit.,
895 5661 1249 5733 pra'cipitant.

551 5731 670 5871 (34)
700 5732 865 5797 Etlit.,
896 5731 965 5787 ac
1003 5736 1143 5788 uillis
1176 5735 1359 5790 minus
1384 5736 1537 5789 bene.

552 5803 648 5871 (55
699 5802 865 5871 Edit.,
899 5806 1181 5859 tumebunt.

552 5802 670 5873 (55)
699 5802 865 5871 Edit.,
899 5806 1181 5859 tumebunt.

2161 2116 2228 2173 Et
2251 2117 2544 2173 bellatores
2559 2115 2715 2186 jubet
2742 2114 2946 2170 armari
2971 2113 3249 2181 meliores,

2161 2207 2269 2267 Ter
2293 2208 2477 2265 decies
2497 2207 2646 2263 mille
2673 2206 2881 2278 pedites
2913 2205 3024 2262 dux
3047 2206 3198 2277 eligit
3217 2205 3339 2285 ille,

2159 2301 2481 2372 Armatique
2509 2299 2623 2356 fere
2648 2300 2846 2374 galeati
2869 2299 3020 2356 mille
3041 2298 3219 2355 fuere.

2160 2392 2337 2465 Hique
2364 2408 2497 2461 suos
2518 2408 2680 2449 enses
2714 2400 3043 2449 convertunt
3066 2391 3135 2446 ad
3167 2390 3475 2466 Syrienses,

2160 2483 2367 2556 Oppida
2393 2485 2707 2557 praedantur
2739 2485 2930 2557 Syriae,
2954 2485 3132 2543 nostri
3155 2492 3477 2541 recreantur
3500 2484 3624 2556 (38),

2160 2575 2396 2633 Telluris
2418 2586 2587 2650 gratae
2613 2578 2743 2634 dum
2769 2578 2967 2649 gaudet
2992 2577 3297 2646 fertilitate,

2160 2668 2473 2739 Diripiendo
2502 2677 2620 2725 sata
2655 2668 2827 2741 Syriae
2848 2684 2982 2741 gens
3003 2670 3093 2724 illa
3132 2670 3292 2725 beata

2158 2758 2295 2815 Tres
2322 2759 2633 2828 admiraldi,
2666 2762 2748 2817 sic
2776 2777 2932 2833 reges
2957 2762 3158 2832 quippe
3181 2760 3389 2827 vocati,

2156 2850 2480 2921 Jerusalem,
2502 2853 2688 2924 Calepi
2709 2853 2986 2921 ductores,
3014 2862 3179 2925 atque
3199 2852 3478 2909 Damasci.

2157 2946 2311 3019 ipsos
2334 2948 2618 3017 invadunt,
2647 2947 2743 3005 sed
2776 2956 2831 3005 et
2856 2948 2913 3003 bi
2938 2949 3143 3005 nostris
3170 2965 3270 3005 sua
3297 2948 3544 3004 tradunt.

2157 3040 2369 3113 Quippe
2391 3050 2740 3098 recesserunt
2764 3042 2916 3109 victi,
2942 3042 3130 3113 plures
3158 3041 3465 3112 perierunt.

2084 3139 2131 3200 ο
2165 3132 2277 3191 Hac
2301 3135 2481 3206 palma
2505 3133 2651 3201 freti,
2684 3143 2939 3207 repetunt
2959 3133 3188 3190 tentoria
3220 3134 3353 3189 laeti.

2159 3226 2369 3283 Dantur
2396 3242 2549 3299 opes,
2581 3226 2821 3299 gaudent
2845 3227 3058 3297 inopes,
3091 3226 3406 3295 meliusque
3429 3222 3687 3277 futurum.

2159 3318 2295 3375 Esse
2322 3328 2534 3391 putant,
2558 3319 2791 3375 credunt
2819 3334 2921 3375 nec
2954 3335 3116 3391 posse
3143 3318 3403 3374 resistere
3429 3334 3667 3381 murum,

2159 3409 2377 3483 Optima
2425 3411 2726 3468 creduntur
2792 3411 2970 3481 bona,
3030 3426 3155 3483 qua:
3219 3410 3367 3466 mala
3432 3408 3611 3479 prima
3661 3423 3739 3462 se-

3395 3497 3679 3573 [quuntur.

2160 3598 2479 3681 Christiani,
2513 3613 2901 3685 expugnatione
2932 3612 3078 3685 urbis
3107 3612 3471 3685 desperantes,
3504 3612 3571 3666 ab
3613 3610 3745 3665 obsi-

2550 3683 2705 3740 dione
2735 3684 3080 3739 recedendum
3102 3683 3361 3738 clamant.

2232 3775 2326 3831 His
2354 3774 2429 3831 ita
2461 3774 2776 3841 transactis,
2804 3790 2966 3831 mons
2988 3781 3214 3830 exstans
3245 3772 3524 3829 moenibus
3546 3772 3677 3828 altis

2161 3867 2405 3939 Desuper
2428 3876 2700 3938 aequatur,
2727 3875 2784 3923 et
2810 3866 3040 3924 castello
3064 3866 3377 3922 decoratur.

2161 3960 2237 4015 De
2264 3976 2377 4031 quo
2402 3968 2675 4031 spectaret
2704 3959 3039 4031 speculator,
3064 3959 3111 4015 si
3139 3973 3247 4029 qua
3277 3960 3499 4028 pararet

2162 4050 2304 4107 Urbs
2329 4061 2539 4107 armata
2567 4050 2729 4119 dolis,
2755 4051 2824 4106 de
2852 4050 3093 4106 cubnine
3115 4048 3301 4120 pervia
3331 4047 3518 4112 molis,

2160 4139 2261 4196 Hic
2291 4149 2755 4212 consumpserunt
2779 4140 2892 4196 vim
2920 4139 3169 4207 multam,
3203 4154 3306 4195 nec
3330 4147 3645 4209 potuerunt

2160 4234 2416 4290 Castrum
2447 4242 2643 4289 natura
2675 4232 2948 4289 munitum
2984 4231 3184 4288 vellere
3206 4230 3367 4302 plura

2160 4327 2416 4398 Agmina,
2447 4342 2575 4382 nam
2610 4326 2725 4381 nati
2758 4323 2870 4396 (59)
2901 4323 3106 4380 Christi
3136 4322 3273 4383 satis
3299 4322 3573 4395 exagitati

2162 4417 2439 4474 Pcllebant
2464 4418 2640 4473 contis
2670 4417 2819 4473 cives
2846 4417 2914 4471 de
2939 4414 3179 4471 culmine
3207 4414 3436 4471 montis.

2096 4484 2139 4539 ί)
2167 4506 2389 4563 Viribus
2414 4508 2617 4563 interea
2650 4505 2860 4573 fractis,
2893 4522 2955 4563 ex
2990 4505 3126 4560 urbe
3154 4504 3331 4578 Lycea

2163 4598 2447 4654 Auxilium
2475 4606 2749 4668 quaerunt,
2780 4596 2924 4667 quod
2961 4613 3068 4653 non
3094 4604 3279 4652 tamen
3309 4594 3707 4651 obtinuerunt.

2164 4688 2546 4745 Northmanno
2574 4688 2761 4744 comiti
2787 4689 3047 4744 dederant
3075 4689 3217 4745 hanc
3242 4688 3381 4744 urbe
3410 4687 3584 4759 potiti

2166 4783 2324 4855 Angli
2350 4783 2607 4849 victores,
2640 4782 3000 4852 patribusque
3027 4781 3145 4836 suis
3172 4780 3457 4848 meliores,

2167 4874 2279 4932 Nec
2303 4891 2438 4947 gens
2469 4876 2769 4946 Anglorum
2798 4874 2970 4946 gessit
2996 4864 3207 4945 pugnas
3237 4873 3502 4938 aliorum,

2163 4966 2335 5021 Marte
2366 4966 2461 5021 sed
2492 4980 2749 5036 aequoreo
2771 4965 2885 5035 (40)
2914 4964 3016 5019 fuit
3045 4964 3135 5018 illa
3175 4964 3352 5035 potita
3380 4964 3669 5034 trophaeo,

2163 5058 2278 5115 Hoc
2305 5075 2478 5131 genus
2508 5069 2725 5113 oratum
2753 5072 2864 5114 non
2893 5067 2977 5114 est
3003 5057 3090 5113 bis
3120 5057 3235 5129 (41)
3279 5057 3691 5127 participaturn

2164 5149 2358 5206 Mentis
2387 5160 2569 5206 turma
2596 5151 2753 5207 bonae
2779 5166 2902 5222 quae
2924 5151 3091 5222 gessit
3117 5150 3173 5204 in
3200 5149 3521 5213 obsidione.

2163 5239 2299 5298 Nam
2328 5258 2459 5314 grex
2488 5241 2796 5299 Turcorum
2824 5241 3057 5298 divortia
3087 5248 3216 5297 nota
3242 5240 3506 5296 locorum

2245 5446 2357 5513 (56)
2389 5444 2557 5510 Edit.,
2585 5442 2862 5515 gravabat.

2243 5518 2359 5585 (57)
2398 5516 2567 5582 Edit.,
2590 5514 2861 5568 attonitis.

2244 5589 2357 5657 (58)
2391 5585 2557 5652 Edit.,
2584 5586 2889 5657 reticentur.

2244 5590 2334 5657 (58
2391 5590 2557 5652 Edit.,
2584 5590 2712 5639 retic

2244 5590 2357 5725 (50)
2392 5657 2556 5721 Edit.,
2598 5656 2712 5724 ﬁdi.

2248 5729 2360 5795 (i0)
2400 5727 2563 5792 Edit.,
2598 5734 2821 5795 wquato.

2247 5800 2327 5871 (.u
2342 5805 2359 5863 )
2396 5798 2561 5864 Hdie,
2602 5796 2697 5849 bis.
