3804 6312
21 364 131 438 ’θῶ
848 362 1125 429 alwms
1161 362 1387 423 rarus.
1429 362 1610 421 lllS'l‘.
1653 361 2021 426 lilEliOSOL.
2056 392 2130 405 --
2162 361 2295 421 un.
2333 362 2398 420 ιι.
3147 366 3257 422 θδι

27 489 310 549 Observans,
338 478 544 536 nostris
567 475 680 550 (ΛΞ)
702 474 930 534 castella
973 474 1281 546 propinqua
1321 474 1562 544 tenebat,
1588 479 1643 539 Α
1667 474 1881 532 Turcus
1904 491 2106 548 equum
2138 475 2309 532 frenis
2338 474 2646 549 indulgens,
2676 484 2834 549 urget
2860 478 3108 538 habenis.

28 579 61 633 Ε
81 576 254 648 quibus
278 570 541 627 auxilium
563 569 693 625 dare
728 565 1076 624 Christicolis
1103 565 1448 637 prohibebat.
1662 567 1915 647 Praeceps
1942 568 2033 625 ille
2060 567 2220 640 fugit,
2254 569 2415 625 tellus
2440 570 2576 641 pede
2596 570 2812 627 concita
2841 574 3037 647 mugit,

26 667 192 726 Auxilii
212 672 492 738 postquam
522 661 719 717 ﬁducia
748 674 859 716 non
894 658 999 715 fuit
1025 673 1296 730 unquam,

1580 690 1583 703 α
1663 658 1725 715 In
1750 673 1945 731 campo
1974 660 2153 717 lentus
2174 658 2320 730 jacet
2347 675 2509 718 arcus
2533 662 2968 732 pulverulentus.

26 758 113 814 llos
132 759 429 812 invaserunt
447 762 625 809 metus
651 760 708 808 et
729 751 925 823 pudor,
954 750 1316 822 obriguerunt
1662 749 1773 807 Iste
1794 751 1931 823 iacit
1954 752 2132 823 pictas
2158 751 2468 824 pharetras,
2494 752 2640 823 capit
2662 752 2752 809 ille
2780 754 3024 823 relictas,

26 848 231 902 Audaces
252 842 439 911 animi,
472 841 745 913 trepidant
769 848 827 895 et
849 838 906 895 in
933 837 1151 910 agmine
1179 836 1363 909 primi.
1662 843 1815 899 Alter
1840 842 2112 900 currendo
2138 858 2198 899 se
2227 843 2424 900 liberat
2450 844 2583 901 orbe
2609 846 2866 903 rotundo.

25 938 216 994 Paenitet
236 943 479 992 auctores
503 947 686 989 rerum
716 939 797 988 tot
824 930 994 988 inisse
1019 929 1260 1007 labores,
1584 1002 1587 1005 _
1667 932 2056 1005 Singulaquid
2083 932 2304 989 dicam?
2343 942 2561 1005 gentem
2589 944 2854 1007 superant
2880 922 3191 1003 inimicam.

24 1029 217 1086 Pcenitet
239 1026 453 1097 incepti,
483 1040 612 1081 mox
640 1024 699 1080 in
733 1037 837 1080 sua
864 1031 1047 1081 castra
1082 1020 1312 1092 recepti,

1664 1022 1770 1080 Vix
1794 1034 2086 1081 evaserunt
2117 1023 2308 1098 aliqui,
2335 1025 2521 1097 plures
2548 1028 2848 1098 perierunt,

26 1121 134 1175 Dum
156 1124 556 1191 perscrutantur
582 1116 716 1188 quid
750 1124 936 1189 agant,
967 1115 1143 1187 magis
1173 1118 1530 1169 attenuantur
1664 1114 1771 1183 Qui
1797 1116 1928 1173 dum
1955 1117 2233 1173 luctantur
2258 1133 2519 1189 superare
2543 1119 2766 1188 vadum,
2796 1129 3147 1194 superantur.

29 1211 208 1269 Illorum
258 1216 468 1267 mentes
493 1249 513 1278 ,
580 1208 725 1264 mala
802 1219 1150 1279 quacunque
1216 1203 1403 1260 futura
1457 1216 1565 1274 pu-
1664 1205 1726 1263 In
1755 1206 1900 1265 bello
1937 1208 2097 1265 strati
2126 1208 2289 1279 pauci
2318 1219 2449 1266 sunt
2469 1225 2603 1267 ense
2626 1211 2806 1266 necati

1115 1293 1320 1370 [tantes
1353 1293 1493 1366 (45),
1877 1295 2175 1353 Christiani
2210 1307 2445 1353 castraut
2475 1299 2774 1370 inﬁdelium
2806 1300 3043 1375 capiunt.

24 1392 127 1459 Qua:
148 1399 381 1463 poterant
408 1388 551 1458 fieri,
586 1389 685 1447 sed
710 1403 868 1447 mens
895 1396 981 1463 est
1007 1386 1184 1444 inscia
1206 1386 1343 1454 veri,
1735 1385 1888 1445 Hanc
1916 1398 2151 1460 stragem
2183 1388 2406 1460 quidam
2434 1390 2661 1462 gentiles
2689 1384 3115 1462 prospiciebant,

24 1484 144 1539 llens
166 1483 295 1554 sapit
318 1483 647 1550 humanum,
675 1495 933 1553 proceres
952 1480 1089 1536 dant
1104 1466 1347 1551 denique
1363 1493 1581 1539 vanum,
1662 1479 1959 1537 Castellum
1987 1481 2261 1552 quoddam
2289 1481 2386 1552 qui
2410 1497 2520 1536 non
2545 1483 2735 1551 procul
2758 1482 2884 1539 inde
2908 1484 3163 1540 teneban'

23 1573 275 1628 Consilium
301 1573 495 1639 turbae,
526 1572 675 1644 quod
705 1571 943 1643 quisque
972 1568 1194 1625 recedat
1230 1567 1302 1625 ab
1337 1568 1495 1638 urbe,
1664 1571 1815 1628 illico
1844 1572 2100 1643 fugerunt
2132 1580 2188 1630 et
2215 1580 2457 1629 castrum
2488 1573 2867 1630 deseruerunt.

24 1665 75 1721 Et
95 1681 144 1723 se
165 1675 375 1733 tutetur,
401 1682 471 1722 ne
498 1665 647 1736 turpi
673 1672 849 1720 morte
876 1672 1119 1720 necetur.
1665 1662 1805 1721 Huic
1828 1679 2084 1735 proceros
2114 1664 2290 1720 nostri
2318 1664 2575 1721 custodes
2608 1666 3010 1738 imposuerunt,
3114 1648 3123 1663 ’

227 1754 377 1810 Turci
402 1756 531 1810 victi
554 1771 804 1810 renovare
830 1770 1060 1827 pugnam
1092 1761 1320 1809 tentant.
1666 1756 1771 1824 Qui
1797 1755 2137 1812 custodirent
2163 1764 2417 1827 pontem;
2449 1766 2572 1827 post
2599 1758 2715 1816 haec
2742 1758 3025 1815 redierunt

77 1846 192 1903 Dum
212 1855 332 1903 sunt
355 1847 605 1903 attonita:
632 1855 713 1902 tot
742 1855 952 1918 gentes,
983 1844 1126 1917 fama
1165 1853 1389 1917 repente
1596 1835 1647 1893 Β
1665 1846 1883 1903 Auxilio
1910 1846 2028 1902 fulti
2060 1847 2267 1916 divino,
2303 1847 2517 1903 fortiter
2544 1832 2675 1904 ulti:

26 1939 127 1995 Rem
146 1940 286 1995 docet
306 1940 599 2018 ingratam,
620 1954 860 2011 pugnam
899 1954 1070 2009 prope
1091 1946 1561 2019 castraparatam.
1668 1936 1778 1994 Hos
1802 1947 2137 2010 exceperunt
2163 1939 2322 2006 socii,
2348 1939 2565 2011 laetique
2588 1939 2829 1996 fuerunt.

25 2029 129 2085 Nam
153 2041 250 2089 tres
272 2031 511 2102 praedicti
544 2030 728 2103 primo
755 2030 1055 2087 certamine
1089 2030 1245 2099 victi,
1580 2064 1583 2093 ;
1666 2028 1937 2086 Conflictu
1962 2030 2165 2101 duplici
2195 2031 2340 2102 quod
2373 2031 2724 2088 conciderant
2752 2032 2983 2089 inimici.

26 2122 196 2180 Turbas
214 2125 460 2180 collectas
485 2133 799 2181 castrorum
830 2123 1043 2180 solvere
1072 2132 1216 2181 tecta
1667 2119 1804 2177 Nam
1830 2123 1961 2178 dum
1994 2122 2238 2193 praedicti
2270 2132 2536 2194 pugnant,
2571 2123 2637 2178 ad
2665 2133 2845 2179 castra
2874 2124 3051 2179 relicti

27 2212 145 2269 llaud
170 2214 486 2282 dillidebant,
514 2224 573 2270 et
614 2215 796 2271 adhuc
822 2215 973 2273 taciti
1002 2214 1314 2272 veniebant.
1668 2211 1944 2285 Insignem
1974 2213 2211 2284 palmam
2242 2213 2309 2269 de
2338 2212 2551 2269 civibus
2581 2213 2956 2281 obtinuerunt,

28 2304 113 2363 Hoc
135 2308 214 2363 ubi
241 2316 535 2379 torpentes,
563 2308 729 2378 quasi
754 2306 821 2362 de
848 2323 1045 2365 somno
1073 2308 1391 2378 redeuntes,
1670 2304 1738 2362 Et
1766 2305 1924 2361 multi
1950 2306 2151 2361 virtute
2180 2304 2276 2361 Dei
2306 2320 2514 2376 paucos
2539 2304 2863 2360 timuerunt.
2898 2294 2901 2299 ’

28 2400 222 2455 Auribus
249 2400 573 2467 Ῐ¹³¹¹⁵θ¹³¹¹¹ην
606 2398 714 2455 alio
743 2399 836 2455 alii
870 2409 1226 2456 mmmemm-
1743 2417 1905 2476 Τατεὶ
1933 2435 1961 2474 e
1998 2419 2208 2475 civitate
2241 2418 2588 2488 irrumpentes
2626 2415 2821 2471 multos
2857 2413 3192 2472 Christianos

26 2490 272 2547 Albescunt
294 2491 495 2559 vultus,
532 2491 756 2547 auditur
782 2491 987 2564 ubique
1014 2493 1286 2552 tumultus
2359 2488 2589 2543 credunt.

28 2580 78 2637 Et
99 2584 236 2640 veluti
264 2569 452 2641 ventus
478 2570 612 2641 cum
637 2584 710 2641 sit
734 2585 920 2641 subito
950 2585 1246 2652 violentus,
1743 2584 1862 2642 Non
1896 2594 2077 2641 tamen
2103 2581 2299 2639 audaci
2324 2582 2525 2653 populo
2554 2580 2754 2636 ﬁducia
2780 2578 2995 2648 cessit,.

28 2673 258 2732 llurmura
286 2692 450 2748 parva
479 2675 634 2745 freti,
665 2677 760 2733 sed
791 2692 902 2733 non
934 2676 1161 2734 omnino
1198 2675 1394 2748 quieti,
1672 2665 1786 2734 Nec
1809 2676 1975 2733 sociis
1999 2675 2226 2730 adversa
2252 2672 2370 2728 suis
2402 2671 2623 2727 fortuna
2654 2668 2918 2741 repressit

29 2763 211 2833 Turbat,
240 2776 291 2822 at
320 2767 571 2823 inﬂatum
605 2775 829 2823 resonat
858 2783 1030 2835 mare,
1061 2768 1236 2824 reddit
1264 2767 1498 2835 hiatum,
1674 2768 1819 2840 Ergo
1845 2774 2067 2837 repente
2092 2762 2242 2819 cavis
2269 2762 2337 2817 de
2367 2760 2611 2817 turribus
2637 2757 2983 2831 egredientes

34 2854 117 2913 Res
142 2857 362 2915 referens
390 2860 633 2926 subitas,
667 2858 748 2916 sic
772 2875 967 2931 aspera
996 2858 1139 2915 fama
1164 2859 1411 2930 iacentes
1672 2853 1869 2922 Turci,
1888 2854 2183 2911 turbabant
2208 2851 2385 2908 victus
2414 2848 2483 2906 ad
2509 2858 2690 2906 castra
2713 2846 2974 2914 ferentes,

31 2945 197 3003 Attollit
221 2957 444 3017 mentes,
474 2950 697 3006 animos
725 2951 839 3022 agit
867 2950 949 3006 ira
977 2950 1222 3007 furentes
1251 2948 1390 3022 (64),
1672 2945 1821 3005 Neve
1842 2945 1969 3002 dolo
1994 2945 2087 3001 tali
2110 2952 2426 3017 paterentur
2447 2957 2591 3013 srepe
2611 2940 2854 3007 ruinam,

31 3034 238 3093 Protinus
259 3055 290 3094 e
314 3040 513 3096 castris
543 3039 695 3097 acies
724 3041 969 3112 procedit
994 3041 1289 3114 equestris,
1674 3038 1937 3095 invenere
1955 3037 2124 3093 duces
2145 3035 2320 3093 nostri
2356 3050 2520 3105 super
2542 3034 2649 3089 hoc
2669 3031 3018 3088 medicinam.

33 3127 135 3194 Qua:
156 3133 555 3205 quadringentis
600 3143 809 3190 armata
842 3135 1118 3208 simulque
1143 3134 1403 3193 trecentis
1431 3135 1570 3208 (45),
1602 3184 1647 3208 η
1675 3129 1856 3201 Atque
1877 3143 2041 3199 super
2059 3134 2324 3193 montem,
2338 3124 2495 3196 juxta
2517 3122 2766 3189 ﬂuvium,
2788 3135 2957 3193 prope
2977 3125 3199 3191 pontem

34 3184 225 3277 litamen
254 3184 527 3294 (ιωῖιίτω
555 3226 735 3297 gentis
764 3242 874 3282 non
906 3184 1094 3284 horret
1117 3228 1287 3284 adire.
1432 3184 1451 3208 ι
1529 3184 1570 3206 η
1601 3184 1976 3280 cCastellum
2001 3220 2117 3276 fieri
2141 3184 2408 3285 statuunt,
2432 3223 2764 3288 pontemque
2789 3212 2952 3269 tueri.

34 3306 132 3365 inde
155 3312 318 3385 rigens
340 3304 456 3388 (47)
505 3315 720 3374 dextris
750 3317 893 3387 pede
938 3328 1190 3391 prompta
1221 3327 1440 3375 caterva
1478 3333 1577 3390 pe-
1679 3312 1787 3370 Sed
1812 3328 1901 3369 res
1922 3311 2159 3368 difficilis
2184 3325 2251 3365 ne
2280 3307 2643 3366 conficeretur
2662 3306 2731 3362 ab
2750 3302 2859 3360 illis

1253 3409 1503 3483 [destris,
1677 3403 1829 3460 Bello
1849 3401 2147 3474 quassatis,
2172 3407 2228 3455 et
2250 3399 2462 3454 viribus
2488 3395 2807 3452 attenuatis.

36 3488 79 3544 In
100 3510 297 3552 numero
342 3514 514 3569 parvo
542 3500 791 3558 renitens
819 3501 1114 3572 exponitur
1139 3480 1295 3572 arvo,
1678 3494 1805 3552 Mox
1832 3493 2175 3551 Boimundus
2195 3505 2339 3562 equo
2360 3488 2505 3545 celer
2525 3487 2719 3554 insilit,
2743 3493 2798 3539 et
2814 3480 2975 3556 quasi
2997 3493 3163 3552 preco

36 3580 80 3636 Ῑυ
102 3601 188 3654 qua
216 3587 488 3661 quingenti
519 3590 734 3661 pedites
763 3590 917 3648 ibant
941 3591 1234 3648 numerati.
1679 3585 1957 3642 Convocat
1976 3599 2007 3639 e
2026 3583 2222 3645 castris
2244 3581 2479 3652 aliquos,
2503 3575 2851 3650 vergentibus
2876 3572 3062 3629 astris.

36 3669 121 3729 Nec
162 3676 309 3733 simul
357 3679 644 3749 incedunt,
697 3682 794 3737 sed
844 3681 900 3738 in
944 3683 1164 3754 agmina
1194 3683 1307 3755 (48)
1336 3684 1581 3756 quinque
1682 3676 1886 3751 Egidii
1912 3675 2099 3731 Sancti
2122 3688 2307 3730 comes
2329 3671 2635 3727 associatur
2656 3666 2830 3756 eunti.

1152 3832 1153 3835 η
1194 3754 1511 3849 [recedunt,
1683 3766 1920 3824 Ensibus
1939 3781 2071 3838 ergo
2090 3765 2251 3820 bonis
2288 3762 2372 3818 fisi
2404 3760 2540 3834 (50),
2570 3757 2760 3849 Sancti
2785 3754 3061 3849 Simeonis

40 3856 347 3937 Emensisque
373 3867 560 3925 tribus
587 3866 783 3935 ieucis,
813 3866 1047 3939 aliisque
1074 3845 1311 3939 duabus,
1494 3845 1503 3847 ἡ
1681 3857 1765 3913 Ad
1784 3866 1997 3928 portam
2020 3861 2336 3926 properant,
2355 3860 2417 3909 ut
2438 3850 2508 3906 ab
2531 3850 2618 3904 his
2650 3845 2909 3939 suffragia
2932 3848 3204 3916 quaerant,

40 3946 224 4012 Eminus
250 3967 458 4029 ορωιοε
486 3961 679 4016 hostes
705 3959 891 4015 videre
919 3936 1142 4030 ρξη-αιος
1294 3936 1304 3939 ’
1683 3948 1790 4016 Qui
1809 3963 1911 4005 sua
1931 3946 2238 4003 vendebant
2258 3945 2389 4012 illic,
2413 3940 2727 4030 nostrisque
2751 3936 3026 4030 favebant.
3094 4014 3095 4019 η

40 4040 103 4095 Ad
126 4025 318 4114 pontem
350 4050 506 4121 ferri,
539 4060 822 4124 nequeunt
847 4025 1191 4108 numerando
1215 4050 1411 4109 referri
1685 4038 1752 4096 lli
1774 4048 1905 4097 sunt
1921 4038 2260 4103 Genuenses,
2284 4032 2465 4105 Angli,
2488 4029 2871 4124 Venetumque
2892 4025 3134 4082 colentes

42 4129 229 4205 Agmina
252 4139 581 4211 Turcorum,
609 4121 712 4200 nec
736 4142 822 4200 vis
845 4143 991 4215 capit
1019 4143 1139 4200 h:ec
1164 4144 1475 4201 oculorum.

1204 4144 1475 4201 culorum.
1683 4131 1891 4200 Pisoni,
1913 4129 2098 4187 cuncti
2132 4127 2311 4184 navali
2333 4132 2507 4181 marte
2525 4121 2706 4215 periti.

138 4228 445 4289 Christianos
480 4236 868 4308 aggrediuntur
893 4211 932 4289 ἆ
959 4235 1149 4307 quibus
1180 4237 1458 4308 fugantur.

1775 4239 1940 4297 mque
1968 4223 2137 4279 duces
2176 4220 2426 4286 aberant,
2449 4214 2647 4286 reliqui
2681 4220 2996 4283 torpescere
3029 4211 3277 4280 sperant,

98 4316 263 4380 Hostes
289 4326 496 4398 absque
522 4306 706 4395 mora,
733 4328 837 4385 sub
861 4306 1052 4384 eadem
1083 4306 1293 4384 scilicet
1322 4328 1480 4399 hora,
1689 4316 1750 4379 Si
1773 4332 1884 4373 non
1906 4316 2232 4386 impeterent
2262 4311 2431 4378 cives,
2453 4306 2994 4399 urbiquenocerent.

45 4406 232 4471 Nostros
255 4395 524 4487 viderunt,
553 4427 612 4476 et
634 4419 689 4476 in
718 4419 870 4489 ipsos
899 4433 959 4476 se
984 4428 1307 4491 rapuerunt,
1463 4395 1473 4399 ⁷
1588 4464 1591 4469 ,
1687 4408 1948 4466 Protinus
1970 4405 2167 4463 amatis
2188 4402 2390 4459 animis
2419 4406 2585 4456 vento
2608 4395 2866 4491 levitatis,

48 4495 225 4571 Spicula
251 4508 561 4577 mittuntur,
588 4487 860 4567 clamores
888 4510 993 4567 tela
1024 4487 1353 4582 sequuntur.
1620 4525 1668 4583 ι)
1690 4499 1975 4558 Urbanum
1997 4507 2201 4555 temere
2220 4502 2442 4567 pontem
2469 4488 2644 4546 nostri
2664 4487 2891 4583 petiere.

48 4589 218 4654 ιηειεηι
240 4602 452 4673 pagani,
474 4602 629 4674 iactu
654 4602 995 4660 frustrantur
1022 4579 1195 4659 inani.
1622 4579 1653 4583 ﬁ
1695 4593 1789 4651 Sic
1808 4587 2327 4682 inconsultae-gentis
2348 4584 2493 4641 facto
2526 4596 2709 4655 grege,
2736 4579 2903 4682 stulte
2944 4665 2956 4679 .

49 4682 223 4748 Turcus
240 4664 383 4766 u-eqilo
408 4664 678 4769 graildens,
708 4712 811 4754 nec
855 4696 1044 4768 pmlia
1091 4696 1345 4754 cominus
1377 4694 1590 4754 audens
1691 4682 1963 4740 Provocat
1984 4678 2213 4772 hostiles
2236 4675 2447 4772 Ttii‘COS
2468 4687 2638 4772 prope
2658 4668 2861 4772 moenia
2884 4664 3065 4772 miles.

51 4763 352 4854 Exspectare,
379 4763 535 4843 tonat
560 4763 765 4854 verbis,
801 4763 1134 4858 nostrosque
1159 4796 1407 4844 coronat.
1694 4773 2024 4831 Funduntur
2043 4770 2217 4844 portis
2246 4769 2429 4825 subito
2451 4763 2787 4858 clamoribus
2810 4763 2953 4858 ortis

52 4864 196 4926 Nostri
219 4853 392 4931 vallati
420 4885 569 4933 stant
597 4876 653 4932 in
681 4853 864 4932 medio
891 4853 1200 4949 glomerati,
1602 4918 1603 4921 χ
1694 4865 1895 4923 Nudati
1918 4864 2147 4936 pedites.
2169 4876 2408 4955 quem!“
2427 4860 2518 4915 νίι
2539 4855 2751 4955 ξνίουιδ
2764 4853 2936 4955 ff“???

54 4954 106 5012 Et
125 4958 297 5021 Turcis
314 4966 551 5034 obstant,
577 4966 752 5040 clypei
778 4942 1056 5038 galeasque
1080 4942 1347 5022 resultant
1695 4955 2107 5026 Prosiliuntque
2133 4952 2228 5009 citi
2248 4951 2484 5041 iuvenes
2507 4942 2949 5041 vittis-redimiti.
3024 5028 3057 5041 Δ.

55 5043 220 5109 Ictibus
236 5031 545 5126 immensis,
560 5031 859 5129 ensemque
886 5031 1199 5114 reverberat
1225 5055 1395 5113 ensis.
1698 5046 1768 5103 Et
1792 5043 1986 5118 procul
2011 5042 2215 5099 exertis
2239 5038 2553 5112 iaculantur
2570 5033 2837 5129 utrinque
2871 5031 3112 5129 lacertis.

55 5136 249 5215 Jamque
274 5146 477 5222 fatigati
505 5120 694 5217 'l‘urci,
724 5120 944 5222 lateque
967 5149 1168 5216 necati,
1699 5138 1795 5195 ille
1820 5136 1985 5194 sudes
2009 5133 2164 5206 iacit,
2192 5133 2285 5189 hic
2308 5129 2538 5223 lapides,
2568 5126 2660 5223 hic
2685 5124 2814 5193 tela,
2846 5121 2943 5223 sed
2972 5120 3064 5223 ille
3130 5209 3144 5223 .

56 5228 154 5288 Non
281 5210 526 5298 vincendi
557 5210 916 5308 contendunt,
955 5240 1052 5298 sed
1079 5210 1342 5312 fugiendi.
1702 5230 1844 5286 Dum
1869 5227 2109 5284 trahitur
2139 5224 2336 5298 gemit;
2366 5222 2455 5278 hic
2481 5220 2684 5312 petitur
2711 5233 2809 5312 per
2835 5213 3043 5312 spicula
3072 5210 3245 5280 mille,

59 5322 160 5384 ilex
180 5306 338 5392 {el-313
363 5335 532 5393 genus
556 5336 761 5409 petitur
787 5306 909 5408 (49)
931 5332 1082 5407 ωδε,
1113 5306 1283 5393 οᾷυεε
1306 5331 1522 5392 saluus,
1701 5318 1938 5378 Lumina
1966 5324 2282 5375 nostrorum
2306 5312 2564 5370 hebetant
2591 5308 2767 5368 nubes
2789 5306 3121 5381 iaculorum,

140 5510 215 5584 αξξ)
244 5512 401 5584 Εόἰι.,
424 5527 620 5574 nostro.
968 5532 971 5535 '
1248 5534 1251 5537 ‘

1248 5534 1251 5537 η
1773 5495 1891 5584 n22
1927 5488 2531 5584 sesese"-

140 5510 215 5578 42)
244 5512 401 5584 Edit.,
424 5527 620 5574 nostro.
968 5532 971 5535 '
1248 5534 1251 5537 π

248 5583 409 5709 Egit“
438 5588 692 5644 timentes.

324 5665 406 5715 tt..
441 5658 553 5715 ipsa
584 5660 834 5715 furentes.

968 5532 971 5535 ·
1248 5534 1251 5537 η
1799 5509 1865 5553 47
1927 5509 2094 5561 manu,
2121 5509 2351 5547 aetnaei

1773 5509 1893 5715 ἓιδξ
1928 5564 2096 5647 Εειξιη
2126 5564 2351 5647 agmine.

1776 5638 1868 5715 (ἑὲ
1927 5635 2093 5715 ἓιέειον
2118 5641 2342 5715 Ρέἕέτννο

144 5635 220 5729 tt)
248 5635 409 5729 ξᾷἰὶζζ
439 5635 834 5729 ὶρἱῗῖἆὲἑηεεε.

1776 5635 1892 5729 ea

856 5736 905 5782 et
934 5733 1209 5801 trarentur.
1777 5703 1893 5782 (50)
1932 5706 2102 5775 ΕΜ,
2137 5703 2239 5775 ﬁli.

128 5790 224 5861 (46)
257 5793 372 5863 515.,
396 5790 690 5871 'pErﬁciam',
722 5798 863 5857 forte
891 5795 1193 5870 perﬁdiam.
