3850 6310
529 370 637 426 955
1107 364 1198 423 Αι)
1235 365 1688 424 consrmoun
1716 342 2021 439 sereno.
2064 364 2125 421 ιι.
2168 396 2239 406 -
2274 364 2544 423 nonum.
2582 365 2672 423 os
2705 365 2931 426 θειιο
2970 368 3217 430 saeuo.
3658 382 3730 439 956

527 478 709 555 Atque
737 482 1000 539 coarctati
1028 482 1236 539 crudeli
1264 482 1455 538 cedere
1483 480 1668 549 marti,

526 575 634 644 Qui
661 584 743 632 tot
768 576 1017 632 vicerunt
1039 576 1219 642 toties,
1251 574 1405 645 prius
1425 574 1515 629 hic
1541 571 1653 643 (5i)
1681 571 2009 630 didicerunt.

526 667 753 724 Laxatis
790 669 924 726 loris
953 668 1187 740 fugiunt,
1223 667 1563 737 multumque
1592 666 1804 723 cruoris

528 761 647 831 (59)
682 762 953 816 Amittunt
974 759 1209 814 Parthus
1232 758 1544 813 confractos
1572 757 1801 828 proterit
1830 773 1992 813 arcus

526 847 629 906 Hic
656 851 829 921 pedis,
861 850 950 905 hic
978 851 1091 905 oris
1128 849 1329 904 vulnus
1354 849 1540 919 gemit,
1575 848 1665 903 ille
1694 848 1909 903 cruoris

528 938 840 997 Exhaustas
868 956 1035 997 venas
1058 938 1190 995 dum
1226 938 1470 1010 respicit,
1502 938 1643 995 inter
1670 939 1914 1017 habenas

525 1029 774 1099 Labitur,
804 1040 859 1089 et
883 1032 1099 1102 plenam
1128 1030 1405 1088 defunctis
1431 1031 1647 1087 mordet
1674 1047 1922 1086 arenam.

524 1121 722 1179 Nullus
750 1123 878 1195 equi
905 1121 1143 1179 frontem
1168 1124 1351 1191 vertit,
1380 1123 1557 1178 donec
1583 1120 1709 1194 fuga
1739 1132 1960 1193 pontem

526 1214 769 1288 Reperit,
797 1223 861 1272 ut
880 1216 1016 1284 dixi,
1047 1228 1212 1288 quem
1241 1215 1449 1271 dudum
1475 1214 1708 1271 navibus
1734 1214 1838 1285 ipsi

527 1305 882 1377 Struxerunt,
911 1307 1009 1364 sed
1040 1308 1113 1363 ibi
1143 1316 1354 1364 restant
1390 1306 1559 1363 animi
1594 1306 1840 1363 melioris

526 1402 782 1475 Agmina,
810 1417 934 1473 quae
962 1401 1198 1458 necdum
1230 1400 1447 1456 fuerant
1475 1399 1643 1455 oblita
1671 1398 1906 1455 decoris.

525 1492 596 1551 Et
622 1510 682 1552 se
707 1493 1008 1551 defendunt
1033 1494 1256 1566 clypeis,
1286 1494 1580 1563 hostesque
1610 1491 1724 1563 (55)
1752 1489 2047 1547 retardant.

526 1585 720 1644 Plures
746 1588 887 1659 dum,
904 1586 1097 1656 trepidi
1127 1595 1348 1656 pontem
1376 1583 1744 1641 conscendere
1774 1584 2011 1651 tardant,

526 1675 786 1748 Turpiter
810 1676 1057 1748 oppressi
1087 1675 1400 1732 moriuntur
1426 1674 1651 1731 flumine
1676 1676 1864 1731 mersi.

526 1766 695 1824 Turci
724 1769 998 1835 laetantur,
1026 1767 1159 1824 flent
1185 1767 1378 1835 nostri,
1410 1775 1591 1823 castra
1627 1776 1907 1838 petuntur.

525 1858 641 1917 Nec
667 1862 748 1917 sic
775 1862 1013 1919 lassatus
1038 1860 1187 1918 ferus
1220 1861 1418 1929 hostis,
1450 1869 1507 1917 at
1534 1861 1848 1929 insidiatur,

526 1951 669 2008 Dum
698 1954 943 2009 succedit
970 1938 1021 2009 ei
1051 1954 1193 2009 male
1223 1953 1452 2008 callidus
1485 1953 1615 2008 hinc
1641 1952 1799 2022 aciei,

526 2044 663 2112 Qua:
684 2046 842 2123 ducis
871 2046 1090 2101 hortatu
1119 2047 1371 2104 veniebat
1394 2062 1521 2104 cum
1550 2047 1815 2103 comitatu

526 2132 571 2188 F
574 2133 702 2201 orti,
732 2135 1040 2207 multiplici,
1071 2136 1166 2194 sed
1199 2145 1255 2193 et
1278 2137 1426 2194 hunc
1453 2146 1715 2209 superant
1740 2136 1974 2203 inimici,

525 2226 705 2296 Atque
732 2235 932 2283 necant
953 2228 1161 2299 pedites
1185 2229 1289 2285 tria
1316 2229 1485 2286 millia
1514 2238 1692 2285 turma
1722 2230 2008 2308 quiritum,

526 2315 715 2373 Evasit
741 2318 965 2397 latitans
993 2336 1089 2399 per
1113 2321 1300 2390 colles,
1337 2322 1521 2394 pnelia
1551 2323 1753 2379 vitans.

522 2406 637 2465 Nec
664 2424 817 2479 mora
848 2410 1146 2481 gaudentes
1171 2411 1241 2468 de
1272 2413 1518 2469 turribus
1539 2413 1631 2469 illa
1659 2413 1905 2471 videntes

523 2496 727 2568 Persae,
759 2500 1011 2557 ridebant
1046 2511 1265 2561 nostros
1289 2504 1385 2576 qui
1412 2513 1592 2561 castra
1624 2505 1904 2569 tenebant,

525 2589 771 2663 Remque
790 2593 988 2650 docent
1005 2594 1199 2667 signis,
1226 2595 1476 2667 strepitu,
1498 2597 1851 2663 clamoribus,
1876 2596 2116 2669 hymnis.

700 2682 1113 2757 Redintegratur
1135 2688 1402 2758 prwlium.
1445 2688 1605 2744 Turci
1642 2690 1938 2745 caeduntur.

594 2772 741 2846 Ergo
762 2776 847 2830 vir
872 2778 1181 2849 intrepidus
1209 2780 1587 2851 Flandrensis,
1629 2782 1741 2838 dux
1770 2780 2117 2851 Godefridus,

524 2866 820 2937 Robertus,
867 2869 1198 2942 Stephanus,
1246 2872 1593 2943 Taucretius,
1632 2874 1809 2947 Hugo,
1847 2874 2117 2945 Statinus,

524 2957 653 3027 Qui,
680 2961 811 3017 dum
840 2963 1076 3034 vivebat,
1108 2980 1265 3035 naso,
1296 2983 1407 3024 non
1434 2968 1596 3025 laude
1624 2969 1866 3035 carebat,

523 3049 593 3106 Et
620 3053 814 3124 reliqui
848 3052 1019 3113 fortes
1044 3068 1349 3127 armantur,
1380 3070 1437 3117 et
1470 3076 1599 3118 ecce
1627 3061 1883 3119 cohortes

522 3138 852 3211 Procedunt,
884 3145 1119 3217 plorant,
1150 3148 1279 3220 quia
1308 3166 1451 3221 saepe
1485 3150 1691 3207 frustra
1717 3152 1984 3208 laborant.

521 3229 687 3301 Optat
712 3234 947 3307 quisque
974 3240 1135 3306 mori,
1168 3240 1224 3295 ni
1255 3241 1459 3297 bellum
1489 3242 1648 3299 cedat
1682 3243 1900 3299 honori.

520 3320 672 3379 Mors
701 3325 912 3397 ingrata
942 3329 1142 3401 gravis,
1176 3329 1319 3387 foret
1345 3332 1424 3387 illi
1453 3342 1607 3405 grata
1634 3334 1845 3402 suavis,

518 3408 759 3484 lntegrat
786 3414 1246 3477 illorum'mentes
1277 3422 1481 3479 solator
1505 3424 1617 3495 (54)
1648 3440 1864 3493 eorum,

518 3498 589 3555 Et
614 3514 773 3576 rogat
796 3506 1019 3567 intentis
1047 3511 1303 3583 precibus
1332 3514 1533 3584 praesul
1560 3512 1867 3584 Podiensis,

515 3592 597 3651 Ne
622 3596 997 3671 desperarent,
1029 3604 1159 3674 quia
1187 3606 1471 3663 credentes
1500 3618 1843 3680 superarent,

515 3681 881 3761 Cervicesque
906 3692 1087 3764 gregis
1114 3695 1315 3749 summi
1342 3694 1525 3767 signat
1552 3712 1715 3754 cruce
1745 3698 1911 3769 regis.

513 3773 777 3835 Pluribus
804 3780 1026 3851 hortati,
1058 3794 1404 3858 mortemque
1431 3788 1617 3844 subire
1644 3790 1844 3862 parati,

513 3867 627 3923 Aut
651 3884 911 3941 superare
944 3873 1074 3931 boni
1104 3892 1358 3947 proceres
1387 3878 1623 3951 ﬁdeique
1651 3882 1893 3952 patroni.

512 3956 649 4015 Illuc
676 3964 1001 4033 accelerant,
1030 3966 1125 4022 ubi
1155 3982 1214 4024 se
1240 3985 1570 4028 concurrere
1599 3982 1824 4045 sperant

514 4047 796 4122 Hostibus,
827 4064 880 4111 et
912 4059 1074 4114 tacite
1102 4060 1349 4131 graditur
1371 4063 1543 4133 prior,
1571 4072 1627 4119 et
1653 4065 1773 4121 sine
1802 4066 1899 4121 lite

511 4138 749 4214 Corripit
773 4146 1023 4217 ignarum
1056 4150 1212 4222 Hugo
1249 4155 1443 4211 ductor
1472 4154 1960 4227 Francigenarum,

510 4232 804 4309 Amotique
829 4256 1023 4311 parum
1058 4261 1310 4302 cursores
1337 4245 1816 4306 Christicolarum.

2141 3186 2188 3249 C

2128 3231 2188 3307 δ”·
2220 3231 2340 3286 Stat
2369 3232 2620 3302 stupidus
2648 3231 2802 3287 furor
2823 3231 2967 3304 ejus,
2988 3233 3076 3289 via
3110 3234 3259 3288 nulla
3290 3233 3475 3300 saluti,

2147 482 2199 544 Α
2225 479 2565 536 Alterutrum
2592 480 2726 538 viris
2753 481 2960 539 resides
2985 484 3154 539 animi
3198 484 3425 541 rediere.

2222 570 2456 628 Exacuit
2477 571 2675 629 Persas
2699 572 2927 629 victoria
2952 585 3108 645 parta
3138 586 3402 633 recenter.

2222 660 2465 733 Erigitur
2495 662 2739 733 sonipes,
2770 663 3055 719 dominum
3089 665 3227 735 gerit
3253 666 3596 737 impatienter.

2221 752 2398 808 Arcus
2425 738 2689 808 lunantur
2714 755 2888 821 nervi,
2912 754 3026 825 jam
3057 754 3225 812 Turci
3248 757 3354 813 tela
3378 760 3595 829 pretervi

2220 842 2561 915 lntorquent,
2588 844 2703 916 jam
2735 846 3057 918 cornipedes
3087 848 3291 927 saliunt
3317 851 3473 925 quasi
3497 854 3639 921 cervi,

2221 934 2342 992 Iam
2372 937 2591 994 tubicen
2620 946 2759 993 teter
2784 938 2957 996 lituus
2979 938 3095 1011 (57)
3125 928 3311 1008 sonat,
3334 941 3580 1014 obstrepit
3601 947 3740 1004 aether.

2220 1027 2341 1083 Jam
2371 1044 2505 1084 cava
2530 1044 2664 1087 saxa
2706 1030 2865 1088 datas
2892 1018 3065 1088 voces
3080 1022 3319 1090 reddunt
3346 1036 3639 1107 geminatas.

2224 1118 2479 1192 Undique
2508 1122 2765 1192 bellatur,
2800 1123 2929 1179 belli
2957 1124 3181 1183 fortuna
3209 1136 3457 1198 vagatur.

2136 1222 2141 1229 ‘
2221 1208 2359 1266 Nam
2390 1212 2554 1270 modo
2579 1220 2730 1287 terga
2760 1213 2968 1271 dabant
3011 1214 3200 1272 hostes
3230 1216 3369 1288 (58),
3419 1218 3570 1273 modo
3606 1229 3744 1280 nostra

2222 1392 2477 1464 Agmina,
2505 1407 2605 1464 per
2627 1392 2831 1449 bellum
2858 1402 3044 1450 versat
3074 1393 3298 1450 Bellona
3326 1308 3706 1469 (59)

2223 1482 2511 1541 Diversum
2532 1484 2738 1556 jacitur
2763 1500 2865 1541 nec
2890 1485 3096 1541 eisdem
3128 1486 3340 1542 missile
3363 1486 3517 1541 votis.

2223 1573 2469 1631 Destinat
2497 1575 2586 1631 hic
2610 1575 2855 1647 jaculum
2885 1575 3280 1646 pmsentibus,
3311 1574 3403 1631 ille
3428 1578 3645 1645 remotis,

2222 1665 2431 1723 Cedere
2456 1667 2688 1724 crinitus
2713 1667 2956 1749 juvenis,
2985 1683 3097 1723 non
3127 1667 3332 1739 pellere
3357 1667 3543 1725 doctus

2226 1757 2497 1814 Funditur
2526 1759 2581 1813 in
2612 1758 2796 1828 plano,
2820 1757 2971 1829 jacto
3001 1757 3127 1813 terit
3155 1773 3283 1813 aera
3319 1774 3478 1813 vano.

2150 1828 2199 1890 Β
2226 1849 2372 1906 Neve
2398 1858 2546 1923 petat
2567 1828 2831 1922 palmam,
2860 1866 2994 1921 gens
3023 1850 3415 1922 conspicienda
3443 1851 3644 1923 capillis,

2224 1934 2501 1998 Libertate
2527 1940 2669 2015 fuga:
2698 1942 2921 1998 libertas
2951 1942 3225 1997 clauditur
3256 1942 3385 1999 illis.

2222 2033 2368 2107 Ergo
2398 2034 2495 2091 Dei
2525 2051 2781 2107 proceres
2808 2034 3144 2091 umbonibus
3168 2035 3365 2093 ordine
3393 2036 3501 2107 (60)
3521 2037 3690 2108 junctis

2222 2128 2315 2183 Sic
2341 2128 2563 2185 cinxere
2594 2127 2706 2200 (6i)
2736 2127 2905 2197 viros,
2935 2136 2995 2183 ut
3021 2126 3172 2199 sylva
3206 2127 3491 2184 cacumina
3518 2128 3701 2184 montis.

2224 2217 2478 2290 Undique
2504 2204 2651 2275 stant
2679 2219 2873 2287 turbas,
2906 2216 3237 2276 Godefridus
3264 2219 3337 2275 ab
3362 2220 3497 2276 urbe

2220 2311 2471 2367 Imminet
2497 2327 2527 2367 a
2551 2320 2723 2383 tergo,
2755 2309 3097 2367 Boimuudus
3134 2312 3409 2380 cominus,
3439 2327 3561 2383 ergo

2220 2404 2407 2477 Pugna
2438 2404 2499 2461 fit
2529 2404 2779 2472 immitis,
2811 2414 2963 2462 tanto
2993 2407 3179 2463 minus
3219 2414 3347 2478 apta
3373 2405 3595 2477 sagittis,

2220 2496 2414 2555 Flectit
2450 2488 2654 2569 equum
2697 2495 2957 2569 Parthus,
3000 2514 3279 2573 nusquam
3323 2508 3471 2555 vetat
3510 2500 3601 2554 hoc
3642 2498 3755 2554 locus

2452 2656 2455 2657 ν
3539 2591 3703 2666 [artus,

2220 2680 2406 2754 Tingit
2431 2680 2725 2739 Persarum
2757 2698 2923 2740 cruor
2947 2699 3109 2741 enses
3135 2684 3607 2758 Francigenarum.

2221 2773 2381 2832 Ensis
2411 2775 2679 2847 inexperti
2712 2775 2825 2849 (62)
2856 2777 3039 2833 studio
3067 2787 3341 2835 conantur
3375 2777 3530 2834 inerti

2220 2865 2384 2923 Turci
2412 2883 2511 2938 per
2540 2868 2824 2924 minimam
2851 2884 3047 2941 campo
3076 2886 3136 2926 se
3160 2870 3391 2927 reddere
3422 2870 3602 2940 ripam,

2219 2954 2290 3013 Ut
2317 2966 2539 3030 pateant
2562 2958 2767 3026 aditus,
2792 2958 2990 3013 rimam
3020 2959 3197 3031 possit
3226 2969 3452 3031 tangere
3476 2959 3629 3025 littus,

2220 3047 2455 3121 Sejsatis
2485 3057 2766 3117 exercent,
2795 3048 2891 3105 sed
2918 3065 3014 3106 eos
3042 3050 3242 3121 stipata
3270 3059 3521 3106 coercent

2219 3138 2473 3211 Agmina,
2507 3139 2841 3196 constrictus
2872 3141 3063 3213 nequit
3087 3142 3190 3198 hos
3215 3141 3517 3212 praecedere
3536 3140 3705 3195 victus.

2216 3321 2334 3378 Non
2352 3324 2557 3401 jaculis
2576 3324 2701 3380 licet
2726 3333 2822 3379 aut
2843 3326 3018 3382 solitis
3046 3325 3388 3381 anfractibus
3409 3326 3503 3380 uti.

2215 3414 2407 3472 Audax
2436 3426 2489 3473 et
2510 3416 2736 3473 timidus
2760 3418 2872 3491 (63)
2894 3427 3127 3491 pereunt
3149 3417 3339 3487 simul,
3374 3417 3498 3473 huic
3524 3415 3628 3487 (64)
3659 3428 3760 3484 pro«

2528 3530 2531 3539 -
2610 3574 2613 3575 ν
3497 3507 3710 3582 [hibetur

2128 3578 2131 3581 δ
2214 3597 2272 3654 1ιι
2301 3615 2484 3671 pugna
2513 3616 2791 3673 pugnare;
2820 3602 2914 3659 sed
2936 3602 3065 3659 huic
3103 3601 3231 3674 fuga
3261 3602 3367 3659 fida
3390 3574 3624 3673 negatur.

2212 3690 2525 3749 lmmodica:
2550 3695 2721 3750 turbae
2744 3695 2960 3752 modico
2997 3695 3293 3767 capiuntur
3321 3695 3392 3752 ab
3418 3694 3562 3751 orbe.

2212 3782 2427 3841 Turcus
2453 3784 2508 3840 in
2543 3787 2857 3856 oppositum
2887 3787 3019 3842 dum
3050 3787 3253 3857 saepius
3276 3786 3440 3858 erigit
3474 3784 3653 3849 ictum,

2209 3875 2498 3934 Confossis
2517 3879 2688 3934 costis
2713 3878 2870 3947 socii,
2891 3888 3101 3950 partem
3134 3878 3293 3950 juvat
3313 3878 3506 3935 hostis.

2208 3966 2435 4024 Pectora
2460 3971 2775 4039 pectoribus
2802 3980 2856 4027 et
2880 3971 3144 4027 membris
3182 3971 3429 4026 membra
3462 3977 3710 4027 teruntur.

2210 4059 2325 4116 Soli
2347 4061 2485 4117 bella
2516 4070 2711 4133 gerunt
2732 4063 2928 4131 nostri,
2961 4062 3125 4118 Turci
3153 4063 3459 4133 patiuntur.

2208 4149 2466 4223 Parthus,
2504 4154 2699 4222 Arabs,
2737 4156 2896 4227 proni
2934 4155 3049 4227 (65)
3087 4154 3456 4212 succumbunt
3500 4152 3637 4208 ultro
3676 4167 3765 4205 mn-

3511 4244 3677 4319 [croni
3698 4286 3713 4309 ,

512 4322 723 4383 Stantia
771 4324 988 4423 summa
1037 4336 1150 4408 (55)
1195 4338 1399 4396 ducum
1451 4341 1647 4397 vexilla
1700 4343 1885 4400 vident
1944 4332 2119 4418 quasi
2205 4334 2318 4392 Nec
2340 4337 2513 4393 nostri
2536 4347 2751 4394 tantum
2781 4350 3013 4410 possunt
3034 4350 3406 4423 prosternere,
3431 4346 3684 4410 quantum

1825 4437 2029 4495 lucum.

1825 4437 1988 4494 lncun

506 4507 619 4566 Nec
644 4526 798 4568 mora
827 4508 935 4585 per
952 4519 1131 4575 scalas
1160 4519 1490 4579 Godefridus
1519 4535 1772 4597 segregat
1798 4434 1935 4586 glas.
1988 4456 2005 4495 1

422 4606 423 4609 ‘
506 4597 590 4689 lin
616 4604 779 4660 modo
804 4605 1052 4667 devictus
1079 4611 1189 4665 dux
1218 4620 1273 4667 et
1298 4613 1366 4668 de
1396 4622 1579 4687 strage
1605 4618 1848 4689 relictus,

505 4688 741 4751 Emersit
770 4698 952 4754 subito
979 4700 1045 4756 de
1075 4703 1377 4772 montibus,
1406 4716 1459 4761 et
1486 4709 1714 4779 repetito

500 4780 673 4875 {lilite
699 4788 854 4860 signa
883 4806 1078 4861 gerens
1105 4794 1366 4863 demissa,
1397 4795 1581 4870 fugam
1613 4802 1716 4857 sibi
1746 4819 2021 4875 quaerens,

503 4872 633 4935 Visa
662 4876 980 4954 recognovit
1006 4886 1225 4953 vexilla,
1258 4897 1572 4962 metumque
1602 4872 1852 4953 removit.

499 4966 756 5045 Praecipit
778 4985 833 5031 et
856 4984 1003 5033 stare
1030 4993 1130 5035 sua
1159 4979 1338 5052 signa,
1373 4984 1626 5056 tubisque
1651 5003 1874 5046 sonare.

502 5060 841 5123 Alterutrum
869 5068 1106 5140 gaudent
1133 5071 1410 5131 sociorum
1438 5076 1594 5150 signa
1619 5079 1734 5153 (56)
1780 5082 1985 5152 videre,

593 5242 687 5315 ἕξ)
720 5242 895 5315 Edim
926 5255 1045 5315 post
1080 5242 1197 5304 hoc.

590 5312 684 5382 52)
720 5312 786 5367 Hi
816 5312 935 5370 dun'
953 5333 1145 5375 versus
1170 5320 1369 5378 desunt
1398 5321 1450 5378 in
1478 5323 1658 5382 editis;

912 5388 1233 5461 hostemque.

590 5450 682 5521 54)
718 5450 885 5521 Edit.,
918 5450 1143 5516 solatus:

588 5520 681 5599 ss)
718 5520 889 5599 seu.
918 5530 1093 5599 signa.

716 5588 884 5661 Edit.,
910 5588 1082 5654 scuta.

586 5656 677 5737 ﬁ!)
714 5656 881 5737 Edim
905 5670 1089 5737 ﬁmus-

714 5727 882 5803 Edit.,
905 5727 1110 5793 'Persat.

563 5800 677 5871 (59)
716 5800 883 5874 lidit.,
914 5811 1150 5878 fortuna.

2206 4429 2438 4502 Agmina
2469 4432 2635 4486 densa
2668 4431 2830 4499 mori,
2854 4432 3060 4488 claudit
3085 4420 3393 4489 madefaaa
3420 4432 3602 4487 cruori

2126 4530 2179 4590 ι)
2205 4520 2373 4579 Terra
2404 4524 2567 4591 viam,
2595 4526 2766 4581 rimas
2790 4525 2919 4596 quia
2941 4526 3049 4596 jam
3079 4526 3446 4597 compleverat
3469 4526 3607 4579 imas

2206 4615 2443 4695 Sanguis
2469 4628 2756 4690 cognatus,
2785 4634 2885 4674 nec
2918 4618 3078 4674 habet
3111 4636 3254 4689 quos
3289 4618 3478 4689 pandit
3500 4618 3691 4671 hiatus.

2203 4705 2389 4766 Pulvis
2435 4709 2528 4765 ubi
2568 4709 2751 4781 jcessit
2781 4752 2795 4778 ,
2844 4726 3007 4782 quem
3045 4710 3337 4782 sanguinis
3392 4708 3536 4764 unda
3588 4720 3767 4776 rcpnes-

2416 4808 2421 4811 '
3420 4801 3511 4875 [sit
3547 4802 3677 4871 (66),

2203 4887 2703 4959 Vincendicertum
2740 4892 2955 4964 signum
2979 4908 3233 4964 campum
3266 4908 3364 4962 per
3396 4902 3644 4962 apertum

2198 4981 2561 5052 Conspiciunt
2592 4985 2764 5039 nostri
2796 4984 2971 5040 factos
2999 4985 3065 5039 de
3095 4985 3368 5056 sanguine
3406 4984 3585 5051 rivos,

2197 5070 2265 5129 Et
2292 5083 2664 5133 sustentantes
2694 5072 2882 5149 erepta
2915 5076 3025 5149 (67)
3051 5062 3322 5133 cadavera
3354 5076 3528 5132 vivos.

2290 5246 2381 5321 60)
2417 5246 2584 5321 Edim
2613 5250 2863 5321 undique.

2289 5316 2381 5386 61)
2418 5316 2587 5386 Edit.,
2617 5316 2941 5376 δυσθέατον-ιιι.

2288 5388 2379 5459 62)
2408 5388 2585 5459 Edit.,
2614 5391 2921 5459 inexpertis.

2288 5457 2379 5530 65)
2407 5457 2574 5530 ﬁdit,
2605 5457 2851 5530 pavidus.

2264 5527 2379 5598 (64)
2409 5527 2579 5598 Edit.,
2606 5527 2714 5585 hic.
2956 5528 2961 5535 ”
3144 5580 3151 5587 .
3458 5541 3462 5544 ⁴

2261 5594 2377 5673 (65)
2408 5594 2576 5673 ﬁdit,
2615 5602 2769 5655 addit
2796 5600 2961 5657 Indus
2983 5602 3175 5658 omisso
3206 5602 3388 5673 proni.
3426 5612 3433 5616 ’

2262 5667 2375 5735 (66)
2409 5667 2533 5735 Ms.,
2562 5687 2783 5726 recessu.

2263 5738 2375 5809 (67)
2414 5738 2581 5811 Edit.,
2610 5743 2802 5798 erecta.
