3850 6310
196 5813 200 5815 “
220 5821 278 5863 διο.

525 394 644 458 959-
1134 389 1228 448 AD
1263 386 1717 448 GODEFRIDUM
1753 386 2045 460 API‘END.
2087 385 2153 444 ll.
2192 416 2264 428 -—-
2295 383 2567 445 NONUM.
2605 382 2698 441 DE
2731 380 2956 444 BELLO
2994 379 3246 441 SACRO.
3649 388 3722 452 ιω

513 511 659 568 Cum
687 505 1008 574 delectatur,
1039 505 1180 562 male
1210 505 1312 560 fida
1342 505 1473 561 fides
1498 504 1754 569 violatur.

517 599 790 658 Occubuit
814 611 1009 668 nempe
1037 597 1154 652 loca
1180 595 1311 668 dum
1330 595 1479 652 videt
1501 596 1699 654 aemula
1726 592 1962 670 Tempe..

515 689 652 748 Jura
678 690 813 747 fides
839 690 966 746 data
994 695 1124 744 sunt
1145 695 1322 743 morte
1344 685 1449 742 viri
1469 695 1755 755 temerata,
1830 763 1833 765 _

517 784 692 852 Quem
721 783 886 840 simul
911 783 1094 846 elusit,
1124 797 1184 836 se
1217 779 1354 835 civis
1385 779 1438 834 in
1459 779 1592 836 urbe
1607 781 1862 850 retrusit,

523 870 538 882 ‘
592 877 780 933 Audiit
807 885 866 932 ut
893 875 1059 931 funus
1087 871 1361 946 Umbcrga
1380 872 1583 931 decens
1607 881 1663 930 et
1689 872 1956 947 llugonis,

517 967 658 1023 Filia
688 977 853 1038 nupta
880 967 1036 1038 prius
1070 965 1311 1033 comitis,
1335 980 1484 1022 nunc
1510 973 1678 1036 nupta
1707 964 2002 1033 Gualonis,

515 1060 734 1127 Palluit;
760 1068 926 1130 atque
952 1072 1118 1130 genas
1141 1066 1294 1116 secat
1320 1057 1596 1130 unguibus
1622 1057 1714 1115 illa
1750 1057 2039 1130 protervis,

515 1149 584 1206 Et
609 1159 949 1207 sustentatur
974 1159 1212 1208 matrum
1236 1149 1435 1221 stipata
1461 1150 1718 1206 catervis.

512 1243 717 1300 Dextra
749 1259 940 1300 comas
965 1243 1204 1310 lacerat;
1235 1243 1330 1300 sed
1357 1259 1480 1314 qua:
1509 1243 2038 1312 laeeratlaeeratur;

513 1333 850 1407 Subtilisque
875 1350 1074 1392 manus
1095 1335 1280 1392 subtili
1313 1335 1466 1392 crine
1486 1343 1722 1391 secatur.

511 1426 948 1499 Examinemque
971 1427 1066 1484 diu
1097 1442 1202 1484 vox
1229 1442 1418 1498 pressa
1443 1425 1634 1484 dolore
1659 1427 1882 1499 reliquit
1910 1425 2026 1501 (80)

514 1519 623 1573 Sed
650 1518 875 1576 tandem
910 1521 1034 1576 voci
1060 1519 1150 1576 via
1179 1521 1272 1576 vix
1297 1521 1535 1588 laxatur,
1565 1529 1622 1577 et
1648 1502 1858 1593 inquit:

512 1601 761 1669 Tantane
793 1613 1057 1671 sustinuit
1085 1614 1228 1670 Deus
1255 1613 1557 1670 infortunia
1577 1614 1758 1686 gentis

583 1703 909 1763 Occurrisse
939 1721 1085 1774 sum;
1111 1706 1238 1776 plus
1267 1706 1491 1764 inimica
1511 1705 1682 1762 mihi?

512 1795 784 1853 Occubuit
811 1811 882 1854 ne
903 1797 1073 1855 decus
1100 1797 1463 1866 Francorum,
1492 1798 1770 1854 maximus
1803 1796 1978 1856 hostis

586 1886 850 1947 Hostibus
878 1888 970 1945 ille
990 1903 1148 1948 mens
1172 1904 1409 1962 spesque
1429 1889 1689 1961 salusque
1710 1888 1859 1946 suis?

513 1976 764 2051 Languet
789 1989 966 2037 morte
993 1980 1165 2052 gravi,
1196 1980 1339 2037 bello
1363 1996 1474 2040 non
1499 1979 1967 2060 languidadextra
1991 1980 2108 2054 (8i)

582 2071 848 2145 Languet,
868 2083 922 2130 et
949 2075 1210 2132 occubuit
1236 2074 1320 2130 vir
1340 2073 1515 2132 Gualo
1542 2074 1652 2130 vita
1676 2089 1820 2132 mea.

512 2161 599 2218 Me
627 2165 882 2221 miseram
906 2181 1016 2222 non
1042 2165 1368 2240 obsequium
1393 2165 1711 2223 miserabile
1738 2163 1870 2234 i‘eci,

592 2253 684 2308 Vir
709 2256 827 2321 tibi,
851 2271 978 2312 cum
1009 2256 1244 2324 caderis,
1272 2257 1604 2328 compariter
1623 2256 1820 2315 cecidi.

511 2345 608 2402 llei
642 2347 777 2402 mihi
796 2349 809 2403 ε
829 2364 936 2405 non
966 2347 1100 2416 fovi,
1127 2363 1240 2406 non
1261 2349 1458 2418 clausi,
1488 2364 1599 2406 non
1627 2363 1733 2422 ego
1758 2349 1864 2406 lavi

580 2433 677 2503 Os,
705 2437 898 2493 oculos
931 2437 1140 2506 vultus,
1165 2447 1340 2506 veste,
1358 2453 1548 2507 manu,
1574 2438 1856 2512 lacrymis.

510 2524 593 2582 Tu
623 2527 780 2596 mihi,
817 2537 878 2585 tu
905 2537 1072 2598 certe,
1097 2530 1353 2599 memini,
1383 2531 1569 2603 iurare
1594 2531 1833 2591 solebas.

580 2615 661 2673 Te
682 2618 984 2676 vitaturum
1012 2621 1232 2681 cautius
1263 2621 1517 2680 insidias.

512 2707 624 2766 Sed
657 2727 824 2782 quam
881 2728 993 2782 non
1024 2723 1240 2784 poterat
1265 2730 1400 2787 gens
1437 2713 1645 2786 perﬁda
1663 2713 1884 2774 demere
1933 2712 2113 2792 bello,

477 2813 480 2816 ’
581 2801 680 2860 Est
705 2805 923 2863 sublata
956 2806 1056 2864 tibi
1083 2807 1194 2867 vita
1215 2807 1375 2868 beata
1395 2807 1544 2866 dolo.

2141 1853 2188 1914 Β

2142 509 2188 570 Α
2215 504 2328 578 (89.)
2379 504 2524 576 Quid
2575 502 2774 564 faciam
2819 503 3012 579 procul
3055 519 3090 560 a
3117 502 3316 576 patria,
3337 501 3520 574 praetd
3545 517 3728 578 aptus

2283 687 2427 758 Quid
2456 686 2620 744 faciet
2647 675 2856 762 fragilis
2878 684 3078 743 femina
3101 671 3644 756 «magum-fe...

2213 755 2390 856 Figite
2417 795 2505 837 me
2525 755 2846 852 qu'ibus'est
2871 780 3063 847 pietas,
3094 778 3356 851 opponite
3378 755 3498 836 telis
3597 755 3652 870 ι’
3689 777 3694 782 ’

2286 874 2612 932 Parthorum
2646 875 2928 944 miseram,
2960 890 3112 932 mors
3139 875 3278 932 mihi
3309 890 3468 946 pcena
3482 861 3629 932 levis:

2211 967 2382 1038 Mors,
2413 983 2566 1026 mors
2594 983 2760 1040 pcena
2789 966 2946 1037 levis,
2969 967 3015 1024 si
3035 967 3239 1040 jungar
3259 977 3434 1022 morte
3453 959 3658 1038 Caleni,
3691 1033 3694 1036 ,

2284 1057 2344 1116 Si
2373 1073 2485 1115 non
2514 1058 2618 1116 sim
2641 1057 2826 1132 Turco
2852 1057 3036 1128 praeda
3069 1057 3256 1113 futura
3277 1057 3441 1113 truci.
3471 1050 3508 1140 ’τ

2210 1149 2324 1209 Nos
2353 1152 2495 1208 levat
2520 1149 2802 1209 Evrardus
2827 1149 2999 1212 frater
3027 1149 3298 1208 solamine
3324 1133 3588 1221 qnestus,'.

2281 1242 2351 1300 Et
2373 1243 2623 1315 reprimit
2650 1241 2848 1298 blanda
2873 1256 3006 1299 voce
3031 1256 3228 1316 graves
3266 1240 3536 1324 gemitus._

2213 1333 2307 1409 Sic
2328 1335 2474 1407 apud
2495 1333 2749 1390 hostilem
2776 1333 2944 1391 variis
2968 1333 3255 1390 eventibus
3275 1330 3467 1412 urbem
3515 1319 3536 1412 ε’
3571 1409 3583 1412 _

2211 1401 2494 1482 Ducebant
2513 1424 2733 1496 longam
2761 1432 3036 1480 nostrates
3060 1423 3432 1486 obsidionem.
3452 1409 3470 1504 λ
3499 1403 3520 1422 “
3549 1409 3614 1504 ς
3629 1415 3634 1420 ’
3649 1401 3672 1420 "
3689 1411 3708 1498 “

2209 1517 2358 1575 Inter
2380 1516 2738 1576 Christicolas
2765 1527 2822 1575 et
2845 1515 3054 1574 Christi
3087 1512 3332 1572 nominis
3361 1505 3559 1579 hostes,
3625 1579 3628 1582 ,
3715 1570 3722 1580 ,

2208 1611 2397 1686 Pugna
2423 1613 2741 1683 trahebatur
2769 1626 2938 1684 prepe
2956 1610 3128 1666 denos
3153 1622 3352 1679 aspera
3379 1614 3582 1690 ωοιιιεφ

2209 1701 2496 1762 Instabam
2525 1704 2614 1762 isti
2638 1703 2724 1761 tisi
2755 1703 2960 1759 virtute
2981 1715 3244 1772 superna.
3383 1771 3390 1782 ⁸
3586 1761 3592 1782 ί

2208 1792 2513 1852 Obstabaut
2546 1795 2624 1851 illi
2655 1795 2893 1852 nitentes
2928 1792 3121 1848 fraude
3144 1777 3390 1862 patenti.
3472 1777 3498 1782 ”’
3585 1777 3596 1790 ’
3663 1777 3678 1784 ’

2213 1885 2520 1960 Sperabam
2540 1887 2588 1945 si
2617 1887 2838 1961 quidem
2862 1894 3087 1942 nostros
3114 1882 3200 1939 vel
3229 1878 3538 1958 deﬁcientes
3627 1957 3652 1964 ﬂ

2212 1959 2474 2040 Deserere
2494 1981 2556 2038 in.
2576 1959 2756 2036 medio
2791 1977 3086 2034 frustratos
3115 1989 3259 2044 saepe
3285 1971 3518 2036 labores,
3597 1959 3636 1980 ”

2213 2071 2312 2141 Vel
2347 2073 2454 2131 sibi
2479 2071 2756 2146 myriadas
2781 2069 3076 2128 Persarum
3101 2065 3279 2139 gentis
3307 2063 3516 2145 adesse,
3611 2125 3638 2142 ν,
3707 2123 3724 2140 ι

2212 2164 2363 2223 More
2384 2165 2721 2222 locustarum
2747 2160 2846 2235 qui
2866 2158 3140 2217 obstantia
3168 2156 3371 2214 Cuncta
3389 2153 3658 2240 vorarey“.

2211 2255 2334 2320 Tali
2352 2264 2634 2327 comperto
2654 2268 2879 2324 rumore
2903 2253 3063 2308 beata
3095 2259 3338 2306 caterva.
3371 2287 3374 2290 ~
3403 2305 3416 2332 ε
3445 2308 3450 2312 ,
3537 2326 3540 2330 ,
3599 2309 3644 2334 η,

2220 2348 2281 2406 ln
2308 2358 2606 2421 conspectu
2628 2347 2782 2404 urbis
2810 2346 3067 2419 producit
3088 2343 3319 2416 pignora
3345 2343 3516 2398 sacra.

2213 2439 2329 2499 Illic
2351 2440 2566 2498 obsidio
2586 2448 2797 2512 septem
2818 2439 3041 2511 juratur
3063 2437 3118 2492 in
3142 2448 3344 2500 annos,
3413 2503 3416 2510 ι
3515 2489 3526 2498 ,,
3557 2503 3582 2514 η
3617 2495 3636 2516 ι
3669 2489 3680 2514 ἢ,
3713 2497 3720 2502 ,

2213 2533 2428 2591 Rursus
2441 2541 2508 2598 et
2530 2532 2589 2590 in
2612 2532 2860 2601 totidem,
2883 2526 2991 2589 nisi
3026 2529 3204 2586 virtus
3232 2526 3422 2583 cmlica
3459 2535 3630 2580 muros

2203 2624 2477 2686 Panderet
2508 2633 2636 2684 ante
2658 2624 2786 2694 sibi,
2809 2639 2934 2698 quae
2952 2637 3106 2695 spem
3133 2620 3404 2677 resccavit
3425 2617 3626 2674 inanem
3693 2671 3698 2676 ,

2209 2717 2458 2788 Civibus,
2489 2715 2958 2788 immodicumque
2979 2713 3214 2774 incussit
3232 2725 3405 2770 causa
3427 2709 3674 2766 timorem.
3747 2749 3752 2754 η

1719 3134 2027 3233 LIBER
2096 3131 2586 3246 TERTIUS.

689 3351 953 3410 Edessani
979 3349 1298 3424 legationem
1334 3350 1552 3407 mittunt
1587 3349 1932 3410 Christianis.

583 3443 738 3501 Talia
761 3443 906 3516 apud
937 3442 1154 3517 Syriam
1176 3441 1328 3500 varia
1352 3442 1485 3499 dum
1507 3451 1657 3502 sorte
1679 3453 1966 3519 geruntur,

514 3536 787 3610 Nuncque
818 3537 970 3604 hinc,
985 3550 1138 3594 nunc
1163 3534 1316 3593 illinc
1337 3534 1483 3592 mala
1507 3535 1594 3592 vel
1617 3535 2112 3616 bonadistribuun-

1899 3625 2036 3703 [tur,

511 3719 676 3777 Venit
694 3720 764 3776 ad
792 3719 994 3776 heroas
1015 3717 1244 3791 supplex
1271 3717 1475 3792 legatio
1505 3727 1750 3784 nostros,

507 3813 740 3870 Consilii
760 3827 994 3885 poscens
1021 3811 1190 3869 simul
1217 3811 1519 3883 auxiliique
1547 3809 1830 3868 ministros

507 3905 901 3978 Praecipueque
925 3903 1086 3962 ducis
1113 3903 1406 3975 compellat
1424 3903 1610 3960 nobile
1629 3917 1832 3962 nomen

508 3995 804 4070 Vulgatum
841 3995 988 4056 fama
1010 4003 1216 4053 terram
1243 3994 1508 4052 volitante
1534 4009 1633 4067 per
1653 4009 1874 4053 omnem

507 4087 668 4145 Unde
689 4098 874 4164 tamen
901 4088 990 4145 vel
1015 4103 1116 4144 cur
1133 4085 1334 4160 legatio
1356 4086 1567 4144 venerit
1591 4086 1718 4156 ista,

507 4177 702 4239 Restat
719 4187 784 4237 ut
803 4178 1057 4252 expediat
1081 4178 1329 4236 narratio
1360 4177 1730 4250 suppeditata.

578 4267 753 4328 Terra
780 4269 926 4326 inter
948 4269 1199 4341 geminos
1242 4268 1518 4327 ditissima
1563 4267 1842 4326 clauditur
1895 4281 2109 4334 amnes,

506 4360 714 4436 Tygrin
736 4370 792 4419 et
815 4359 1176 4433 Euphratem,
1204 4361 1442 4434 populos
1463 4359 1680 4418 famosa
1704 4375 1801 4430 per
1821 4374 2038 4418 omnes.

505 4455 569 4514 In
594 4455 786 4514 Graeco
820 4456 1161 4515 retinens....
1184 4453 1579 4528 Mesopotamia
1602 4468 1826 4527 nomen,
1854 4527 1859 4534 ἱ

504 4545 590 4604 Ex
611 4547 902 4605 habit......
942 4557 1235 4606 conservat
1263 4546 1505 4603 nominis
1538 4559 1724 4604 omen.

505 4636 555 4693 Δ
580 4637 747 4695 ﬂuvio
774 4639 985 4697 ad......
1019 4647 1232 4698 tantum
1255 4638 1468 4706 distare
1493 4636 1731 4704 videtur,

505 4729 855 4800 Quantum...
891 4731 1126 4803 pedibus
1153 4741 1376 4801 septena
1397 4730 1520 4786 luce
1550 4738 1785 4786 meatur.

505 4817 636 4877 Haec
656 4821 803 4877 inter
823 4821 1011 4892 plures
1039 4819 1253 4890 gremio
1282 4832 1424 4889 quas
1451 4818 1699 4875 continet
1729 4817 1913 4885 urbes,

504 4907 652 4968 Urbs
674 4910 902 4983 antiqua
925 4918 1143 4980 potens,
1171 4908 1456 4980 speciosa,
1472 4917 1528 4965 et
1555 4909 1724 4966 divite
1747 4925 1912 4978 vena,

503 5000 724 5058 Eminet
746 5000 990 5072 antiqua:
1031 4999 1296 5073 Babyloni
1322 5016 1517 5074 nempe
1539 5017 1740 5059 coaeva.

500 5093 643 5156 Nam
671 5109 784 5169 quo
829 5092 1142 5152 Cbaldzeam
1172 5093 1486 5166 pharetrata
1536 5093 1859 5154 Semiramis
1913 5109 2096 5153 arcem

501 5186 778 5261 Tempore
818 5185 1136 5252 construxit
1202 5185 1371 5260 simul
1419 5187 1538 5246 hac
1589 5203 1811 5261 quoque
1881 5187 2101 5244 condita

985 5305 992 5311 ε
1817 5277 1994 5354 [fulsit
2011 5297 2027 5337 :

501 5365 738 5426 Nomine
759 5375 1020 5442 corrupto
1044 5384 1166 5443 quae
1190 5386 1337 5430 nunc
1365 5369 1609 5430 Rabasia
1633 5369 1800 5440 dicta,

502 5456 797 5532 Temporis
819 5460 1033 5534 antiqui
1059 5463 1306 5536 possedit
1330 5478 1534 5522 nomen
1561 5462 1794 5539 Edyssa.

502 5543 636 5607 Hoc
661 5563 823 5608 secus
844 5549 1100 5628 Assyrias
1124 5554 1274 5629 jacet
1303 5554 1371 5612 ad
1395 5571 1489 5614 sex
1519 5554 1692 5613 millia
1724 5553 1988 5624 Charras,

715 5681 886 5762 Egit},
917 5687 1187 5762 relinquit.

505 5752 694 5879 mg!)
752 5752 920 5828 Edit.,
962 5752 1110 5817 Eheu
1157 5763 1275 5833 quis
1309 5763 1438 5819 nti/ti
1482 5763 1570 5819 det
1595 5763 1788 5819 misera
1834 5760 2100 5824 discedere

2138 3354 2185 3420 C
2215 3352 2481 3416 Romanis
2499 3350 2736 3414 ditcibus
2762 3355 3094 3413 Crassorum
3121 3360 3301 3412 morte
3327 3366 3565 3425 pet-esas,

2214 3444 2274 3504 In
2294 3446 2502 3526 quibus
2529 3446 2790 3519 antiquus
2811 3445 3042 3519 degebat
3067 3444 3272 3500 Abram
3308 3441 3630 3516 patriarcha.

2211 3535 2352 3594 Cum
2374 3535 2444 3592 de
2469 3534 2764 3593 Chaldaica
2793 3535 2980 3592 divino
3008 3533 3236 3593 numine
3262 3532 3482 3589 ﬂamma

2212 3627 2418 3686 Erutus
2443 3610 2618 3705 evasit
2644 3627 2844 3695 fuerat,
2868 3642 2977 3698 qua
3000 3625 3170 3683 frater
3191 3627 3450 3694 aduStus,

2213 3721 2370 3779 Unde
2387 3730 2444 3780 et
2463 3736 2595 3780 voce
2621 3719 2718 3796 Dei
2743 3735 2874 3777 mox
2897 3731 2982 3776 est
3007 3719 3272 3777 excedere
3287 3719 3501 3791 jussus.

2213 3812 2323 3871 Sed
2348 3813 2466 3886 jam
2495 3813 2794 3886 praemissae
2820 3820 3004 3868 textus
3037 3819 3314 3882 repetatur
3342 3808 3584 3881 Edyssa.

2211 3904 2270 3962 In
2300 3921 2410 3978 qua
2435 3920 2604 3978 regna
2629 3912 2822 3962 tenens
2849 3902 2953 3960 fuit
2979 3902 3230 3975 Abgarus
3257 3901 3350 3962 ille
3372 3901 3563 3958 beatus
3586 3902 3623 3968 ς’

2210 3995 2293 4055 Ex
2321 3997 2542 4054 Domini
2559 3995 2768 4054 Christi
2793 3995 3060 4067 rescripto
3087 3994 3473 4067 magniﬁcatus
3499 3993 3632 4067 (83).

2210 4089 2290 4146 Ac
2316 4087 2495 4146 morbi
2521 4087 2719 4146 veteris
2743 4086 3084 4145 cruciatibus
3109 4094 3469 4154 exoneratus,

2211 4179 2339 4238 Haec
2362 4181 2436 4258 ibi
2471 4180 2812 4253 temporibus
2839 4180 3144 4252 permansit
3167 4178 3401 4250 epistola
3435 4175 3645 4246 multis,

2211 4272 2390 4344 Atque
2413 4286 2479 4328 ea
2519 4271 2590 4328 ab
2613 4269 2860 4328 adversis
2889 4269 3088 4328 tutavit
3108 4269 3316 4328 muenia
3337 4269 3580 4328 cunctis.

2210 4361 2348 4419 Nam
2371 4363 2420 4421 si
2441 4361 2762 4443 barbaricus
2784 4361 2941 4419 furor
2973 4361 3103 4420 illuc
3124 4361 3504 4434 perveniebat,

2210 4454 2523 4528 Baptizatus
2551 4471 2676 4513 eam
2702 4470 2839 4528 puer
2866 4453 2972 4511 alta
2997 4470 3063 4512 ex
3098 4469 3225 4512 arce
3245 4453 3480 4528 legebat,

2210 4546 2446 4619 Moxque
2469 4548 2555 4610 vel
2585 4547 2640 4604 in
2667 4563 2858 4620 pacem
2883 4564 3018 4622 gens
3041 4564 3107 4606 ex
3132 4545 3352 4604 feritate
3381 4545 3618 4612 redibat,

2211 4637 2322 4694 Aut
2342 4646 2551 4694 terrore
2575 4637 2761 4710 fugam
2789 4639 2977 4696 divino
3003 4647 3147 4695 tacta
3171 4637 3412 4710 petebat.
3569 4635 3572 4637 λ

2137 4717 2187 4776 Ῑ)
2213 4728 2314 4788 llic
2340 4746 2564 4804 quoque
2587 4729 2861 4788 Thadarus
2891 4731 2947 4787 in
2980 4725 3655 4803 Septuaginta’probatus,

2211 4820 2279 4878 Et
2306 4821 2431 4878 ﬁdei
2457 4836 2707 4877 normam
2737 4821 3069 4878 contradidit
3093 4830 3148 4877 et
3171 4819 3464 4891 requievit,

2100 4983 2103 4986 _
2212 4911 2315 4971 llic
2340 4914 2508 4972 etiam
2539 4912 2785 4981 Thomas,
2809 4913 2904 4986 qui
2929 4911 3135 4970 Christi
3156 4913 3385 4968 vulnera
3411 4911 3613 4980 sensit,

2209 5004 2278 5065 Et
2303 5005 2568 5064 dubitans
2589 5006 2750 5063 nobis
2768 5004 3053 5062 dubitandi
3085 5005 3294 5061 crimen
3321 5004 3562 5070 ademit,

2206 5098 2422 5170 Corpus
2443 5098 2515 5155 ab
2538 5097 2798 5155 ludorum
2834 5089 3153 5170 regionibus
3176 5111 3300 5154 esse
3320 5097 3562 5151 relatum

2203 5188 2480 5259 Creditur,
2503 5198 2560 5248 et
2578 5190 2795 5264 magnis
2815 5190 2909 5247 hic
2934 5188 3238 5247 honoribus
3262 5189 3697 5245 accumulatum.

2206 5278 2336 5339 liae
2362 5280 2530 5339 semel
2559 5281 2616 5337 in
2645 5280 2853 5337 Christi
2876 5289 3239 5353 postquam...
3273 5296 3554 5349 amorem,

2204 5371 2500 5447 Nunquam
2529 5371 2795 5430 sustinuit
2819 5371 3115 5446 frigescere
3151 5372 3510 5445 religionem,
3593 5447 3598 5454 δ

2207 5464 2315 5523 Sed
2363 5480 2542 5540 neque
2581 5463 2952 5528 schismatieis
2999 5463 3216 5536 patiens
3263 5453 3583 5524 concedere
3609 5462 3676 5520 ad
3699 5463 3783 5519 lto-

3570 5553 3730 5633 ίηιι,

2275 5693 2390 5763 (8‘2)
2425 5691 2490 5749 lli
2518 5695 2630 5751 duo
2651 5709 2844 5751 versus
2865 5694 3063 5751 desunt
3084 5694 3138 5749 in
3167 5694 3355 5752 editis.

2278 5766 2392 5836 (85)
2419 5763 2559 5824 Nota
2583 5766 2649 5825 de
2676 5767 2907 5837 epistola
2931 5767 3135 5824 Clu-isti
3162 5767 3234 5841 ad
3258 5766 3580 5840 Abgarum.
