3850 6310
120 360 193 423 961
915 346 1192 408 οιιοΝἱε
1224 344 1450 405 PARIS.
1492 344 1640 406 HlS’l

1789 345 2159 406 eaeson..-
2217 343 2357 405 LIB.
2400 343 2488 405 lli.
2700 332 2740 424 ‘.
3208 352 3307 414 est

116 470 330 536 ειιιιοιίεί
352 464 511 526 tenuit
532 461 919 521 moderaminis
942 452 1334 536 integritatem,
1644 461 1694 523 Α
1716 457 1826 517 Nec
1855 460 1961 516 nisi
1982 459 2079 532 qui
2114 457 2274 515 latuit
2293 456 2635 515 Francorum
2663 455 2897 515 vulnera
2932 458 3092 535 fugit.

119 568 239 629 Unde
254 573 299 619 et
321 558 518 634 gentilis
538 556 682 613 mala
715 554 949 627 plurima
980 550 1332 610 conditionis.
1723 549 1837 609 Nec
1861 550 1957 624 qui
1987 550 2209 608 desiluit
2236 549 2370 607 sella
2398 556 2523 621 post
2550 549 2694 604 hanc
2714 549 2987 620 repetivit.

116 662 165 716 Et
192 658 292 713 tulit
314 650 561 710 haeretica:
582 646 826 704 feritates
853 645 1172 717 impietatis.
1721 639 1835 701 Nec
1859 642 2089 700 veniens
2114 642 2316 699 vulnus
2342 641 2489 699 cutis
2518 642 2911 700 exteriora.....

113 748 299 806 laxitas
317 743 402 799 sed
419 739 519 797 fuit
540 740 655 796 haec
681 739 933 794 odiorum
964 737 1255 809 primaque
1283 746 1475 801 causa,
1723 733 1832 791 Sed
1866 735 2053 791 caesim
2076 734 2434 806 punctimque
2462 732 2826 789 animae.......

114 842 214 909 Qum
229 850 370 907 super
399 833 533 888 hanc
585 828 807 903 gravius
846 827 1147 884 commovit
1192 826 1421 883 ﬁnitima
1442 840 1619 894 arma,
1720 822 1833 882 Nec
1860 824 1965 881 fuit
1986 824 2075 882 his
2104 824 2306 880 mirum
2336 822 2618 880 Gallorum
2656 824 2763 879 tela
2792 837 3013 895 pavere,

112 929 231 997 Quod
256 924 405 998 Syria:
427 921 642 977 veniens
667 917 873 976 Christi
906 918 1111 975 chorus
1133 918 1201 975 ad
1223 918 1501 990 regionem
1722 915 1793 972 Et
1816 917 2008 999 collisa
2036 915 2204 972 nimis
2236 922 2362 987 post
2390 910 2612 987 pectora
2637 921 2790 988 terga
2820 914 3028 972 fovere.

108 1017 312 1081 Antiochi
334 1021 567 1088 quateret
589 1011 757 1069 variis
787 1010 1134 1069 conﬂictibus
1165 1010 1378 1066 urbem.
1722 1006 1863 1064 Dum
1898 1021 2136 1079 quorum
2164 1004 2384 1062 fuerant
2401 1004 2698 1061 virtutibus
2725 1005 2913 1062 omnia
2940 1020 3139 1079 prona,

110 1113 159 1170 Et
180 1126 261 1168 nec
280 1122 365 1165 eos
383 1118 572 1178 magno
602 1102 905 1159 valuissent
924 1102 1142 1157 vincere
1166 1098 1331 1169 bello,
1723 1098 1963 1172 Solaque
1986 1099 2289 1162 habebatur
2316 1098 2533 1172 gentilis
2555 1099 2726 1172 gloria
2750 1114 2954 1173 pugna.

109 1205 189 1262 Sed
210 1219 293 1259 nec
310 1200 372 1257 ab
393 1200 609 1255 obsesso
642 1196 837 1253 saltem
866 1195 1135 1267 depellere
1159 1207 1342 1249 muro.
1616 1258 1617 1267 γ
1720 1189 1863 1248 Cum
1892 1189 2063 1247 Gallis
2082 1188 2233 1247 sueti
2262 1203 2364 1261 pro
2384 1190 2502 1247 sola
2524 1189 2667 1247 bella
2702 1190 2879 1248 salute

107 1296 205 1353 Inde
225 1298 390 1367 graves
417 1290 508 1345 irae
532 1298 719 1347 contra
744 1304 917 1361 genus
942 1302 1105 1344 omne
1128 1286 1367 1359 piorum,
1723 1282 1955 1353 Ducere,
1987 1296 2132 1355 stepe
2160 1281 2347 1355 fugam
2378 1276 2483 1340 sibi
2504 1298 2606 1354 pro
2624 1282 2857 1340 victoria
2895 1282 3118 1342 habere.

105 1387 154 1442 Et
169 1384 458 1442 desiderium
485 1380 698 1437 delendi
724 1395 923 1436 nomen
949 1395 1164 1436 eorum.
1722 1372 1876 1443 Quos
1903 1392 1935 1432 a
1958 1391 2019 1433 se
2043 1374 2232 1431 Crassi
2267 1374 2648 1432 meminissent
2672 1374 2865 1433 funere
2887 1378 3100 1452 victos”

104 1478 339 1548 Propterea
367 1475 557 1531 celsam
584 1473 729 1529 circa
760 1488 1066 1529 concursus
1093 1470 1361 1545 Edyssam
1724 1466 2079 1539 Sublatisque
2110 1466 2279 1524 etiam
2304 1466 2479 1539 signis
2508 1482 2608 1522 sua
2630 1469 2736 1523 sub
2757 1468 2888 1540 juga
2910 1472 3114 1527 missos
3139 1488 3161 1528 :

103 1568 311 1624 Vastabat
331 1575 487 1622 totam
516 1564 754 1637 regionis
776 1564 1137 1622 fertilitatem.
1210 1568 1213 1569 ⁷
1721 1561 1863 1618 Cum
1888 1560 2267 1617 Remanorum
2300 1574 2400 1632 per
2421 1559 2659 1635 plurima
2686 1562 2909 1617 nomina
2939 1562 3140 1634 gentis,

103 1659 203 1715 Illuc
220 1656 361 1712 vicini
385 1664 577 1712 cuneta
599 1656 667 1712 dc
686 1665 839 1727 parte
865 1656 1093 1729 gregati,
1612 1656 1615 1657 ⁷
1722 1650 1919 1707 Obruit
1940 1646 2268 1722 Euphrates,
2304 1657 2361 1704 et
2386 1648 2559 1704 multa
2589 1649 2857 1707 cadavera
2885 1650 3091 1724 Tigris

101 1750 199 1807 illuc
228 1748 486 1820 longinqui
515 1746 663 1805 fama
697 1748 1015 1804 stimulante
1040 1745 1241 1805 vocati.
1725 1740 1930 1798 Detulit
1958 1740 2016 1797 in
2046 1748 2224 1797 terras
2251 1754 2317 1796 ac
2343 1738 2602 1797 reddidit.
2635 1738 2780 1812 Ergo
2807 1742 3045 1813 repulsis

101 1841 280 1912 Oppida,
306 1856 446 1907 rura,
475 1855 654 1908 casas,
681 1840 1017 1911 castellaque
1041 1838 1448 1908 concutiebaut,
1652 1824 1698 1884 Β
1724 1832 2008 1901 Hostibus,
2036 1840 2093 1888 et
2115 1832 2279 1889 caecis
2298 1831 2666 1889 candentibus
2698 1848 2795 1888 ora
2822 1833 3097 1903 cavernis,

99 1932 270 1997 Matres,
290 1938 454 2000 prata,
475 1931 647 1998 viros,
679 1931 938 1987 animalia
966 1930 1319 2003 diripiebant.
1610 1922 1617 1931 ’
1724 1925 1887 1982 Omni
1922 1916 2114 1998 pacata
2139 1925 2364 1997 regione
2386 1933 2443 1981 et
2462 1926 2837 1994 constabilita,

99 2020 436 2091 Nonnunquam
467 2022 641 2090 portis
659 2036 881 2092 quoque
908 2021 1255 2093 pugnabatur
1276 2020 1331 2078 in
1354 2019 1498 2088 istis,
1723 2017 1883 2074 Nulla
1919 2033 1980 2075 se
2004 2018 2144 2074 laetis
2176 2017 2359 2088 specie
2379 2016 2647 2074 miscente
2668 2018 2910 2091 maligna
2936 2036 2952 2075 :

98 2112 339 2169 liutua.....
364 2112 645 2169 fervebant
670 2114 897 2169 vulnera
924 2114 1067 2169 telis.
1726 2113 1892 2171 Urbis
1917 2123 2174 2187 regnator
2203 2114 2429 2170 fratrem
2460 2113 2707 2170 ductoris
2736 2113 2983 2184 adoptat,

98 2205 419 2261 Civibus.......
448 2203 615 2262 fessis
644 2221 754 2261 non
780 2205 933 2262 futile
960 2206 1162 2273 visum,
1731 2205 1908 2279 thue
1930 2216 2088 2279 pater
2114 2217 2303 2262 natum
2328 2205 2547 2277 penitus
2577 2206 2680 2263 sibi
2711 2213 2931 2263 nectere
2958 2213 3154 2262 certat.

96 2294 317 2349 Auxilium
342 2303 528 2351 contra
554 2295 825 2367 perquirit
842 2295 1315 2352 Christicolarum.
1726 2299 1948 2372 Delegat
1984 2308 2210 2366 terram,
2237 2299 2519 2369 regionem
2549 2297 2808 2371 subjugat
2829 2313 3073 2367 omnem,

98 2385 275 2442 liae...”
303 2403 461 2443 causa
482 2386 687 2459 legatio
709 2387 823 2459 jam
850 2397 1176 2454 memorata,
1725 2390 1786 2447 ln
1815 2406 1915 2447 sua
1945 2398 2103 2463 pacta
2136 2405 2335 2445 manus
2368 2388 2501 2446 facit
2546 2389 2722 2462 ipsam
2750 2390 2981 2463 jungere
3012 2389 3249 2463 plebem.
3306 2388 3309 2391 ’

95 2478 219 2534 Missa
238 2478 615 2551 Superveniens
645 2482 948 2551 penetravit
973 2479 1175 2536 Gallica
1202 2488 1405 2536 castra.
1726 2482 1875 2539 ιω
1899 2493 2200 2539 coronatur
2225 2480 2393 2537 facies
2418 2491 2473 2538 et
2499 2482 2745 2539 concinit
2771 2482 2947 2539 urbis.

95 2570 343 2627 Monstrant
367 2581 419 2626 et
445 2572 633 2628 socios
672 2572 728 2626 in
755 2569 964 2628 Christi
990 2571 1274 2642 religione,
1727 2575 1969 2632 Diversis
1992 2576 2231 2631 modulis
2252 2574 2511 2646 jubilatio
2541 2569 2810 2631 cbnsonat
2831 2574 3020 2632 astris.

94 2661 441 2718 Eteonservata
479 2677 701 2735 semper
729 2662 852 2719 ﬁdei
883 2663 1213 2735 integritate,
1614 2666 1617 2671 λ
1726 2668 1981 2737 Quotidie
2009 2668 2211 2726 celsam
2240 2668 2414 2724 fervet
2434 2682 2739 2725 concursus
2769 2667 2836 2723 ad
2862 2669 3067 2729 autaut.

281 2754 455 2825 gravia
482 2755 604 2810 haec
636 2754 740 2810 sibi
762 2754 1176 2826 proveniebant,
1728 2759 2034 2817 Unanimes
2066 2766 2311 2816 nostram
2336 2767 2551 2816 certant
2581 2760 2864 2817 addiscere
2886 2761 3082 2833 legem,

93 2843 314 2899 Auxilium
336 2861 429 2916 per
454 2861 552 2903 eos
576 2847 685 2903 sibi
714 2846 953 2902 dandum
980 2846 1106 2918 jure
1130 2844 1396 2901 ferebant.
1727 2851 1997 2908 Funditur
2017 2852 2071 2906 in
2101 2861 2332 2908 cunctos
2361 2868 2464 2922 pax
2485 2861 2540 2907 et
2560 2852 2853 2907 concordia
2876 2852 3042 2909 cives.

92 2931 416 3006 t‘raecipueque
442 2936 607 2992 ducis
631 2952 921 3007 personam
948 2937 1338 3004 sollicitabant,
1724 2942 1941 3000 «ιω-...η
1976 2952 2315 3014 componunt
2338 2942 2582 3014 undique
2612 2944 2756 3011 lites,
2980 2962 2985 2965 '

92 3024 393 3099 Namque.....
428 3020 557 3101 plus
593 3026 942 3086 formidabile
964 3036 1183 3085 norant.
1727 3034 1978 3092 Militiam
2001 3045 2217 3093 exercet
2244 3036 2349 3093 sub
2380 3046 2533 3093 certo
2554 3037 2739 3107 judice
2763 3037 2891 3093 tiro.

135 3186 161 3198 ,Δ
281 3185 299 3198 ,
356 3187 368 3198 _
473 3188 504 3198 __
770 3185 847 3198 ,υ
1112 3187 1125 3198 _
1399 3185 1434 3198 η
1498 3185 1537 3198 __
1582 3184 1597 3198 ,
1665 3194 1691 3198 _
1728 3124 1871 3183 Hinc
1887 3141 2059 3198 eques
2093 3127 2333 3197 hincque
2355 3126 2522 3197 pedes
2551 3136 2699 3182 recto
2734 3134 2917 3182 movet
2944 3124 3161 3198 agmina
3186 3137 3323 3197 gyro

92 3183 163 3239 Fit
190 3185 579 3290 confcderatiod
739 3185 1019 3290 ‘Eﬂessﬁ,’
1038 3187 1190 3259 cujus
1227 3185 1471 3244 custodia
1491 3184 1612 3242 Bal-

1650 3194 1695 3256 (ἶ
1725 3183 1955 3276 Pellitur
1977 3229 2096 3274 atra
2120 3183 2315 3287 fames,
2340 3183 2618 3290 opulentia
2644 3229 2835 3290 regnat
2861 3218 2915 3273 in
2940 3183 3150 3285 omnes,

540 3259 711 3314 duino
736 3260 1110 3316 committitur.
1724 3259 1939 3325 ;,“’³““ζζ
1977 3259 2096 3274 ““’““
2120 3259 2315 3325 ’“Ϊζ¹,“’””
2341 3259 2618 3325 ζ’¹’“”ζῖ’““““
2634 3259 2867 3325 ,""'"".'

1724 3308 1845 3366 Non
1873 3311 2087 3382 aliquos
2109 3310 2314 3383 patitur
2343 3310 2563 3365 bonitas
2589 3308 2901 3366 communis
2921 3318 3169 3381 egentes.

140 3396 263 3455 Talia
285 3410 571 3473 moverunt
592 3416 883 3473 procerum
907 3401 1225 3459 miserantia
1252 3402 1442 3473 corda,
1726 3401 1981 3460 Ductoris
2012 3403 2188 3459 nostri
2215 3401 2387 3458 nimio
2411 3402 2563 3474 plebs
2586 3402 2741 3457 ardet
2771 3417 2981 3466 amore,

90 3486 195 3552 Quid
213 3489 421 3561 sitopus
444 3490 596 3548 facto
624 3500 862 3549 tractant
889 3493 1144 3566 indagine
1170 3494 1365 3551 multa.
1726 3493 1835 3552 Nec
1863 3496 1997 3553 satis
2025 3495 2228 3567 erpleri
2259 3495 2377 3552 visu
2405 3494 2549 3551 valet
2579 3494 2951 3566 alloquioque,

90 3575 279 3637 Credunt
299 3585 742 3654 proﬁcuumxsibi
774 3586 1032 3657 deinceps
1062 3602 1183 3644 esse
1211 3586 1481 3659 futurum,
1622 3588 1623 3591 “
1725 3588 1939 3647 Felices
1964 3604 2086 3645 sesc
2116 3596 2371 3659 reputant
2399 3587 2516 3643 fore
2534 3586 2722 3658 judice
2745 3587 2863 3642 tali.

90 3667 129 3722 Si
152 3687 228 3739 per
251 3689 304 3729 se
324 3676 578 3731 columen
619 3684 909 3747 praestetur
934 3677 1097 3733 rebus
1120 3692 1335 3734 eorum.
1725 3679 1786 3737 In
1817 3695 1928 3752 quo
1962 3695 2073 3735 non
2104 3680 2209 3735 nisi
2241 3695 2343 3749 pax
2373 3689 2589 3751 poterat
2614 3679 2943 3750 bonitasque
2963 3677 3160 3747 videri,

88 3758 193 3817 liiuc
216 3764 306 3819 sibi
328 3767 626 3836 iuncturos
651 3764 876 3824 socialia
902 3767 1107 3825 foedera
1145 3768 1372 3827 multos.
1725 3772 1787 3829 lu
1812 3788 1925 3844 quo
1950 3773 2156 3828 militiae
2175 3772 2343 3828 decor
2364 3780 2419 3827 et
2442 3771 2662 3827 virtutis
2692 3771 2956 3838 honestat,

86 3850 286 3924 Magnam
309 3873 434 3913 vero
473 3858 582 3913 sibi
613 3875 777 3930 super
806 3860 911 3915 hoc
937 3876 1252 3917 accressere
1274 3861 1515 3931 laudem,
1726 3861 1997 3920 Omnibus
2018 3863 2269 3933 exemplo
2299 3872 2511 3934 poterat
2536 3862 2906 3918 communiter
2929 3876 3074 3919 esse.

89 3939 523 4019 Spargendumque
554 3965 720 4005 suum
755 3950 913 4023 longe
940 3950 1158 4023 lateque
1183 3952 1459 4021 timorem,
1726 3953 1865 4011 Nam
1900 3953 2066 4011 veluti
2091 3954 2297 4011 Paulus
2323 3955 2403 4011 sic
2432 3955 2673 4009 omnibus
2697 3954 2877 4009 omnia
2900 3954 3078 4024 factus

86 4034 128 4089 Si
155 4052 258 4092 cum
280 4052 602 4109 praesentem
636 4040 932 4096 retinerent
957 4042 1319 4111 obsidionem,
1729 4046 1824 4103 Sic
1847 4056 1965 4102 erat
1995 4046 2049 4101 in
2079 4056 2308 4103 cunctos
2336 4046 2684 4102 moderanter
2706 4046 3094 4118 morigeratus,

86 4124 385 4197 Largirentur
411 4147 575 4203 Opem
608 4131 922 4204 longinquis
954 4134 1300 4189 auxiliarcm.
1727 4136 1990 4196 Fortibus
2020 4146 2082 4194 ut
2112 4136 2291 4205 fortis,
2330 4139 2563 4195 infirmis
2593 4154 2733 4210 pene
2754 4139 2980 4207 sodalis,

84 4214 155 4272 His
176 4220 385 4292 aliisque
414 4223 602 4279 modis
624 4223 770 4279 dicta
804 4224 1013 4279 ratione
1032 4225 1283 4295 probata.
1727 4230 2003 4289 Gauderet
2027 4232 2186 4300 laetis,
2225 4242 2279 4288 et
2298 4242 2701 4304 compaterelur
2724 4232 2950 4288 amaris.

84 4304 220 4399 ardor
242 4309 375 4367 inest
401 4313 625 4369 cunctis
646 4313 808 4370 citius
834 4330 1073 4387 gnavare
1098 4325 1338 4386 precata.
1728 4322 1943 4398 Largus
1969 4333 2087 4382 erat
2114 4325 2304 4398 largis,
2329 4326 2488 4397 quasi
2515 4341 2714 4397 parcus
2735 4326 2970 4398 denique
2998 4325 3211 4397 paucis,
3306 4390 3311 4399 κγ

86 4394 163 4454 Sed
184 4404 295 4472 quia
317 4406 609 4475 praesentis
636 4406 939 4462 domitandi
971 4405 1199 4462 fulmina
1222 4407 1421 4479 gentis;
1730 4394 1954 4474 hlitibus
1982 4394 2231 4485 et‘mitis,
2273 4394 2487 4474 feritate
2510 4394 2847 4475 tumentibus
2869 4394 3050 4489 asper,

82 4490 215 4565 Major
235 4515 358 4557 cura
388 4494 600 4559 ducem
632 4494 931 4559 socialibus
953 4503 1224 4558 abstrahit
1252 4503 1446 4559 armis.
1653 4535 1707 4598 D
1732 4508 1828 4566 Sic
1855 4525 1915 4566 se
1935 4509 2293 4567 conformans
2320 4510 2536 4567 cunctis
2558 4510 2931 4569 moderamine
2964 4512 3130 4578 miro,

82 4584 201 4653 Quod
227 4592 414 4663 pignus
442 4611 549 4667 pro
580 4610 640 4651 se
668 4596 800 4651 dare
821 4596 1006 4652 carius
1032 4611 1155 4653 esse
1176 4596 1448 4667 probavit,
1653 4584 1701 4598 ’
1734 4600 1808 4659 Ut
1827 4603 1977 4660 velut
2010 4602 2065 4658 in
2092 4603 2314 4674 speculo
2341 4618 2399 4659 se
2423 4603 2660 4675 quisque
2679 4603 2886 4659 videret
2907 4603 2961 4657 in
2986 4602 3099 4657 illo.

80 4677 279 4739 Fratrem
302 4688 505 4758 quippe
531 4704 696 4745 suum
722 4688 1076 4759 poscentibus
1099 4689 1411 4745 associavit.
1937 4692 2210 4748 Balduino
2233 4710 2410 4748 necem
2437 4695 2728 4750 meditatur
2765 4692 2979 4750 Edessa:
3000 4709 3114 4753 rex.

80 4770 185 4829 Cum
207 4792 307 4846 quo
333 4780 547 4836 militia:
574 4791 783 4853 partem
811 4797 977 4852 quam
1020 4782 1233 4838 mittere
1266 4781 1494 4854 dignum
1806 4783 1925 4842 Hoc
1943 4784 2269 4857 inspectanti
2289 4785 2456 4843 divini
2481 4785 2763 4857 plasmatis
2796 4785 2963 4855 hosti,

79 4860 292 4935 Credidit,
314 4871 500 4927 emisit
526 4870 801 4941 populatis
834 4872 1224 4943 suppetiatum.
1733 4873 1955 4932 invidiae
1979 4877 2117 4947 patri
2149 4891 2256 4932 non
2293 4892 2416 4933 esse
2437 4878 2648 4932 valebat
2677 4878 2904 4933 amoris.

79 4948 158 5008 iste
178 4958 341 5016 minor
362 4972 498 5017 natu
535 4961 635 5018 fuit
655 4964 775 5035 ejus
794 4964 1031 5036 denique
1059 4963 1246 5031 frater,
1735 4965 1893 5024 Unde
1918 4967 2023 5025 sibi
2058 4968 2281 5040 iugcniti
2306 4969 2497 5025 livoris
2523 4968 2711 5024 fomite
2739 4978 2910 5035 moto,

78 5044 156 5109 Qui
187 5062 298 5120 post
320 5071 379 5112 se
412 5058 562 5112 rexit
590 5056 936 5130 Solymorum
972 5069 1187 5129 sceptra
1213 5058 1487 5117 decenter.
1729 5059 2083 5132 Collectoque
2104 5076 2219 5116 sum
2241 5060 2538 5131 impietatis
2577 5060 2629 5115 in
2660 5074 2813 5116 arma
2843 5071 3076 5116 veneno.

78 5134 199 5196 Tunc
224 5145 631 5214 proﬁciscentes
654 5148 940 5220 longarum
965 5159 1139 5205 strata
1170 5149 1409 5221 viarum,
1730 5148 2097 5224 Regnatorem
2127 5151 2281 5209 urbis
2308 5151 2463 5223 prius
2492 5150 2596 5205 boc
2626 5164 2685 5205 se
2715 5148 3105 5214 laetiﬁcautem,

78 5225 241 5302 Nempe
258 5235 445 5293 decem
477 5239 676 5310 spatiis
704 5240 848 5296 inter
874 5240 1047 5297 divisa
1074 5241 1310 5310 dierum,
1728 5240 1898 5299 Movit
1932 5244 1987 5299 in
2021 5243 2282 5299 invidiam
2308 5242 2507 5298 mentis
2535 5242 2880 5312 nimiumque
2908 5241 3192 5301 dolorem:

79 5317 276 5382 Tandem
309 5333 643 5399 perveniunt
678 5343 1035 5390 memoratam
1068 5335 1271 5406 saepius
1301 5335 1514 5393 urbem.
1729 5333 1991 5390 Crescere
2020 5333 2289 5406 quidquid
2321 5333 2449 5389 huic
2475 5332 2650 5388 cernit
2673 5332 2739 5387 de
2767 5332 2941 5403 plebis
2968 5346 3158 5389 amore

77 5410 343 5476 Conﬁciunt
368 5432 613 5495 stragem
637 5425 706 5481 de
729 5426 1102 5484 vastatoribus
1129 5442 1335 5483 acrem.
1735 5424 1989 5481 Diminui'
2016 5425 2234 5481 sibimet
2269 5433 2451 5494 sperat
2480 5423 2717 5481 dictante
2752 5423 2967 5481 timore.

77 5506 309 5571 Arsacidae
331 5504 487 5586 victi,
517 5534 696 5590 neque
721 5520 973 5577 cominus
1000 5536 1154 5578 arma
1185 5519 1422 5580 ferentes
1735 5516 1894 5574 Unde
1920 5516 1975 5573 in
1999 5516 2195 5589 dogma
2231 5517 2433 5573 cadens
2486 5531 2803 5587 perversum
2849 5516 3084 5573 hmredis
3121 5513 3319 5587 iniqui,

78 5596 335 5674 Dill‘ugiunt
360 5625 533 5666 arcus
556 5621 616 5667 ut
640 5612 829 5669 inutile
853 5612 1184 5684 rejieicntes.
1734 5607 1803 5665 Et
1826 5618 2076 5665 metuens
2099 5608 2169 5664 ab
2198 5622 2263 5663 eo
2286 5608 2354 5662 de
2384 5607 2532 5679 regni
2561 5607 2801 5663 culmine
2826 5606 2952 5678 pelli
2981 5626 2994 5663 :

78 5686 187 5749 Dum
210 5711 307 5753 non
327 5710 615 5772 expertam
645 5715 921 5774 nequeunt
944 5705 1336 5775 protendere...
1733 5699 1891 5758 Hunc
1917 5716 2080 5773 quem
2106 5700 2398 5757 submissis
2441 5701 2695 5771 precibus
2737 5699 2842 5757 sibi
2888 5698 3320 5769 muneribusque

78 5777 123 5835 in
143 5784 461 5863 pedibusque
485 5791 612 5850 citis
640 5802 809 5850 totam
835 5804 1073 5867 posuere”
1092 5795 1346 5852 salutem.
1730 5793 1815 5853 Ad
1843 5794 2271 5853 succurrendum
2298 5793 2626 5866 rogitavet-at
2656 5802 2780 5849 ante
2807 5793 3010 5864 venire,
