3850 6310
538 283 647 342 965

536 394 754 466 Quique
791 394 896 451 sibi
924 374 1157 465 patriam
1192 394 1410 465 penitus
1440 401 1620 450 tutore
1644 403 1945 461 carentem,

536 483 683 540 Pcne
706 494 761 540 et
796 483 867 540 ab
891 485 1051 541 hoste
1085 485 1231 540 malo
1276 483 1426 540 ferro
1473 483 1802 555 flammaque
1848 497 2120 556 ruentem,

534 576 790 631 Caedibus
816 583 871 632 et
893 576 1092 646 praedis
1117 575 1267 630 omni
1293 574 1360 630 de
1388 582 1543 645 parte
1576 584 1906 646 gementem,

530 665 863 723 Reddiderat
885 654 1105 725 summo
1132 666 1424 722 conamine
1446 667 1523 721 nil
1549 675 1907 736 metuentem,

531 758 742 824 Quaerit
765 773 876 829 quo
902 773 1098 829 genere
1122 757 1415 828 specieque
1435 758 1709 829 modoque
1744 760 1828 815 vel
1850 769 1967 818 arte

528 848 712 905 Possit
740 850 807 905 ad
838 849 1090 905 interitus
1118 862 1308 904 casum
1336 847 1660 921 foveamque
1688 840 1889 907 rotare.

531 939 590 995 Si
616 939 801 1015 faciat.
830 942 1029 1012 sceptri
1066 939 1306 997 fructum
1341 950 1498 1011 putat
1533 956 1655 997 esse
1676 942 1869 999 retenti
1899 961 1915 1011 ;

528 1030 588 1086 Si
615 1014 747 1100 non,
778 1031 1031 1104 desperat
1056 1033 1181 1088 vita:
1203 1043 1480 1090 momenta
1513 1034 1739 1090 lucrari.

525 1124 590 1180 Et
619 1135 731 1181 tam
760 1142 1030 1197 perversa:
1056 1126 1257 1183 mentis
1286 1125 1392 1182 fuit
1418 1127 1768 1200 invidireque,

525 1214 601 1272 Ct
626 1232 750 1295 cum
786 1216 1174 1275 Christicolam
1204 1234 1265 1275 se
1289 1219 1395 1274 dici
1436 1219 1599 1275 vellet
1618 1227 1674 1274 et
1706 1235 1851 1288 esse,

523 1308 752 1365 Duxerit
776 1310 1060 1383 indignum
1088 1326 1147 1367 se
1174 1310 1534 1367 Christicolas
1564 1311 1788 1380 adiisse,

522 1401 593 1458 Et
613 1404 929 1460 tristaretur
953 1420 1050 1475 per
1073 1419 1170 1459 eos
1199 1420 1299 1459 sua
1325 1414 1442 1459 tuta
1474 1403 1668 1471 fuisse,

522 1493 735 1566 Optans
760 1496 1012 1552 idolatris
1036 1496 1226 1567 potius
1255 1496 1374 1552 sine
1395 1496 1606 1551 honore
1632 1495 1881 1562 subesse,

522 1587 703 1657 Quam
729 1587 937 1644 Christi
968 1587 1190 1643 famulis
1218 1585 1396 1643 foedus
1418 1586 1622 1643 sociale
1656 1587 1897 1644 dedisse.

888 1679 1118 1735 Pactum
1148 1676 1247 1733 init
1270 1696 1390 1733 cum
1418 1678 1741 1749 inﬁdelibus.

596 1767 705 1825 Sed
728 1768 859 1841 quia
888 1769 1064 1839 plebis
1085 1784 1245 1825 amor
1265 1769 1437 1824 nimio
1468 1768 1682 1826 fervore
1712 1767 1927 1825 favebat

519 1860 623 1929 illi,
653 1862 743 1918 cui
765 1863 946 1918 malus
975 1862 1066 1918 hic
1092 1862 1355 1934 placitum
1380 1863 1580 1919 lethale
1603 1863 1856 1934 parabat,

520 1953 907 2010 Demonstrare
934 1954 1115 2025 palam
1149 1954 1334 2011 timuit
1362 1954 1509 2025 quod
1540 1966 1724 2011 mente
1760 1953 2003 2026 gerebat.

519 2046 665 2118 Ergo
686 2047 893 2119 legatos
931 2046 1139 2104 similes
1169 2047 1274 2103 sibi
1306 2056 1501 2105 nactus
1540 2047 1784 2120 iniquos,

518 2137 718 2196 Hostes
742 2140 953 2197 vicinos
987 2155 1019 2196 a
1048 2140 1254 2196 Christi
1282 2140 1454 2196 milite
1481 2141 1672 2211 pulsos

515 2229 712 2286 Invitat
740 2231 991 2309 pr0prios
1020 2232 1243 2288 veniant
1281 2242 1341 2288 ut
1370 2248 1566 2288 rursus
1591 2232 1647 2287 in
1671 2248 1853 2304 agros.

515 2322 786 2379 Pceniteat
811 2322 958 2393 quod
984 2337 1043 2379 se
1066 2324 1247 2379 socios
1284 2323 1516 2393 coepisse
1545 2324 1778 2392 alienos,

513 2414 624 2472 llos
654 2431 715 2472 se
736 2414 1038 2472 missurum
1062 2416 1298 2471 bellandi
1325 2416 1548 2472 nomine
1577 2416 1644 2472 ad
1675 2416 1818 2485 illos,

511 2506 918 2579 Jussurumque
947 2507 1066 2563 suis
1087 2515 1149 2563 ut
1174 2507 1354 2578 primo
1385 2507 1573 2563 limine
1595 2507 1722 2563 belli

512 2597 821 2655 Destituant
851 2599 974 2655 illos
996 2597 1277 2670 fugiendo,
1310 2599 1366 2653 in
1394 2608 1544 2670 terga
1578 2598 1833 2671 regressi.

509 2688 623 2745 llos
652 2706 1048 2762 permansuros
1076 2690 1316 2763 fugiendi
1344 2691 1598 2747 obstante
1626 2690 1855 2762 pudore,

511 2779 608 2836 Sic
629 2794 823 2837 omnes
846 2796 1007 2851 posse
1044 2781 1209 2837 simul
1237 2797 1342 2837 una
1383 2790 1557 2837 morte
1581 2782 1780 2853 perire.

510 2873 803 2930 Exsultant
835 2874 1025 2930 Parthi
1046 2875 1321 2946 capientes
1350 2877 1497 2947 quod
1522 2876 1836 2948 cupiebant,

508 2964 577 3021 Et
600 2966 806 3030 celeres
828 2966 1031 3024 adsunt
1067 2976 1128 3023 ut
1156 2976 1280 3025 vota
1311 2968 1552 3040 maligna
1580 2975 1895 3039 capescant.

504 3056 605 3119 line
628 3059 777 3115 acuit
798 3068 1018 3116 nostros
1039 3060 1258 3131 penitus
1283 3061 1357 3115 nil
1389 3061 1495 3116 tale
1524 3069 1801 3127 caventes,

506 3149 689 3209 Ponat
709 3152 790 3208 eis
819 3153 1047 3209 comites
1069 3152 1175 3208 sibi
1202 3152 1511 3225 proditione
1544 3152 1782 3209 sodales.

505 3241 629 3300 Non
665 3253 847 3301 tamen
882 3243 1123 3301 associat
1149 3246 1343 3301 saltem
1376 3245 1443 3301 de
1471 3244 1685 3301 civibus
1711 3259 1906 3311 unum,

506 3333 587 3389 Ne
612 3344 791 3406 pateat
820 3345 1061 3407 cmptum
1086 3344 1249 3408 pacto
1274 3351 1607 3408 quocunque
1632 3334 1949 3391 nefandum.

507 3426 676 3482 Extra
707 3428 925 3497 quaesiti
953 3427 1188 3484 subeunt
1210 3443 1273 3484 ea
1301 3436 1484 3484 castra
1514 3427 1763 3498 manipli,

506 3516 780 3589 Indigenis
805 3518 1039 3599 ducibus
1066 3519 1370 3575 concedere
1394 3518 1463 3574 ad
1498 3519 1684 3575 omnia
1703 3518 1869 3590 jussi.

506 3609 817 3667 Procedunt
840 3611 1054 3669 alacres
1074 3621 1341 3667 consueta
1377 3612 1444 3666 ad
1480 3611 1690 3667 ludicra
1715 3610 1913 3679 nostri,

450 3708 457 3713 ‘
505 3701 817 3759 Occurrunt
844 3714 1031 3762 contra
1058 3704 1282 3760 structis
1313 3704 1622 3775 legionibus
1654 3703 1751 3759 illi.

504 3791 691 3849 Primo
712 3782 1013 3869 congressu
1036 3805 1330 3866 penetrant
1357 3795 1537 3851 media
1570 3796 1790 3867 agmina
1822 3794 1984 3862 Galli,

503 3883 753 3952 Caedunt,
792 3894 1166 3956 prosternunt,
1200 3887 1284 3940 via
1307 3887 1364 3941 fit
1390 3886 1695 3942 calcaribus
1720 3894 1775 3941 et
1805 3884 1877 3940 vi.

506 3974 616 4032 Sed
644 3985 936 4047 postquam
967 3975 1181 4033 infestis
1210 3978 1564 4034 tenebrarunt
1601 3980 1761 4034 obvia
1801 3979 1943 4045 telis,

503 4066 673 4139 Inque
705 4061 895 4125 eadem
922 4069 1098 4125 versis
1127 4068 1440 4125 referuntur
1470 4072 1653 4142 prmlia
1685 4070 1855 4128 frenis
1879 4091 1892 4127 :

503 4158 645 4218 Ecce
673 4160 861 4217 vident
887 4162 1071 4218 socios
1099 4161 1389 4219 manifesta
1419 4164 1727 4234 proditione

504 4251 795 4326 Diﬂ‘ugere,
826 4262 882 4310 et
910 4263 1058 4311 retro
1085 4254 1236 4322 dare,
1268 4256 1486 4311 nemine
1511 4266 1659 4327 terga
1691 4254 1932 4327 fugante.

503 4342 659 4401 Tunc
678 4345 949 4401 intellecta
983 4360 1079 4415 per
1107 4346 1261 4418 signa
1288 4346 1528 4416 patentia
1561 4345 1774 4411 fraude,

502 4437 691 4494 Mutuo
725 4439 1021 4502 adhortati.
1051 4439 1108 4493 in
1133 4440 1497 4510 manibusque
1526 4438 1738 4493 animas
1759 4452 2015 4508 posuere.

501 4531 752 4602 Amplexi
783 4532 1025 4604 clypeos,
1061 4532 1340 4604 stringunt
1364 4530 1669 4586 animosius
1697 4545 1882 4599 enses,

501 4620 644 4679 Dant
667 4623 876 4703 validos
904 4624 1047 4681 ictus
1086 4623 1142 4679 in
1172 4624 1424 4680 cominus
1450 4630 1614 4693 atque
1641 4622 1911 4678 sedentes.

499 4713 716 4772 Norunt
738 4716 791 4771 in
819 4717 1075 4773 manibus
1100 4716 1270 4771 vitam
1300 4713 1605 4771 consistere
1623 4721 1678 4770 et
1706 4714 1898 4781 armis,

499 4806 558 4863 In
583 4808 811 4878 pedibus
833 4824 963 4865 vero
989 4808 1259 4879 stipendia
1288 4806 1481 4862 mortis
1510 4805 1753 4862 inermis.
1791 4804 1803 4876 ἶ

499 4897 708 4955 Malunt
739 4901 994 4958 nobiliter
1023 4898 1318 4972 pugnando
1340 4898 1661 4953 occumbere
1691 4897 1866 4970 plagis

498 4988 676 5057 Quam
704 5006 1041 5062 paganorum
1071 4989 1317 5045 trucibus
1345 4988 1474 5043 dare
1511 4989 1649 5044 colla
1674 4989 1901 5045 catenis.

496 5079 616 5137 Non
647 5090 881 5150 parcunt
907 5082 1135 5147 dextris,
1168 5096 1274 5134 non
1302 5089 1535 5150 parcunt
1555 5081 1788 5151 denique
1814 5079 1959 5146 telis,

496 5171 691 5226 Nullus
712 5162 809 5226 hic
836 5181 920 5227 est
947 5172 1147 5241 jaculis
1169 5172 1379 5228 levibus
1402 5173 1557 5227 locus
1582 5182 1745 5242 atque
1772 5172 2007 5243 sagittis.

492 5261 783 5331 Aspiciunt
809 5261 996 5318 Parthi
1026 5264 1233 5320 circum
1260 5264 1546 5335 iaculando
1582 5274 1841 5335 vagantes

492 5352 601 5428 Pro
631 5352 794 5406 tutela
818 5354 1012 5410 anima:
1032 5366 1248 5412 nostros
1272 5356 1386 5428 jam
1424 5356 1526 5411 rite
1556 5361 1825 5427 gerentes.

493 5441 845 5510 Pcrpendunt
871 5446 1017 5515 quod
1046 5458 1180 5513 erat,
1208 5449 1335 5519 quia
1359 5450 1479 5503 laus
1517 5447 1620 5503 sibi
1651 5445 1800 5500 nulla
1827 5452 2075 5510 canatur,

496 5530 555 5585 Si
589 5523 949 5591 morientibus
976 5538 1061 5594 his
1091 5538 1192 5609 ipsi
1229 5555 1445 5608 quoque
1477 5537 1930 5602 commoriantnr,

492 5624 728 5692 Vincere
750 5628 895 5695 quod
918 5640 1211 5700 nequeunt,
1245 5630 1527 5686 dimittunt.
1549 5629 1915 5699 aufugientcs,

492 5714 893 5807 Dimittuntque
916 5721 1059 5777 viros
1093 5718 1493 5778 damnata’lucc
1520 5722 1749 5777 feroces.

1108 280 1201 337 AD
1238 278 1686 340 CODEFRIDUM
1725 280 2014 339 APPEND.
2056 282 2119 339 ll.
2164 320 2174 325 -
2220 316 2235 328 -
2267 283 2535 342 NONUM.
2574 284 2665 342 DE
2696 286 2920 343 BELLO
2958 287 3202 347 SACRO.

3650 305 3713 367 9M

2155 402 2199 458 Α
2232 398 2520 469 Desperata
2554 401 2705 458 salus
2734 402 2816 458 sic
2843 412 2929 458 est
2955 404 3246 475 pugnando
3268 404 3507 476 reducta,

2231 489 2299 546 Ut
2330 507 2457 564 spes
2481 484 2738 565 nequitia:
2760 495 2815 549 in
2853 495 3084 551 nihilum
3113 506 3431 569 stercusque
3456 501 3647 563 redacta.

2526 570 2531 579 ’
2614 584 2915 640 Balduinus
2945 588 3177 642 recedere
3200 588 3416 659 cogitat.

2294 672 2558 748 Egregius
2579 664 2775 733 ductor
2802 675 2970 735 fortes
2999 679 3196 735 attatur
3224 681 3451 748 amicos,

2223 766 2300 824 De
2326 766 2483 825 fovea
2505 769 2699 826 mortis
2720 772 2942 842 propria
2972 772 3169 827 virtute
3193 788 3463 829 reversos.

2220 856 2341 914 Non
2368 858 2507 937 bene
2534 858 2836 917 barbaricis
2865 878 3107 932 unquam
3130 862 3392 932 permista
3422 868 3619 925 catenis

2219 948 2452 1019 Agmina
2478 965 2600 1021 qua:
2630 949 2755 1007 fidei
2791 959 2921 1007 sunt
2949 952 3186 1007 enutrita
3216 954 3494 1024 tr0phaeis,

2220 1039 2357 1098 Esse
2391 1028 2495 1099 sibi
2530 1051 2709 1098 tutum
2738 1045 3057 1100 comitatum
3086 1025 3338 1116 linquere
3364 1047 3548 1117 gentis,

2220 1133 2354 1201 Quae
2378 1121 2561 1205 specie
2590 1136 2789 1191 blanda
2820 1136 3072 1206 propinet
3097 1136 3291 1207 pocula
3314 1138 3522 1194 mortis.

2219 1225 2515 1283 Monstrari
2539 1236 2720 1284 tamen
2748 1228 2865 1284 haec
2899 1229 3142 1285 collectis
3180 1227 3388 1285 foedera
3424 1232 3593 1287 turmis

2114 1372 2117 1381 ,
2221 1314 2293 1373 Ut
2322 1316 2478 1373 nosci
2498 1317 2698 1383 valeat,
2730 1317 2983 1389 placeant
3009 1318 3055 1373 si
3090 1318 3222 1374 talia
3245 1319 3479 1374 cunctis.

2218 1408 2357 1465 Cum
2381 1408 2527 1487 dicto
2549 1402 2754 1465 factum
2790 1409 3059 1466 celeratur
3084 1411 3280 1466 concio
3311 1420 3423 1466 tota

2217 1499 2463 1571 Cogitur,
2486 1492 2545 1555 'et
2582 1498 2643 1555 ﬁt
2663 1498 2743 1555 eis
2768 1514 2893 1555 mox
2921 1499 3037 1556 haec
3056 1501 3420 1571 quan'imonia
3442 1510 3570 1559 nota.

2217 1589 2299 1646 Ob
2320 1607 2443 1663 quae
2467 1591 2578 1647 sint
2603 1591 2759 1647 missi
2789 1607 2848 1648 se
2871 1592 3229 1663 complevisse
3254 1603 3526 1664 perorant,

2219 1681 2460 1754 Tempus
2498 1683 2692 1740 adesse
2739 1680 2842 1740 sibi
2873 1694 2933 1741 ut
2959 1694 3139 1741 castra
3170 1686 3509 1742 Antiochsna
3534 1688 3719 1749 revisant.

2148 1762 2190 1821 Β
2216 1772 2347 1831 Post
2373 1775 2477 1832 hac
2505 1775 2707 1831 auxilia
2738 1776 2784 1832 si
2810 1786 3039 1847 poscant
3061 1794 3162 1835 nec
3189 1786 3525 1847 mereantur,

2215 1860 2332 1920 Hoc
2358 1862 2463 1920 sibi
2498 1879 2599 1935 pro
2628 1865 2837 1920 meritis
2863 1866 2980 1921 fieri
3006 1881 3114 1921 non
3145 1866 3497 1923 difﬁteantur.

2212 1951 2439 2025 Propter
2457 1969 2617 2026 opem
2650 1971 2782 2011 nece
2809 1964 3040 2012 tractata
3071 1973 3131 2012 se
3160 1973 3300 2028 pene
3326 1958 3561 2029 periisse.

2210 2044 2308 2102 His
2329 2047 2474 2117 quod
2523 2047 2705 2105 adhuc
2738 2049 2923 2104 vivant
2955 2066 3015 2105 se
3054 2051 3259 2105 nullam
3297 2051 3522 2123 gratiam
3563 2052 3724 2124 habere,

2210 2134 2314 2192 Per
2349 2136 2633 2193 Christum
2659 2147 2715 2195 et
2741 2136 2963 2196 dextras
2986 2150 3194 2197 restare
3224 2142 3516 2212 superstite
3540 2143 3644 2199 vita.

2210 2226 2354 2299 Ergo
2391 2229 2643 2285 recedere
2678 2244 2739 2285 se
2774 2231 3113 2301 melioraque
3134 2247 3383 2302 quaerere
3403 2240 3568 2303 pacta.

2280 2319 2385 2375 Sed
2410 2319 2633 2391 populus
2661 2338 2776 2393 rege
2798 2322 3069 2392 proditore
3095 2332 3365 2395 perempto
3381 2341 3495 2378 eum
3516 2326 3682 2381 retinet.

2278 2411 2377 2469 His
2403 2413 2563 2469 dictis
2594 2425 2827 2470 onerant
2848 2431 2971 2487 quae
3003 2415 3341 2488 deportanda
3370 2416 3595 2473 fuerunt.

2207 2500 2447 2577 Quaeque
2474 2505 2626 2577 gravi
2648 2507 2791 2562 bello
2818 2523 2915 2578 per
2942 2524 3001 2564 se
3037 2524 3136 2564 sua
3161 2508 3304 2565 facta
3332 2507 3565 2566 fuerunt.

2208 2596 2469 2670 Dispositi
2494 2599 2550 2654 in
2574 2607 2784 2656 turmas
2807 2599 2940 2655 dant
2962 2601 3179 2674 agmina
3211 2588 3405 2658 bellica
3429 2614 3584 2668 retro,

2206 2687 2273 2746 Et
2300 2689 2441 2745 male
2473 2701 2715 2747 mercato
2753 2691 2991 2747 celerant
3019 2693 3318 2749 abscedere
3356 2709 3540 2767 regno.

2204 2781 2461 2839 Protinus
2488 2783 2543 2839 in
2590 2793 2700 2840 tota
2731 2785 2790 2840 fit
2820 2785 3138 2842 lamentatio
3161 2772 3339 2858 plebe.

2205 2870 2277 2929 Ut
2310 2866 2583 2946 potequaa
2615 2873 2793 2932 fuerat
2818 2892 2924 2933 non
2953 2877 3118 2948 hujus
3148 2877 3373 2933 conscia
3402 2876 3567 2947 culpae

2205 2964 2276 3021 Se
2304 2966 2540 3023 miseros
2576 2967 2837 3036 clamant,
2871 2968 3081 3039 inopes,
3106 2968 3337 3025 rationis
3365 2984 3564 3041 egenos

2204 3055 2272 3112 Et
2297 3055 2417 3114 vice
2447 3052 2658 3113 crudeli
2686 3058 2806 3114 sine
2829 3056 3118 3114 defensore
3154 3057 3401 3114 relictos.

2125 3118 2167 3178 θ
2199 3147 2499 3221 Postquam
2521 3149 2667 3207 dicta
2692 3150 2828 3207 satis
2851 3166 2973 3221 quae
3002 3150 3112 3207 dici
3138 3151 3313 3223 digna
3328 3150 3567 3216 fuerunt,

2198 3238 2332 3307 Quae
2359 3240 2515 3296 dolor
2543 3250 2709 3311 atque
2736 3240 2902 3295 timor
2922 3239 3152 3295 comites
3176 3240 3411 3297 dicenda
3433 3239 3690 3307 dederunt,

2196 3330 2459 3389 Protinus
2486 3332 2542 3387 in
2572 3331 2698 3387 belli
2728 3332 2997 3390 rationem
3026 3332 3257 3404 quaestio
3280 3332 3482 3404 surgit.
3688 3386 3694 3393 ,

2195 3420 2330 3489 Quae
2354 3408 2460 3480 sibi
2495 3436 2665 3478 causa
2697 3420 2838 3494 fuga:
2865 3420 3081 3478 fervens
3109 3422 3476 3493 querimonia
3520 3420 3690 3492 poscit.

2193 3516 2273 3571 Ac
2306 3514 2484 3586 primo
2502 3514 2685 3570 tacitis
2710 3512 2949 3587 gladium
2979 3522 3322 3586 mortemque
3347 3513 3638 3576 minantur.

2194 3602 2258 3658 Ni
2291 3610 2553 3676 responsa
2588 3604 2691 3660 sibi
2721 3604 2937 3660 veracia
2960 3617 3084 3659 mox
3115 3604 3451 3660 referantur.

2192 3694 2364 3751 Nemo
2389 3700 2581 3765 sponte
2608 3694 2706 3750 luit
2732 3705 2952 3766 peccata
2979 3694 3438 3751 alienasilentcr.

2194 3788 2394 3861 Regem
2432 3789 2512 3844 Sic
2541 3789 2715 3844 nostri
2732 3792 3047 3844 memorant
3070 3789 3308 3859 jussisse
3334 3796 3603 3860 potenter.

2193 3878 2347 3935 Tunc
2379 3894 2719 3950 quaecunque
2742 3878 2870 3935 mali
2894 3880 3042 3935 illius
3063 3890 3379 3935 commenta
3403 3880 3640 3945 fuerunt,

2190 3970 2258 4025 Et
2289 3987 2398 4042 qua
2428 3971 2496 4026 de
2523 3987 2690 4029 causa
2714 3972 3058 4027 concorditer
3085 3971 3455 4027 edocuerunt.

2189 4060 2300 4119 Nec
2325 4078 2479 4118 mora
2504 4062 2564 4118 fit
2589 4063 2790 4119 celsam
2818 4064 3004 4134 populi
3032 4078 3342 4119 concursus
3372 4064 3447 4119 ad
3474 4062 3665 4127 aulam,

2190 4153 2257 4209 Et
2282 4170 2408 4210 cum
2432 4154 2558 4227 rege
2585 4156 2795 4228 agitant
2815 4157 3080 4212 rationem
3109 4156 3463 4226 iudicialem.

2188 4244 2309 4301 Non
2334 4246 2477 4302 bene
2496 4247 2749 4320 purganti
2778 4246 2989 4303 fraudis
3006 4248 3340 4319 "crimenque
3362 4257 3651 4313 retectum,

2189 4324 2312 4392 Mox
2338 4345 2423 4393 est
2460 4353 2733 4409 purpurea
2759 4347 2923 4410 caput
2949 4353 2979 4393 a
3010 4339 3222 4394 cervice
3247 4338 3547 4395 refectum.

2119 4456 2166 4516 Ι)
2190 4427 2345 4485 Tunc
2378 4440 2627 4486 oratores
2662 4446 2790 4486 mox
2826 4431 2894 4487 ad
2922 4431 3155 4488 tentoria
3184 4432 3439 4499 mittunt,

2191 4518 2261 4575 Ut
2287 4522 2391 4576 sibi
2415 4523 2726 4578 consultum
2764 4525 3007 4590 redeant,
3029 4523 3390 4596 lacrymando
3415 4528 3715 4595 reposcunt.

2187 4613 2451 4681 Quamvis
2476 4615 2680 4672 invitus
2703 4616 2899 4673 ductor
2924 4617 3093 4672 multa
3128 4633 3289 4688 prece
3308 4618 3522 4686 victus,

2187 4705 2416 4762 Consilii
2436 4722 2603 4764 causa
2640 4716 2726 4764 est
2754 4710 2822 4764 ad
2852 4710 3056 4766 mmnia
3091 4710 3237 4765 celsa
3265 4711 3562 4767 reductus.

2191 4796 2367 4870 thue
2395 4798 2497 4854 fuit
2533 4800 2768 4870 primum
2796 4803 2969 4872 portis
2997 4803 3283 4874 murisque
3305 4813 3592 4874 receptus,

2190 4887 2383 4948 Omnis
2406 4908 2532 4947 eum
2562 4894 2793 4963 propere
2824 4894 3143 4949 circumstat
3164 4904 3351 4951 turma
3381 4904 3633 4952 senatus.

2190 4982 2395 5041 Omnes
2424 5000 2484 5041 se
2507 4988 2740 5056 pdrgant
2765 5001 2795 5040 a
2820 4986 3051 5041 crimine
3079 4987 3438 5056 proditionis,

2189 5078 2393 5135 Omnes
2418 5079 2704 5149 deplorant
2742 5081 2884 5134 mala
2917 5096 3094 5150 pravae
3117 5080 3490 5150 suspicionis,

2188 5169 2321 5236 Quae
2352 5169 2458 5225 sibi
2496 5169 2740 5224 ductoris
2774 5171 3016 5224 animum
3041 5186 3138 5240 per
3165 5180 3368 5225 cuneta
3408 5170 3702 5240 benignum

2190 5262 2519 5329 Abstulerat,
2546 5277 2670 5317 cum
2699 5263 2768 5316 nil
2801 5261 2943 5317 foret
2978 5279 3009 5317 a
3034 5279 3092 5318 se
3122 5279 3349 5334 pergere
3392 5272 3634 5334 gestum.
3646 5302 3655 5330 ί

2184 5348 2387 5407 Omnes
2412 5348 2638 5421 poscere
2668 5367 2727 5407 se
2757 5353 3010 5422 precibus
3039 5353 3422 5424 laerymisque
3448 5351 3705 5424 profusis.

2183 5442 2261 5498 Ne
2283 5459 2342 5498 sc
2367 5442 2655 5498 dedecoret
2687 5452 2810 5512 post
2837 5443 2953 5498 haec
2986 5442 3209 5497 infamia
3243 5443 3456 5512 turpis,
3488 5458 3495 5461 ·

2182 5534 2261 5589 Ne
2295 5549 2355 5590 se
2380 5534 2641 5589 destituat
2667 5536 2828 5590 tutela
2856 5552 2967 5590 sua:
2998 5536 3239 5606 pietatis,

2183 5623 2296 5681 Neu
2325 5642 2384 5681 se
2408 5625 2706 5681 mortiferis
2733 5628 2860 5682 velit
2884 5628 3158 5697 objectare
3191 5627 3447 5697 periclis,

2184 5717 2315 5790 Ejus
2338 5720 2628 5789 primatum
2662 5736 2826 5791 super
2863 5721 3047 5776 omnia
3077 5721 3240 5776 vellet
3270 5736 3497 5791 amare,
