3850 6310
119 377 198 435 965

117 489 209 545 lion
233 481 502 552 indignetur
525 491 716 532 secum
741 475 1016 546 regnando
1042 489 1282 528 manere.

113 583 184 638 Ille
199 583 333 648 negat
357 554 466 629 sese
490 586 656 641 super
679 570 828 624 illum
852 566 1078 638 prazfore
1105 582 1290 638 posse,

113 675 205 740 Quo
227 684 276 724 sc
301 665 581 735 contigerat
612 661 804 716 urbem
833 659 1093 714 invitante
1124 658 1349 727 petisse,

112 761 231 830 Quod
251 775 302 814 se
321 761 600 828 purgarent
619 753 756 808 satis
782 751 887 806 illis
909 750 1135 821 gratiam
1161 749 1381 816 habere,

110 856 225 910 Illius
247 865 387 921 porro
411 844 680 920 consortia
711 844 852 899 nolle
877 851 1079 898 tenere.

108 945 168 1000 llli
190 941 417 998 continuo
436 930 751 992 monstrant
768 951 889 1006 quae
909 947 1059 1006 geSta
1091 932 1347 998 fuissent,

108 1037 210 1102 Quae
229 1048 313 1103 pro
336 1028 562 1102 perﬁdiae
583 1027 690 1084 sibi
716 1025 944 1082 crimine
972 1026 1117 1081 dona
1139 1025 1413 1080 tulissent.

107 1125 356 1182 Ostendunt
373 1128 545 1191 caput,
571 1119 786 1190 hocque
806 1119 892 1174 sui
923 1119 1055 1174 dant
1081 1118 1278 1190 pignus
1299 1128 1524 1184 amoris,

105 1217 226 1284 Quod
248 1213 356 1269 ﬁdei
378 1213 514 1268 lazsze
535 1211 734 1266 tulerat
755 1210 992 1265 vindicta
1019 1209 1212 1264 fidelis.

105 1309 211 1364 Hinc
230 1307 353 1362 votis
372 1313 491 1360 vota
511 1303 772 1374 jungunt,
807 1303 1170 1373 precibusque
1188 1309 1432 1374 precata,

107 1399 288 1470 Vimque
319 1404 524 1467 parant,
555 1394 661 1450 nisi
683 1394 932 1450 flectatur
958 1393 1228 1448 sententia
1254 1393 1361 1448 lixa

103 1488 343 1558 Obstupuit
371 1488 559 1543 ductor
587 1495 742 1542 tanto
768 1501 828 1541 se
856 1484 1060 1541 findere
1080 1484 1250 1555 quaeri

101 1582 144 1636 In
167 1577 421 1634 Dominum
455 1576 641 1648 populi
663 1591 765 1648 pro
802 1592 862 1632 se
884 1577 987 1632 hac
1015 1575 1230 1631 feritate
1259 1573 1455 1632 severi.

101 1673 207 1740 Quid
225 1671 288 1726 sit
308 1685 438 1740 opus
469 1667 615 1724 laeto
643 1661 921 1724 sociorum
949 1667 1186 1724 consulit
1211 1683 1430 1740 agmen,

97 1763 364 1819 Collaudant
385 1776 575 1816 omnes
601 1760 844 1816 oblatum
869 1759 1134 1816 scandere
1159 1760 1397 1816 culmen.

99 1855 350 1927 Ingreditur
375 1852 575 1908 celsam
607 1851 822 1908 cunctis
842 1852 1154 1908 laetantibus
1183 1868 1390 1920 arcem,

95 1943 405 2015 lurisjurandi
433 1941 582 2013 capit
603 1943 847 2015 undique
882 1943 1275 1999 conditionem.

97 2037 139 2090 In
163 2052 243 2091 sua
262 2035 336 2091 sic
365 2043 534 2090 totam
558 2035 838 2106 componit
863 2033 1068 2090 fcedera
1091 2043 1331 2106 gentem,

95 2127 435 2198 Defensaznque
459 2128 603 2199 regit
631 2127 869 2198 propriis
894 2123 1193 2184 virtutibus
1218 2129 1432 2183 urbem.

93 2239 178 2297 Ba:
211 2239 478 2310 Babylonis
518 2238 762 2292 dolosam
809 2237 879 2292 ad
919 2237 1253 2294 Christianos
1301 2239 1639 2295 Antiochiam

410 2310 708 2364 obsidentes
737 2311 1051 2381 legationem
1080 2312 1264 2366 mittit.
1626 2311 1632 2318 ’

143 2401 222 2455 llis
251 2400 315 2456 ita
339 2401 686 2473 compositis,
710 2411 787 2468 et,
818 2401 962 2457 fama
989 2403 1326 2472 notifieante,

91 2489 273 2547 Nostros
293 2491 502 2548 obsidio
529 2493 662 2548 dum
691 2494 900 2549 detinet
931 2494 1084 2550 urbis
1110 2510 1362 2563 amoenae,

91 2583 233 2638 Altera
263 2584 323 2638 ad
348 2584 551 2640 heroas
578 2585 778 2657 legatio
805 2587 872 2641 de
898 2586 1190 2658 Babylonis

90 2674 276 2731 Arcibus
296 2676 512 2757 advenit
535 2693 646 2732 non
669 2693 865 2749 expers
891 2680 1237 2750 proditionis.

91 2765 186 2824 Bac
201 2778 361 2824 autem
382 2768 628 2842 Babylon
650 2787 772 2842 quae
795 2787 943 2828 nunc
971 2773 1284 2829 habitabilis
1310 2781 1511 2843 exstat,

91 2858 235 2933 Longe
252 2878 278 2916 a
300 2862 612 2919 Cbaldaicae
636 2860 928 2937 Babyldnis
950 2867 1171 2922 climate
1195 2867 1384 2923 distat.

91 2951 161 3006 Illa
177 2955 354 3010 etenim
383 2953 594 3013 versus
613 2958 926 3028 aquilonem
951 2958 1193 3027 ducitur,
1234 2960 1340 3016 ista

90 3043 376 3103 Euronotum
399 3059 664 3120 spectans
694 3048 898 3122 trangit
926 3045 1275 3123 Memphitica
1305 3067 1490 3124 regna.

89 3134 222 3190 Alluit
239 3136 542 3208 Euphrates
565 3139 712 3194 illam
737 3140 1082 3196 torrentibus
1105 3140 1290 3207 undis,

93 3223 264 3283 Fertilis
287 3229 424 3284 hanc
449 3229 614 3285 Nilus
636 3230 806 3301 nigris
840 3230 1096 3286 fecundat
1119 3232 1323 3288 arenis.

88 3315 205 3372 Illam
235 3330 354 3390 post
370 3319 618 3377 Nemi-od
649 3321 969 3378 fundamina
998 3323 1427 3394 praejacieutem,

87 3406 218 3480 Inque
247 3413 393 3482 polos
416 3414 622 3468 turrim
659 3415 948 3470 sustollere
970 3416 1401 3485 pet-cupientem,

90 3501 260 3558 Struxit
282 3503 612 3562 Semiramis
638 3507 850 3576 quadro
872 3507 1042 3562 latere
1063 3524 1222 3578 aequa
1254 3516 1526 3565 tenentem

86 3591 254 3666 Perque
271 3595 408 3651 latus
437 3597 705 3668 quodque
731 3613 825 3653 sex
845 3597 1095 3670 denaque
1119 3598 1290 3654 millia
1321 3600 1640 3670 habentem,

85 3686 214 3744 llillia
236 3690 604 3748 circuitnssic
625 3707 898 3763 sexagena
920 3691 1208 3760 ferentem,

86 3778 227 3850 Atque
247 3792 508 3854 quaterna
541 3784 710 3839 simul
733 3793 846 3839 tota
869 3785 1171 3842 ambitione
1195 3785 1518 3856 replentem.

86 3867 293 3945 Undique
318 3876 618 3931 coctilibus
645 3874 820 3931 forma
850 3876 964 3931 haec
1000 3876 1337 3933 circumdata
1361 3879 1556 3947 muris,

86 3966 226 4038 Atque
251 3973 544 4044 giganteis
572 3975 805 4044 pedibus
829 3973 932 4029 fuit
957 3974 1066 4029 alta
1087 3974 1360 4032 ducentis.
1398 4013 1405 4022 ι

85 4057 259 4118 Etcum
282 4067 493 4122 vicenis
521 4066 733 4137 pariter
758 4066 992 4136 spissata
1015 4067 1261 4134 tricenis,

85 4147 307 4210 Prwterea
331 4158 509 4226 portis
536 4166 750 4212 tantum
772 4158 1038 4214 stridebat
1064 4159 1279 4229 ahenis,

85 4239 126 4293 In
152 4247 312 4302 medio
334 4249 542 4303 turrim
566 4250 777 4320 gremio
809 4251 1090 4321 complexa
1127 4253 1445 4322 superbam,

85 4331 225 4399 Quam
254 4337 543 4410 Scriptura
572 4340 741 4396 refert
767 4352 983 4413 gentem
1013 4344 1284 4400 struxisse
1313 4353 1650 4415 protervam,

83 4425 189 4482 Cum
215 4440 331 4500 post
356 4434 635 4488 diluvium
659 4435 886 4490 veniens
913 4435 1140 4489 orientis
1167 4434 1239 4489 ab
1259 4449 1383 4502 axe,

84 4517 297 4591 Repperit
322 4525 474 4582 hunc
497 4542 758 4596 campum
784 4528 964 4583 medio
993 4527 1202 4583 telluris
1231 4537 1451 4599 apertae.

80 4611 462 4686 Cujus'planitie
489 4635 625 4674 mox
646 4619 910 4674 delectata
948 4620 1157 4689 capaci,

81 4700 202 4761 llanc
225 4712 412 4765 statim
436 4712 642 4766 turrim
665 4710 846 4766 facere
867 4726 1044 4782 usque
1063 4711 1130 4766 ad
1157 4711 1399 4768 culmina
1428 4713 1574 4769 caeli.

77 4795 286 4872 Cumque
312 4805 588 4860 evasisset
603 4803 716 4874 jam
749 4804 919 4859 millia
940 4804 1007 4860 ad
1036 4820 1210 4876 usque
1229 4815 1518 4876 quaterna,

77 4891 221 4961 Atque
246 4893 382 4952 foret
408 4897 642 4951 totidem
673 4897 969 4968 spatiosius
1005 4898 1246 4968 undique
1267 4898 1396 4954 lata.

76 4979 199 5040 Hanc
225 4987 294 5042 ita
316 4989 641 5057 stultitiam,
673 4989 849 5059 pietas
876 4989 1062 5044 divina
1098 4990 1311 5057 recidit,

77 5070 368 5149 Uniloquam
397 5081 652 5152 linguam
680 5096 777 5151 per
799 5081 1002 5137 multas
1030 5081 1365 5148 extenuavit,

75 5165 148 5221 Sic
166 5169 473 5228 intermissa
498 5183 585 5228 est
608 5189 837 5242 operum
868 5173 1226 5244 praesumptio
1253 5189 1435 5242 cassa,

73 5255 166 5312 Non
189 5261 459 5320 intellecta
489 5265 817 5320 alterutrum
841 5275 1093 5322 currente
1115 5247 1352 5337 loquela.

74 5346 248 5411 Taliter
275 5367 574 5416 exstructa
597 5359 774 5431 viguit
806 5375 905 5430 per
933 5369 1181 5432 tempora
1207 5361 1400 5429 multa,

74 5441 281 5516 Regibus
299 5467 366 5506 ac
393 5452 624 5523 populis
644 5452 1023 5522 compluribus
1058 5453 1371 5524 imperiosa.

74 5533 210 5594 llulta
232 5542 374 5598 mala
397 5559 690 5609 exercens,
718 5543 960 5600 crudelia
985 5552 1182 5600 cuneta
1207 5543 1584 5616 frequentans,

76 5627 221 5703 Reges
241 5651 558 5703 excacans,
587 5651 841 5707 proceres
861 5639 1206 5709 populosque
1233 5647 1518 5695 catenans.

75 5719 268 5798 Templa
305 5728 404 5786 Dei
431 5729 678 5795 violans,
715 5745 870 5785 sacra
897 5746 1030 5786 vasa
1057 5746 1152 5802 per
1188 5730 1328 5786 idola
1357 5729 1590 5800 fendans,

75 5818 265 5887 Ignibus
285 5833 458 5895 atque
484 5820 622 5880 feris
643 5830 958 5880 sanctorum
994 5837 1228 5896 corpora
1257 5823 1482 5894 dedens,

935 336 1205 418 Gitonis
1241 339 1466 414 ranis.
1506 353 1686 412 msr.
1727 352 2093 413 lllEROSOL.
2133 386 2204 396 -υ
2242 355 2370 412 LIB.
2413 339 2528 412 ui.“

1659 475 1710 535 Α
1740 468 1922 526 Donec
1940 470 2044 525 sub
2065 469 2210 542 Cyro
2229 469 2416 526 Medos
2437 471 2743 542 Persasque
2762 477 3006 542 regente,
3109 464 3116 472 ’

3225 353 3334 416 966

1737 561 1967 616 Summo
1994 577 2161 634 regna
2193 563 2304 619 Deo
2332 563 2437 618 sibi
2466 562 2701 633 plurima
2736 563 3082 635 subjiciente,

1733 653 1905 726 Capta
1930 662 1986 710 et
2011 653 2290 710 destructa
2317 655 2466 726 quod
2497 653 2703 710 lecerat
2723 665 2808 710 est
2827 669 3050 725 quoque
3076 664 3263 725 pm

1734 745 2278 816 Praedam-praedata,
2305 745 2590 814 captivans
2617 745 2890 802 exsiliata.
3000 759 3004 764 ‘
3073 761 3079 768 ·

1735 838 1915 908 Atque
1943 836 2334 907 prophetarum
2363 837 2520 907 juxta
2557 839 2816 907 praedicta
2847 851 3154 902 sacrorum,
3179 844 3184 852 '

1735 928 2108 1008 Monstramur
2131 927 2272 983 facta
2299 937 2385 984 est
2410 930 2676 984 habitatio
2698 929 3196 998 multimodorum.)

1736 1025 1808 1078 At
1833 1032 2126 1094 postquam
2151 1021 2328 1093 Cyrus
2357 1022 2616 1094 Scythico
2654 1023 2914 1081 fuit'ense
2939 1034 3186 1093 necatus,

1736 1115 1910 1173 Filius
1934 1116 2112 1186 ipsius
2149 1115 2450 1187 Cambyses
2471 1126 2683 1187 patrem
2714 1119 2981 1187 imitatus,

1627 1199 1634 1204 ”
1737 1206 1872 1274 Quae
1902 1222 2050 1261 nunc
2074 1207 2334 1262 incolitur
2355 1207 2685 1279 Babylonem
2718 1211 2983 1278 condidit,
3012 1217 3180 1283 atque

1735 1297 1976 1367 Iudaeos,
2015 1296 2224 1354 Arabes
2251 1299 2357 1354 sibi
2381 1302 2639 1368 subdidit,
2665 1300 3087 1374 Ethiopasque,

1741 1389 1835 1446 Sic
1857 1406 1926 1447 ex
1957 1405 2106 1446 nunc
2135 1399 2190 1445 et
2220 1399 2352 1447 tunc
2375 1390 2619 1465 Babylon
2644 1379 2900 1466 Egyptia
2921 1402 3136 1466 regnat,

1737 1481 1809 1538 Et
1827 1483 2037 1539 circum
2054 1482 2202 1562 circa
2231 1482 2562 1562 famulantia
2587 1499 2757 1556 regna
2792 1493 3056 1542 coarctat.

1739 1572 1918 1646 Hujus
1947 1560 2206 1646 regnator
2233 1573 2442 1631 nostris
2466 1560 3053 1647 apudAntioehenam,
3083 1581 3089 1586 '

1739 1661 1992 1736 lnsignes
2015 1664 2167 1720 misit
2195 1664 2403 1736 legatos
2431 1665 2913 1736 perﬁdus'urbem.

1741 1754 1950 1812 Horum
1974 1757 2187 1827 primus
2207 1765 2325 1812 erat
2344 1756 2440 1828 qui
2464 1765 2596 1813 tunc
2615 1755 2719 1813 fuit
2739 1757 2877 1813 alter
2898 1757 2968 1813 ab
2991 1756 3108 1826 illo,
3152 1784 3159 1795 -

1665 1817 1717 1884 Β
1742 1846 1841 1904 Vir
1875 1817 2055 1906 bonus
2083 1859 2140 1906 et
2163 1817 2426 1921 prudens,
2455 1866 2566 1907 non
2589 1849 2918 1923 ingenioque
2946 1817 3207 1924 maligno.

1738 1937 1969 1997 Nescius
1992 1955 2125 2012 ergo
2147 1940 2280 2010 doli,
2303 1957 2482 2012 neque
2504 1943 2766 1999 conscius
2790 1941 3144 2000 insidiarum.
3242 1949 3244 1952 '

1742 2027 2078 2103 Simpliciter
2094 2031 2233 2088 dixit
2259 2032 2364 2087 sibi
2386 2033 2532 2103 quod
2561 2031 2667 2088 fuit
2687 2034 3086 2105 imperitatum.

1741 2124 1946 2198 Regem
1975 2142 2215 2198 namque
2237 2141 2399 2182 suum
2437 2137 2753 2183 nostrorum
2787 2137 2937 2198 gesta
2967 2128 3238 2199 legentem

1741 2219 2012 2292 Exposuit
2043 2221 2249 2278 nostris
2281 2223 2513 2278 multum
2545 2223 2808 2279 mandare
2835 2224 3089 2280 salutem.

1741 2311 1947 2369 Urbem
1977 2311 2318 2370 Hierusalem
2351 2314 2456 2370 sibi
2486 2330 2634 2369 nunc
2658 2314 2866 2378 ditione
2893 2315 3201 2382 subactam,

1742 2405 1919 2477 Hujus
1945 2421 2115 2462 causa
2145 2406 2280 2462 istos
2309 2414 2523 2462 tantum
2551 2406 2855 2477 sumpsisse
2877 2407 3140 2463 laborem.
3213 2405 3218 2408 ’

1742 2494 1892 2552 Velle
1916 2497 2133 2567 aliquos
2156 2497 2258 2551 sibi
2284 2505 2599 2552 nostrorum
2627 2505 2982 2567 properanter
3008 2494 3203 2552 adesse

1742 2586 1902 2656 Visn,
1940 2588 2235 2659 colloquio,
2258 2579 2408 2645 victu
2433 2588 2536 2644 sibi
2573 2589 2902 2658 participare
2931 2607 2945 2643 :

1745 2678 1805 2736 Si
1829 2680 1932 2738 sibi
1959 2681 2042 2736 vel
2071 2681 2214 2735 ratio
2245 2681 2331 2736 vel
2363 2681 2624 2736 honestas
2648 2681 2932 2752 religionis
3040 2689 3043 2692 '

1745 2773 1986 2830 Suadmt
2009 2783 2069 2829 ut
2090 2772 2272 2829 faveat
2297 2789 2395 2830 sua
2425 2774 2774 2830 conversatio
2801 2767 3028 2830 uestris.
3064 2789 3068 2794 ·

1743 2866 1864 2922 Jam
1887 2867 2005 2923 fieri
2035 2881 2204 2938 posse
2218 2875 2280 2922 ut
2299 2866 2521 2937 gentilia
2552 2875 2798 2921 monstra
2823 2863 3046 2933 refutet,

1747 2959 1818 3016 Ut
1846 2961 2028 3032 posito
2047 2959 2332 3036 Christum
2354 2959 2664 3015 diademate
2694 2960 2906 3030 primus
2933 2959 3164 3016 adoret;

1745 3053 1901 3111 Tunc
1923 3055 2028 3112 sibi
2058 3035 2399 3110 Hierusalem
2427 3055 2544 3111 ﬁeri
2567 3070 2664 3127 per
2683 3065 2882 3111 cuneta
2906 3053 3201 3127 patentem,

1670 3168 1718 3234 ο
1748 3145 1906 3202 'l‘unc
1929 3161 2147 3202 sacrum
2173 3147 2468 3214 tumulum,
2494 3155 2754 3202 cunctum
2783 3163 3004 3218 qinoque
3025 3151 3218 3204 cedere
3240 3146 3346 3203 ho-

3036 3235 3274 3307 [norum

1749 3330 1906 3389 Tunc
1927 3332 2164 3404 palmeta
2195 3333 2314 3389 suis
2344 3333 2589 3389 insontes
2616 3347 2909 3403 suggerere
2929 3332 3141 3404 hastas,

1749 3421 1920 3496 inque
1949 3423 2044 3480 Dei
2067 3425 2258 3481 laudes
2279 3425 2492 3481 habiles
2516 3425 2816 3481 concedere
2850 3425 3050 3494 spicas;

1749 3538 2090 3611 Legationem
2116 3540 2225 3611 regi
2253 3541 2470 3593 mittunt
2503 3537 2818 3594 Christiani.
2848 3519 3075 3610 Legatos
3109 3537 3349 3593 trmccnri

1786 3611 2062 3680 κειμενα,
2087 3611 2178 3666 sed
2198 3627 2382 3664 eorum
2406 3611 2624 3664 ductore
2646 3619 2988 3680 repugnante,
3013 3621 3280 3664 sort-autut

1821 3701 2111 3758 Exsultant
2139 3701 2312 3760 nostri
2340 3701 2477 3757 nihil
2503 3703 2592 3757 hic
2615 3702 2814 3757 hostile
2835 3695 3114 3764 caventes,
3143 3713 3147 3716 ·

1753 3789 1860 3850 Sed
1880 3808 2078 3849 nomen
2115 3793 2335 3850 Domini
2366 3795 2495 3850 hinc
2517 3794 2780 3850 celebrari
2819 3794 3202 3864 suspicientes.

1751 3883 1846 3940 Ille
1871 3878 2036 3940 etiam
2062 3884 2318 3956 princeps
2352 3885 2586 3940 aliorum
2613 3890 2796 3940 mente
2814 3882 3090 3956 benigna,‘
3196 3903 3198 3906 ·

1751 3975 1982 4032 Constat-
2005 3987 2062 4032 et
2081 3977 2353 4045 hortatur,
2382 3978 2660 4048 spondens
2691 3976 2808 4032 fore
2838 3965 3098 4048 prospera
3125 3983 3348 4035 cuncta.

1751 4065 1864 4125 Hos
1884 4069 2085 4125 etenim
2112 4069 2417 4125 incolumes
2440 4069 2709 4126 deducere
2735 4085 2794 4126 se
2821 4059 2939 4125 fore
2962 4078 3192 4136 certum,
3309 4056 3319 4065 ’

1751 4158 1968 4216 Rursus
1995 4160 2296 4216 honoriﬁce
2320 4160 2547 4216 reduces
2568 4160 2701 4216 dare.
2729 4169 2948 4232 pectore
2977 4152 3147 4217 fixum

1752 4249 1897 4324 Ergo
1922 4252 2066 4307 inter
2089 4251 2299 4323 primos
2326 4252 2593 4308 bellorum
2626 4251 2788 4306 laude
2814 4258 3084 4324 potentes,

1751 4341 2005 4414 interque
2029 4345 2264 4400 eximios
2291 4345 2526 4415 insignia
2554 4345 2701 4400 clara
2737 4344 2994 4408 ferentes.

1755 4433 2019 4490 Ductores
2048 4436 2312 4500 vocitant,
2345 4435 2655 4506 complures
2685 4435 2919 4506 dignite.r
2951 4441 3173 4503 ornant,

1673 4529 1728 4592 Β
1752 4525 1978 4582 Cunctis
2007 4526 2216 4582 militiis
2249 4527 2412 4588 simul
2437 4528 2760 4583 utilitatibus
2792 4536 3030 4592 armant,

1756 4616 1971 4674 Etcum
2003 4618 2194 4691 legatis
2226 4620 2434 4691 legatos
2459 4637 2684 4693 pergere
2711 4621 2993 4676 mandant.

1756 4712 1948 4770 Dicere
1969 4713 2056 4769 vel
2080 4713 2260 4771 facere
2288 4731 2412 4786 quae
2434 4717 2547 4772 sint
2568 4731 2628 4771 se
2647 4715 2808 4785 digna
2836 4721 3115 4785 perorant.

1753 4805 1897 4873 Quid
1922 4805 2110 4862 multis
2130 4823 2272 4877 opus
2293 4809 2417 4863 est?
2445 4807 2637 4863 sociali
2663 4805 2867 4861 {mirere
2884 4803 3082 4875 juncti,

1752 4894 1939 4952 Nostri
1964 4906 2020 4952 et
2049 4913 2157 4953 non
2184 4899 2360 4953 nostri
2392 4899 2628 4954 subeunt
2654 4896 2868 4950 navalia
2895 4897 3104 4951 cuncti.

1753 4988 1968 5061 Perque
1997 4990 2170 5046 maris
2200 4990 2383 5062 magni
2407 4990 2638 5044 divortia
2673 4987 2908 5057 plurima
2939 4988 3101 5052 vecti,

1755 5081 2001 5138 Tandem
2028 5090 2159 5138 sunt
2182 5084 2408 5154 propius
2431 5080 2760 5152 Babylonica
2785 5077 2985 5134 muenia
3007 5075 3180 5145 ducti,

1753 5175 2018 5248 Princeps
2046 5176 2208 5232 ollicii
2232 5174 2498 5245 quosdam
2531 5174 2864 5245 prannittere
2885 5180 3064 5235 curat,

1755 5268 1936 5341 Atque
1963 5253 2202 5340 suo‘regi
2231 5284 2355 5339 qute
2387 5277 2631 5339 gesserat
2649 5265 2845 5320 ordine
2871 5274 3080 5318 narrat.

1753 5361 1852 5419 Ille
1871 5362 2028 5419 dolos
2055 5377 2284 5418 versans
2306 5368 2633 5431 praeceptum
2664 5357 2771 5411 tale
2796 5356 3106 5424 remandat,

1754 5453 1833 5511 Ne
1857 5455 2076 5511 lucente
2111 5453 2200 5511 die
2226 5452 2469 5508 Francos
2500 5451 2556 5504 in
2589 5450 2790 5505 muenia
2820 5450 3004 5504 ducat.

1754 5547 1901 5603 Neve
1931 5547 2074 5603 situs
2099 5546 2252 5602 urbis
2281 5558 2511 5600 cernens
2537 5558 2736 5598 manus
2757 5552 2942 5598 extera
2975 5549 3187 5608 noscat,

1758 5638 1961 5710 Sicque
1983 5639 2202 5694 animos
2229 5637 2282 5692 in
2313 5651 2370 5690 se
2397 5649 2530 5706 gens
2551 5633 2710 5690 bellis
2744 5648 2940 5704 aspera
2962 5632 3134 5688 tollat.

1758 5729 1852 5787 llle
1881 5731 2067 5786 dolum
2092 5738 2340 5784 metuens
2365 5735 2540 5797 paret,
2575 5725 2667 5781 sed
2697 5733 2915 5796 pectore
2947 5724 3110 5792 tristi,

1761 5821 2081 5894 lnducitque
2114 5822 2261 5877 viros
2289 5820 2342 5876 in
2366 5819 2570 5876 naenia
2602 5827 2760 5876 noete
2790 5816 2993 5901 silenti.
