3850 6310
145 391 220 454 969
929 380 1203 440 GILONIS
1235 377 1457 438 PARIS.
1495 375 1675 434 HIST.
1718 377 2082 439 HIEROSOL.
2121 414 2191 423 —
2230 381 2359 439 LIB.
2403 379 2492 439 IV.

1651 493 1698 549 Α
1723 490 2252 552 Ρτωωοηειηδδιιιι·
2279 496 2434 568 regni
2462 496 2695 552 mutatio
2727 496 2868 554 laeta.

145 508 195 564 Ut
215 500 370 563 nostris
389 498 564 554 urbem
585 498 783 565 tradat,
819 513 1144 569 murumque
1167 497 1427 554 decorum

138 579 355 662 Turribus,
376 603 421 648 et
439 592 615 662 capiat
640 607 739 662 pro
765 606 985 647 munere
1008 591 1224 647 culmen
1251 590 1540 646 bonorum.

137 693 212 748 Ista
235 690 308 745 diu
333 701 491 742 secum
511 686 600 739 vir
621 699 865 752 versans,
889 684 1098 756 judicat
1123 699 1340 755 aequum

134 780 184 836 Ut
202 779 324 851 prius
345 776 444 830 haec
468 775 664 844 pandat
681 774 1012 838 Boimnndo;
1045 790 1147 830 nec
1170 791 1346 842 mora,
1377 777 1621 843 mandat,
1717 828 1720 830 ν

134 873 188 926 illi
211 877 372 941 quanta
391 875 546 937 paret,
572 882 630 922 se
660 867 1025 938 nequidquam
1047 867 1345 936 dubitaret,

129 960 318 1033 Praecipit
341 969 391 1014 ut
415 961 584 1028 capiat
616 959 866 1025 missum,
890 959 1018 1014 dum
1046 975 1135 1014 res
1155 975 1219 1016 ea
1245 959 1359 1025 fiat,

126 1056 230 1112 Neve
247 1052 450 1124 parando
481 1066 688 1107 moram
721 1053 1042 1122 producant,
1072 1061 1287 1123 tempus
1313 1063 1368 1109 et
1391 1054 1584 1110 horam

124 1147 193 1201 ilic
211 1143 484 1214 designavit,
513 1143 607 1198 sed
643 1143 698 1197 in
729 1144 835 1199 hoc
861 1143 969 1198 dux
996 1145 1338 1214 participavi-t

121 1236 302 1292 Cousilic
327 1249 620 1305 procerum;
645 1233 906 1290 comitum
929 1250 1058 1305 pars
1090 1236 1326 1292 maxima
1355 1253 1547 1292 verum

116 1329 287 1385 Missum
309 1327 434 1382 ferre
461 1336 630 1397 putat,
654 1326 909 1383 dubitans
932 1343 1066 1398 pars
1098 1329 1268 1384 altera
1299 1339 1472 1386 nutat.

117 1423 227 1477 Dicta
247 1431 378 1475 nocte
403 1429 574 1475 tamen
614 1419 954 1478 Boimundus
979 1423 1188 1495 colligit
1211 1439 1406 1494 agmen

112 1513 336 1569 Pulchrius
353 1521 633 1583 armatum,
661 1515 782 1570 belli
812 1517 1012 1572 sudore
1039 1517 1348 1588 probatum.

113 1605 196 1658 Dux
221 1605 376 1660 animo
402 1605 604 1675 ﬂagrat,
636 1606 870 1663 divortia
899 1617 1029 1665 nota
1057 1619 1328 1682 peragrat.

110 1697 297 1768 Quisque
312 1697 418 1767 pari
441 1704 564 1752 voto
588 1707 829 1768 suspirat
851 1709 1071 1769 pectore
1097 1709 1234 1758 toto.

108 1789 180 1844 Per
196 1790 410 1845 tenebras
430 1791 536 1846 dux
565 1792 713 1861 capit
736 1791 857 1860 iter,
883 1793 1145 1864 galeaque
1169 1794 1378 1852 nitente

105 1880 299 1952 Deposita
320 1883 450 1950 silet,
481 1892 535 1938 et
553 1884 800 1955 graditur
833 1887 938 1942 sub
966 1895 1126 1942 nocte
1161 1887 1376 1944 silente.

105 1973 172 2029 Est
189 1975 258 2028 via
280 1975 520 2032 militibus
548 1977 775 2045 timidis,
797 1978 928 2049 juga
964 1979 1142 2046 devia,
1171 1980 1361 2047 valles,

103 2065 286 2137 Quaque
305 2083 390 2137 per
414 2069 678 2126 obscuros
699 2069 917 2126 lucebat
950 2072 1144 2128 semita
1174 2073 1362 2140 calles,

101 2155 153 2211 Ne
179 2159 292 2212 male
313 2176 393 2215 res
416 2160 652 2228 caderet,
678 2162 873 2218 ductor
902 2162 1028 2218 licet
1064 2162 1180 2234 ipse
1200 2164 1436 2232 timeret,

99 2249 211 2314 Quod
231 2259 388 2306 tamen
425 2245 658 2323 angebat
695 2264 931 2310 mentem
977 2255 1132 2312 frons
1165 2256 1280 2328 (85)
1316 2257 1436 2314 lzeta
1465 2267 1613 2329 tege-

1401 2350 1536 2425 [bat.

95 2429 166 2484 Dat
186 2448 311 2502 spem
335 2435 584 2504 tardanti,
617 2438 936 2510 tristemque
965 2448 1186 2496 serenat
1203 2441 1394 2496 ovanti

92 2521 231 2590 Vultu,
253 2527 488 2582 virtutem
519 2530 789 2597 stimulat,
823 2532 1134 2603 populoque
1164 2533 1397 2590 salutem

91 2612 304 2672 Hactenus
323 2630 560 2690 optatam
599 2638 746 2678 nunc
772 2624 954 2679 innuit
973 2639 1098 2680 esse
1119 2635 1390 2695 paratam.

90 2705 224 2776 [tque
250 2711 414 2767 locum
449 2715 598 2770 votis
625 2716 910 2787 multoque
938 2717 1124 2773 labore
1149 2719 1382 2788 petitum

89 2795 385 2870 Prospiciunt,
411 2804 739 2878 hostemque
768 2809 954 2864 vident
972 2809 1198 2880 vigilare
1217 2810 1471 2880 peritum.

86 2890 203 2946 Stant
225 2897 413 2966 procul,
437 2907 492 2953 et
513 2900 743 2956 latebris
781 2901 927 2969 tecti,
957 2903 1242 2973 noctisque
1263 2904 1502 2961 tenebris

85 2982 306 3043 Collueere
327 2988 470 3047 faces
507 3001 777 3062 spectant,
811 3008 1080 3065 arcusque
1100 2996 1367 3065 minaces,

81 3073 128 3128 Et
149 3077 481 3138 discurrentes
502 3098 607 3153 per
629 3085 1033 3156 propugnacula
1057 3084 1268 3142 Turcos

81 3164 330 3238 Purpureos
356 3175 544 3232 cristis
574 3176 783 3246 gladios
813 3192 1030 3233 versare
1051 3192 1331 3234 coruscos.

78 3260 152 3325 Qui
173 3264 271 3319 loca
293 3278 570 3324 mutantes
597 3271 914 3337 commissa,
939 3270 1088 3327 vices
1108 3271 1406 3340 variantes,

80 3351 293 3413 Excubias
314 3362 490 3418 noctis
511 3362 895 3430 succederent,
931 3373 987 3417 et
1010 3362 1305 3431 faciebant,

76 3445 281 3508 Militibus
305 3454 619 3509 clamando.
672 3453 808 3522 Quis
844 3456 962 3512 est?
996 3469 1097 3512 nec
1123 3457 1318 3513 adesse
1342 3456 1607 3528 sciebant.

75 3535 155 3595 Nec
181 3558 333 3612 mora,
360 3547 453 3603 dat
476 3547 598 3602 dua
629 3548 1012 3618 magnanimus
1037 3548 1236 3620 dignas
1260 3549 1400 3606 duce
1425 3564 1610 3615 voces,

73 3632 407 3698 lnstimulando
429 3643 588 3699 viros
615 3645 794 3701 verbis
817 3646 1141 3717 animosque
1166 3645 1374 3704 feroces
1399 3663 1416 3700 :

71 3724 272 3788 Pluribus
298 3743 552 3805 optatum
581 3737 745 3804 votis,
778 3738 913 3794 satis
943 3738 1308 3809 invigilatum,

73 3840 86 3871 ι
112 3821 310 3899 Tempus
328 3831 504 3898 adest,
533 3846 814 3902 proceres,
835 3831 1061 3888 Domini
1085 3832 1286 3902 pietate
1303 3839 1554 3903 paratum

70 3914 257 3988 Tempus
277 3922 329 3976 in
358 3924 463 3980 hoc
493 3932 777 3994 protracta
801 3923 902 3978 fuit
926 3924 1156 3979 victoria
1181 3938 1325 3990 sera,

67 4005 232 4081 Perque
257 4029 449 4072 novem
480 4031 709 4071 menses
738 4015 956 4072 Domini
977 4016 1218 4072 vindicta
1250 4031 1436 4072 severa

66 4097 146 4156 Nos
162 4106 460 4178 castigavit;
485 4109 590 4164 sed
629 4117 757 4164 sunt
780 4124 946 4179 prope
982 4109 1181 4179 gaudia
1209 4123 1358 4164 vera.

65 4188 185 4264 Ergo,
210 4197 302 4253 viri
337 4198 533 4266 fortes,
572 4199 699 4254 forti
729 4201 1005 4269 persistite
1031 4213 1230 4258 mente.

64 4281 236 4357 Vosque
253 4291 342 4345 citi
361 4292 628 4361 juvenes,
660 4307 848 4348 muros
880 4305 1132 4364 superate
1158 4303 1400 4364 repente,

63 4372 228 4435 Vincite
254 4383 344 4438 sed
373 4385 614 4450 celeres,
639 4384 840 4454 pudeat
864 4400 964 4440 vos
985 4384 1208 4440 vincere
1234 4385 1397 4440 lente.

61 4468 127 4524 llle
147 4473 280 4532 locus
306 4478 725 4548 (monstratque
747 4477 972 4548 locum),
999 4477 1154 4548 prius
1173 4477 1519 4549 aggrediatur

61 4559 140 4619 Vos
163 4567 226 4622 ibi
249 4571 427 4639 palma
453 4571 638 4627 ﬁdens
658 4578 838 4637 vocat,
867 4579 924 4625 et
949 4570 1106 4640 prius
1133 4569 1264 4625 inde
1283 4578 1518 4640 petatur.

58 4652 175 4712 Dona
193 4673 409 4718 manent
437 4678 663 4729 omnes,
690 4663 784 4719 sed
816 4678 925 4719 non
957 4677 1078 4718 mea
1102 4662 1246 4718 dona
1270 4662 1502 4728 vocabo,

55 4745 175 4812 Quod
193 4751 289 4809 sibi
311 4753 564 4826 quisque
589 4753 742 4808 dabit
766 4753 959 4809 victori
987 4753 1134 4808 nulla
1156 4753 1385 4823 negabo.

56 4839 134 4897 Sal
160 4862 349 4913 moror,
374 4849 476 4915 ite,
503 4847 633 4914 viri,
661 4863 787 4902 cum
817 4847 1008 4918 paucis
1035 4846 1124 4902 hic
1148 4862 1248 4918 ego
1268 4849 1442 4905 stabo.

50 4934 339 5010 Accelerate,
369 4943 512 4999 boni
549 4956 826 5012 proceres,
854 4957 954 5012 ego
977 4940 1189 4996 tardius
1211 4942 1322 4997 ibo.

52 5025 94 5080 Si
115 5031 171 5094 sit
193 5049 345 5104 opus,
371 5035 557 5106 pedes
593 5033 710 5103 ipse
735 5033 888 5103 prior
915 5043 1188 5089 certamen
1215 5033 1382 5089 inibo.
1419 5054 1438 5086 ι

49 5117 270 5194 Finierat,
294 5127 622 5198 dubiusque
659 5125 782 5182 silet
807 5125 938 5192 dux,
971 5134 1138 5197 atque
1171 5137 1442 5197 vagantur

48 5212 129 5268 Per
145 5228 302 5274 totam
340 5231 596 5276 mentem
636 5234 979 5289 quaecunque
1010 5218 1192 5273 futura
1219 5226 1486 5288 putantur

47 5305 327 5368 Accelerant
351 5316 623 5386 juvenes.
655 5311 979 5368 Fulcberins
1015 5311 1274 5365 imminet
1291 5318 1436 5366 ante.

47 5395 127 5451 Per
146 5405 394 5459 tenebras
428 5404 575 5474 legit
601 5403 691 5459 ille
712 5403 830 5458 vias
854 5418 1042 5472 gressu
1072 5401 1360 5458 titubante.

47 5485 133 5547 illis
152 5497 495 5566 temporibus
524 5495 710 5551 radios
739 5495 971 5550 ducente
995 5503 1230 5561 cometa,

230 5652 404 5721 Edit.,
439 5671 596 5708 mens
624 5664 669 5708 et
703 5655 872 5724 fraus.

231 5719 404 5794 Edit.,
437 5726 686 5780 redeunt.

97 5787 195 5861 (37)
233 5787 405 5863 Edit.,
440 5797 718 5851 matutina
753 5795 935 5852 minus
962 5795 1100 5850 bene
1131 5809 1144 5843 :
1172 5799 1256 5848 est
1281 5801 1459 5847 autem
1492 5789 1615 5846 Ma-

44 5865 138 5919 tuta
156 5880 373 5922 aurora.

330 5963 628 6022 pATROL.
661 5960 836 6022 CLV.

3210 393 3320 448 970

1723 584 1885 641 Astra
1913 589 2180 660 polusque
2217 605 2362 645 novo
2391 596 2522 644 sunt
2543 587 2832 646 obfuscata
2861 589 3081 658 rubore,

1722 678 2010 752 Cordaqne
2033 693 2163 740 sunt
2187 684 2474 741 hominum
2505 685 2678 741 nimio
2710 686 2960 757 perculsa
2988 686 3200 748 timore.

2271 776 2527 830 Traditur
2554 778 2764 833 civitas.
3005 788 3008 792 ί

1720 862 1907 922 Noctis
1929 875 2050 922 erat
2077 869 2316 925 medium
2340 884 2468 924 cum
2504 869 2664 927 miles
2685 871 2754 926 ad
2780 870 2870 926 illa
2900 882 3148 944 paratus,

1719 955 1980 1013 Constitit
2003 959 2071 1013 ad
2099 960 2317 1027 turrim,
2347 976 2514 1031 quam
2541 961 2773 1018 traditor
2801 963 2892 1020 ille
2916 965 3110 1021 beatus

1721 1048 2005 1117 Servabat,
2031 1051 2348 1122 stupuitque
2376 1053 2542 1110 nimis
2564 1055 2633 1111 de
2657 1065 2807 1111 turre
2828 1065 3080 1116 vocatus.

1719 1139 1849 1195 Eia!
1882 1143 2154 1198 clamabat
2175 1143 2409 1213 Turcus,
2439 1148 2789 1205 conscendite
2811 1166 3022 1207 muros.

1721 1237 1949 1288 Summa
1984 1243 2133 1304 petat
2152 1236 2348 1304 virtus,
2375 1249 2588 1308 premat
2616 1240 2802 1297 hostes
2826 1242 2942 1312 jam
2971 1243 3234 1308 ruituros,

1720 1323 2116 1397 Scalarumque
2146 1328 2310 1384 modo
2347 1327 2508 1386 funes
2533 1331 2642 1387 huc
2666 1331 2803 1389 ferte
2830 1334 3079 1404 plicatos.

1719 1415 1884 1472 Movit
1909 1433 2004 1474 eos
2030 1419 2249 1475 tandem
2277 1420 2578 1490 latitantes,
2603 1438 2746 1495 saepe
2770 1433 3010 1496 rogatos.

1720 1507 1963 1580 Denique
1987 1512 2195 1567 calcata
2219 1511 2534 1580 formidine,
2562 1515 2614 1569 vi
2642 1527 2916 1584 revocata,

1720 1599 1986 1672 Vepribus
2009 1605 2240 1661 extracti
2273 1605 2384 1672 vix,
2421 1607 2814 1679 vincentesque
2840 1611 3017 1665 coacti

1721 1693 1854 1750 Sese
1882 1695 2227 1765 confortant,
2257 1699 2439 1754 scalas
2463 1699 2532 1754 ad
2554 1701 2756 1758 moenia
2783 1711 3024 1770 portant,

1719 1786 1967 1860 Dantque
2001 1799 2148 1847 retro
2175 1807 2402 1863 gressus
2439 1792 2639 1848 iterum
2677 1801 2974 1864 turpesque
3003 1810 3272 1858 recessus.

1646 1861 1691 1920 Β
1718 1879 1990 1938 Fructctis
2015 1861 2198 1939 mersi
2212 1883 2458 1940 referunt
2480 1884 2593 1956 (86)
2617 1885 2684 1941 ad
2723 1861 2837 1941 tuta
2865 1861 3091 1954 reversi,

1718 1971 1785 2028 Et
1813 1960 1938 2032 licet
1962 1975 2190 2034 instaret
2215 1975 2449 2044 Turcus,
2471 1977 2564 2032 lux
2585 1978 2953 2050 appropiaret,

1715 2063 1802 2124 Nil
1827 2075 2009 2124 tamen
2036 2067 2330 2135 audebant,
2359 2069 2452 2124 sed
2488 2070 2653 2125 corda
2682 2070 2857 2142 gelata
2886 2070 3194 2142 stupebant.

1716 2156 1965 2230 Increpat
1985 2175 2018 2217 e
2047 2161 2221 2220 muris
2244 2162 2328 2218 vir
2360 2161 2587 2222 vocibus
2615 2164 2834 2234 agmina
2855 2163 3029 2234 duris,

1714 2248 1946 2322 Jamque
1979 2251 2261 2310 recedebat
2287 2267 2418 2318 nox,
2441 2261 2498 2310 et
2521 2252 2727 2312 Matuta
2750 2253 2864 2327 (87)
2888 2255 3143 2325 rubebat,

1713 2343 1850 2397 Cum
1881 2351 2034 2398 stans
2061 2343 2115 2399 in
2142 2344 2325 2402 medio
2351 2345 2689 2416 reliquorum
2707 2345 2900 2418 junior
2924 2363 3089 2413 unus,

1717 2432 1807 2490 Sic
1826 2435 1939 2490 ait:
1965 2433 2242 2504 Oblatum,
2267 2436 2518 2508 juvenes,
2546 2453 2616 2492 ne
2637 2439 2876 2509 spernite
2903 2454 3129 2497 munus.

1715 2524 1952 2598 Surgite,
1983 2528 2195 2598 primus
2219 2543 2334 2586 ero.
2366 2528 2586 2598 Parent,
2620 2529 2945 2588 Fulcberins
2967 2531 3058 2587 ille

1713 2620 1886 2678 Natus
1908 2621 2131 2680 Carnoti
2157 2638 2412 2693 proceres
2435 2625 2742 2694 prtecedere
2772 2625 2921 2680 mille

1713 2709 1834 2767 Non
1861 2713 2038 2780 timet,
2070 2713 2284 2770 invictae
2310 2729 2611 2785 properans
2637 2715 2752 2787 (88)
2781 2715 2851 2771 ad
2879 2716 3084 2774 moenia
3103 2717 3266 2774 villae.

1712 2801 1832 2858 Non
1861 2804 2009 2860 hunc
2038 2807 2218 2866 tardat
2245 2823 2388 2866 onus
2413 2807 2585 2879 clypei
2603 2849 2620 2875 ,
2653 2808 2749 2864 sed
2773 2809 2843 2866 ad
2873 2809 3046 2865 ardua
3071 2826 3281 2881 pronus

1712 2895 1902 2954 Evolat
1927 2914 2079 2955 arma
2105 2915 2320 2970 gerens,
2353 2901 2621 2971 scalaeque
2639 2902 3126 2972 viriliterbzerens,

1712 2988 1868 3047 Illum
1893 2991 2184 3050 Veneticus
2213 2995 2481 3063 sequitur,
2519 3003 2705 3066 stupet
2726 2995 2905 3052 hostis
2933 2997 3178 3070 iniquus,

1713 3081 1784 3140 Ut
1807 3086 1958 3141 stetit
1983 3083 2098 3156 (89)
2130 3086 2184 3141 in
2218 3086 2395 3144 muris
2429 3086 2754 3144 Fulcberins
2775 3129 2789 3153 ,
2812 3103 2940 3146 ecce
2966 3101 3228 3150 necantur

1712 3174 2000 3232 Fulmineo
2033 3176 2248 3246 vigiles,
2278 3187 2333 3234 et
2359 3177 2430 3235 ad
2454 3177 2641 3235 intima
2663 3179 3095 3249 praecipitantur.

1637 3241 1684 3304 (ἶ
1714 3264 1962 3324 Exsultat
1990 3241 2188 3334 victor,
2215 3241 2530 3337 laniataque
2549 3241 2780 3338 proterit
2805 3241 2925 3328 ora.

1712 3357 1957 3430 Corpora
1988 3369 2184 3418 trunca
2207 3359 2432 3426 cadunt,
2459 3359 2772 3420 lacerantur
2798 3361 3047 3425 membra
3078 3362 3302 3422 decora.

1712 3451 1934 3522 Aspirat
1959 3450 2173 3508 fortuna
2200 3454 2339 3517 viro,
2363 3452 2688 3526 plebemque
2711 3455 2952 3512 solutam

1715 3541 1943 3606 Turbat,
1967 3557 2089 3613 qua:
2115 3543 2361 3612 requiem
2393 3542 2562 3600 trahit
2597 3543 2739 3602 inter
2767 3544 2966 3614 pocula
2994 3553 3190 3604 tutam.

1713 3635 1908 3690 Evellit
1934 3645 2138 3705 postes,
2166 3643 2456 3706 turresque
2481 3634 2774 3703 subintrat,
2801 3645 2857 3692 et.
2883 3636 3075 3698 hostes

1712 3726 1984 3798 Opprimit
2010 3727 2282 3794 incautos,
2313 3736 2634 3797 prospectus
2662 3737 2896 3804 occupat
2923 3729 3087 3798 altos,

1713 3819 1958 3891 Tresque
1985 3819 2132 3890 capit
2154 3828 2336 3878 turres
2355 3819 2578 3890 propria
2601 3819 2802 3878 virtute
2825 3821 3066 3880 Boellus.

1714 3912 1872 3968 Hunc
1899 3921 2094 3968 natura
2119 3921 2280 3968 vocat
2300 3912 2395 3970 tali
2419 3912 2745 3983 cognomine
2767 3914 2950 3972 tellus.

1713 4008 2017 4063 Germanos
2047 4007 2138 4062 hic
2158 4005 2300 4064 forte
2321 4016 2469 4073 tuos,
2496 4007 2638 4062 bone
2659 4007 2892 4064 traditor
2918 4009 3090 4077 urbis,

1716 4096 1944 4164 Sternit,
1968 4112 2111 4168 quos
2135 4096 2303 4166 pallet
2330 4096 2692 4154 morientibus
2716 4097 2917 4156 addere
2941 4099 3141 4168 turbis,

1716 4189 1783 4246 Et
1805 4189 2002 4250 fratres
2023 4190 2271 4262 geminos
2297 4189 2526 4260 impellit
2548 4204 2676 4246 arce
2700 4190 2950 4261 supinos.

1713 4281 1944 4354 Jamque
1968 4283 2072 4342 viri
2099 4281 2266 4340 fortes
2293 4282 2600 4353 pendebant
2617 4281 2860 4352 undique
2881 4283 3071 4343 scalis.

1713 4375 1826 4432 Nec
1850 4375 2062 4432 dubitat
2085 4375 2380 4446 quisquam
2408 4374 2507 4430 niti
2547 4389 2646 4445 per
2674 4375 2920 4431 membra
2957 4376 3163 4434 sodalis

1717 4468 1963 4524 Ascensu
1984 4475 2249 4537 superant
2273 4481 2484 4533 muros,
2517 4464 2734 4537 fastigia
2757 4466 2966 4523 dextris

1642 4599 1692 4658 ο
1716 4559 2014 4627 Prcnsant,
2037 4559 2310 4629 obiiciunt
2327 4559 2548 4629 clypeos
2571 4575 2636 4614 ac
2659 4560 2764 4616 tela
2788 4560 3050 4618 sinistris.

1719 4649 2034 4708 Instaurant
2066 4650 2282 4706 animos
2304 4647 2491 4716 Turci,
2516 4649 2806 4704 detrudere
2826 4650 3036 4720 primos

1721 4743 1948 4802 Frustra
1975 4742 2272 4808 luctantur,
2301 4741 2618 4812 trepidaque
2644 4756 2810 4795 manu
2828 4741 3145 4810 iaculantur

1721 4835 1977 4892 Fratrum
2009 4834 2120 4891 fata
2144 4834 2339 4890 dolens
2366 4832 2602 4898 Tereus,
2631 4833 2726 4890 sed
2749 4831 2817 4887 de
2851 4847 2984 4888 nece
3006 4831 3196 4887 nolens

1723 4928 1953 4984 Sumere
1975 4927 2294 4992 vindictam,
2321 4941 2620 5006 pacemque
2649 4925 2922 4980 resolvere
2955 4923 3161 4990 ﬁctam,

1723 5021 1899 5078 Frena
1928 5021 2023 5076 dat
2047 5020 2175 5076 huic
2199 5020 2316 5084 im,
2344 5027 2601 5088 preperat
2623 5025 2808 5087 portas
2836 5015 3068 5086 aperire.

1721 5116 2086 5184 Educcnsque
2118 5128 2311 5184 graves
2334 5111 2566 5182 gemitus
2586 5109 2654 5164 de
2680 5117 2920 5178 pectore,
2953 5108 3134 5166 claves

1722 5209 1901 5265 Porta:
1925 5207 2168 5277 porrexit
2189 5203 2516 5266 Boiniundo,
2538 5201 2760 5270 duxque
2789 5200 2998 5260 reflexit
3024 5202 3138 5270 (90)

1725 5304 1963 5374 Supplex
1991 5309 2116 5356 ante
2141 5299 2319 5353 virum
2345 5312 2568 5366 corpus,
2597 5296 2920 5365 vultumque
2947 5311 3222 5354 severus.

1723 5397 2023 5467 Diffugiunt
2050 5392 2238 5447 miseri
2263 5390 2433 5452 cives,
2463 5388 2560 5442 ubi
2582 5396 2758 5443 morte
2781 5387 2953 5442 teneri

1722 5488 1931 5544 Cuncta
1952 5485 2157 5551 vident,
2183 5483 2303 5539 telis
2328 5490 2649 5542 sternuntur
2677 5477 2879 5536 inmitia
2904 5486 3038 5546 tota,

1796 5649 1907 5718 (88)
1948 5647 2113 5713 Etlit.,
2144 5661 2441 5716 properare.

1798 5719 1910 5788 (89)
1950 5719 2116 5783 Edit.,
2147 5726 2302 5770 ειωιι.

1799 5785 1911 5864 (90)
1953 5790 2115 5857 Edit.,
2149 5789 2259 5841 dua:
2287 5802 2488 5858 quoque
2515 5785 2685 5852 ﬂexit.

2934 5938 3008 5998 31
