3850 6310
543 423 636 480 971
1111 418 1202 473 Al)
1241 415 1688 475 GODEFRIDUM
1730 413 2020 470 APPEND.
2068 413 2129 469 ll.
2175 445 2242 453 -——
2282 411 2554 471 MONUM.
2602 413 2689 470 DE
2727 414 2948 472 BELLO
2989 413 3238 471 8Αοηο.
3635 473 3637 476 ,
3674 424 3744 480 9η

544 543 610 598 Et
636 551 763 597 sunt
787 538 854 594 de
877 537 1052 593 muris
1072 535 1260 590 Parthi
1287 534 1401 604 (9i)
1422 533 1588 588 rubra
1616 532 1771 603 signa
1795 541 2025 589 remota.

542 635 790 705 Albaque
801 645 915 702 pro
939 628 1123 685 rubeis
1149 626 1260 681 illic
1281 625 1476 680 vexilla
1503 624 1774 680 locantur.

543 729 624 784 Ad
650 740 945 783 commune
972 723 1174 778 bonum
1207 720 1288 776 sic
1316 717 1532 790 agmina
1571 716 1675 772 ﬁda
1703 724 1991 781 vocantur,

540 821 977 893 Clangoremque
1008 814 1151 870 tubae
1177 810 1302 868 tulit
1330 809 1396 865 ad
1426 808 1659 865 tentoria
1685 817 1898 863 ventus.

543 916 560 988 [
589 915 703 987 (92)
733 911 1109 983 lmpediuntur
1143 903 1272 976 equi
1307 902 1512 970 frenis,
1546 901 1730 958 fremit
1758 916 1910 955 arma
1934 914 2136 968 ,uven-

1904 989 2065 1062 [ιυεο]

541 1098 651 1155 Nec
675 1111 848 1162 mora,
878 1090 1172 1164 prosiliunt
1195 1086 1264 1143 de
1290 1085 1489 1142 castris
1515 1084 1736 1156 agmina
1768 1083 1962 1149 densa,

542 1174 838 1246 DEserucre
860 1185 1028 1242 duces
1049 1181 1261 1251 campis
1287 1177 1519 1234 tentoria
1543 1178 1736 1243 densa,

540 1283 680 1337 Dum
712 1280 830 1336 sine
855 1278 972 1348 lege
996 1281 1186 1342 ruunt,
1211 1288 1279 1328 ex
1308 1271 1443 1326 urbe
1473 1270 1620 1325 viros
1649 1267 1920 1340 fugientes

537 1371 850 1443 Excipiunt,
877 1378 1147 1438 terraque
1170 1372 1429 1437 premunt
1455 1363 1559 1418 hos
1581 1370 1775 1432 sponte
1799 1360 2074 1420 cadentes.

539 1461 746 1536 Sponte
772 1462 977 1519 cadunt
1001 1459 1207 1531 quibus
1231 1456 1546 1512 exciderant
1571 1470 1698 1510 cum
1725 1466 1958 1523 corpore
1985 1465 2136 1505 men-

1789 1544 1894 1617 [tes
1924 1543 2039 1614 (95)

537 1647 772 1721 Agmina
797 1662 894 1719 per
918 1653 1108 1716 portas
1136 1657 1266 1698 mox
1303 1641 1549 1712 irrupere
1578 1647 1848 1711 patentes,

539 1741 605 1797 Et
630 1754 880 1812 pressere
902 1737 1006 1793 viri
1035 1737 1340 1807 primorum
1373 1743 1522 1805 terga
1551 1740 1861 1803 sequentes.

538 1833 799 1889 Protinus
825 1830 1091 1886 invadunt
1119 1829 1333 1895 urbem,
1357 1827 1492 1883 dant
1514 1825 1737 1881 vulnera
1767 1822 1963 1889 multa,

538 1925 754 1981 Passim
779 1924 937 1980 turba
964 1922 1105 1994 perit
1133 1921 1262 1976 vino
1291 1933 1596 1989 somnoque
1626 1917 1858 1988 sepulta.

541 2017 709 2090 Signa
745 2024 978 2084 canunt,
1023 2022 1336 2084 matresque
1377 2020 1637 2084 gemunt,
1669 2018 1753 2067 est
1783 2010 1966 2065 luctus
2005 2007 2132 2063 ubi-

1902 2100 2061 2174 tunc.

537 2201 751 2272 Perque
773 2200 890 2256 vias
921 2213 1116 2255 omnes
1142 2197 1319 2269 gentis
1343 2211 1510 2252 cruor
1536 2203 1685 2250 errat
1708 2193 1932 2264 iniquae.

537 2293 642 2350 Ore
670 2292 841 2351 vomit
865 2292 1148 2348 cerebrum
1180 2291 1373 2362 capitis
1410 2303 1671 2360 compage
1699 2287 1876 2344 soluta

536 2385 742 2454 Infans,
771 2394 826 2442 et
856 2383 1064 2441 foedant
1094 2383 1363 2439 nutricem
1397 2381 1587 2438 oscula
1617 2389 1766 2436 muta
1791 2380 1926 2452 (94).

533 2478 617 2534 Ad
641 2487 844 2533 matres
867 2475 1098 2531 tendunt
1121 2475 1351 2546 captivae
1374 2473 1583 2528 lumina
1613 2480 1774 2536 naue,

533 2568 769 2624 Lumina
801 2567 1063 2638 (namque
1085 2581 1284 2622 manus
1307 2565 1484 2636 rigido
1516 2573 1644 2621 sunt
1679 2563 1808 2620 fune
1837 2563 2062 2635 ligaue),

531 2657 690 2714 Fient
717 2659 1036 2728 haerentque
1069 2671 1262 2722 senes;
1295 2654 1513 2726 templis
1544 2670 1681 2710 auro
1719 2654 1989 2725 spoliatis,

531 2748 790 2822 Duraque
816 2748 1130 2820 percutiunt
1158 2748 1279 2804 loca
1309 2745 1584 2804 frontibus
1614 2747 1952 2803 inveteratis.

1017 2838 1282 2895 Casiantts
1316 2839 1430 2893 neci
1465 2839 1647 2893 datur.

533 2933 748 2990 Emicat
773 2943 900 2990 ante
930 2933 1122 2990 volans
1153 2930 1502 2998 Godefridus,
1528 2931 1722 2986 inertia
1749 2931 1958 3002 spernit

531 3025 775 3096 Corpora
793 3066 808 3092 ,
833 3017 1085 3096 quosque
1114 3023 1259 3079 videt
1287 3030 1603 3093 torquentes
1639 3021 1848 3094 spicula
1878 3021 2093 3080 sternit.

531 3114 761 3172 Loricas
788 3115 1118 3188 clypeosque
1143 3113 1307 3169 simul
1333 3121 1485 3170 secat
1510 3127 1645 3170 ense
1672 3112 1891 3179 nitenti,

531 3205 773 3264 Territat
797 3207 1066 3262 instantes
1088 3205 1214 3273 hoc,
1237 3203 1429 3275 objicit
1455 3203 1605 3260 hunc
1625 3201 1873 3275 fugienti.

529 3285 578 3357 A
599 3315 733 3357 nece
765 3299 857 3356 vix
881 3299 1121 3371 gladium
1146 3298 1257 3354 dux
1279 3297 1396 3369 ipse
1416 3305 1595 3369 potest
1622 3295 1888 3363 inhibere,

531 3391 793 3463 Quosque
822 3389 963 3447 mori
996 3390 1164 3446 nollet
1192 3389 1373 3461 gladio
1394 3389 1552 3445 multi
1574 3387 1805 3460 periere.

529 3483 770 3542 Vulnere
797 3498 926 3539 nam
956 3483 1003 3539 si
1027 3497 1192 3554 quem
1222 3496 1394 3554 parvo
1422 3482 1788 3554 perstringere
1815 3489 2020 3552 captat,

528 3575 690 3634 llunc
723 3575 918 3648 rapido
956 3589 1221 3632 mucrone
1248 3589 1468 3642 manus,
1495 3574 1623 3631 licet
1645 3573 1842 3641 inscia,
1870 3580 2091 3628 mactat.

526 3667 670 3725 Dum
694 3680 1040 3739 quaecunque
1069 3665 1188 3722 suis
1223 3665 1418 3722 suadet
1443 3664 1673 3721 victoria
1699 3664 1842 3730 lazta,

527 3760 678 3818 Gens
706 3759 844 3817 levis
868 3757 1212 3830 exsequitur,
1242 3757 1408 3815 licitis
1435 3757 1676 3816 miscens
1708 3757 2021 3825 inhonesta,

527 3852 737 3909 Celavit
772 3851 972 3925 pannis
993 3865 1181 3923 regem
1208 3866 1306 3906 rex
1327 3850 1542 3908 obsitus
1568 3851 1750 3918 annis,

528 3944 926 4017 Victorumque
954 3959 1157 4000 manus
1193 3943 1275 4000 sic
1311 3943 1486 4000 evasit
1512 3944 1804 4001 Casianus.

527 4036 649 4094 Non
675 4045 860 4094 tamen
883 4045 970 4094 est
1003 4035 1130 4092 fatis
1157 4045 1402 4107 ereptus,
1432 4035 1528 4092 sed
1551 4036 1690 4092 bene
1716 4046 1880 4093 notus

525 4128 790 4186 Armenio
811 4129 1030 4186 cuidam
1055 4127 1274 4200 fugiens
1299 4137 1354 4184 et
1387 4128 1456 4184 ab
1482 4129 1618 4184 urbe
1645 4139 1914 4197 remotus,

527 4222 773 4280 Perdidit
797 4220 1025 4278 annosis
1049 4221 1291 4278 cinctum
1318 4229 1485 4293 caput
1512 4221 1755 4293 undique
1782 4222 1949 4289 villis,

526 4315 707 4388 Atque
729 4324 1043 4387 reportatur
1071 4314 1257 4370 cervix
1287 4329 1558 4386 suspensa
1591 4314 1826 4385 capillis.

525 4405 632 4462 Per
661 4407 812 4463 vicos
837 4406 990 4462 urbis
1022 4413 1187 4478 caput
1214 4404 1595 4477 applaudendo
1615 4413 1950 4475 sequuntur,

527 4498 740 4555 Emenii
767 4499 883 4570 (95)
911 4496 1189 4570 Turcique
1220 4513 1323 4554 suo
1350 4512 1452 4569 pro
1476 4511 1606 4568 rege
1631 4497 1981 4567 queruntur.‘

530 4590 663 4647 Urbi
685 4591 982 4662 contiguus
1005 4606 1167 4648 mons
1188 4599 1294 4658 est,
1321 4589 1636 4659 montisque
1658 4604 1946 4658 cacumen,

525 4681 645 4740 Non
676 4683 863 4739 leviter
893 4683 1034 4739 valet
1061 4684 1363 4737 humanum
1395 4680 1790 4751 comprendere
1812 4681 2018 4748 lumen,

527 4773 649 4830 Stat
680 4790 846 4846 super
874 4776 982 4831 hoc
1011 4781 1279 4839 castrum,
1305 4771 1373 4828 de
1401 4787 1513 4842 quo
1539 4780 1690 4844 patet
1713 4773 2053 4831 Antiochena

525 4865 762 4922 Pulchra
791 4865 955 4920 nimis
984 4864 1156 4933 regio,
1192 4876 1319 4918 cum
1349 4861 1449 4916 lux
1473 4862 1613 4918 solet
1629 4877 1752 4920 esse
1781 4879 1994 4921 serena.

525 4957 659 5014 Illuc
679 4956 920 5013 evadunt
943 4954 1144 5018 Persae,
1173 4961 1506 5022 nostrosque
1529 4953 1742 5024 sagittis

524 5047 656 5103 lude
684 5054 960 5118 premunt,
992 5058 1094 5099 nec
1125 5052 1239 5098 tota
1265 5043 1413 5099 venit
1441 5043 1666 5100 victoria
1700 5044 1869 5102 mitis.

524 5136 664 5190 Cum
692 5135 905 5206 legione
932 5147 1032 5188 sua
1055 5130 1397 5188 Boimundus
1421 5133 1653 5203 suscipit
1675 5133 1820 5190 ictus

523 5227 768 5294 illorum,
796 5226 934 5298 petit
967 5224 1145 5279 hostis
1169 5239 1294 5279 eum
1322 5240 1420 5296 per
1444 5226 1652 5282 moenia
1676 5227 1876 5284 vietus.

525 5319 776 5387 Cumque
810 5333 976 5387 super
1006 5331 1224 5371 murum
1261 5318 1456 5373 turrim
1485 5319 1595 5374 dux
1621 5317 1780 5376 fortis
1803 5320 2047 5379 haberet.

527 5409 662 5477 Quae
686 5409 896 5465 munita
924 5425 1116 5480 parum
1146 5418 1328 5465 castro
1354 5411 1591 5468 vicinius
1617 5415 1808 5479 haeret,

526 5500 882 5559 incumbebat
901 5503 952 5559 ei
979 5504 1284 5560 saevissima
1304 5504 1486 5572 turba,
1509 5506 1808 5578 resumptis

598 5657 714 5728 (9|)
755 5657 922 5730 ﬁdit,
947 5661 1166 5730 partim.

599 5727 716 5799 (92)
756 5727 856 5799 llic
885 5727 1076 5785 versus
1111 5729 1454 5784 desideratur
1484 5727 1539 5784 in
1561 5729 1742 5786 editis.

602 5798 718 5869 (95)
756 5798 922 5864 Edit.,
959 5800 1067 5854 llos
1112 5817 1213 5854 non
1249 5811 1430 5870 sponte
1466 5801 1660 5872 cadunt
1689 5800 1878 5872 quibus
1909 5807 1960 5852 et
1999 5815 2115 5854 cum

1561 5870 1796 5940 [corpore
1829 5879 2042 5924 tuentes.

2161 4601 2204 4660 ι)
2231 4592 2538 4664 Ignorantia
2559 4601 2680 4648 erat
2711 4592 2896 4664 populi
2921 4592 3170 4650 demersa
3194 4591 3464 4648 tenebris.

2224 5419 2368 5492 Ergo
2389 5421 2478 5480 die
2499 5429 2612 5478 tota
2636 5431 2866 5494 pugnat,
2897 5424 3158 5494 noctique
3179 5423 3440 5482 laborem

2164 539 2212 594 Α
2244 529 2488 598 Viribus,
2510 540 2852 588 ammentant
2876 531 3087 586 Arabes
3110 531 3180 586 de
3202 529 3436 585 culmine
3461 532 3634 590 montis

2239 625 2340 682 Ast
2361 625 2455 681 alii
2481 635 2751 682 conantur
2774 640 2899 681 eum
2923 625 3191 696 depellere
3212 624 3410 691 contis,

2239 715 2454 788 Perque
2475 717 2666 789 globos
2689 717 2923 773 densant
2945 731 3172 784 cuneos,
3195 725 3251 773 et
3271 714 3508 772 bulmina
3535 733 3742 788 prensant.

2238 807 2430 864 Praalia
2456 809 2829 876 committunt,
2857 809 2950 865 vix
2982 808 3146 879 primi
3177 809 3387 879 spicula
3410 809 3606 867 mittunt

2238 901 2607 957 Assimilanda
2634 901 2769 968 nivi,
2793 901 3118 972 calcantque
3137 901 3405 956 cadavera
3429 902 3548 957 vivi.

2240 991 2358 1048 Dux
2381 992 2708 1063 equitesque
2734 992 2894 1049 ducis
2923 991 3260 1058 consistunt,
3289 1001 3344 1046 et
3371 991 3634 1049 morientes

2240 1083 2511 1141 Turribus
2539 1085 2817 1151 evolvunt,
2846 1084 3108 1154 civesque
3142 1095 3342 1140 necant
3370 1083 3647 1142 subeuntes.

2238 1175 2395 1232 Nunc
2418 1177 2625 1233 instant
2652 1177 2810 1243 sude,
2839 1190 2990 1232 nunc
3015 1190 3170 1244 saxo,
3201 1190 3300 1246 per
3322 1175 3426 1231 tela
3451 1186 3639 1233 ruentes

2240 1268 2352 1325 llos
2375 1269 2614 1340 fugiunt,
2643 1270 2746 1325 hes
2768 1268 3056 1340 dejiciunt,
3086 1269 3200 1324 dux
3224 1284 3439 1324 summa
3465 1278 3666 1325 tenentes

2239 1363 2503 1433 Amputat
2531 1377 2675 1418 ense
2716 1377 2938 1428 manus,
2988 1361 3292 1434 clypeoque
3326 1370 3547 1416 sonante
3572 1359 3749 1418 furentes

2241 1452 2506 1522 Sustinet,
2544 1455 2799 1512 hortatur
2822 1468 3106 1526 proceres,
3137 1453 3262 1509 telis
3284 1461 3551 1508 oneratur.

2239 1544 2378 1602 Dum
2407 1555 2622 1603 certant
2643 1547 2813 1615 acies,
2829 1546 3075 1617 jaculum
3100 1544 3297 1601 femori
3325 1543 3481 1600 ducis
3509 1543 3652 1612 lia-sit,

2237 1638 2415 1709 Atque
2445 1637 2604 1693 virile
2631 1635 2812 1692 femur
2832 1637 3074 1708 graviter
3095 1635 3299 1690 vulnus
3321 1634 3437 1690 leve
3463 1633 3598 1690 laesit.

2238 1727 2360 1786 Dux
2384 1729 2553 1801 igitur
2585 1729 2894 1801 reprimens
2916 1726 3181 1800 fugientis
3204 1725 3489 1798 sanguinis
3515 1725 3693 1790 undam,

2239 1820 2492 1879 Deseruit
2509 1821 2744 1894 primam
2770 1821 2990 1887 turrim,
3022 1821 3291 1892 petiitque
3315 1819 3609 1876 secundam.

2167 1885 2210 1946 Β
2240 1911 2420 1985 thue
2439 1885 2528 1970 sui
2553 1913 2740 1970 videre
2764 1913 2926 1972 ducis
2946 1885 3310 1985 procumbere
3335 1921 3578 1978 mentem,

2235 2003 2448 2076 Apulus
2469 2013 2524 2060 et
2551 2003 2784 2061 Calaber
2817 2003 3034 2074 fugiunt
3063 2004 3266 2061 victam
3297 2002 3459 2059 modo
3481 2011 3676 2073 gentem.

2239 2095 2344 2152 Sed
2371 2106 2552 2152 tamen
2580 2096 2786 2153 amissa
2811 2095 2896 2150 vir
2923 2097 3076 2153 solus
3107 2095 3163 2151 in
3193 2110 3324 2152 arce
3354 2093 3613 2159 remansit,

2234 2186 2410 2258 Cujus
2435 2187 2668 2244 honesta
2697 2188 2833 2243 satis
2855 2185 3198 2242 Boimundus
3226 2185 3423 2242 funera
3452 2185 3648 2256 planxit.

2237 2278 2500 2336 Hostibus
2525 2279 2616 2336 hic
2643 2279 2841 2336 mediis
2866 2279 2957 2336 ubi
2986 2294 3048 2334 se
3072 2279 3220 2335 videt
3244 2294 3369 2335 esse
3393 2277 3636 2342 relictum,

2236 2371 2536 2444 Exagitans
2559 2371 2811 2445 clypeum
2837 2371 3048 2428 circum
3071 2387 3173 2427 sua
3201 2381 3448 2442 tempora
3475 2370 3672 2441 pictum,

2236 2467 2476 2525 Territat
2505 2468 2775 2525 instantes
2804 2466 2996 2522 turbas
3019 2466 3125 2522 sub
3147 2475 3300 2522 turre
3327 2473 3596 2536 vagantes,

2235 2561 2433 2617 Obruit
2452 2561 2658 2632 elapsis
2685 2560 2756 2617 de
2777 2575 3000 2617 summo
3024 2559 3264 2616 culmine
3292 2558 3462 2626 saxis,

2237 2655 2379 2712 Mille
2389 2671 2587 2712 manus
2598 2655 2786 2722 lassat,
2809 2670 3008 2710 manus
3021 2669 3130 2710 una
3143 2653 3296 2708 viros
3307 2653 3441 2708 sude
3451 2658 3648 2722 qua-sat
3658 2648 3752 2718 (96),

2235 2750 2546 2821 Frustaque
2571 2749 2824 2806 czementi
2851 2748 3179 2804 deerustans
3207 2761 3394 2818 ungue
3422 2743 3664 2808 trementi,

2237 2841 2525 2898 Stantibus
2549 2839 2772 2912 infligit,
2796 2837 2943 2896 ferro
2972 2853 3107 2895 cava
3132 2846 3381 2908 tempora
3411 2836 3534 2908 ﬁgit.

2234 2932 2392 2990 llunc
2412 2933 2517 2990 sub
2537 2947 2672 3004 pace
2696 2940 2897 2988 vocant
2918 2931 3090 2999 cives,
3121 2929 3399 2987 succurrit
3427 2938 3480 2984 at
3501 2927 3583 2983 isti

2233 3025 2410 3094 Quam
2438 3025 2732 3097 pulchrum
2759 3024 2833 3080 sit
2858 3033 3034 3080 marte
3066 3023 3207 3079 mori
3232 3039 3333 3094 pro
3357 3021 3567 3078 nomine
3586 3018 3755 3076 Christi.

2233 3115 2467 3188 Jamque
2498 3116 2845 3189 superficiem
2872 3115 3049 3188 clypei
3076 3115 3409 3171 densaverat
3437 3113 3600 3169 hostis

2157 3233 2204 3296 ο
2236 3207 2563 3277 Missilibus;
2585 3209 2733 3281 jacet
2755 3209 2908 3266 orbis
2933 3209 3103 3276 iners,
3131 3207 3351 3279 pondus
3375 3223 3533 3281 grave
3551 3206 3691 3264 costis

2233 3301 2494 3359 Protinus
2516 3301 2662 3358 haud
2684 3301 2873 3358 timide
2894 3315 3016 3358 sese
3036 3316 3204 3372 super
3225 3300 3446 3372 agmina
3464 3300 3606 3371 jeeit.

2233 3393 2702 3467 Tormentumque
2726 3409 2930 3452 novum
2957 3394 3183 3466 proprio
3210 3393 3280 3450 de
3301 3409 3529 3466 corpore
3549 3392 3675 3457 fecit,

2233 3486 2304 3543 Et
2337 3486 2546 3544 fractus
2571 3486 2731 3559 fregit
2759 3487 2984 3544 multos.
3012 3483 3140 3542 Hau:
3159 3485 3375 3557 Apulus
3395 3486 3522 3558 egit.

2235 3577 2344 3636 Sed
2364 3579 2494 3650 quis
2515 3579 2569 3634 id
2596 3578 2853 3650 expediat
2872 3577 3091 3636 verbis?
3123 3593 3250 3650 qua;
3285 3579 3471 3650 lingua
3495 3587 3666 3633 notare

2232 3671 2449 3728 Funera
2477 3681 2556 3728 tot
2579 3672 2801 3744 poterit,
2828 3680 2912 3728 tot
2933 3670 3181 3742 captivos
3209 3671 3541 3727 numerare!

2231 3761 2342 3820 Nec
2369 3763 2593 3822 turbare
2623 3762 2845 3834 quidem
2870 3771 3038 3835 queat
3058 3763 3417 3834 ampliﬁcatio
3439 3777 3651 3827 verum;

2233 3854 2478 3913 Sufficiat
2500 3856 2636 3913 mihi
2665 3871 2883 3914 summa
2911 3857 3070 3928 sequi
3094 3855 3326 3929 vestigia
3355 3871 3561 3914 rerum.

2413 4047 2692 4105 Exercitus
2734 4047 3076 4104 Christianus
3103 4049 3287 4104 urbem
3329 4019 3637 4120 ingreditur.

2231 4221 2374 4279 Urbs
2396 4223 2646 4294 antiqua,
2671 4232 2888 4294 potens,
2913 4221 3061 4278 Petri
3083 4221 3347 4279 cathedra
3372 4222 3642 4286 decorata,

2230 4314 2491 4371 Ecclesiae
2513 4316 2672 4371 sedes
2701 4325 2824 4386 post
2845 4314 3078 4371 Romam
3105 4315 3233 4386 jure
3255 4324 3476 4382 vocata,

2229 4407 2470 4464 Urbibus
2495 4408 2801 4465 innumeris
2825 4409 2958 4465 urbs
2987 4408 3212 4466 assidue
3232 4407 3544 4472 dominata,

2230 4501 2423 4572 Muris,
2453 4501 2721 4570 delubris,
2757 4499 2907 4568 felix,
2928 4500 3197 4571 jucunda,
3227 4499 3494 4567 salubris,

2235 4683 2362 4740 Inde
2386 4683 2481 4740 sed
2501 4683 2704 4755 erupit,
2731 4698 2874 4739 nova
2899 4683 3066 4751 facta,
3089 4683 3376 4756 magisque
3397 4682 3648 4746 celebris,

2235 4774 2429 4832 Vestes
2455 4785 2780 4849 gemmatas,
2803 4790 3055 4847 auroque
3089 4775 3286 4832 domos
3311 4774 3601 4846 laqueatas

2231 4867 2442 4939 Agmen
2467 4866 2632 4923 habet
2655 4875 2930 4934 nostrum,
2951 4866 3304 4940 peregrinum
3323 4867 3580 4937 possidet
3596 4873 3776 4920 ostrum.

2233 4957 2398 5016 Urbis
2423 4968 2478 5015 et
2504 4959 2670 5016 unius
2697 4959 2936 5030 explevit
2967 4958 3124 5030 copia
3147 4966 3362 5031 gentes,

2232 5049 2683 5124 Pauperibusque
2708 5051 2846 5107 nihil
2873 5059 3109 5124 possunt
3140 5049 3364 5108 auferre
3392 5059 3661 5123 potentes.

2230 5142 2435 5202 Servus
2462 5144 2520 5199 in
2545 5143 2650 5200 hac
2675 5158 2869 5201 servos
2895 5143 3062 5200 habet
3083 5144 3241 5214 urbe,
3263 5145 3560 5218 cliensque
3584 5143 3766 5199 clientes

2229 5235 2379 5292 Illam
2414 5235 2539 5292 luce
2560 5234 2714 5292 lovis
2750 5245 2882 5292 tuus
2912 5236 3103 5304 intrat,
3127 5236 3373 5303 Christe,
3404 5239 3650 5304 satelles;

2227 5327 2335 5384 Sed
2359 5328 2691 5385 castellanos
2717 5329 2910 5401 nequit
2937 5344 3274 5402 exsuperare
3301 5331 3568 5388 rebelles.

3793 4247 3795 4287 Ι

3785 4315 3793 4391 Ῑ

3789 4455 3791 4493 l

3778 5019 3779 5051 1

3771 5049 3779 5320 1

2229 5512 2550 5583 Continuat,
2587 5515 2912 5588 nullumque
2939 5517 3086 5590 capit
3107 5517 3213 5575 sub
3239 5527 3412 5580 nocte
3440 5533 3697 5596 soporem.

2323 5670 2415 5744 9i)
2451 5668 2625 5744 Edim
2657 5672 2878 5744 sordida
2907 5681 3083 5744 sputa.

2321 5740 2415 5880 95;
2451 5740 2620 5809 Edit.,
2645 5743 2884 5799 Armeni.

2322 5811 2391 5865 96
2453 5810 2623 5880 Edit.,
2647 5830 2856 5880 unaque
2883 5815 2931 5870 υἱ

2298 5810 2414 5880 (96)
2453 5810 2623 5880 Edit.,
2647 5830 2856 5885 unaque
2883 5815 3022 5871 viros
3045 5815 3176 5874 aude
3198 5827 3452 5891 «aut.
