3804 6312
106 387 186 446 973
914 383 1191 442 GILONIS
1228 382 1450 440 PARIS.
1490 383 1670 440 HIST.
1709 383 2076 441 HIEROSOL.
2113 415 2184 425 —-
2223 384 2354 440 LIB.
2392 383 2481 440 IV.

3238 385 3345 448 9η

105 502 312 566 Cortona
357 501 569 558 militiae
623 500 864 572 princeps
888 571 892 572 ν
919 517 1040 555 cum
1085 499 1375 572 Persarum
1417 501 1652 556 exercitu
1680 503 1727 564 Α
1758 497 2100 572 Raptatoque
2126 499 2244 555 viro
2273 500 2456 556 subito
2479 507 2646 570 caput
2675 508 2923 571 amputat
2944 501 3111 558 ensis.

466 571 652 627 contra
679 571 1019 626 Antiochiam
1047 571 1237 627 tendit.

102 690 180 746 Ast
200 686 283 756 ubi
303 699 463 743 mane
485 685 674 752 datur,
701 681 1040 754 Venerisque
1065 683 1185 739 dies
1220 691 1524 750 reseratur,

103 781 236 837 Stans
253 793 415 850 eques
433 777 492 832 in
516 777 712 844 muris,
742 776 874 832 dum
901 783 1244 832 sustentatur
1269 776 1341 832 ab
1374 775 1555 843 hasta,

102 869 412 939 Sortitusque
438 867 646 935 locum,
677 865 800 924 loca
829 866 1270 922 lustrat'lumine
1293 875 1471 934 vasta,

101 960 309 1017 Pulveris
333 959 624 1017 obscuram
643 958 926 1031 proSpexit
946 958 1001 1014 in
1039 974 1168 1016 aere
1191 959 1415 1016 nubem.

99 1053 406 1110 Tristiamox
436 1052 708 1124 reliquam
732 1060 893 1109 vocat
913 1051 982 1108 ad
1011 1053 1327 1123 spectacula
1348 1053 1572 1124 pubem.

101 1145 354 1216 Suspensis
389 1144 591 1201 animis
614 1159 710 1215 per
739 1145 1151 1218 propugnacula
1175 1145 1419 1214 stabant,

99 1235 378 1308 Diversique
407 1236 534 1303 viri,
555 1236 774 1293 diversa
795 1237 979 1293 videre
1001 1237 1288 1308 putabant.

98 1327 394 1399 Appropiare
413 1326 638 1399 quidem
664 1325 877 1384 Turcos
899 1327 1014 1400 (97)
1036 1342 1170 1399 pars
1193 1327 1547 1398 vaticinatur,

97 1421 210 1479 Pars
229 1419 553 1494 Bysantinos
592 1419 710 1476 fore
731 1419 907 1476 credit
934 1434 1080 1491 quos
1104 1421 1438 1490 speculatur.

97 1511 333 1568 Ardentes
354 1511 580 1584 clypeos
604 1510 690 1568 sol
712 1509 919 1566 lumine
939 1510 1303 1581 percutiebat,

95 1599 440 1671 Paulatimque
468 1599 730 1671 frequens
761 1598 1036 1656 exercitus
1057 1600 1401 1656 adveniebat.

93 1691 372 1749 Consedere
417 1702 601 1749 tamen
655 1693 871 1764 procul,
920 1692 1290 1763 exspeuando
1334 1703 1627 1764 sequentes

93 1783 314 1841 Corbana
342 1785 549 1842 militiae
569 1786 846 1856 princeps,
871 1785 1179 1856 reliquique
1208 1793 1483 1856 potentes.

95 1877 180 1932 Sed
196 1877 411 1949 quidam
436 1865 619 1935 Persae
639 1878 754 1950 jam
779 1877 986 1934 mantia
1009 1893 1107 1949 spe
1127 1879 1425 1950 capientes,

95 1968 232 2026 Urbis
260 1971 314 2026 in
335 1979 560 2042 aspectu
587 1985 814 2042 campos
845 1970 1052 2042 petiere
1077 1978 1347 2042 patentes,

93 2061 414 2134 Diversisque
435 2063 616 2120 modis
640 2063 882 2134 gaudent
910 2063 986 2119 ibi
1011 2047 1312 2130 luxuriare,

92 2153 272 2227 Turpia
293 2171 402 2212 non
429 2165 650 2213 cessant
671 2155 1237 2228 speculantibus:(98),
1261 2155 1654 2227 improperare.

93 2246 394 2319 Spumantes
417 2265 514 2321 per
535 2265 760 2322 gramen
783 2264 957 2321 equos
988 2248 1264 2305 dimittere
1283 2257 1514 2316 certant,

90 2337 308 2397 Nudatos
330 2357 493 2398 enses
515 2341 752 2413 jaciunt,
777 2339 1089 2412 iterumque
1113 2349 1416 2412 receptant.

89 2429 376 2500 Endnlant,
403 2432 614 2505 passim
640 2433 888 2501 volitant,
910 2432 1228 2504 clausisque
1253 2433 1557 2500 minantur,

91 2520 302 2595 Telaque
326 2541 425 2596 per
447 2539 652 2582 vacuas
677 2540 842 2582 auras
867 2534 1069 2581 temere
1091 2525 1425 2596 jaculantur.

92 2613 260 2673 Tutius
284 2632 408 2674 esse
438 2626 632 2688 putant
661 2617 837 2674 nostri
859 2618 984 2674 loca
1003 2625 1154 2674 certa
1177 2617 1362 2674 fovere

91 2703 241 2771 Quam
265 2722 433 2764 casus
464 2709 673 2764 incerta
704 2709 860 2781 sequi
887 2709 1200 2781 bellumque
1227 2725 1467 2766 movere.

92 2792 181 2850 Sed
207 2811 327 2853 cum
352 2796 472 2868 jam
501 2796 670 2854 Turci
692 2808 1000 2856 remearent
1021 2798 1410 2868 vociferantes,

92 2883 154 2941 De
174 2886 477 2946 Barnavilla
499 2890 748 2962 sequitur
773 2890 1026 2963 Rogerus
1054 2901 1287 2949 ovantes

89 2977 208 3035 Cum
246 2981 428 3038 tribus
473 2982 752 3052 armatis,
779 2999 921 3056 quos
967 2993 1262 3057 postquam
1309 3000 1443 3057 gens
1481 3001 1662 3041 remo-

1272 3077 1415 3150 [rata
1444 3079 1560 3150 (99)

91 3159 346 3235 Respexit,
373 3164 506 3222 facit
526 3165 759 3225 insidias
784 3167 888 3224 sub
912 3183 1049 3239 rupe
1069 3177 1282 3226 cavata.

89 3252 315 3329 Dumque
338 3259 674 3316 lacessentes
704 3260 920 3332 aliquos
952 3261 1131 3318 nostri
1160 3273 1550 3334 sequerentur,

88 3340 125 3396 E
148 3344 366 3405 latebris
396 3347 550 3404 fures
579 3349 788 3405 saliunt
813 3349 1098 3422 nostrique
1120 3333 1269 3423 (100)
1298 3333 1556 3409 tenentur

87 3433 284 3508 lnclusi,
310 3441 572 3512 versique
599 3450 840 3514 stupent,
873 3442 1183 3514 animisque
1212 3443 1483 3514 receptis,

91 3524 346 3589 Vallantes
374 3541 684 3602 penetrant,
715 3532 920 3605 clypeis
944 3533 1013 3589 ad
1039 3542 1189 3606 terga
1225 3533 1467 3606 rejectis.

85 3617 144 3676 Ut
160 3623 227 3678 sit
249 3625 346 3680 ubi
377 3626 611 3681 canibus
636 3635 761 3698 post
781 3626 929 3684 cervi
943 3641 1106 3683 crura
1129 3626 1346 3696 solutis,

85 3711 140 3768 ili
168 3717 397 3786 pedibus
424 3719 690 3790 praedam,
723 3726 945 3790 portum
971 3719 1107 3790 petit
1129 3719 1222 3777 ille
1251 3720 1446 3778 salutis

81 3803 165 3864 llis
195 3809 308 3868 alas
339 3811 495 3867 addit
517 3826 664 3883 spes,
696 3811 756 3867 fit
778 3812 923 3869 celer
949 3812 1041 3869 ille
1068 3812 1288 3882 timore,

81 3896 189 3954 llo:
210 3903 322 3958 voti
354 3918 582 3973 compos
605 3918 801 3960 cervus
825 3904 978 3961 canis
1003 3904 1116 3960 exit
1139 3905 1210 3962 ab
1231 3921 1347 3962 ore.

79 3989 177 4051 Nos
202 3997 352 4069 (101)
376 3997 456 4056 ita
480 3995 721 4056 Parthus
745 3999 860 4073 agit
886 4015 1151 4072 praeceps,
1189 4002 1246 4057 in
1273 4001 1500 4059 verbera
1529 4017 1665 4073 pen-

1408 4092 1586 4165 [dens.

81 4173 162 4233 Sic
180 4177 320 4253 fugit
343 4181 456 4238 ista
490 4182 712 4251 cohors,
739 4182 808 4239 ad
833 4183 958 4240 vitae
979 4184 1204 4255 praemia
1243 4184 1489 4241 tendens.

78 4264 286 4343 lnstigat
318 4275 508 4331 socios
537 4273 806 4346 Rogerus,
837 4284 894 4332 et
912 4276 1114 4348 excipit
1139 4277 1300 4334 ictus.

76 4354 217 4416 Nunc
240 4365 466 4420 tardare
492 4363 625 4421 facit
649 4366 896 4437 probitas
923 4375 979 4423 et
1003 4367 1223 4424 conscia
1244 4368 1436 4426 virtus.

77 4449 319 4512 Telorum
351 4457 550 4514 silvam
572 4457 664 4518 vix
687 4458 925 4515 sustinet
954 4459 1178 4516 horrida
1203 4476 1413 4531 parma.

78 4539 362 4604 Labentem
387 4557 664 4606 sustentat
685 4565 912 4621 equum,
939 4551 1139 4624 tinguit
1161 4568 1325 4609 cruor
1344 4570 1495 4611 arma

76 4634 356 4708 Oppressis
381 4640 602 4698 fortuna
627 4652 807 4700 nocet.
836 4641 960 4700 Jam
996 4644 1342 4702 deﬁciebant.

76 4725 356 4804 lnstantes,
379 4733 618 4807 Rogere,
646 4735 724 4790 tui
749 4735 866 4808 jam
892 4744 1010 4793 tuta
1029 4739 1308 4805 tenebant,

76 4818 202 4876 Cum
230 4833 283 4881 te
313 4827 622 4898 praecipitat
647 4828 868 4898 sonipes
895 4829 1038 4885 male
1068 4830 1463 4902 praecipitatus,

76 4905 177 4969 Nec
202 4917 468 4974 relevaris
493 4918 618 4990 equi
646 4919 876 4976 revoluti
911 4921 1055 4977 mole
1075 4931 1356 4994 gravatus.

77 5001 173 5072 Qui
201 5025 312 5065 non
339 5011 606 5081 parcebas
629 5010 798 5079 hosti,
824 5010 1052 5068 ftedaris
1077 5013 1135 5069 in
1165 5014 1276 5070 alto

81 5094 326 5168 Vulnere,
357 5117 461 5158 nec
485 5101 662 5159 voluit
682 5101 897 5160 Turcus
928 5105 1026 5160 tibi
1055 5121 1280 5176 parcere
1303 5093 1502 5176 capto?

143 5177 362 5250 Estuat
387 5193 444 5248 in
473 5193 648 5251 muris
677 5194 908 5252 confusa
939 5195 1150 5265 pudore
1163 5196 1448 5267 juventus,

79 5280 210 5340 Dum
240 5287 510 5358 premitur
533 5287 732 5359 jaculis
775 5289 859 5342 vir
889 5287 1050 5344 fortis
1087 5289 1157 5346 ab
1187 5290 1346 5346 hoste
1391 5299 1659 5364 retentus.

81 5372 340 5433 Avertunt
371 5378 562 5435 oculos
591 5394 848 5450 proceres
882 5379 984 5450 qui
1002 5380 1431 5451 prospiciebant,

82 5461 212 5522 Cum
232 5484 332 5552 per
363 5485 498 5528 saxa
519 5486 684 5528 canes
706 5471 946 5544 insignia
973 5473 1218 5530 membra
1252 5475 1562 5544 trahebant,

149 5626 258 5698 (97)
295 5626 472 5698 Edita
499 5646 676 5686 muros

173 5697 264 5770 93)
302 5697 477 5770 Edim
501 5702 879 5770 spectantibus.

175 5768 262 5836 99)
301 5767 472 5836 Edit.,
497 5767 807 5827 memorata.

182 5837 298 5907 100)
340 5837 506 5908 Edit.,
525 5842 860 5914 juvenesque.

1754 587 1910 646 Tunc
1936 605 2070 646 vero
2102 599 2368 646 resonant
2395 590 2730 647 clamoribus
2751 591 2970 662 agmina
2999 592 3207 650 densis.

1751 679 1989 737 Parthus
2013 690 2159 748 ovat,
2190 681 2378 753 digitis
2401 681 2601 753 premit
2618 689 2782 752 caput
2806 681 2895 737 ille
2921 690 3230 756 cruentum,

1753 770 1941 845 [(102)
2004 771 2410 845 Prteligensque
2469 773 2593 830 sudi
2651 772 3018 830 madefactum
3076 775 3348 848 sanguine

2940 865 3232 939 [mentum,

1750 954 1861 1012 Ora
1881 956 2050 1014 refert
2073 956 2144 1014 ad
2172 966 2354 1014 castra
2375 959 2534 1030 nigro
2559 959 2801 1015 rorantia
2825 952 2972 1026 tabo,

1754 1047 1918 1108 Urbis
1944 1051 2015 1106 ad
2038 1059 2270 1108 eventus
2289 1067 2438 1108 nunc
2462 1052 2743 1124 ingenium
2768 1053 3058 1110 revocabo.

1773 1136 1776 1139 ’
1977 1171 1980 1175 λ
2104 1141 2268 1198 Turci
2297 1144 2639 1200 Antiochiam
2666 1145 3000 1217 impugnant.

1827 1231 1960 1290 Urbi
1981 1249 2202 1306 quaque
2223 1234 2310 1290 die
2336 1233 2500 1292 Turci
2524 1251 2624 1292 sua
2654 1247 2835 1294 castra
2857 1235 3246 1308 propinquant,

1752 1323 1924 1402 Marte
1943 1325 2112 1382 minis
2147 1325 2377 1393 clausis,
2418 1327 2662 1384 suadent.
2687 1336 2750 1384 ut
2785 1329 2980 1400 adepta
3011 1329 3342 1402 relinquant.

1755 1415 1820 1472 Et
1839 1425 2080 1474 castrum
2111 1417 2297 1489 plures
2319 1433 2386 1472 ex
2409 1418 2518 1474 illis
2540 1419 2944 1490 ingrediuntur,

1753 1507 1910 1565 Intus
1943 1518 1998 1565 et
2023 1510 2270 1566 exterius
2296 1509 2372 1565 ita
2405 1520 2628 1568 nostros
2648 1513 3040 1584 aggrediuntur

1753 1598 1872 1656 Non
1897 1600 2065 1672 igitur
2084 1601 2282 1672 positis
2307 1602 2432 1658 tclis
2454 1617 2653 1660 manus
2677 1603 2785 1658 ulla
2814 1604 3064 1674 vacabat,

1751 1689 1864 1747 Nec
1894 1691 2049 1766 galea
2069 1692 2362 1765 quisquam
2385 1709 2640 1766 pressum
2665 1703 2832 1765 caput
2851 1696 3200 1754 exonerabat.

1753 1781 1924 1842 Nocte
1951 1784 2156 1841 cubant
2188 1785 2316 1842 tecti
2337 1785 2542 1858 clypeis
2572 1787 2628 1841 in
2658 1786 2882 1858 pulvere
2901 1788 3027 1854 vili,

1683 1853 1730 1914 Β
1757 1875 2112 1948 Membraque
2133 1853 2534 1950 deficiunt-ipso
2559 1853 2804 1936 cruciata
2832 1853 3019 1936 cubili.

1763 1967 1924 2027 Urbis
1958 1970 2213 2046 turbabat
2236 1971 2354 2026 loca
2383 1970 2667 2028 discursus
2695 1972 3029 2042 jaculorum.

1759 2060 1970 2120 Turres
1988 2061 2116 2118 inde
2139 2063 2341 2136 rigent,
2373 2063 2697 2135 hirsutaque
2717 2073 2857 2120 tecta
2886 2065 3199 2134 domorum,

1762 2153 1834 2212 Se
1855 2168 2080 2226 quoque
2105 2154 2340 2227 gentiles
2375 2155 2430 2210 in
2453 2164 2639 2226 aperta
2662 2156 2907 2226 pericula
2935 2157 3178 2225 mittunt,

1760 2245 1827 2301 Et
1851 2261 2030 2318 prope
2054 2245 2340 2304 decertant
2359 2246 2574 2321 gladiis,
2607 2262 2882 2318 arcusque
2905 2248 3190 2304 remittunt

1762 2334 1981 2402 Hostes,
2005 2345 2060 2392 et
2089 2338 2262 2394 nostri
2289 2337 2566 2396 modicum
2592 2337 2889 2395 discrimen
2914 2339 3210 2395 habebant.

1760 2426 1966 2484 Omnes
1994 2443 2216 2500 quaque
2236 2429 2324 2487 die
2349 2430 2454 2487 sub
2476 2439 2664 2492 castro
2691 2431 3111 2488 conveniebant.

1759 2516 1993 2590 Jamque
2020 2519 2220 2590 opibus
2243 2519 2489 2577 minimis
2509 2536 2541 2576 a
2563 2520 2816 2592 pluribus
2837 2521 3154 2590 attenuatis,

1764 2607 1865 2664 Vix
1897 2609 2106 2681 aliquid
2130 2610 2309 2668 victus
2338 2612 2582 2668 restabat
2605 2612 2660 2667 in
2689 2613 2828 2670 urbe
2853 2613 3048 2670 beatis.

2222 2703 2426 2760 Civitas
2449 2705 2590 2776 fame
2615 2706 2904 2760 cruciatur.

1836 2792 1981 2865 Ergo
2005 2791 2180 2851 fames
2210 2795 2450 2852 crudelis
2473 2796 2646 2864 adest,
2671 2794 2946 2854 crudelior
2971 2812 3121 2852 omni

1762 2883 1945 2952 Feste,
1974 2885 2076 2941 viri
2108 2886 2355 2959 vigilant,
2393 2886 2610 2959 fugiunt
2628 2887 2838 2959 jejunio
2871 2889 3072 2945 somni.

1765 2976 2046 3063 Deformat
2071 2979 2281 3036 macies
2311 2981 2517 3048 vultus,
2548 2981 2789 3054 nigriora
2813 2982 3042 3053 sepultis

1765 3069 1996 3130 Ossibus
2017 3088 2145 3129 ossa
2173 3073 2400 3142 micant,
2427 3084 2692 3146 apparent
2713 3075 2924 3131 viscera
2950 3075 3159 3132 multis.

1766 3161 1976 3236 Vulgus
2001 3163 2150 3220 iners
2187 3165 2387 3220 herbas
2419 3165 2614 3222 dubias
2641 3165 2958 3236 lethumque
2983 3164 3163 3224 micat
3176 3173 3256 3222 tes

1684 3223 1730 3283 θ
1765 3223 1949 3324 γειίίι,
1978 3263 2035 3313 et
2061 3257 2118 3312 in
2145 3257 2286 3313 duro
2315 3258 2593 3314 luctantur
2617 3257 2824 3329 cespite
2851 3223 3062 3325 (lentes,

1763 3348 2075 3414 Frondihus
2104 3349 2161 3404 hi
2200 3349 2442 3421 gaudent
2467 3349 2692 3406 arbusta
2723 3350 2841 3406 suis
2871 3349 3124 3420 spoliare,

1764 3440 1846 3496 llli
1879 3457 2034 3497 more
2055 3439 2185 3497 feras
2211 3441 2446 3508 radices,
2469 3451 2622 3512 prata
2643 3457 2858 3498 vorare.

1765 3531 1934 3588 Multa
1985 3533 2208 3605 quidem
2269 3535 2566 3590 comedunt
2625 3534 2912 3590 hominum
2970 3548 3081 3590 non
3144 3531 3360 3605 cognita

2993 3626 3248 3699 [mensis

1763 3717 1930 3775 Arida
1955 3716 2099 3775 facta
2129 3734 2327 3775 manus
2356 3735 2446 3774 vix
2474 3719 2713 3790 pondera
2741 3719 2978 3776 sustinet
3008 3719 3177 3776 ensis.

1765 3811 1810 3868 Ο
1830 3810 2118 3868 referenda
2144 3812 2257 3869 Deo
2284 3813 2480 3882 virtus,
2511 3813 2851 3869 circumdata
2872 3822 3024 3884 peste

1764 3901 1966 3960 Nostra
1992 3904 2198 3982 cohors
2223 3913 2412 3960 saturo
2445 3903 2696 3976 jejunam
2725 3905 2954 3960 timetur
2981 3905 3051 3960 ab
3073 3904 3250 3962 hoste.

1765 3993 1876 4053 Res
1905 3997 2078 4052 nova!
2116 4011 2246 4052 crus
2275 3996 2420 4053 asini
2447 3997 2603 4052 libris
2629 3997 2806 4052 tribus
2831 3997 3171 4068 appretiatur

1765 4087 1982 4170 Quique
2009 4089 2160 4146 dedit
2203 4090 2465 4161 pretium,
2501 4105 2608 4145 non
2646 4089 2910 4162 prodigus
2949 4089 3076 4146 inde
3113 4098 3356 4161 putatur.

1766 4181 1874 4240 Ora
1896 4193 2118 4240 movent
2147 4184 2326 4255 pueri,
2358 4193 2674 4256 matresque
2695 4194 2894 4240 vocant
2923 4184 3245 4252 morientes,

1768 4277 1910 4334 Aera
1944 4292 2046 4348 pro
2077 4279 2256 4335 solitis
2277 4279 2457 4350 epulis
2482 4294 2760 4351 aurasque
2790 4287 3028 4336 terentes
3055 4278 3231 4354 (103).

1767 4371 1975 4445 Cursor
2007 4387 2184 4443 equus
2211 4388 2376 4444 quem
2400 4373 2490 4428 vix
2520 4389 2696 4445 nuper
2720 4389 2913 4430 carcer
2943 4372 3233 4440 retinebat,

1767 4461 1924 4520 Nunc
1947 4464 2110 4520 avido
2139 4481 2328 4522 morsu
2351 4481 2586 4522 vacuum
2612 4481 2855 4537 praesepe
2879 4467 3116 4536 petebat,

1689 4569 1742 4630 υ
1770 4557 1838 4614 Ει
1865 4559 2086 4616 tandem
2117 4560 2294 4630 posita
2315 4558 2550 4627 feritate,
2575 4559 2762 4616 furore
2787 4570 3020 4626 remoto,

1769 4650 1997 4708 Labitur
2023 4651 2214 4708 infelix
2241 4651 2552 4724 singultans
2575 4668 2806 4724 corpore
2834 4661 2967 4707 toto.

1769 4744 2004 4812 Devorat
2027 4745 2175 4802 hunc
2203 4745 2368 4801 etiam
2403 4755 2674 4817 praestans
2706 4746 2907 4826 virtute
2931 4743 3214 4815 juventus,

1769 4835 1837 4893 Et
1866 4837 2024 4894 cibus
2047 4838 2150 4895 iste
2177 4839 2356 4910 placet
2377 4839 2598 4910 p0pulis
2621 4853 2752 4895 caro
2774 4837 2901 4893 licet
2931 4844 3169 4906 emptus.
3273 4887 3276 4890 .

1767 4929 1907 4986 Dum
1930 4941 2180 5002 pereunt,
2210 4932 2342 4988 dum
2366 4933 2460 5003 qui
2492 4939 2705 5002 poterat
2727 4929 3018 5002 persistere
3039 4927 3218 4994 fortis,

1768 5023 1935 5094 Vivit,
1961 5025 2007 5082 si
2029 5025 2165 5082 vivit
2187 5026 2482 5096 quisquam
2510 5023 2614 5080 sub
2636 5022 2874 5094 imagine
2901 5020 3116 5077 mortis.

1776 5115 1868 5172 Vir
1893 5116 2116 5188 quidam
2142 5117 2272 5172 data
2295 5123 2456 5171 nocte
2483 5114 2590 5170 sibi
2621 5113 2819 5169 solatia
2851 5120 3040 5169 sancta

1767 5204 1829 5260 In
1854 5220 2148 5261 commune
2176 5203 2364 5260 refert.
2395 5203 2548 5259 Fidei
2579 5203 2778 5259 ﬁducia
2811 5211 2960 5260 tanta
2985 5210 3092 5270 est,

1770 5293 1865 5350 ille
1886 5295 2054 5352 refert
2081 5296 2321 5366 palmam
2353 5293 2562 5352 nostris
2588 5304 2712 5365 post
2748 5295 2992 5366 quinque
3013 5301 3260 5365 paratam

1771 5387 1908 5444 Esse
1942 5389 2082 5455 dies,
2117 5389 2421 5460 hilaratque
2446 5389 2594 5444 viros
2621 5388 2944 5460 plebemque
2969 5393 3222 5446 vocatam

1771 5478 2042 5534 Praeterea
2069 5487 2284 5536 mentes
2312 5487 2628 5537 nostrorum
2659 5479 2952 5536 laetificavit

2035 5635 2204 5710 ﬁdit,
2231 5637 2346 5691 hos.

1846 5707 1996 5778 (102)
2036 5707 2135 5763 Hic
2156 5723 2350 5763 versus
2385 5707 2540 5764 deest
2567 5709 2622 5778 in
2645 5708 2810 5764 editis

1846 5711 1976 5774 (102
2036 5711 2135 5763 Hic
2156 5723 2350 5763 versus
2385 5711 2584 5778 deesti

1845 5711 1996 5850 “05;
2033 5778 2198 5846 Edit.,
2232 5788 2480 5834 tenentes.
2579 5845 2584 5850 _
