3804 6312
481 406 590 465 975
1091 398 1185 455 AD
1219 396 1672 457 GODEFRiDUM
1710 393 2003 454 APPEND.
2036 394 2104 452 li.
2143 422 2215 437 --
2253 397 2524 456 MONUM.
2562 398 2651 454 DE
2684 380 2913 458 ΒΕιιό
2951 396 3197 457 SACRO.
3597 403 3669 463 9η

480 523 695 579 Lancea
717 530 842 590 qua
866 513 1083 571 Domini
1108 513 1253 571 latus
1286 513 1585 569 innocuum
1609 510 1930 585 penetravit.
2106 515 2154 572 Α
2184 509 2350 579 Dixit,
2379 526 2447 569 eo
2475 511 2691 581 silente,
2720 512 2841 567 solo
2869 527 3005 585 gens
3032 524 3207 582 prona
3231 510 3427 568 silescit
3441 511 3577 585 (109),

642 608 831 665 Petrus
856 605 1093 662 Ermita
1115 604 1418 663 Corbanam
1440 605 1625 659 ducent
1654 604 1910 658 convenit.
2004 608 2005 613 ‘
2185 624 2203 655 ι
2241 602 2428 661 Rebus
2452 604 2509 659 in
2535 605 2799 661 extremis
2822 604 2970 660 vires
2996 604 3260 660 effundite
3288 612 3441 661 totas.

551 704 682 761 Post
712 701 831 757 haec
855 713 1214 771 congressum
1244 697 1562 756 castellanis
1589 705 1814 754 vetuere
1846 713 1860 750 :
2179 693 2224 750 Ο
2254 708 2531 767 proceres,
2562 705 2826 752 renovate
2854 711 3057 752 manus
3080 693 3587 755 Tmeisbenenetas.

484 798 555 854 At
577 809 799 859 murum
817 776 997 848 nostri
1025 790 1320 864 gentilibus
1350 802 1676 861 opposuere.
2180 787 2256 844 Ite
2286 803 2384 859 per
2408 789 2658 860 ignavos,
2693 788 2892 860 gladiis
2912 788 3245 869 disrumpite
3270 796 3468 860 gentes,

478 888 737 946 Pluribus
759 885 1043 957 exemplis,
1072 884 1167 940 ubi
1196 899 1324 956 spes
1345 892 1431 941 est
1451 881 1661 939 reddita
1686 881 1828 948 vitae,
2179 882 2331 951 Quas
2355 882 2523 955 primi
2544 883 2728 960 jactus
2755 892 3045 939 exarmant
3069 881 3401 940 deﬁcientes.

481 983 667 1038 Tertio
691 980 947 1053 jejunant
967 991 1158 1033 omnes
1178 976 1324 1033 sicut
1346 973 1626 1031 Ninivitte.
2179 973 2355 1031 Mittct
2383 975 2440 1029 in
2471 970 2737 1030 auxilium
2765 970 2912 1031 Deus
2940 973 3245 1047 angelicam
3272 973 3543 1047 legionem;

481 1075 639 1133 Tunc
668 1071 911 1130 Eremita
935 1070 1131 1128 ducem
1158 1068 1470 1126 'l'urcorum
1498 1066 1696 1124 Petrus
1726 1065 1911 1122 adivit.
2179 1065 2462 1139 Opprimet
2483 1066 2633 1140 (illi)
2677 1067 2828 1124 hunc
2852 1067 3114 1139 populum
3155 1066 3302 1123 velut
3328 1069 3565 1140 oppressit
3584 1066 3679 1124 Hn-

479 1167 735 1224 Corbana
772 1165 885 1221 dux
908 1161 1163 1220 sublimis
1188 1175 1334 1234 equo
1369 1175 1431 1218 se
1452 1159 1594 1216 forte
1617 1158 1829 1216 ferebat
1910 1164 1915 1171 '
3420 1157 3634 1234 [nonem

477 1259 562 1316 Ad
587 1267 833 1331 portum,
855 1256 1058 1313 lasciva
1093 1254 1294 1312 cohors
1328 1254 1586 1326 utrinque
1612 1250 1899 1318 fremebat,
2179 1248 2226 1305 Ο
2253 1258 2462 1321 quanto
2491 1250 2709 1322 rapitur
2732 1265 2867 1323 gens
2895 1259 3178 1307 msensata
3209 1249 3429 1307 furore!

390 1380 397 1386 -
478 1354 617 1410 Cum
649 1350 835 1409 subito
856 1348 1054 1406 Petrus
1083 1346 1304 1404 turbam
1337 1346 1487 1403 subit
1512 1343 1919 1416 impedientem.
2182 1342 2309 1399 Haec
2335 1343 2469 1400 emit
2491 1342 2769 1401 infermnu
2792 1345 3022 1416 proprio
3050 1343 3337 1401 malesana
3374 1356 3563 1399 cruore

478 1442 591 1500 Nec
614 1441 797 1498 timuit
819 1439 1113 1512 quemdam
1142 1436 1385 1494 Turcum
1417 1437 1522 1494 sibi
1554 1435 1985 1508 praecipientem,
2182 1435 2429 1507 Denique
2464 1435 2715 1493 lucratur
2745 1450 2991 1507 plenam,
3018 1450 3151 1493 caro
3179 1437 3271 1494 bis
3295 1432 3568 1502 cruciatur,

482 1534 549 1589 Et
576 1542 743 1605 caput
768 1532 1028 1597 inﬂectat,
1063 1530 1388 1600 vultumque
1413 1527 1653 1599 potentis
1686 1524 1841 1598 (104)
1867 1525 2074 1591 adoret,
2182 1526 2361 1599 Atque
2402 1543 2501 1599 per
2531 1529 2676 1585 hanc
2707 1537 2942 1584 mortem
2972 1528 3094 1587 sine
3125 1529 3236 1586 line
3264 1537 3510 1585 meretur.

479 1625 712 1682 Pectore
740 1624 823 1680 sic
849 1621 1068 1694 placido
1095 1620 1336 1678 demissa
1355 1634 1495 1675 voce
1516 1625 1756 1691 peruret,
2180 1622 2251 1677 At
2280 1623 2440 1679 nobis
2468 1623 2541 1679 sit
2567 1623 2684 1680 sive
2710 1622 2824 1694 pati
2857 1632 3135 1696 postrema
3165 1638 3416 1691 necesse,

480 1716 625 1773 Dum
658 1723 822 1788 negat
843 1715 933 1771 hic
954 1713 1169 1769 homini
1190 1711 1410 1769 deitatis
1434 1710 1661 1767 reddere
1686 1711 1895 1801 cultum
1912 1749 1933 1781 ,
2185 1710 2313 1769 Sive
2333 1711 2715 1785 Deusfsuperet
2741 1708 2992 1785 gentiles,
3023 1714 3175 1787 quod
3204 1728 3403 1787 precor
3422 1728 3547 1781 esse,

479 1808 635 1865 Illius
666 1808 920 1864 incurvat
947 1803 1172 1877 gentilis
1199 1804 1425 1860 dextera
1450 1802 1687 1869 vultum,
1818 1806 1827 1814 '
2110 1864 2153 1877 _
2182 1802 2376 1862 Exitus
2395 1813 2481 1861 est
2503 1802 2655 1873 felix,
2679 1805 2893 1861 orietur
2917 1814 3097 1861 morte
3123 1819 3356 1873 corona,

481 1864 637 1959 Illius
664 1916 698 1958 a
719 1898 936 1957 stolidis
948 1864 1103 1954 bona
1126 1896 1405 1954 deridetur
1434 1864 1718 1962 honestas,
2110 1864 2156 1921 Β
2182 1895 2446 1955 Militibus
2473 1864 2690 1955 diversa
2717 1898 2872 1955 dabit
2900 1898 3130 1955 victoria
3154 1898 3330 1956 dona.

483 1994 593 2052 Sed
618 2003 801 2050 tamen
824 2002 909 2047 est
929 1990 1008 2046 illi
1032 1989 1185 2047 fandi
1204 2004 1467 2046 concessa
1488 1985 1740 2044 facultas.
2182 1987 2462 2053 Vincetis;
2492 1990 2714 2048 virtutis
2740 1991 2848 2047 erit
2872 1999 3071 2072 vestra:
3096 1999 3526 2048 monumentum.

868 2083 1019 2141 Petri
1046 2082 1223 2138 oratio
1251 2081 1321 2137 ad
1357 2081 1683 2138 Carbonem.
2182 2083 2510 2140 Parthorum
2533 2083 2711 2141 aedes
2736 2082 2851 2154 jam
2882 2083 3171 2156 conspicio
3192 2081 3550 2140 morientium.

558 2197 577 2231 ι
601 2176 838 2234 Maxime
857 2177 991 2244 dux,
1016 2176 1100 2231 vir
1124 2189 1327 2247 parvus
1351 2172 1503 2247 (105)
1521 2173 1618 2241 ait,
1640 2186 1743 2230 nos
1764 2187 1872 2229 non
1896 2171 2077 2227 aliena
2181 2175 2259 2233 Ne
2289 2174 2555 2243 dubitate,
2585 2170 2959 2249 suos'pugiles
2989 2173 3138 2234 Deus
3165 2175 3319 2233 haud
3350 2175 3557 2248 patietur

481 2268 825 2338 Qurerimus;
864 2266 930 2326 ad
962 2275 1181 2324 nostros
1203 2266 1340 2323 urbs
1365 2264 1598 2338 pertinet
1624 2264 1987 2321 Antiochena.
2179 2268 2344 2325 Plura
2371 2268 2484 2341 pati
2514 2284 2683 2340 quam
2708 2265 2853 2325 ferre
2877 2278 3104 2340 queant,
3136 2278 3201 2324 ut
3230 2266 3551 2342 gloriﬁcent

479 2360 594 2417 Cur
617 2360 790 2434 igitur
814 2374 918 2418 nos
947 2375 977 2415 a
1001 2358 1224 2431 propria
1250 2357 1334 2415 vis
1362 2357 1564 2430 pellere
1582 2355 1742 2414 sede?
2181 2361 2408 2418 Laetitia:
2433 2360 2674 2419 stimulis
2704 2361 2899 2435 agitari
2929 2360 3111 2418 sentio
3143 2352 3392 2433 gentem.

482 2454 543 2511 Si
565 2469 804 2512 censura
826 2460 1009 2510 movet
1035 2462 1087 2510 te
1103 2452 1269 2527 juris,
1294 2452 1365 2508 ab
1391 2451 1527 2508 urbe
1550 2446 1773 2516 recede;
2183 2449 2536 2524 Supportate,
2564 2450 2692 2520 viri,
2718 2465 2811 2508 me
2831 2451 3032 2523 gaudia
3055 2459 3249 2507 vestra
3270 2450 3574 2507 trahentem.

477 2548 590 2605 Aut
616 2550 663 2605 si
697 2547 920 2606 credere
944 2547 1050 2615 vis,
1080 2546 1286 2603 erroris
1310 2544 1428 2615 lege
1454 2551 1688 2611 remota,
2183 2542 2307 2600 Sint
2326 2554 2466 2613 rata,
2496 2544 2736 2612 Christe,
2765 2556 2981 2619 precor,
3002 2543 3216 2600 nostris
3252 2540 3669 2615 gratissimam.

481 2642 569 2698 Sit
596 2658 768 2715 regno
790 2642 1122 2714 transcripta
1153 2649 1248 2697 tuo
1274 2638 1543 2696 Romania
1573 2647 1721 2707 tota,’
2181 2634 2254 2694 Ut
2294 2636 2603 2693 vincamus.
2637 2664 2709 2677 ——
2741 2635 2919 2692 Amen
2944 2678 2961 2705 ,
3019 2642 3043 2689 ί
3096 2632 3393 2706 respondit
3441 2647 3558 2705 gens
3590 2642 3697 2699 tm

479 2734 606 2791 Fies
630 2749 728 2790 rex
751 2733 943 2809 Syriae,
972 2748 1068 2789 rex
1100 2733 1263 2789 istius
1287 2731 1549 2804 regionis,
3502 2722 3649 2799 [mea

481 2824 678 2896 Tuque
711 2833 909 2896 potens
936 2824 1172 2879 multum
1198 2822 1388 2879 multis
1418 2820 1719 2878 oneraberc
1749 2819 1929 2877 donis.
2252 2822 2464 2881 Interea
2486 2823 2712 2879 mandat
2732 2822 2845 2879 dux
2871 2820 3169 2879 Persarum
3192 2816 3503 2877 Boimundo

479 2918 553 2973 At
575 2918 624 2974 si
653 2925 838 2974 mente
867 2915 1020 2973 sedet
1039 2914 1317 2989 pugnandi
1340 2922 1494 2981 tanta
1513 2914 1793 2981 voluntas,
2180 2914 2371 2971 Primo
2396 2929 2532 2972 suos
2560 2914 2776 2985 equites
2802 2910 2935 2982 dici,
2963 2920 3308 2983 nostrosque
3338 2906 3573 2967 secundo.

484 3010 544 3066 Si
573 3009 748 3065 mavis
785 3017 1033 3081 spectare
1054 3023 1254 3064 manus
1282 3006 1349 3063 ad
1379 3004 1565 3079 prmlia
1587 3005 1830 3078 junctas,
2181 3002 2392 3063 Nomen
2427 3014 2483 3062 et
2515 3021 2547 3061 a
2572 3006 2784 3077 reliqua
2808 3004 2986 3077 jubet,
3019 3004 3126 3061 hoc
3151 3002 3425 3061 abradere
3438 3010 3578 3075 gente

480 3103 542 3159 In
580 3102 805 3174 paribus
832 3109 1038 3159 sortem
1067 3101 1405 3173 reliquorum
1433 3097 1667 3170 przecipc
1690 3096 1840 3168 poni.
2182 3096 2328 3155 Neve
2353 3098 2523 3155 decus
2545 3098 2737 3154 mundi
2772 3098 3024 3153 mittatur
3063 3096 3119 3151 in
3144 3110 3309 3153 arma
3340 3100 3560 3168 repente,

481 3195 699 3267 Quique
719 3195 837 3267 pari
860 3195 1005 3252 bello
1024 3195 1239 3261 cedent,
1264 3191 1462 3288 cedant
1488 3189 1747 3288 regi-oni,‘
2106 3222 2152 3288 ο
2183 3190 2556 3288 Praecaveant,
2590 3202 2932 3288 numeroque
2953 3187 3071 3260 pari
3093 3184 3628 3288 pugnetur

481 3286 736 3358 Pugnent
755 3300 882 3343 cum
915 3283 1144 3343 totidem
1171 3281 1391 3356 triginta
1417 3280 1534 3337 sive
1558 3277 1781 3351 viginti,
2114 3277 2151 3288 “
2184 3281 2341 3339 Tunc
2360 3282 2434 3338 ita
2462 3280 2701 3361 legatum
2725 3280 2837 3336 dux
2862 3278 3131 3351 increpat,
3162 3279 3278 3336 ista
3310 3279 3559 3351 relinque.

483 3369 800 3445 Discedam,
824 3375 873 3433 si
901 3382 1050 3432 sorte
1078 3372 1262 3431 valent
1285 3371 1567 3429 discedere
1586 3368 1738 3426 victi.
1773 3387 1790 3422 ι
2184 3373 2382 3432 Desine
2408 3387 2548 3429 vana
2584 3372 2766 3445 loqui,
2798 3384 2902 3429 nos
2932 3370 3001 3428 ad
3029 3372 3247 3443 majora
3274 3384 3546 3428 vocamur.

481 3468 651 3524 Dixit.
673 3466 757 3524 Ad
778 3468 897 3525 haec
920 3482 1108 3525 ensem
1130 3466 1389 3539 quatiens
1413 3465 1525 3522 dux
1553 3462 1805 3523 Corbana
1831 3465 2036 3543 nudum
2065 3446 2078 3522 Ξ
2190 3464 2491 3523 Vincamus
2508 3465 2694 3534 simul,
2719 3478 2753 3521 θ
2783 3464 3045 3533 comites,
3067 3463 3243 3521 simul
3266 3472 3366 3520 aut
3396 3460 3661 3518 moriamur.

488 3580 508 3614 ι
547 3559 704 3618 Tune
726 3571 889 3633 putas
918 3556 1068 3634 (106)
1092 3559 1319 3631 impune
1346 3557 1484 3615 mibi
1506 3559 1672 3615 talem
1701 3557 1835 3616 dare
1860 3559 2082 3616 ludum?
2184 3559 2554 3631 Respexitque
2575 3572 2711 3616 suos
2732 3558 2963 3616 comites
2988 3600 3004 3627 ,
3026 3557 3175 3614 bona
3203 3559 3295 3615 vel
3319 3556 3461 3614 mala
3477 3566 3583 3610 rere

480 3652 600 3709 Hoc
623 3651 808 3727 gladio
832 3660 998 3723 caput
1022 3651 1265 3719 amittes,
1287 3650 1640 3709 truncabitur
1662 3650 1770 3707 isto
1862 3716 1865 3719 ν
2183 3654 2523 3711 Proveniunt
2552 3653 2780 3721 sanctis,
2821 3650 2961 3708 nihil
2983 3651 3196 3708 interea
3223 3650 3459 3708 timuere

482 3742 632 3800 Gens
653 3732 778 3814 quae
792 3742 981 3799 nescio
993 3740 1083 3798 cui
1102 3740 1284 3798 studet
1300 3738 1630 3812 obsequium
1653 3740 1789 3797 dare
1799 3736 2074 3797 Christua
2184 3747 2391 3818 Nostri,
2418 3748 2517 3805 sed
2542 3755 2732 3820 portas
2764 3746 2995 3823 ingressi
3017 3746 3361 3803 distribuere

478 3831 726 3891 Discedit
749 3833 948 3892 Petrus
967 3833 1130 3891 dictis
1154 3841 1467 3891 commotus
1489 3832 1723 3891 acerbis.
2183 3840 2290 3897 Per
2311 3841 2433 3896 loca
2452 3848 2603 3897 certa
2627 3838 2798 3907 viros,
2823 3838 2956 3895 dum
2980 3844 3136 3895 tutus
3156 3836 3232 3894 ab
3252 3838 3395 3894 urbe
3416 3830 3609 3897 recessi

481 3925 648 3981 Arma
679 3935 877 3997 parant
901 3940 1161 3999 proceres
1186 3924 1391 3983 auditis
1420 3925 1616 3983 ordine
1636 3925 1841 3983 verbis.
2183 3931 2443 4002 Nuntius,
2460 3933 2537 3989 ita
2557 3928 2703 3989 Deus
2730 3938 2823 3987 tua
2847 3928 3190 4001 dispensatio
3226 3930 3406 4007 gessit

481 4017 580 4073 illa
603 4027 765 4074 nocte
791 4028 976 4091 patres
1001 4019 1251 4091 vigilant,
1280 4028 1462 4075 errata
1490 4018 1758 4088 fatentur,
2183 4019 2494 4095 Presbyteri
2519 4029 2699 4078 turres
2714 4034 2840 4076 rara
2870 4018 3021 4093 (lii)
3048 4021 3280 4078 cinxere
3306 4030 3523 4084 comm,

484 4108 671 4166 Turba
694 4124 918 4181 gemens
950 4126 1078 4167 aras
1107 4117 1278 4180 tenet,
1306 4110 1662 4183 ecclesiaeque
1687 4110 1991 4184 replentur.
2184 4114 2407 4171 Illorum
2434 4115 2581 4187 jacet
2608 4114 2667 4169 in
2694 4113 2873 4170 muris
2908 4127 3042 4184 pars
3067 4112 3320 4169 maxima
3348 4124 3545 4184 prtum.

485 4200 634 4258 Luce
659 4200 786 4257 data
812 4209 899 4257 ter
926 4210 1041 4258 tres
1074 4201 1143 4257 de
1170 4208 1285 4257 tota
1312 4210 1473 4274 gente
1502 4208 1723 4259 statutae
2184 4206 2485 4279 Ornatique
2511 4206 2668 4263 stolis
2690 4218 2831 4278 quas
2852 4212 3083 4262 sumunt
3110 4214 3369 4278 tempore
3400 4201 3579 4264 misit

488 4291 633 4347 Sunt
670 4288 841 4361 acies,
878 4291 1277 4363 propriumque
1311 4290 1509 4347 ducem
1550 4300 1682 4348 sunt
1725 4306 1959 4365 quaeque
1989 4308 2077 4351 se-
2184 4301 2361 4358 Altius
2389 4301 2444 4356 hi
2464 4298 2726 4373 psallunt,
2749 4298 2806 4355 hi
2830 4297 2983 4367 nent,
3017 4307 3303 4375 orantque
3327 4294 3561 4361 remisse.

1810 4393 1968 4443 ουτω.

486 4473 637 4543 Quas
664 4471 904 4530 habeant
928 4471 984 4529 in
1021 4471 1205 4530 fronte
1226 4488 1445 4546 manus,
1478 4475 1555 4533 ibi
1581 4384 1968 4550 disposite.

1724 4384 1968 4549 nm?
2747 4457 2910 4515 Tarsi
2939 4459 3226 4531 fugentur.

486 4565 635 4634 Quos
660 4566 863 4635 medio,
894 4566 981 4622 vel
1007 4580 1150 4638 quos
1172 4568 1394 4639 cupiant
1417 4576 1663 4626 extrema
1692 4577 1897 4629 tenere.
2105 4572 2159 4644 ι)
2253 4571 2326 4628 Ut
2354 4586 2587 4629 sonuere
2613 4571 2778 4639 tubae,
2810 4571 3045 4645 populos
3070 4570 3229 4644 prior
3252 4568 3413 4645 lingu
3430 4566 3608 4625 feroces

556 4680 878 4768 Christiani.
903 4696 1024 4764 cunt
1073 4676 1288 4768 Turcis.
1312 4698 1546 4768 pugnare
1587 4699 1649 4768 se
1694 4682 2003 4768 disponunt.
2184 4664 2414 4768 2mm“,
2442 4665 2639 4722 sum”
2662 4663 2923 4768 επξίηωξῑ
2942 4663 3191 4768 “diti-"3
3210 4676 3403 4721 V0033-

624 4749 907 4806 Podiehsis
937 4751 1173 4823 episcopi
1198 4749 1501 4809 cesonino
1529 4754 1600 4809 ad
1621 4749 1932 4811 exercitum.
2184 4757 2637 4833 Francorumque
2660 4757 2862 4816 cohors
2883 4756 3049 4830 longo
3071 4756 3318 4833 distenta
3348 4766 3569 4815 recessu.

557 4844 784 4900 Sistitur
807 4841 967 4915 Bugo
987 4843 1160 4915 prior,
1193 4842 1441 4901 medium
1469 4845 1639 4902 robur
1665 4855 1903 4920 tenuere,
2182 4849 2243 4905 In
2272 4850 2468 4907 seriem
2499 4832 2795 4922 cunjuncta
2823 4848 2945 4924 pari
2972 4850 3109 4923 petit
3135 4832 3363 4924 agmina
3387 4857 3575 4921 gressu.

483 4935 818 5009 Magnanimi
844 4945 1077 5008 septem,
1107 4935 1419 4994 Boimundo
1438 4937 1736 4996 deseruere
2185 4942 2345 4999 Stant
2364 4941 2509 4999 intra
2542 4942 2752 5015 jactum
2781 4942 2897 5011 teli,
2934 4950 3161 5015 totoque
3185 4941 3383 5014 vigore

490 5028 711 5096 Ultima,
737 5029 995 5087 custodes
1015 5043 1116 5100 per
1143 5042 1335 5087 muros
1367 5030 1657 5089 instituere
1676 5031 1853 5107 (l07).
2181 5034 2469 5092 Iniiectunt
2494 5048 2658 5093 arcus
2685 5033 2850 5091 Turci
2876 5046 3053 5091 nervo
3090 5032 3322 5091 meliore

485 5120 588 5178 Hic
617 5122 773 5179 ducis
795 5120 1034 5179 oiiicium
1060 5124 1263 5195 praesul
1293 5123 1584 5183 Podiensis
1610 5124 1874 5195 habebat,
2184 5123 2454 5194 lntensos,
2480 5125 2765 5182 stridendo
2793 5125 2981 5182 volant
3006 5138 3107 5197 per
3130 5124 3300 5181 inane
3331 5120 3541 5196 sagittae.

487 5213 556 5269 Et
588 5215 819 5285 populos
849 5215 1003 5289 (itis)
1022 5217 1151 5289 aegri
1179 5212 1489 5290 Ray'mundi
1514 5217 1619 5274 rite
1650 5219 1895 5291 regebat.
2183 5218 2356 5274 Instat
2379 5218 2460 5274 eis
2489 5218 2663 5275 oblita
2682 5217 2864 5275 brevis
2895 5230 3032 5291 gens
3056 5216 3268 5273 Gallica
3286 5215 3430 5271 vitae.

487 5307 703 5364 Lancea
728 5318 918 5366 sancta
940 5309 1037 5367 Dei
1059 5320 1325 5383 praevecta
1349 5311 1497 5368 viros
1530 5312 1827 5379 animabat,
2182 5310 2453 5368 Paulatim
2481 5309 2614 5368 dant
2639 5325 2833 5383 pressa
2862 5316 3011 5366 retro
3049 5308 3286 5381 vestigia
3313 5300 3509 5371 ML

487 5398 841 5473 Membraque
862 5401 1135 5473 pontiﬁcis
1163 5402 1353 5460 lucens
1370 5402 1546 5459 lorica
1568 5405 1853 5476 gravabat.
2185 5402 2490 5475 Vicinoque
2520 5403 2715 5459 timent
2733 5403 2957 5461 dextras
2974 5401 3322 5459 committere
3347 5395 3515 5455 Iani.

486 5490 589 5550 Hic
616 5492 804 5564 populi
832 5493 1134 5560 voces,.ubi
1158 5509 1295 5551 voce
1320 5508 1600 5566 manuque
1624 5493 1906 5566 repressit.
2186 5494 2404 5552 Soicuia
2425 5492 2733 5552 hircorum
2761 5495 2984 5553 divertit
3003 5495 3074 5553 ab
3093 5493 3317 5570 agmine
3340 5496 3537 5550 venui.

562 5647 713 5732 nee
742 5647 1110 5732 eratcum-

2254 5650 2404 5732 (!9§l
2434 5648 2707 5732 ἓρρυιυξε

561 5719 713 5793 (lilii)
739 5719 917 5793 fidit,
947 5734 1029 5772 me
1049 5734 1265 5791 paruus.

2255 5719 2404 5793 (109)
2434 5719 2601 5793 me,
2639 5719 2848 5793 silebat.

550 5789 701 5862 (106)
734 5789 903 5862 ﬁdit,
936 5789 1062 5843 tunc
1086 5798 1266 5862 putus.
2255 5789 2406 5862 (illi)
2438 5791 2604 5862 Edit.,
2636 5791 2923 5862 opprimat.

564 5858 713 5930 (107)
752 5860 922 5929 Edit.,
948 5858 1288 5913 constituere.
1643 5940 1656 5949 .
2259 5858 2407 5936 (lli)
2441 5861 2609 5931 Edit.,
2634 5858 2813 5917 mare:
2839 5878 3026 5934 parca.
