3804 6312
87 379 90 382 ⁴
133 347 221 426 9'11
931 357 1206 420 Gnarus
1236 361 1462 422 ranis.
1503 361 1683 419 ωεστ.
1725 357 2095 418 HlEBOSOL.
2135 389 2202 401 -
2239 357 2382 441 us.
2411 355 2474 416 ν.
3251 363 3362 419 sns-

135 481 468 540 Boamundum
490 484 836 557 circumeant.
866 480 1021 557 {acris
1039 492 1237 551 pugna.
1275 478 1508 535 Victoria
1531 477 1667 534 cedit
1701 482 1744 539 Α
1777 474 2029 547 Cumque
2053 473 2305 557 Drogone
2334 473 2596 543 Thomas,
2622 482 2677 530 et
2719 471 3038 545 bellipotens
3079 475 3356 535 Clarebal.

677 545 1050 605 Christianita
1114 545 1135 551 ⁷
1939 545 1957 547 ﬁ
2171 545 2198 557 “’
2629 607 2632 610 ι
2737 608 2740 610 -
3115 570 3240 645 [dus
3265 612 3282 642 ,

184 661 431 720 Evrardus
465 663 532 718 de
560 661 790 720 Pusiaco
813 661 1138 735 ferreusque
1157 665 1445 736 juventus,
1767 659 1834 715 Et
1863 661 2061 732 reliqui
2087 660 2256 718 subiti
2281 675 2340 718 se
2363 661 2634 718 mortibus
2661 659 2928 731 eripuere,

124 756 175 813 In
193 755 318 812 bello
337 763 586 826 quarunt
612 754 838 822 bellum,
867 755 1190 828 gladiosque
1213 757 1446 822 levaban
1769 752 1833 808 lit
1859 754 2052 824 rapido
2080 769 2184 811 cur
2197 770 2260 810 su
2283 753 2410 809 belli
2433 754 2600 810 robur
2624 755 2829 824 petiere
2859 753 2906 824 (l
2922 745 3029 825 l4).

123 847 359 914 Percussi,
385 862 522 918 quos
546 855 894 917 percutereut
911 861 1020 902 non
1045 849 1412 904 inveniebant.
1765 844 1948 902 Fortis
1968 854 2031 902 ut
2055 846 2163 902 ista
2199 847 2396 904 cohors
2425 862 2484 903 sc
2518 862 2720 918 magno
2753 839 2937 918 junxit
2957 841 3169 922 I'Iugoni
3197 893 3210 916 ,

123 941 321 997 Nuntius
343 951 464 996 ecce
498 939 642 996 celer
659 939 809 996 venit
835 955 867 996 a
894 936 1222 1009 Boimuudo,
1765 935 2040 994 Immenso
2078 939 2249 995 veluti
2288 939 2493 996 cedunt
2517 946 2766 994 armenta
2794 933 2960 1008 leoni,

121 1033 208 1102 Qui
232 1034 348 1090 dum
370 1048 540 1104 pauca
571 1031 756 1100 refert,
788 1049 890 1089 sua
919 1042 1115 1105 praeter
1141 1033 1284 1088 radit
1305 1033 1518 1088 arundo
1767 1027 1860 1084 Sic
1887 1029 2100 1087 Arabes
2121 1031 2250 1099 illis,
2289 1039 2583 1088 vertuntur
2611 1037 2766 1086 scuta
2789 1025 3009 1104 rejects.

122 1125 351 1181 Tem'vora
390 1121 482 1180 sed
505 1131 717 1180 tantum
740 1125 878 1192 haec,
901 1124 1101 1196 inquit,
1114 1122 1464 1180 .Boimuudus
1487 1123 1663 1178 utrin-
1765 1118 1990 1190 Vicisti,
2019 1122 2165 1179 Deus
2186 1123 2552 1194 omnipotens,
2586 1123 2786 1180 clamat
2812 1117 3137 1182 Godel‘ridus
3158 1169 3173 1194 ,

1461 1216 1590 1288 [que
1764 1215 1934 1272 Instat
1959 1216 2014 1270 in
2039 1215 2240 1286 patria,
2279 1217 2600 1288 primusque
2626 1217 2775 1272 volat
2803 1216 3142 1275 Boimundus

119 1309 339 1366 Hostibus
359 1315 616 1380 urgetur,
645 1306 932 1381 mgitivos,
969 1309 1148 1381 lingu,
1177 1309 1442 1380 relinque.
1761 1306 2027 1380 Corrigiis
2054 1307 2166 1379 agit
2188 1308 2366 1364 hostis
2389 1324 2557 1380 equo,
2581 1303 2828 1365 insibilat
2852 1309 3041 1366 aether.

170 1403 433 1459 Conversis
457 1417 586 1458 mox
603 1400 766 1475 [Iugo
806 1397 943 1467 suis,
967 1401 1179 1458 Arabes
1207 1401 1520 1473 speculatur
1762 1401 1949 1458 Pulvis
1976 1402 2044 1457 ad
2067 1409 2222 1458 astra
2252 1402 2400 1458 volat
2422 1402 2773 1458 morientium
2795 1403 3062 1474 sanguine
3084 1411 3240 1472 teter,

115 1495 335 1550 llastatos
355 1495 497 1550 circa
528 1493 924 1550 Boimundum.
959 1494 1116 1550 Tunc
1153 1494 1228 1550 ita
1265 1493 1429 1550 fatur.
1761 1493 2116 1566 Contigerant
2137 1493 2336 1550 collem
2361 1493 2659 1565 quemdam
2697 1494 2885 1566 populi
2916 1493 3205 1568 fugientes.

113 1585 240 1652 Quod
261 1585 479 1656 juvenes
498 1585 734 1655 optastis
759 1587 932 1653 adest,
957 1587 1066 1642 huc
1109 1584 1324 1642 I‘erreus
1346 1585 1517 1642 hastis
1761 1583 1917 1640 Tune
1945 1583 2132 1641 Parthi
2155 1585 2302 1641 latus
2331 1585 2387 1640 in
2409 1585 2608 1641 laevum
2630 1599 2752 1640 sese
2775 1585 3101 1656 replicantes

115 1677 277 1733 llorret
300 1689 439 1749 ager,
464 1684 752 1734 vertamur
782 1677 850 1734 ad
875 1678 976 1735 hos
1007 1679 1328 1736 incumbere
1348 1678 1518 1734 vastis
1760 1676 1890 1733 Post
1910 1678 2128 1750 longam
2156 1685 2373 1735 restare
2396 1677 2582 1750 fugam
2610 1676 2781 1734 fortes
2803 1677 3024 1734 volucre
3047 1720 3062 1746 ,

113 1768 318 1825 Viribus.
351 1767 492 1840 Ergo
515 1782 718 1826 manus
740 1771 980 1841 jungunt
1005 1783 1192 1828 comes
1219 1781 1276 1827 et
1291 1770 1652 1827 Boimundus.
1692 1830 1730 1841 __
1761 1769 1904 1824 Areu
1930 1784 2197 1826 converso
2219 1777 2440 1826 nostros
2465 1765 2664 1826 iterum
2697 1769 2922 1840 petiere.

113 1861 191 1918 llic
213 1863 363 1918 etiam
383 1830 492 1918 dux
515 1862 612 1918 ille
633 1830 858 1918 due-emi
869 1830 1054 1919 stabat
1071 1863 1416 1920 Codel‘ridus.
1687 1830 1734 1890 Β
1763 1860 1998 1934 Impiger
2016 1877 2148 1935 ergo
2170 1876 2338 1918 senex
2370 1859 2640 1917 Geraldus
2669 1830 2737 1917 de
2758 1859 2992 1917 Melione
3010 1903 3026 1930 ,

110 1955 166 2011 At
187 1963 356 2011 contra
377 1955 609 2012 tendunt
638 1953 869 2024 Arabes,
910 1967 1176 2028 regesque
1210 1963 1479 2028 potentes,
1764 1951 2031 2025 Tempore
2058 1954 2152 2026 qui
2173 1953 2353 2009 fuerat
2376 1952 2540 2024 longa
2569 1967 2712 2024 aeger
2742 1952 2800 2008 in
2833 1953 3136 2022 obsidione,

110 2045 164 2103 Et
191 2063 272 2104 rex
299 2046 544 2104 Damasci
576 2046 778 2114 Lucas,
813 2047 1034 2118 illicque
1057 2046 1306 2104 females
1767 2041 1918 2100 Sicut
1942 2043 2169 2101 inermis
2187 2052 2334 2114 erat,
2358 2044 2570 2102 medios
2594 2046 2850 2119 irrumpit
2877 2045 2933 2102 in
2960 2047 3147 2103 hostes
3171 2090 3184 2115 ,

110 2139 242 2196 Stant
258 2141 516 2211 proamici
540 2141 685 2209 duo;
709 2155 945 2212 namque
963 2143 1105 2197 duos
1124 2141 1207 2198 sic
1223 2143 1382 2198 turba
1399 2143 1653 2200 vocabat.
1761 2136 1829 2192 Et
1852 2137 2051 2192 meruit
2075 2137 2364 2207 pulchram
2385 2139 2632 2207 ;mortem
2663 2136 2972 2195 confessus.
3013 2136 3072 2193 In
3109 2139 3294 2197 hostes

109 2232 206 2289 Dux
243 2229 574 2292 Boimuudus
604 2233 783 2290 adhuc
807 2274 822 2300 ,
875 2229 1224 2300 Codeta-idus,
1256 2243 1312 2289 et
1359 2235 1477 2304 ipse
1496 2251 1660 2290 voca—
1762 2228 1836 2284 De
1868 2227 2075 2286 nostris
2097 2228 2268 2300 aliqui
2295 2228 2471 2284 tribus
2499 2229 2750 2285 invasere
2773 2227 2994 2287 diebus.

1271 2322 1388 2396 [bat
1415 2324 1462 2394 (i
1481 2324 1566 2392 l2)
1762 2319 1870 2377 Sed
1897 2321 2066 2378 tantis
2093 2335 2206 2377 non
2234 2315 2466 2378 sufficiet
2504 2335 2628 2376 mea
2657 2317 2857 2393 pagina
2880 2317 3075 2389 rebus,

111 2416 282 2472 Bellum
308 2415 515 2488 primus
545 2415 655 2471 Init
669 2426 907 2488 magnus
934 2411 1261 2486 frenumque
1289 2412 1494 2474 furenti
1759 2413 2014 2486 Quinque
2039 2416 2376 2472 camelorum
2406 2414 2632 2485 capiunt
2657 2422 2712 2469 et
2743 2412 2911 2469 millia
2943 2414 3103 2470 dena.

111 2505 253 2562 Laxat
271 2522 426 2578 equo,
461 2506 802 2577 cuidamque
829 2506 980 2564 viros
1007 2506 1063 2561 in
1092 2514 1266 2562 marte
1289 2505 1528 2574 moventi
1759 2504 2016 2564 Pluribus
2033 2507 2322 2564 inveniunt
2343 2499 2535 2580 spoliis
2559 2506 2790 2563 tentoria
2811 2505 2990 2576 plena.

100 2596 246 2655 ‘llasta
265 2599 494 2671 disrupit
512 2607 726 2672 guttur,
755 2599 1036 2670 vitamque
1058 2599 1306 2670 loquenti
1761 2599 1838 2657 De
1859 2599 2054 2659 Turcis
2081 2601 2295 2672 equites
2315 2600 2501 2658 decies
2527 2607 2660 2657 sunt
2689 2598 2838 2654 mille
2862 2597 3042 2655 necati

111 2689 326 2761 Abstulit,
351 2702 404 2748 et
432 2708 602 2749 voces
631 2691 846 2747 hastilis
875 2691 1063 2746 lancea
1098 2691 1230 2747 lenti
1761 2693 1900 2748 Cum
1930 2693 2175 2760 totidem,
2223 2693 2432 2764 pedites
2462 2691 2649 2749 miseri
2671 2705 2785 2748 non
2816 2698 2949 2746 sunt
2985 2687 3276 2744 numerati.

111 2779 378 2853 Frangitur,
403 2784 491 2840 ille
521 2794 753 2856 gemens
776 2782 911 2853 petit
937 2798 1034 2838 ore
1065 2783 1242 2839 solum
1271 2783 1545 2838 morienti.
1759 2786 2026 2842 Praeterea
2059 2787 2155 2858 qui
2173 2786 2461 2842 castellum
2490 2785 2650 2840 civile
2677 2782 2975 2848 tenebant,

110 2874 414 2931 (inueni-runt
439 2876 656 2930 Arabes
681 2883 738 2930 et
773 2873 1127 2946 Francigenaa
1147 2875 1432 2930 violenter.
1758 2876 2055 2934 Castellum
2083 2877 2290 2934 nostris
2316 2875 2572 2942 reddunt,
2597 2874 2728 2946 quia
2752 2872 2893 2929 mira
2927 2869 3205 2926 videbant.

111 2963 262 3036 I‘ugua
287 2969 462 3038 gravis
483 2968 686 3038 surgit,
714 2968 915 3036 jaculis
939 2967 1218 3023 obtexitur
1254 2967 1439 3023 aether.
1761 2969 1960 3042 Regius
1983 2970 2127 3027 inter
2153 2985 2250 3026 eos
2273 2968 2495 3038 juvenis
2523 2967 2591 3023 de
2609 2959 2836 3023 Perside
2861 2971 3026 3022 natus

111 3056 189 3114 llic
211 3058 580 3132 Balgentiacus
609 3057 727 3117 Odo
747 3061 959 3133 primus
983 3061 1189 3132 ubique
1212 3061 1440 3127 ruebat,
1760 3063 1856 3120 Est
1879 3079 2005 3120 eum
2032 3072 2113 3120 ter
2133 3068 2355 3118 centum
2388 3074 2548 3116 sacro
2575 3059 2644 3114 de
2669 3051 2821 3112 fonte
2851 3057 3086 3112 levatus.

114 3148 339 3244 liexillum
370 3162 680 3244 tenens,”
697 3166 808 3208 non
833 3154 1072 3210 retinere
1097 3153 1332 3208 valebat.
1685 3183 1732 3244 ρ
1767 3153 1932 3210 Deleo
1954 3153 2022 3210 de
2043 3159 2234 3210 nostro
2263 3150 2330 3244 de
2354 3149 2728 3244 qual.icunllfle_
2757 3145 2939 3244 “1’0"?
2991 3237 3025 3244 __
3097 3201 3100 3206 -

109 3242 220 3298 Cum
239 3245 578 3317 degustasset
599 3241 744 3303 latus
776 3246 905 3302 huic
935 3261 1046 3300 non
1067 3245 1186 3302 visa
1212 3244 1440 3316 sagitta,
1692 3231 1732 3244 ν
1766 3245 1876 3302 Hos
1905 3259 2047 3317 quos
2075 3259 2186 3300 non
2219 3241 2412 3315 puduit
2437 3255 2558 3298 sese
2591 3238 2899 3296 subducere
2922 3231 3066 3293 bello
3089 3276 3102 3303 ,

109 3331 310 3391 Stridula
333 3339 658 3411 signifer-um
687 3337 920 3410 privavit
943 3338 1136 3394 lancea
1168 3336 1300 3392 vita.
1763 3335 1887 3392 [hac
1913 3335 2226 3392 miseranda
2255 3333 2457 3390 cohors
2477 3332 2627 3388 velut
2649 3330 2717 3386 ad
2740 3327 3007 3386 vomitum
3031 3335 3278 3384 revocata

109 3424 284 3496 Lapsus
297 3438 355 3485 at
384 3427 472 3486 ille
498 3429 730 3498 cadens,
753 3431 1036 3486 bumectat
1056 3428 1325 3500 sanguine
1350 3428 1568 3500 signum
1589 3469 1604 3495 ,
1761 3432 2006 3488 Praetulit
2037 3431 2292 3487 exsilium
2323 3429 2534 3501 patriae,
2569 3425 2777 3482 mundo
2805 3424 3032 3481 sociata.
3069 3433 3076 3437 '

108 3514 158 3570 Et
179 3535 276 3590 quo
298 3523 616 3579 conciderat
645 3523 812 3578 traxit
832 3523 900 3578 de
919 3523 1143 3578 vulnere
1165 3522 1397 3594 lignum.
1513 3571 1516 3574 .
1761 3524 2032 3580 Praetereo
2053 3533 2276 3580 nostros
2303 3536 2476 3593 quare
2509 3521 2743 3576 timuere
2765 3517 2961 3588 juvare

110 3605 207 3663 Mox
231 3614 460 3669 succedit
483 3615 538 3670 ei
563 3655 577 3681 ,
603 3614 934 3686 signumque
957 3614 1101 3669 levat
1129 3612 1451 3669 Boemcnsis
1473 3609 1621 3682 (“5)
1760 3617 2005 3674 Consilio
2052 3614 2314 3687 Stephani
2345 3607 2958 3681 Constantinopolitani.

113 3699 396 3775 Willelmus,
430 3709 737 3780 juvenique
761 3709 907 3764 viam
935 3708 1066 3766 fecit
1087 3725 1226 3767 suus
1252 3710 1424 3766 ensis.
1761 3707 1942 3764 Prima
1975 3707 2195 3773 cohors,
2236 3705 2511 3777 primique
2558 3703 2749 3768 duces,
2783 3701 2903 3756 loca
2933 3698 3108 3786 prima
3147 3705 3347 3752 tuetur.

160 3794 262 3852 Non
289 3802 472 3869 procul
501 3802 598 3857 hic
621 3795 732 3856 ibat
759 3810 1074 3856 nostrorum
1101 3813 1266 3872 parva
1305 3810 1546 3868 caterva,
1767 3800 1970 3873 Vulgus
1995 3801 2204 3854 inerme
2234 3806 2379 3854 tenet
2400 3794 2664 3862 medium,
2697 3792 2950 3864 murique
2969 3789 3267 3861 replentur.

106 3884 230 3950 Quos
251 3890 408 3948 nimis
432 3893 669 3964 urgebat
697 3890 1004 3948 'I‘ut'oorum
1039 3893 1196 3948 turba
1219 3895 1492 3963 proterva,
1764 3891 1919 3948 Tunc
1939 3891 2140 3963 regalis
2163 3889 2339 3961 IIugo,
2361 3887 2458 3958 qui
2481 3885 2711 3958 Magnus
2731 3885 2858 3956 jure
2881 3890 3132 3949 vocatur,

89 3971 359 4052 'Turbaque
389 3982 587 4039 fraude
620 3993 826 4038 noeens
849 3983 1000 4053 ipsos
1026 3999 1124 4053 per
1155 3983 1403 4054 gramina
1434 3981 1652 4053 sparsit.
1760 3985 1967 4041 Nomen
1997 3985 2124 4040 dote
2149 3983 2384 4054 replens,
2412 3978 2694 4036 communi
2728 3991 2863 4032 voce
2889 3982 3138 4047 rogatur,

108 4069 229 4134 Quos
256 4075 384 4130 aluit
411 4086 632 4144 ventus,
657 4085 710 4132 et
733 4075 815 4132 sic
837 4091 967 4147 ager
989 4075 1178 4132 aridus
1199 4076 1355 4132 arsit.
1765 4074 1834 4131 Ut
1853 4073 2274 4130 Constantinam
2301 4080 2449 4143 petat
2472 4069 2662 4124 urbem
2687 4067 2908 4124 nomine
2930 4064 3133 4122 dictam
3161 4106 3175 4130 ,

110 4162 252 4218 Ardor
281 4176 334 4222 at
358 4168 444 4223 ille
465 4169 621 4224 dedit
645 4167 856 4224 fumum
891 4168 1256 4238 tenebrasque
1279 4167 1483 4222 creavit
1500 4209 1516 4232 ,
1765 4166 2139 4239 lnduperatori
2165 4165 2440 4237 regionem
2462 4161 2691 4218 reddere
2711 4161 2912 4216 vietam

108 4251 282 4325 Perque
305 4273 492 4315 cavam
520 4260 723 4315 nubem
751 4269 949 4332 campo
969 4260 1142 4316 trahit
1173 4260 1350 4318 hostis
1371 4261 1426 4316 in
1465 4275 1623 4330 atquo
1643 4302 1656 4326 ,
1763 4260 1910 4316 Cura
1939 4259 2072 4324 fuit;
2099 4259 2181 4313 lex
2205 4300 2220 4325 ,
2241 4257 2403 4328 jura,
2428 4255 2563 4310 ﬁdes
2589 4253 2738 4320 data,
2765 4252 3012 4324 pignora,
3040 4257 3278 4320 pactum.

118 4342 253 4414 \tque
277 4359 432 4421 negat
452 4349 665 4422 pedites
688 4359 772 4406 ter
799 4360 1022 4407 centum
1050 4352 1278 4407 vulnere
1311 4365 1477 4406 caeco.
1769 4353 1885 4410 Vox
1914 4352 2100 4425 μορυιὶ
2131 4350 2416 4422 mistaeque
2442 4362 2632 4420 preces
2666 4345 2868 4402 misere
2903 4352 3174 4400 coactum.

114 4432 234 4495 tunc
252 4457 368 4498 cum
398 4443 622 4516 Pagano
659 4444 1008 4502 Belvaoensis
1038 4443 1369 4508 Rainaldus,

1493 4587 1932 4614 ...ι-ὼ-

1289 4767 1588 4854 LIBER
1621 4757 2127 4866 QUINTUS.

113 4975 403 5037 Itaimundus
425 4983 634 5040 Pilatus
657 4984 763 5038 duo
785 4991 961 5038 castra
1001 4983 1167 5048 capit.
1211 4981 1450 5035 Murram
1479 4978 1662 5034 urbem
1691 4984 1740 5045 ι)
1767 4967 1950 5030 Turba
1975 4972 2196 5044 partita,
2222 4965 2345 5026 loca
2376 4967 2505 5025 Sunt
2525 4965 2742 5023 diversa
2764 4963 2932 5036 petita

332 5056 656 5126 αθθνεάίεηιί
684 5056 936 5110 "ﬁam"
969 5055 1166 5108 αοτῖεεν
1196 5049 1375 5106 Ττιτεί·
1403 5107 1406 5110 -
1764 5068 1832 5123 Et
1859 5063 2113 5139 quisquis
2140 5057 2293 5120 lucro
2317 5055 2618 5134 gaudebat,
2652 5059 2707 5113 in
2733 5057 2869 5114 urbe
2897 5053 3174 5112 manebat.

107 5155 189 5212 Ast
213 5160 296 5216 alii
312 5177 574 5234 proceres
599 5175 726 5222 voto
751 5165 866 5238 jam
895 5173 1080 5224 mente
1103 5163 1416 5236 propinqui
1763 5161 2060 5234 Obsequiis
2081 5167 2201 5216 erat
2231 5158 2321 5214 hic
2352 5152 2635 5212 studiosus
2655 5195 2671 5221 ,
2692 5160 2747 5208 et
2771 5167 2881 5208 aera
2908 5149 3172 5206 merebat.

110 5245 295 5309 Utiliter
325 5265 571 5315 statuunt
596 5260 665 5315 ad
693 5268 910 5330 tempus
939 5259 1082 5316 bella
1110 5255 1348 5327 relinqui
1763 5256 1843 5310 Ex
1875 5255 1983 5310 illis
2006 5253 2192 5324 plures
2224 5245 2585 5323 Raymundus
2609 5239 2765 5302 miles
2790 5242 2998 5314 alebat,

114 5339 275 5404 «'Estus
293 5349 435 5406 enim
461 5349 694 5424 populos
711 5353 1028 5424 siccatoque
1059 5361 1204 5408 terra
1229 5359 1482 5422 gravaret
1762 5348 1935 5415 Quem
1966 5352 2330 5416 cognomento
2356 5341 2586 5396 Piletum
2617 5354 2749 5411 gens
2773 5345 2963 5394 nostra
2995 5331 3244 5394 vocabat.

113 5428 276 5493 Ureret
293 5451 454 5500 astus
477 5457 592 5512 eos,
613 5454 806 5515 potum
825 5446 959 5500 dare
989 5452 1402 5515 terranegaret.
1762 5439 1886 5496 Otia
1917 5453 2042 5494 cum
2073 5436 2262 5492 multis
2290 5433 2381 5492 hic
2405 5445 2514 5490 non
2538 5430 2734 5504 ignava
2757 5438 2980 5487 secutus

113 5519 191 5579 Εει
208 5528 359 5599 igitur
383 5539 600 5607 requies
621 5540 898 5596 lassorum
943 5539 1156 5596 reddita
1181 5535 1444 5594 membris
1465 5577 1480 5600 ,
1765 5531 2034 5597 Providet,
2061 5539 2120 5584 ut
2143 5535 2380 5600 nequeat
2400 5519 2620 5599 gentilis
2645 5523 2829 5579 vivere
2858 5527 3030 5579 tutus.

114 5611 406 5682 Dimittenda
425 5628 573 5686 brevi
593 5631 698 5688 sub
723 5632 902 5702 prima
932 5631 1056 5688 luce
1094 5627 1408 5688 novembris
1763 5625 1905 5695 Ergo
1935 5623 2074 5680 duas
2098 5621 2262 5678 urbes
2291 5618 2610 5691 pertransit,
2633 5625 2688 5672 et
2711 5633 2741 5671 a
2769 5614 3068 5671 Talamana

125 5739 128 5744 '
173 5749 305 5834 αξξ)
330 5753 493 5834 seu.
523 5761 765 5834 ραοαιηιι.

1837 5762 1916 5834 (ιι
1939 5762 1982 5832 i)
2015 5759 2290 5817 Hactenus
2311 5757 2457 5814 editi.

197 5823 306 5898 H5)
331 5823 492 5904 EdiL,
522 5829 792 5890 Bcnieutit
804 5872 818 5887 .
