3850 6310
490 303 597 362 979

488 417 825 490 lmprovisus
853 415 1034 484 adest;
1069 416 1176 474 hoc
1203 427 1446 474 castrum
1473 432 1605 488 gens
1628 415 1863 472 Suriana

487 509 773 579 Servabat,
797 525 920 582 qua:
944 517 1139 581 sponte
1164 509 1312 566 viros
1333 509 1525 580 recipit
1545 509 1684 564 bene
1707 523 1862 564 sana.

486 603 604 661 Itur
625 605 694 661 ad
718 604 994 676 quoddam
1017 612 1259 660 castrum
1276 645 1291 671 ,
1316 603 1410 658 sed
1442 602 1596 658 turba
1620 600 1852 673 profana

484 699 730 768 Obstitit,
753 699 886 756 hinc
909 697 1113 754 nostris
1136 697 1458 768 intorquens
1493 696 1702 768 spicula
1729 710 1888 750 vana.

487 792 594 850 Sed
618 803 799 850 tamen
823 792 928 848 hoc
951 790 1167 846 Domini
1210 804 1409 845 manus
1450 788 1676 856 obruit,
1719 797 1773 845 et
1799 785 2070 860 peregrini

483 883 599 942 Illic
625 885 854 958 gentiles
880 891 1015 940 sunt
1038 882 1104 937 ad
1135 879 1404 952 baptisma
1431 880 1638 947 vocati,

484 976 702 1046 Quique
727 973 1036 1045 rejecerunt
1063 970 1197 1027 illud
1230 969 1441 1042 periere
1467 971 1681 1036 necati,

484 1066 808 1138 Captivatur
829 1064 902 1120 ibi
922 1079 1076 1134 puer,
1105 1072 1158 1119 et
1177 1063 1494 1134 quicunque
1513 1063 1753 1119 senescit

479 1154 710 1221 Occidit,
735 1152 936 1225 ignotis
965 1153 1126 1208 breve
1156 1168 1386 1224 regnum
1408 1167 1633 1224 parcere
1656 1151 1853 1209 nescit.

479 1242 743 1300 Hostibus
777 1241 985 1299 eversis
1007 1283 1022 1311 ,
1049 1257 1186 1298 auro
1211 1241 1406 1312 spoliis
1431 1242 1644 1298 onerati

477 1335 562 1392 Ad
591 1343 832 1392 castrum
857 1334 1090 1391 redeunt
1110 1335 1204 1406 qui
1223 1334 1337 1405 jam
1367 1333 1585 1390 fuerant
1605 1335 1816 1392 donati.
1834 1323 1857 1336 ”

478 1425 592 1484 Nec
617 1427 806 1499 requie
827 1435 1084 1485 contenta
1117 1427 1235 1496 diu,
1263 1427 1439 1484 virtus
1461 1427 1711 1484 animosa
1945 1416 1958 1430 “

477 1522 668 1582 Hostis
689 1525 758 1582 ad
786 1525 1068 1580 interitum
1099 1532 1284 1580 manet
1304 1523 1524 1580 assidue
1550 1523 1818 1579 studiosa.

479 1617 823 1690 Gentilisque
845 1617 1033 1688 legens
1067 1615 1296 1689 vestigia
1318 1630 1509 1687 sparsa
1533 1631 1632 1686 per
1659 1615 1851 1671 orbem
1874 1657 1888 1683 ,

477 1711 807 1782 Aggreditur
839 1709 1076 1765 Marram
1116 1709 1331 1781 plenam
1362 1707 1653 1780 gentilibus
1680 1707 1890 1763 urbem.

485 1801 730 1857 Duxerat
760 1801 815 1856 in
844 1800 1106 1869 Marram,
1129 1801 1268 1856 duce
1293 1799 1462 1866 fama,
1485 1800 1644 1856 turba
1671 1809 1880 1856 remota

477 1891 643 1950 Urbis
665 1893 837 1965 Aleph
863 1893 1106 1950 Roboam
1133 1908 1248 1960 rex,
1273 1900 1327 1949 et
1350 1891 1549 1949 vicinia
1571 1900 1707 1960 tota,

475 1985 625 2042 Gens
651 2000 715 2042 ea
747 2001 857 2041 non
883 1985 1077 2042 humi-li
1098 1993 1308 2041 terrore
1330 2000 1580 2056 repressa
1603 1985 1860 2041 decenter

477 2075 758 2149 Disposuit
791 2077 1016 2146 bellum,
1046 2078 1155 2134 ruit
1176 2078 1230 2133 in
1256 2086 1478 2134 nostros
1499 2077 1786 2134 violenter.

472 2166 672 2225 Ferrea
695 2168 829 2226 silva
854 2169 1001 2226 cadit
1030 2169 1259 2240 passim,
1285 2184 1651 2241 campumque
1681 2177 1968 2225 cruentum

473 2261 724 2331 Asperat,
747 2269 898 2316 astra
925 2261 1061 2332 petit
1080 2259 1264 2333 fragor
1284 2269 1339 2317 et
1365 2261 1535 2333 gemit
1562 2260 1915 2316 morientum.

471 2351 825 2409 Concurrunt
859 2368 954 2424 per
980 2368 1140 2409 mane
1162 2353 1346 2420 sudes,
1374 2353 1430 2408 hi
1459 2352 1669 2424 spicula
1696 2352 1927 2423 jactant,

469 2439 551 2496 llli
583 2442 916 2513 protendunt
937 2444 1148 2510 hastas,
1174 2443 1484 2514 iterumque
1504 2452 1807 2515 receptant.

469 2529 690 2588 Fortius
711 2531 1017 2600 incursant,
1042 2533 1287 2605 ipsisque
1312 2533 1579 2590 cadavera
1602 2533 1775 2605 portis

471 2621 713 2696 Anigunt
745 2623 942 2691 nostri,
975 2623 1089 2696 jam
1121 2624 1301 2681 stabat
1327 2625 1381 2680 in
1407 2638 1600 2696 aggere
1622 2622 1787 2680 fortis

466 2713 645 2784 Miles,
670 2715 1012 2772 inundabant
1035 2714 1217 2784 fossae,
1240 2732 1364 2773 cum
1393 2715 1534 2772 forte
1563 2715 1788 2773 retortis

469 2802 716 2861 Vertitur
737 2820 932 2878 agmen
958 2806 1328 2879 equisfquam
1356 2807 1562 2879 perfida
1593 2807 1767 2880 gratia
1791 2805 1950 2864 fortis

463 2896 810 2955 Christicolas
845 2899 979 2955 dant
999 2909 1156 2972 terga
1185 2908 1355 2968 retro,
1402 2899 1696 2956 formidine
1719 2899 1918 2957 mortis

467 2984 677 3045 Turbat
701 3003 798 3046 eos
819 2989 1043 3051 inimica
1080 2992 1279 3049 cohors
1305 2993 1508 3064 agitata
1540 2990 1746 3048 furore.

467 3077 755 3136 Tinuitum
776 3081 949 3155 clypei
975 3083 1230 3153 reddunt,
1263 3085 1539 3157 galeaeque
1568 3099 1805 3152 sonorae,

467 3169 839 3232 Obtenebrant
867 3177 1055 3245 oculos
1081 3177 1270 3249 lapsus
1292 3177 1360 3233 de
1389 3177 1594 3234 cortice
1617 3177 1782 3244 coni,

466 3265 696 3324 Loricas
725 3269 916 3325 odi'unt
943 3269 1170 3338 iuvenes
1199 3271 1271 3326 ad
1296 3271 1518 3326 verbera
1539 3271 1720 3341 proni.

467 3357 683 3415 Scindit
715 3358 868 3416 labra
897 3360 1051 3429 sitis,
1081 3377 1191 3417 non
1221 3360 1420 3418 sufficit
1443 3360 1610 3416 umbo
1639 3361 1872 3433 sagittis.

466 3449 541 3507 Ut
566 3449 925 3526 Raymuadus
951 3469 1048 3511 eos
1073 3453 1212 3510 vidit
1235 3469 1536 3521 rarescere,
1564 3454 1800 3525 primus,

465 3541 785 3616 Respirate,
801 3547 925 3615 viri,
956 3549 1177 3613 clamat,
1202 3563 1334 3620 quo,
1360 3549 1499 3619 proh
1526 3549 1739 3621 pudor!
1764 3549 1948 3605 imus?

465 3633 672 3693 Taliter
691 3652 722 3693 a
754 3637 1154 3710 trepidocursn
1197 3639 1370 3711 proba
1397 3655 1530 3712 gens
1553 3648 1806 3698 revocata

466 3723 709 3784 Gentiles
731 3727 842 3800 agit
869 3728 938 3786 ad
972 3745 1180 3797 muros,
1213 3730 1376 3786 simul
1411 3731 1800 3804 agglomerata.

466 3814 574 3873 Sed
596 3834 705 3874 non
728 3829 1016 3876 vertuntur
1037 3820 1256 3877 S’uriani
1279 3823 1592 3882 deficientes

461 3905 576 3964 Nec
605 3910 788 3967 socios
810 3911 998 3968 vivere
1018 3927 1169 3981 suos,
1199 3913 1322 3970 sitis
1347 3914 1693 3987 impatientes

461 4001 622 4058 Aeris
649 4002 740 4058 illa
765 4005 853 4060 sui
878 4020 1010 4081 gens
1030 4005 1270 4061 emollita
1297 4015 1483 4079 tepore
1506 4050 1521 4075 ,

459 4091 584 4150 Non
609 4104 694 4152 est
719 4106 916 4165 marte,
940 4099 1035 4154 sed
1063 4105 1148 4162 est
1168 4100 1359 4156 martis
1387 4109 1640 4172 superata
1663 4102 1864 4159 calore.

899 4217 916 4234 -
959 4188 1252 4247 Christiani
1273 4193 1546 4266 fugantur.

531 4276 603 4334 Ut
624 4279 754 4337 dare
779 4289 925 4355 terga
955 4281 1141 4339 vident
1167 4292 1484 4342 nostrorum
1511 4295 1695 4342 castra
1719 4293 1942 4343 secutos

457 4369 647 4439 Turci,
671 4370 1030 4431 Christicolas
1050 4373 1165 4447 jam
1194 4392 1391 4449 magna
1417 4385 1573 4448 parte
1603 4376 1850 4433 munitos

457 4462 757 4533 Invadunt,
772 4466 866 4522 dat
893 4466 978 4524 eis
997 4467 1144 4526 vires
1166 4469 1490 4541 animosque
1533 4468 1798 4540 sequendi

456 4554 605 4613 Gens
638 4556 886 4630 fugitiva,
918 4570 1107 4618 monet
1126 4562 1348 4618 timidos
1390 4560 1612 4617 fortuna
1642 4560 1895 4618 nocendi.

454 4644 657 4704 Ordine
685 4666 794 4706 non
824 4652 1012 4709 habito
1035 4652 1174 4724 fugit
1193 4667 1388 4724 agmen
1417 4650 1904 4721 Christicolarum,

450 4734 573 4791 Non
604 4748 916 4810 exspectata
937 4749 1296 4799 revocantum
1317 4756 1451 4798 voce
1474 4740 1753 4798 tubarum.

453 4825 694 4899 Segnius
719 4831 868 4888 haud
893 4830 1111 4906 fugiunt
1137 4832 1351 4903 equites
1379 4831 1733 4905 peditumque
1763 4841 2002 4902 caterva,

449 4917 626 4985 Quam
654 4919 793 4994 fugit
821 4930 948 4978 ante
982 4938 1148 4979 canes
1178 4922 1439 4979 latrantes
1461 4923 1649 4979 territa
1678 4940 1857 4981 cerva.

449 5007 728 5068 Sternitur
763 5012 868 5068 heu
900 5011 1030 5068 felix
1055 5012 1291 5086 populus
1321 5028 1416 5088 per
1435 5028 1604 5084 opaca
1626 5013 1861 5082 viarum,

446 5101 888 5181 Exspositusque
910 5103 1054 5173 Iovi,
1082 5105 1144 5161 fit
1169 5114 1377 5178 martyr
1397 5113 1456 5161 et
1478 5120 1604 5162 esca
1630 5105 1895 5166 ferarum.

445 5194 746 5267 Exspirant
767 5197 984 5254 animas
1005 5197 1185 5264 multi,
1219 5212 1321 5254 nec
1348 5213 1506 5254 meus
1527 5197 1652 5254 edet

445 5290 676 5359 Versus,
706 5293 799 5347 vix
823 5293 1078 5362 equidem
1104 5293 1284 5349 recolo
1306 5310 1429 5368 qua;
1451 5294 1633 5351 dicere
1657 5295 1835 5351 taedet.

440 5383 525 5438 Ad
548 5392 792 5439 castrum
825 5385 986 5440 rediit
1013 5384 1396 5458 Raymundus,
1423 5395 1477 5442 et
1496 5387 1621 5459 jure
1639 5387 1824 5458 quieta

439 5475 752 5534 Perfruitur
781 5478 990 5550 requie,
1015 5495 1140 5537 cum
1167 5488 1322 5552 gente
1343 5481 1531 5537 dolore
1551 5481 1754 5552 repleta

440 5567 546 5621 llic
569 5567 774 5637 aliquid
803 5580 1016 5640 tempus
1052 5572 1260 5643 exegit,
1293 5573 1361 5628 ad
1391 5589 1554 5628 omne
1591 5582 1818 5643 paratus

442 5658 592 5714 Utile
613 5659 697 5712 vir
719 5658 894 5727 fortis,
927 5679 1022 5733 per
1054 5665 1221 5720 multa
1243 5667 1442 5736 pericla
1467 5668 1748 5738 probatus.

442 5747 664 5805 Interea
688 5749 892 5809 nimius
914 5754 1066 5811 dolor
1087 5756 1279 5812 accidit
1301 5757 1675 5814 Antiochenis.

1057 300 1150 356 AD
1185 300 1632 359 GODEFRIDUM
1669 297 1960 356 APPEND.
1998 295 2064 352 ll.
2106 327 2176 337 ——
2211 295 2484 354 MONUM.
2522 293 2614 351 DE
2650 293 2882 350 θειιο
2921 289 3162 350 SACRO.
3621 294 3690 349 980

2100 414 2148 474 Α
2177 409 2345 469 Urbis
2373 413 2521 468 enim
2549 419 2752 479 rector,
2788 409 3105 466 moderatus
3129 406 3198 463 ad
3226 403 3430 470 omnia,
3457 404 3580 461 leuis

2173 501 2380 558 Przesul
2408 501 2544 568 obit,
2576 509 2900 572 patremque
2925 513 3086 554 suum
3114 496 3263 553 dolet
3291 495 3424 551 urbs
3443 495 3635 565 obiisse,

2173 591 2345 662 Hanc,
2373 609 2500 649 cum
2531 600 2689 664 capta
2715 590 2838 658 fuit,
2866 605 2980 646 non
3003 588 3166 646 credo
3195 587 3372 658 magis
3395 585 3626 645 doluisse.

2172 707 2471 779 Episcouus
2497 705 2780 762 Fodienaia
2809 702 3382 832 gno’rli‘tazuAibariam
3429 703 3561 773 capit
3582 719 3700 761 conta

2854 815 2871 831 .
2946 789 3026 832 tat
3063 791 3124 830 ιτ.
3167 819 3170 821 λ

2854 815 2871 831 .
2894 789 3124 846 At’giau.
3167 819 3170 821 λ

2241 868 2380 924 Dum
2413 869 2552 926 calet
2573 867 2804 940 Augusti
2833 866 3015 923 dictus
3043 866 3111 921 de
3136 864 3361 921 nomine
3386 867 3588 920 mensis

2169 960 2287 1019 Non
2318 963 2447 1030 sibi,
2477 963 2573 1019 sed
2606 961 2809 1033 populo
2835 960 3035 1032 praasul
3058 960 3292 1015 moritur
3318 959 3591 1016 Podiensis

2168 1053 2279 1111 Pro
2302 1053 2465 1110 Petro
2487 1063 2666 1111 tracto
2683 1055 2751 1111 de
2772 1068 2995 1110 carcere
3014 1052 3146 1108 dum
3174 1052 3294 1118 tibi,
3312 1050 3547 1119 Christe,

2170 1144 2314 1202 Urbs
2337 1146 2504 1212 canit,
2536 1155 2622 1202 est
2645 1155 2855 1202 tractus
2885 1145 2952 1201 de
2981 1160 3202 1200 carcere
3236 1144 3484 1215 corporis
3509 1145 3615 1212 iste,

2169 1237 2398 1309 Quaque
2421 1238 2509 1294 die
2535 1239 2787 1294 recolunt
2814 1237 3112 1294 solventem
3141 1237 3361 1293 vincula
3395 1236 3620 1308 Petrum,

2168 1331 2264 1386 llla
2289 1332 2416 1388 luce
2435 1331 2539 1388 viri
2565 1331 2918 1403 deploravere
2944 1329 3229 1387 feretrum.

2167 1423 2299 1480 Post
2321 1423 2520 1480 nimios
2546 1422 2750 1490 luctus,
2777 1432 2902 1494 post
2927 1422 3230 1479 infortunia
3257 1422 3441 1493 plura,

2169 1515 2334 1572 Stans
2356 1531 2542 1572 comes
2570 1514 2775 1588 Egidii
2808 1515 2994 1571 Sancti
3029 1530 3126 1587 per
3152 1525 3402 1585 tempora
3430 1515 3561 1570 dura

2166 1605 2266 1661 lvit
2293 1606 2364 1661 ad
2391 1605 2694 1672 Albariam,
2716 1621 2884 1677 quam
2922 1606 3097 1662 multo
3127 1605 3300 1662 milite
3321 1607 3540 1678 cingens
3565 1637 3576 1650 ι

2167 1697 2342 1769 Cepit,
2366 1705 2422 1754 et
2450 1698 2578 1754 huic
2599 1698 2720 1754 urbi
2743 1714 2940 1754 murus
2958 1713 3068 1754 non
3096 1697 3304 1769 profuit
3335 1699 3545 1769 ingens.

2097 1774 2140 1834 Β
2168 1789 2412 1847 Ensibus
2432 1790 2521 1848 hic
2545 1791 2770 1848 incurva
2795 1807 2988 1850 senum
3013 1801 3140 1848 sunt
3172 1792 3313 1847 colla
3343 1803 3566 1860 resecta,

2168 1880 2281 1939 Nec
2301 1884 2485 1939 minus
2515 1882 2786 1940 infantum
2811 1893 3142 1956 rumpuntur
3171 1893 3418 1956 tempora
3445 1896 3583 1956 grata

2167 1973 2278 2033 Nec
2304 1976 2518 2034 vetulas
2538 1977 2837 2034 reverenda
2861 1978 3017 2050 juvat
3043 1993 3358 2050 rugosaque
3391 1976 3580 2046 Persis,

2167 2065 2278 2125 Nec
2301 2067 2470 2126 facies
2497 2068 2724 2140 prodest
2751 2086 2861 2126 non
2887 2069 3010 2127 laedi
3031 2070 3194 2141 digna
3223 2070 3442 2141 puellis,

2167 2159 2280 2218 Nec
2313 2162 2544 2234 simplex
2571 2162 2660 2218 via
2687 2164 2881 2220 mortis
2909 2172 3048 2230 erat,
3077 2162 3205 2234 quia
3231 2163 3381 2220 mille
3402 2171 3651 2218 necantur.

2165 2252 2312 2310 Mille
2338 2255 2540 2323 modis,
2562 2255 2855 2328 meritique
2881 2255 3170 2310 hominum
3201 2255 3399 2310 merito
3426 2256 3712 2311 lacerantur.

2163 2347 2421 2418 Albaria‘,
2442 2349 2524 2405 sic
2545 2349 2612 2404 ad
2649 2347 2867 2404 Domini
2898 2347 3106 2404 cultum
3135 2358 3408 2404 revocata

2162 2439 2464 2497 Przeflcitur
2487 2441 2688 2512 praesul
2717 2441 2845 2497 vitae
2872 2455 3108 2512 persona
3135 2440 3405 2512 probata.

2160 2530 2393 2606 Jamque
2437 2533 2670 2591 vocabat
2720 2534 2899 2590 hiems
2953 2547 3231 2604 proceres,
3280 2547 3418 2589 nova
3461 2532 3584 2588 bella
3613 2548 3715 2589 me

3497 2625 3661 2701 [vena

2163 2715 2407 2789 Tempus
2434 2728 2573 2786 erat,
2604 2718 2907 2791 carpitque,
2930 2717 3098 2775 dabat
3122 2732 3276 2790 spem
3311 2717 3628 2790 perfriendi.

2157 2811 2427 2869 Omnibus
2452 2813 2582 2869 hinc
2609 2812 2818 2870 sanctis
2846 2813 2979 2869 dum
3011 2811 3212 2868 festum
3240 2813 3302 2868 fit
3321 2811 3564 2884 generale

2157 2904 2471 2978 Congregat
2495 2905 2772 2973 absentes,
2803 2904 3044 2962 edictum
3069 2903 3378 2975 spirituaie,

2159 2994 2279 3052 Jam
2310 2996 2498 3052 varius
2524 2997 2760 3068 populus
2782 2995 3050 3053 conﬂuxit
3075 2997 3131 3052 in
3156 2996 3497 3053 Antiochciza

2162 3087 2384 3155 Maenia,
2415 3105 2580 3161 quam
2604 3089 2742 3144 varii
2770 3088 2949 3161 pisces
2981 3089 3036 3144 in
3073 3088 3212 3145 retia
3241 3089 3408 3160 plena

2157 3180 2532 3254 Dissimiiique
2549 3183 2727 3254 placet
2750 3181 2948 3239 similis
2971 3181 3244 3238 sententia
3273 3180 3450 3253 genti.

2155 3272 2456 3331 Jerusalem
2487 3277 2607 3331 loca
2629 3283 2822 3331 sancta
2847 3275 3034 3330 vident
3061 3273 3249 3330 animo
3269 3272 3530 3344 cupienti.

2157 3363 2253 3420 Vis
2291 3380 2486 3422 secura
2515 3365 2722 3432 virum,
2747 3365 2903 3436 jubet
2925 3365 3080 3436 ipsos
3107 3371 3232 3421 eSse
3257 3372 3506 3435 param,

2155 3453 2339 3525 Deque
2368 3455 2484 3512 suis
2506 3457 2727 3512 abolent
2753 3455 2956 3513 animis
2975 3455 3229 3526 coniugia
3254 3463 3442 3521 natos,

2153 3545 2316 3602 Orbis
2341 3548 2411 3603 ad
2443 3548 2662 3620 ignotos
2688 3556 2896 3604 tractus
2919 3547 3036 3618 jam
3070 3555 3254 3603 mente
3291 3545 3537 3602 feruntur

2153 3637 2595 3711 Parthorumque
2625 3640 2792 3711 pedes
2816 3640 2931 3711 jam
2953 3639 3146 3696 martis
3171 3654 3364 3698 amore
3386 3644 3707 3709 sequuntur.

2527 3730 2825 3787 Christiani
2850 3731 3090 3786 Murram
3121 3731 3383 3796 obsident.

2221 3820 2569 3880 Conveniens
2589 3823 2820 3880 comites
2850 3823 2961 3879 dux
2987 3823 3194 3880 interea
3225 3820 3561 3878 Boimundus

2153 3901 2374 3972 Pactam
2413 3915 2609 3987 quaerit
2637 3916 2708 3972 ab
2755 3915 2842 3972 his
2878 3915 3100 3983 urbem,
3131 3923 3300 3986 negat
3328 3914 3438 3970 hoc
3473 3913 3750 3985 ilaymun—

3525 4003 3684 4077 [dus

2151 4097 2318 4171 Regis
2335 4097 2628 4155 adventum
2650 4096 3240 4169 Constantinopolitani

2149 4189 2484 4260 Exspectare
2502 4189 2678 4262 jubet,
2709 4189 2996 4260 munitque
3028 4188 3258 4244 domum
3287 4186 3535 4242 Casiani.

2153 4281 2246 4337 Sic
2268 4283 2408 4338 duce
2435 4282 2675 4348 turbato,
2701 4297 2889 4338 comes
2913 4281 3206 4352 impatiens
3232 4279 3538 4351 Rugiosam

2150 4373 2395 4442 Transit,
2424 4385 2482 4431 et
2501 4374 2812 4442 Albariam,
2833 4372 3184 4444 Marramque
3210 4373 3348 4443 petit
3367 4372 3716 4446 populosam

2077 4481 2124 4539 ι)
2145 4465 2224 4522 Ne
2246 4467 2404 4523 dolor
2427 4467 2551 4522 irati
2579 4467 2737 4523 ducis
2762 4467 2830 4522 ad
2852 4465 3166 4522 communia
3189 4465 3395 4520 damna

2143 4562 2184 4619 F
2187 4573 2307 4621 orte
2337 4563 2690 4632 redundaret,
2719 4577 3010 4634 procerum
3030 4561 3294 4618 discretio
3334 4577 3547 4632 magna

2142 4653 2394 4711 Consulit
2423 4655 2590 4720 hunc,
2621 4669 2779 4709 mens
2808 4653 2918 4708 alta
2945 4652 3051 4707 viri
3079 4651 3252 4707 multa
3277 4667 3444 4722 prece
3471 4661 3652 4707 mota

2139 4744 2444 4817 Praeposuit
2467 4753 2593 4802 voto
2619 4745 2830 4817 privato
2855 4743 3071 4815 publica
3094 4751 3244 4799 vota.

2138 4838 2400 4895 Protinus
2428 4838 2670 4895 educens
2693 4837 2842 4894 acies
2869 4835 3054 4908 populi
3080 4835 3246 4892 modo
3275 4835 3465 4892 maesti

2139 4931 2222 4987 Ad
2253 4930 2491 4988 Marram
2523 4939 2782 5003 properat
2807 4937 3060 5000 respectu
3081 4928 3263 4983 vietus
3287 4927 3560 4985 honesti.

2140 5024 2252 5081 Lex
2281 5023 2501 5081 Domini
2525 5023 2787 5095 specialis
2819 5031 2960 5084 erat.
2985 5037 3112 5077 cum
3143 5020 3302 5092 signa
3333 5021 3682 5091 replerunt.

2140 5115 2308 5174 Urbis
2333 5115 2621 5181 circuitus,
2653 5121 2710 5169 et
2745 5123 2927 5170 castra
2947 5113 3118 5168 duces
3142 5119 3487 5182 posuerunt.

2139 5204 2411 5261 Externos
2440 5203 2696 5260 homines
2725 5202 2819 5258 ubi
2846 5201 2983 5257 vidit
3003 5215 3149 5273 gens
3167 5198 3539 5271 stupefacta,

2139 5294 2280 5362 Quis
2305 5293 2504 5350 referet
2526 5301 2734 5364 quanta
2765 5290 2934 5348 fuerit
2955 5290 3252 5347 formidine
3280 5298 3436 5347 tacta
3450 5291 3490 5346 ’ἔν

2139 5384 2333 5443 Omnis
2356 5385 2412 5440 in
2442 5384 2579 5441 urbe
2600 5383 2778 5451 locus,
2804 5381 2987 5438 feroce
3010 5390 3342 5454 properante
3365 5386 3666 5444 tumultu

2141 5478 2468 5535 Discurrunt
2494 5485 2722 5544 matres,
2753 5475 3068 5546 timideque
3089 5491 3268 5531 nurus
3296 5475 3429 5532 sine
3482 5481 3700 5550 cultu,

2142 5568 2338 5626 Hostes
2366 5569 2490 5641 plus
2509 5569 2664 5640 justo
2699 5568 2818 5625 fore
2843 5582 3036 5624 rumor
3063 5567 3323 5638 publicus
3359 5569 3531 5640 edit,

2139 5663 2572 5736 Compluresque
2601 5664 2787 5731 timor,
2814 5678 2913 5718 nec
2941 5677 3097 5718 mens
3127 5677 3228 5717 sua
3255 5661 3500 5722 lumina
3538 5672 3752 5727 credit.

2145 5756 2205 5810 Si
2228 5756 2480 5828 quisquis
2508 5773 2765 5813 somnum
2796 5755 3006 5827 recipit,
3039 5771 3239 5813 somno
3271 5758 3642 5825 cruciatur,
