3850 6310
130 390 202 447 981

129 507 274 565 Vexat,
295 505 339 552 et
357 495 638 550 insomnem
668 508 760 550 res
781 507 945 558 vana,
968 491 1224 562 diemque
1252 491 1512 545 minatur.

128 599 246 655 Stant
262 593 318 650 ad
345 603 467 661 opus
487 587 682 643 servile
701 588 868 643 duces
901 601 1025 642 cum
1049 596 1208 657 gente
1235 584 1477 648 minore,

125 693 207 748 Nec
227 688 373 760 pudor
392 691 468 738 est
485 682 711 748 servire,
740 689 925 737 carent
947 688 1190 735 extrema
1215 678 1441 749 pudore.

124 783 245 839 Exuit
261 788 310 834 ut
325 776 543 832 Pbmbus
572 783 720 831 terra
740 774 970 845 caligine
998 773 1174 844 nigra,

123 872 264 944 Surgit
281 876 444 925 nostra
470 865 663 923 cohors
687 867 790 923 sub
813 867 968 937 pigro
989 873 1234 937 tempore
1271 866 1441 938 pigra,

120 963 345 1034 Excitique
359 959 500 1031 probi
516 959 745 1029 juvenes
764 959 1020 1031 clangore
1045 959 1323 1025 tubarum,

118 1052 319 1123 (lenioris
343 1050 693 1115 immemores,
724 1048 869 1104 haud
907 1050 1258 1106 immemores
1288 1049 1619 1115 animarum,

117 1145 177 1201 Ad
191 1142 378 1199 Manent
402 1148 713 1213 properant,
731 1141 844 1208 jam
872 1140 1241 1198 circumfusus
1267 1140 1491 1212 adaptat
1612 1160 1615 1167 ·

116 1236 249 1292 Nervo
272 1233 365 1305 pila
391 1231 567 1303 pedes,
592 1230 706 1302 jam
733 1232 890 1288 laetus
910 1231 979 1287 ad
1005 1231 1177 1288 ardua
1196 1231 1386 1303 iactat,

112 1327 277 1383 lactant
296 1340 431 1387 saxa,
457 1322 600 1381 faces
631 1323 880 1381 flammas
904 1339 1004 1395 per
1030 1325 1193 1380 inane
1222 1323 1479 1394 ferentes,

114 1418 226 1484 Quas
246 1416 424 1471 liuere
446 1414 633 1470 volunt
651 1414 719 1470 ad
749 1415 991 1472 culmina
1021 1417 1403 1487 suspicientes.

114 1508 331 1565 Desudant
352 1507 437 1562 alii
461 1505 638 1564 fossas
669 1508 894 1579 implere
919 1517 1186 1579 palentes.

110 1602 187 1657 Per
205 1610 440 1673 prmrupta
476 1610 644 1656 ruunt
670 1601 881 1672 equites
911 1608 1288 1659 transcurrere
1314 1610 1549 1658 montes.

110 1693 197 1749 Non
220 1684 328 1750 sunt
347 1693 533 1748 horror
551 1708 727 1764 equos
748 1692 985 1750 in'frcna
1011 1703 1160 1750 retro
1184 1695 1493 1751 redeuntes.

107 1786 284 1857 Jamque
296 1801 420 1842 cava
442 1785 667 1843 latitans
680 1787 971 1853 testudine,
1001 1788 1157 1843 firma
1184 1789 1414 1844 cavabat

108 1877 257 1933 Hrenia
278 1878 401 1933 lecta
428 1878 645 1946 cohors,
671 1879 785 1949 jam
813 1880 991 1936 scalas
1019 1880 1178 1935 turba
1211 1880 1445 1947 levabat,

105 1970 210 2024 Cum
235 1986 259 2026 ς
275 1970 394 2025 ibit‘
415 1979 614 2025 coeunt
638 1970 866 2039 Arabes,
893 1972 1262 2044 gravibusque
1297 1973 1517 2029 lacertis

108 2062 213 2117 Saxa
231 2071 408 2126 rotant,
433 2069 486 2117 et
508 2062 832 2119 vulneribus
859 2062 993 2120 dant
1019 2064 1267 2135 proxima
1296 2065 1480 2122 certis.

105 2151 163 2208 Ac
176 2151 312 2207 veluti
332 2152 542 2209 nimbos
562 2169 694 2210 cum
722 2162 941 2226 torquet
959 2154 1137 2212 hiems
1164 2155 1377 2224 odiosa,

104 2242 207 2297 Aera
226 2243 407 2315 grando
433 2254 607 2313 secat,
639 2245 725 2302 vis
744 2246 917 2303 austri
942 2246 1094 2303 saevit
1114 2262 1345 2320 aquosa,

104 2332 318 2392 Imbribus
338 2334 601 2393 insultant
622 2339 937 2411 crepitantia
968 2346 1110 2395 tecta
1145 2340 1459 2406 domorum,

104 2425 308 2484 Verberat
332 2430 469 2485 unda
493 2445 732 2503 sequens
752 2431 1012 2505 fugientia
1042 2442 1191 2506 terga
1213 2433 1480 2500 virorum,

103 2516 169 2573 Sic
186 2519 342 2575 miseri
360 2520 560 2591 quibus
585 2538 694 2577 una
724 2523 875 2579 salus
902 2523 1123 2580 inimica
1147 2524 1340 2591 saluti,

101 2604 260 2663 Pellem
279 2608 393 2677 tela,
418 2611 586 2668 sudes
611 2611 843 2682 iaciunt,
870 2612 1151 2685 clypeique
1171 2614 1367 2669 muniti

101 2696 207 2755 Dant
228 2701 492 2772 crepitum,
522 2701 744 2776 fugiunt
769 2705 980 2777 equites
1003 2706 1109 2762 sub
1130 2706 1213 2762 eis
1239 2707 1514 2774 maletuti,

102 2788 155 2847 Ut
176 2793 323 2850 tradet
344 2811 407 2853 ex
433 2811 580 2869 equo
604 2796 944 2856 Raimundus
970 2800 1110 2856 bella
1132 2802 1336 2872 parari,

98 2883 238 2941 Altum
255 2886 316 2944 de
332 2888 490 2953 lignis
515 2901 761 2948 castrum
786 2891 941 2963 jubet
957 2893 1234 2950 aedificari.

96 2971 200 3031 Illud
220 2979 402 3037 montis
423 2980 635 3039 habens
660 2983 852 3051 instar,
884 2985 1130 3043 trabibus
1154 2986 1215 3042 fit
1242 2988 1477 3045 acernis.

96 3065 230 3141 Hujus
250 3071 491 3131 ductores
520 3075 651 3133 imis
676 3076 885 3133 latuere
908 3078 1181 3134 cavernis.

95 3157 140 3214 in
154 3176 336 3220 summo
366 3175 599 3222 venator
622 3175 759 3235 erat,
799 3182 1082 3241 wrnuque
1107 3171 1383 3242 strepebat

94 3247 334 3323 Bbrardus,
359 3255 567 3313 delecta
598 3258 798 3315 cohors
822 3259 876 3314 in
913 3258 1094 3317 fronte
1119 3260 1404 3319 fremebat.

93 3340 306 3416 Ergoviri
338 3348 679 3422 pedibusque
707 3350 843 3418 suis,
874 3352 1213 3425 pedibusque
1232 3364 1479 3413 rotarum

91 3431 261 3505 Adnisi,
280 3437 400 3496 licet
423 3439 727 3513 impediant
753 3442 871 3499 loca
893 3444 1079 3501 stricta
1102 3445 1339 3517 viarum,

91 3525 345 3602 Adjungunt
369 3533 491 3589 altae
518 3534 660 3591 turri
681 3544 920 3592 castrum
947 3537 1123 3608 magis
1145 3538 1336 3607 altum,

90 3617 225 3690 Atque
245 3632 429 3693 parant
451 3640 625 3696 super
651 3627 912 3684 attonitos
940 3628 1124 3685 subito
1146 3630 1279 3686 dare
1302 3632 1523 3688 saltum.

88 3706 207 3766 Tunc
225 3720 274 3768 et
296 3713 363 3770 ab
385 3715 621 3771 urbanis
644 3716 705 3772 fit
727 3717 1004 3785 machina,
1025 3734 1150 3790 quae
1171 3720 1410 3791 iaciebat

88 3793 336 3859 Immensos
353 3802 586 3875 lapides,
617 3815 673 3862 et
696 3815 936 3863 castrum
960 3810 1325 3878 conentiebat,

85 3883 348 3947 Grecorum
374 3894 566 3964 piceos
596 3896 750 3967 ignes
777 3905 924 3954 uitat
944 3898 1172 3971 insuper
1191 3901 1303 3969 illa,

86 3972 135 4030 Et
151 3979 274 4037 volat
289 3993 412 4040 ante
437 3986 597 4043 viros
615 3985 790 4044 fetens
816 3998 873 4045 et
897 3990 1054 4064 nigra
1086 3990 1291 4048 favilla.

84 4066 234 4128 Servat
248 4075 301 4130 in
325 4076 450 4150 igne
467 4094 606 4135 suos
624 4080 806 4136 divina
833 4083 1073 4152 potentia
1094 4099 1301 4153 servos,

85 4159 269 4223 Etdedit
291 4171 516 4230 ardores
542 4188 652 4229 non
674 4189 838 4245 posse
864 4192 1061 4233 nocere
1090 4178 1335 4236 nocivos.

131 4253 378 4316 llnrorum
409 4261 627 4333 iaciunt
651 4279 749 4335 per
775 4268 1179 4339 propugnacula
1208 4268 1377 4327 fortes

80 4339 393 4417 Christicolae,
429 4353 712 4425 castrique
736 4354 940 4411 cadunt
967 4356 1037 4413 de
1059 4358 1303 4415 culmine
1322 4372 1546 4418 mortes.

78 4430 265 4520 Pislerio
281 4442 348 4498 de
368 4453 561 4502 monte
590 4444 726 4503 furit
744 4446 1052 4506 Willclmus
1077 4450 1301 4520 ibidem,

80 4519 272 4597 Robora,
301 4547 454 4601 saxa,
483 4536 673 4603 sudes,
703 4539 949 4594 certatim
979 4540 1147 4596 mittit
1164 4550 1220 4596 et
1243 4542 1406 4601 idem.

75 4613 325 4688 Oppositus
352 4627 515 4684 taadis
528 4627 708 4697 rubet,
730 4637 788 4685 et
804 4630 1067 4687 lustratur
1090 4633 1161 4688 ab
1190 4633 1333 4705 igne.

76 4705 215 4779 "lius
231 4731 327 4787 ego
350 4733 568 4791 nequeo
592 4720 824 4780 virtutes
849 4723 1032 4780 dicere
1062 4724 1245 4796 digne.

74 4796 158 4857 Illis
182 4820 278 4861 non
301 4808 502 4867 retinet
528 4810 845 4885 frangendis
865 4830 1106 4888 congrua
1126 4819 1304 4876 muris

74 4888 301 4977 liachina,
326 4901 422 4956 sed
445 4901 669 4972 gaudet,
691 4905 891 4976 gaudet
909 4906 1171 4977 patientia
1195 4908 1371 4965 duris.

70 4975 163 5037 Non
183 4994 319 5044 retro
339 4990 588 5049 mollitus
607 4975 733 5049 vitae
753 4975 1042 5055 dulcedine
1061 4998 1225 5065 cedit,

69 5069 173 5143 Nec,
199 5083 445 5150 quamvis
470 5084 745 5143 decuisset
766 5086 840 5143 ibi
863 5087 1091 5161 fugisse,
1110 5090 1332 5147 recedit.

69 5162 155 5255 Hos
173 5182 339 5241 necat,
372 5176 480 5232 bos
503 5187 750 5247 quassat,
779 5194 839 5236 se
864 5180 1085 5248 circuit,
1112 5199 1267 5239 arma
1296 5185 1544 5255 repellit,

65 5254 192 5347 illinc
214 5280 420 5334 muros,
456 5284 606 5326 nunc
632 5280 788 5327 scuta
816 5271 964 5341 ferit,
992 5291 1141 5331 nunc
1171 5277 1381 5347 spicula
1410 5279 1575 5334 vellit.

64 5345 190 5410 Nunc
214 5359 401 5426 procul
430 5376 464 5415 a
490 5369 695 5430 castro,
719 5379 867 5420 nunc
891 5365 1150 5435 adjuncta
1180 5345 1370 5438 procul
1395 5385 1522 5427 arce

65 5438 214 5531 'furba
235 5452 583 5508 sacerdotum
609 5454 878 5511 clamabat
913 5475 928 5513 :
958 5456 1071 5515 Rex
1098 5460 1204 5530 pic,
1238 5475 1421 5531 parce.

65 5525 220 5602 Parce,
252 5536 414 5608 Deus,
455 5552 773 5615 metuatque
796 5555 949 5602 tuum
983 5525 1203 5619 gentilis
1239 5525 1399 5607 ovile.

63 5618 144 5685 Qui
164 5624 357 5686 Christi
385 5647 593 5690 nomen
617 5645 846 5694 conatur
864 5618 1092 5696 reddere
1113 5641 1238 5698 vile.

64 5708 109 5804 Si
131 5717 241 5786 quis
267 5718 408 5781 forte
438 5736 601 5796 parat
628 5742 942 5804 compagem
968 5732 1178 5789 solvere
1200 5736 1363 5803 muri,

62 5801 184 5865 illius
206 5825 438 5874 excussa
469 5817 762 5877 damnatur
788 5801 977 5879 dextra
1010 5823 1209 5879 securi.

896 372 1167 432 SILONIS
1203 352 1426 429 PARIS'.
1469 363 1650 424 HIST.
1695 357 2064 420 nisnosoL.
2101 392 2173 403 —
2209 360 2339 419 un.
2378 359 2494 419 ν.»

1650 481 1698 541 Α
1730 475 1855 534 Haec
1884 474 2203 549 indignatus
2227 476 2314 534 vir
2335 477 2405 534 de
2430 475 2479 531 la
2512 474 2689 534 Turre
2715 472 2944 536 vocatus

3213 369 3373 426 982i

1724 566 2025 635 Gulferius,
2050 565 2264 638 pulchri
2294 565 2444 637 quod
2473 567 2568 623 diu
2594 564 2809 625 facinus
2825 571 3138 640 meditatus,

1724 655 2002 714 Turbidus
2028 656 2266 729 arsipuit
2291 664 2488 714 erecta:
2508 659 2709 715 robora
2742 660 2926 727 mala,

1723 747 1903 814 Quam
1930 747 2022 804 vix
2044 747 2386 804 sustinerant
2415 748 2664 807 humeris
2692 750 3019 808 sudantibus
3046 753 3177 823 alae,

1722 837 1938 911 Perque
1964 839 2167 911 gradus
2213 838 2403 909 trahit,
2437 840 2555 912 ipse
2579 841 2699 898 suis
2723 856 2825 899 sua
2857 843 3106 900 membra
3151 845 3301 904 lacer.

3133 934 3248 1009 [,tis.

1797 1018 1957 1079 Nunc
1987 1022 2239 1094 sequitur
2265 1038 2430 1097 quem
2460 1022 2614 1084 ducit
2652 1025 2722 1083 ad
2762 1026 2867 1082 hoc
2901 1029 3311 1084 manusOtnni-
3356 1064 3363 1069 υ

2958 1119 3255 1192 inolentis;

1723 1206 1937 1280 Quippe
1957 1207 2182 1265 modum
2204 1216 2411 1266 nostra:
2433 1212 2830 1270 transcendunt
2860 1213 2994 1269 talia
3028 1214 3249 1271 mentis.

1726 1298 1834 1356 Sed
1859 1300 1991 1357 dum
2018 1300 2180 1357 turba
2206 1300 2467 1373 frequens
2502 1304 2687 1360 firmat
2708 1321 2932 1379 gressus
2957 1321 3056 1377 per
3085 1307 3289 1380 inane,

1725 1392 1943 1448 Scalam
1971 1390 2178 1465 frangit
2198 1406 2367 1463 onus,
2389 1397 2680 1467 gentisque
2705 1397 2925 1468 repulsa
2953 1397 3215 1469 profana».

1723 1486 1796 1541 At
1812 1485 1898 1541 vir
1921 1484 2216 1558 praedictus
2243 1487 2518 1544 tollendus
2542 1488 2611 1544 ad
2634 1497 2783 1546 astra
2819 1488 3006 1547 favore
3020 1532 3036 1558 ,

1722 1579 1848 1649 Quo
1876 1596 1937 1639 se
1954 1580 2070 1652 jam
2093 1581 2296 1639 tulerat
2316 1582 2522 1639 virtute
2543 1584 2807 1655 gravique
2830 1586 3037 1654 labore,

1725 1668 1871 1726 Inter
1889 1685 1986 1727 eos
2008 1686 2151 1742 quos
2175 1671 2265 1731 vix
2290 1672 2470 1744 potuit
2490 1674 2800 1730 conducere
2821 1691 3065 1744 sursum,

1728 1757 1982 1828 Eminet;
2011 1767 2183 1832 utque
2205 1777 2374 1819 canes
2395 1761 2703 1833 depascunt
2732 1765 3011 1821 morsibus
3035 1782 3255 1834 ursum,

1660 1832 1704 1888 Β
1726 1849 1830 1905 Cui
1858 1850 2012 1922 plebs
2036 1851 2366 1910 incumbens
2389 1832 2673 1925 praeclusit
2696 1854 2801 1912 iter
2826 1853 3099 1928 fugiendi,

1731 1941 1825 2001 Sic
1847 1916 1958 2025 non
1981 1958 2143 2017 aequa
2175 1960 2375 2002 manus
2389 1916 2611 2018 premit
2662 1947 2833 2015 hunc,
2870 1916 3168 2021 populique
3203 1916 3307 2022 pre

3050 2042 3253 2098 mendi.

1729 2120 1822 2179 llle
1844 2138 1942 2195 per
1959 2122 2229 2183 instantes
2258 2124 2432 2184 fertur
2458 2128 2659 2186 adculo
2688 2129 2811 2202 (sic)
2847 2041 3088 2187 vcniciiti

1726 2212 1967 2286 Opponit
1988 2217 2260 2291 clypeum,
2283 2219 2435 2277 socio
2458 2221 2628 2277 tutela
2648 2223 2901 2293 sequenti

1729 2304 1885 2364 Nunc
1902 2306 2057 2379 prior
2080 2316 2186 2378 est,
2212 2324 2360 2367 nunc
2388 2312 2683 2383 posterior,
2729 2312 2929 2371 similis
2960 2313 3215 2387 fugienti.

1727 2396 1886 2457 Nunc
1903 2399 2143 2472 propriis
2177 2401 2300 2458 telis
2320 2402 2524 2474 populo
2546 2413 2708 2461 nocet
2735 2404 2826 2460 ille
2854 2405 3116 2476 stupenti,

1660 2522 1665 2525 -
1727 2490 1887 2550 Nunc
1910 2492 2147 2567 gladios,
2177 2510 2329 2551 nunc
2351 2495 2461 2567 pila
2488 2494 2649 2568 fugit,
2674 2512 2824 2553 nunc
2848 2497 2997 2553 mille
3024 2497 3288 2565 molares.

1725 2584 1848 2642 Jam
1868 2584 2084 2642 fumant
2109 2594 2288 2656 artus,
2313 2586 2429 2659 jam
2459 2596 2722 2661 spumant
2741 2590 3010 2662 sanguine
3033 2606 3215 2647 nares.

1726 2677 1930 2735 Contra
1952 2686 2035 2735 tot
2058 2688 2244 2752 pestes
2275 2688 2465 2736 manet
2486 2696 2632 2737 unus
2656 2680 2866 2755 integra
2890 2682 3027 2751 vita,

1726 2768 2051 2839 Missilibus,
2072 2770 2298 2843 jaculis,
2323 2772 2486 2841 sude,
2507 2772 2768 2840 fustibus,
2800 2789 2933 2831 ense
2959 2774 3148 2847 petita.

1728 2860 1868 2917 Dum
1892 2871 2160 2934 quantum
2181 2861 2452 2935 deprensa
2473 2873 2651 2937 potest
2679 2881 2835 2938 gens,
2866 2866 3032 2925 turba
3049 2866 3289 2935 resistit,

1726 2953 1860 3011 Fida
1888 2955 2088 3013 cohors
2106 2956 2308 3012 iterum
2335 2957 2516 3015 scalas
2541 2956 2614 3013 ad
2639 2959 2845 3016 moenia
2871 2959 3045 3017 sistit.

1727 3044 1859 3102 llos
1874 3045 2043 3103 oblita
2070 3047 2180 3115 sui,
2210 3047 2307 3104 sed
2335 3064 2444 3105 non
2472 3049 2639 3107 oblita
2662 3067 2925 3119 suorum,

1725 3135 2061 3194 Conscendit
2088 3154 2276 3196 muros
2304 3155 2607 3213 properans
2632 3142 2702 3199 ad
2724 3158 2885 3214 opem
2912 3143 3229 3201 sociorum...

1725 3225 1837 3284 Nec
1862 3243 2039 3299 mora,
2061 3246 2160 3302 per
2184 3238 2365 3289 turres
2387 3234 2570 3290 sonitu
2592 3236 2943 3291 concurritur
2966 3245 3109 3303 orto,

1724 3317 1843 3375 Non
1869 3320 2009 3391 riget
2026 3322 2115 3379 hic
2136 3339 2300 3381 arcus
2322 3334 2613 3383 contentus
2651 3326 2783 3385 fune
2811 3338 3037 3389 retorto.

1726 3409 1836 3469 Res
1860 3413 2044 3486 agitur
2074 3415 2306 3488 gladiis;
2330 3416 2399 3473 dc
2427 3419 2705 3476 moenibus
2738 3418 2933 3477 ordine
2961 3420 3081 3479 ﬁxa.

1726 3501 1871 3560 Saxa
1897 3506 2142 3573 trahunt,
2173 3509 2457 3581 murisque
2484 3509 2601 3566 suis
2627 3526 2778 3568 mors
2808 3510 3079 3583 frangitur
3110 3511 3250 3582 ipsas

1726 3591 1902 3665 Terga
1930 3594 2127 3683 dedere
2150 3595 2304 3667 prius
2334 3598 2532 3667 nostri,
2562 3614 2901 3672 numeroque
2931 3599 3213 3657 furentum

1723 3683 2047 3755 Cesserunt,
2077 3688 2387 3760 pressitque
2405 3706 2605 3747 sonum
2629 3692 2867 3764 gemitus
2890 3693 3244 3750 morientum.
3296 3742 3301 3746 .

1724 3776 1808 3833 Ad
1835 3785 2037 3835 terram
2059 3778 2215 3837 missi
2245 3781 2490 3853 plerique
2518 3798 2707 3839 necem
2733 3781 3041 3856 fugiebant.
3100 3833 3115 3844 .

1725 3868 1903 3936 Quam
1931 3880 2112 3928 tamen
2133 3872 2205 3928 ad
2233 3881 2435 3929 terram
2457 3872 2723 3932 confracti
2750 3871 3184 3948 comperiebam.

1728 3959 1972 4018 Solvitur
1993 3962 2199 4021 interea
2227 3981 2444 4033 murus,
2474 3966 2563 4022 cui
2594 3982 2657 4024 se
2677 3976 2866 4025 nostra
2885 3950 3151 4040 juxebius

1724 4050 1922 4109 Castro
1950 4064 2093 4112 tecta
2117 4055 2285 4123 subit,
2317 4057 2492 4115 solida
2523 4073 2624 4114 nec
2642 4074 2779 4132 rupe
2808 4069 3053 4116 retentus

1726 4139 1824 4198 Est
1841 4157 2032 4213 eques,
2058 4144 2370 4217 ingrediens
2395 4162 2599 4203 arcana
2627 4145 2896 4206 foramine
2921 4149 3109 4206 stricta

1725 4233 1874 4293 Gens
1899 4236 2059 4309 repit,
2089 4237 2217 4295 tuba
2242 4239 2398 4312 signa
2424 4239 2573 4296 dedit
2596 4239 2911 4298 tristissima
2940 4242 3102 4298 victo.

1727 4322 2009 4386 Ut'videre
2038 4332 2156 4390 suis
2190 4332 2376 4391 hostes
2404 4334 2459 4390 in
2495 4335 2774 4393 moenibus
2800 4336 2911 4407 isti,

1726 4419 1833 4488 Qui
1854 4439 2020 4495 super
2042 4425 2320 4494 astabant,
2342 4442 2442 4483 nec
2465 4427 2547 4486 eis
2559 4428 2677 4500 jam
2706 4446 2869 4503 posse
2892 4432 3098 4499 resisti,

1654 4520 1695 4581 Β
1727 4512 1831 4570 Per
1858 4531 2046 4572 muros
2074 4531 2303 4588 rapuere
2331 4517 2541 4590 fugam,
2565 4520 2877 4594 clypeisque
2901 4523 3141 4596 rejectis,

1726 4604 2044 4678 Mcrguntur
2072 4606 2255 4665 subito
2290 4608 2522 4667 diversis
2545 4613 2762 4685 agmina
2793 4614 2971 4671 tectis.

1724 4695 1861 4754 Pars
1884 4698 2004 4755 solo
2032 4706 2240 4755 terrore
2259 4701 2419 4771 perit,
2444 4701 2696 4776 plebique
2717 4705 2931 4760 cadenti

1725 4787 1873 4846 Mors
1896 4788 2092 4863 ignava
2123 4792 2293 4861 venit,
2322 4808 2434 4850 non
2455 4809 2587 4851 ense
2616 4804 2806 4852 vocata
2832 4796 3048 4857 rubenti
3067 4844 3087 4864 ι

1726 4879 1961 4940 Maxima
1982 4884 2140 4940 turba
2170 4885 2311 4957 perit
2330 4886 2644 4945 venientum
2677 4888 2903 4946 turbine.
2910 4890 3091 4963 pulsa,

1728 4971 1900 5031 Muris
1928 4975 2036 5033 lixa
2063 4977 2262 5034 rubent
2283 4977 2617 5036 miserorum
2646 4980 2890 5036 membra
2923 4982 3159 5040 revulsa.

1728 5063 1890 5123 Urbis
1919 5067 1989 5123 ad
2008 5068 2255 5127 excelsas
2281 5077 2461 5127 turres
2488 5069 2561 5128 ita
2585 5070 2717 5126 dum
2750 5081 3095 5143 properatur,

1726 5155 1969 5215 Diversis
1989 5175 2142 5216 mors
2173 5176 2281 5216 una
2303 5161 2481 5220 modis
2511 5163 2611 5219 hos
2634 5163 3014 5236 depopulatur.

1729 5250 1931 5323 Vesper
1956 5262 2079 5309 erat
2096 5255 2299 5311 nostris
2322 5256 2506 5315 minus
2529 5257 2623 5313 illo
2650 5268 2891 5330 tempore
2922 5244 3135 5334 gratus,

1722 5343 2063 5417 Paganisque
2086 5345 2233 5402 dedit
2251 5346 2488 5407 latebras
2513 5350 2745 5406 nimium
2768 5362 3113 5424 properatus,

1723 5435 1948 5493 Noctem
1974 5452 2075 5508 pro
2098 5437 2251 5494 lucro
2279 5454 2471 5510 plenas
2500 5440 2555 5495 in
2586 5442 2709 5499 luce
2734 5443 2984 5513 daturus,

1720 5527 1876 5585 Cinis
1903 5528 2090 5595 habet,
2115 5529 2396 5602 multoque
2431 5531 2591 5587 rubet
2615 5532 2729 5604 jam
2764 5535 3033 5607 sanguine
3057 5552 3271 5596 murus.

1721 5621 1789 5676 Et
1806 5621 1935 5676 dum
1956 5621 2076 5677 laeta
2108 5619 2305 5677 sollers
2336 5622 2523 5678 urbem
2550 5625 2667 5681 sine
2693 5626 2908 5683 vindice
2933 5637 3131 5695 vastat,

1722 5711 1803 5768 Ad
1829 5712 2060 5769 miseras
2087 5720 2267 5770 turres
2295 5713 2512 5786 gentilis
2541 5716 2774 5788 pallidus
2800 5728 2962 5775 astat.

1725 5803 1878 5862 'l‘nnc
1910 5806 2122 5863 monuit
2151 5804 2491 5864 Boimnndus
2516 5824 2609 5866 cos
2633 5810 2946 5879 lmel'prt'lls
2975 5828 3105 5883 ure,
