3850 6310
495 346 604 404 983
1076 345 1169 400 AD
1209 339 1658 404 GODEFRIDUM
1695 342 1988 401 APPEND.
2032 343 2097 401 11.
2137 377 2206 386 -
2240 345 2512 404 NONUM.
2551 348 2640 404 DE
2676 349 2901 407 BELLO
2940 347 3169 413 SACRO
3632 352 3706 410 98l

493 463 567 522 Ut
593 478 692 521 sua
722 462 956 518 lenirent
981 461 1124 518 mala
1144 462 1378 518 consilio
1399 461 1646 528 meliore,
2114 466 2162 525 Α
2195 461 2261 517 Et
2287 461 2524 519 Marram
2548 463 2763 534 populis
2789 465 3078 520 minimum
3107 465 3223 535 jam
3265 463 3483 519 reddere
3503 474 3682 535 “ctum,

491 557 560 613 Et
582 557 816 614 subeant
836 565 1044 612 turrem
1075 569 1198 626 quae
1225 552 1479 624 praesidet
1505 553 1675 608 ardua
1704 561 1906 623 portae,
2190 555 2320 612 Plus
2345 555 2471 611 fidei
2497 557 2634 612 fisus
2654 573 2821 627 quam
2849 557 3081 624 viribus,
3105 556 3294 612 omnia
3314 553 3524 612 Christo

491 651 606 707 Hos
637 649 894 722 equidem
925 655 1068 720 teget
1088 646 1144 702 in
1171 647 1372 703 misera
1405 661 1504 702 sua
1526 645 1750 702 dextera
1775 655 1977 702 morte.
2189 647 2522 716 Committit,
2546 648 2750 720 fatique
2773 650 2920 706 vices
2949 651 3090 707 duce
3113 664 3226 705 non
3249 648 3405 704 timet
3435 648 3552 704 isto.

495 741 772 798 Victorem
796 741 1115 810 victumque
1145 736 1276 793 facit
1309 753 1418 792 nox
1439 735 1820 807 irrequietum.
2192 739 2346 796 Tunc
2371 742 2600 812 pedibus
2627 741 2810 808 nudis,
2841 742 3002 797 solito
3039 750 3294 798 cessante
3319 748 3524 810 paratu,

498 834 652 890 Victa
677 834 821 905 rapit
841 833 1039 898 vietor,
1066 831 1212 885 videt
1248 829 1340 884 hic
1364 844 1656 884 accurrere
1677 829 1906 885 lethum.
2192 831 2480 903 Egreditur
2500 833 2737 889 Mar-ram
2760 850 2886 889 cum
2908 834 3122 905 plebeio
3141 833 3426 890 comitatu.

491 927 724 998 Jamque
749 927 892 982 diem
923 925 1212 994 luctusque
1239 936 1413 976 novos
1438 937 1639 977 aurora
1661 922 1910 989 vocabat,
2192 925 2460 992 Qmelibet
2492 927 2622 982 huic
2652 928 2856 998 populo
2878 943 3104 984 cessura
3127 927 3374 998 pericula
3402 925 3559 996 iurat.

495 1020 703 1076 Vicina:
725 1018 888 1073 morti
915 1033 974 1074 se
995 1015 1134 1073 civis
1160 1017 1215 1071 in
1247 1015 1385 1070 urbe
1412 1016 1659 1086 parabat.
2192 1015 2304 1074 Nec
2327 1033 2520 1074 secura
2548 1018 2682 1074 fides
2717 1034 2906 1089 regum
2931 1019 3210 1074 consortia
3237 1025 3416 1072 curat.

494 1110 838 1167 Christicolae
863 1109 1140 1180 stringunt
1164 1123 1346 1174 enses,
1369 1117 1424 1163 et
1460 1116 1601 1163 tecta
1625 1107 1870 1163 cruentis
2195 1109 2400 1168 Cedere
2427 1113 2761 1184 pauperibus
2786 1111 2943 1169 fortis
2971 1121 3127 1183 putat
3145 1111 3240 1166 ille
3263 1110 3457 1176 fidelis,

493 1201 831 1272 Corporibus
852 1201 1162 1272 complent,
1189 1200 1489 1272 populique
1525 1215 1723 1257 cruore
1747 1200 2015 1258 cadentis.
2196 1201 2373 1257 Audet
2407 1211 2461 1258 et
2484 1203 2601 1273 ipse
2634 1212 2810 1259 ratem
2838 1203 3035 1259 laceris
3055 1202 3400 1260 committere
3427 1200 3570 1256 velis.

498 1293 599 1351 llic
629 1295 796 1351 etiam
817 1293 1042 1351 virtutis
1066 1309 1208 1365 opus
1233 1293 1428 1366 gladiis
1451 1293 1642 1360 iniere,
2198 1292 2359 1351 Plebs
2379 1309 2638 1367 aggressa
2663 1295 2808 1351 viam
2837 1304 3060 1365 propter
3087 1294 3301 1365 jejunia
3324 1291 3497 1359 tarda,

491 1383 734 1456 Corpore
763 1385 860 1456 qui
892 1385 1043 1441 tenui
1071 1387 1215 1441 vires
1235 1385 1482 1441 modicas
1507 1385 1768 1441 habuere.
2200 1385 2268 1441 Et
2287 1387 2516 1444 comites
2541 1387 2762 1444 comitis
2787 1386 3027 1458 primum
3058 1401 3257 1443 venere
3275 1385 3573 1456 Capharda.

495 1476 745 1549 Dantque
773 1493 936 1534 senes
963 1477 1302 1534 decollandis
1322 1494 1539 1549 prenam
1574 1479 1882 1550 graviorem
2199 1476 2408 1534 Consul
2447 1477 2893 1549 Nortbmannus,
2929 1477 3542 1544 Northmannorumque
3576 1479 3708 1535 cultor

493 1569 670 1637 Quam
695 1571 961 1640 juvenes;
993 1571 1249 1642 producit
1274 1572 1422 1628 enim
1453 1571 1536 1627 vis
1558 1587 1725 1642 parva
1752 1572 2020 1628 dolorem.
3573 1570 3677 1644 lies,

495 1659 563 1714 Et
584 1660 750 1715 veluti
777 1661 1066 1716 minimum
1088 1662 1399 1732 potuissent
1418 1677 1540 1718 esse
1565 1677 1766 1718 nocere
2203 1660 2354 1728 Quos
2377 1662 2553 1719 reddit
2579 1678 2680 1720 sua
2707 1673 2853 1720 terra
2882 1664 3091 1736 pigros,
3123 1663 3406 1735 incognita
3433 1662 3606 1732 fortes,

496 1750 768 1822 Tempora
795 1752 1165 1824 quorumdam
1196 1754 1406 1825 laqueis
1434 1754 1513 1810 sic
1542 1753 1882 1826 implicuere.
2129 1817 2163 1826 Δγ
2203 1751 2302 1808 Hic
2336 1754 2541 1810 animis
2562 1763 2618 1811 et
2653 1754 2978 1826 corporibus
3006 1755 3212 1810 nostris
3240 1753 3534 1810 sociantur.

497 1843 571 1900 Ut
598 1817 854 1916 laqueum
875 1846 1107 1903 baculus
1131 1817 1487 1920 constringat,
1514 1857 1568 1904 et
1599 1817 1859 1904 interiora
2127 1817 2172 1880 Β
2201 1843 2278 1900 De
2311 1845 2437 1902 fidei
2464 1847 2580 1902 zelo
2605 1817 3008 1918 mala-quaeque
3032 1847 3222 1903 subire
3249 1857 3547 1904 morantur.
3627 1895 3631 1898 .

497 1936 747 1994 Perforet
772 1954 900 1995 ossa
924 1940 1108 2010 rigens
1129 1939 1300 2010 funis,
1328 1956 1493 1997 cruor
1521 1941 1747 2012 impleat
1769 1942 1932 2007 intra,
2201 1935 2316 1992 Rex
2337 1953 2558 2009 quoque
2578 1937 2844 1995 Caesareae
2879 1938 3086 1996 nostris
3108 1939 3400 2010 pratendit
3419 1955 3654 2007 amorem,

498 2028 656 2086 Tune
680 2030 878 2088 educta
911 2032 1030 2087 suis
1059 2033 1352 2088 exstabant
1374 2032 1600 2088 orbibus
1627 2033 1826 2090 horum
2201 2028 2268 2084 Et
2293 2031 2476 2102 specie
2499 2032 2654 2102 pacis
2679 2032 2823 2088 male
2845 2033 3034 2103 palliat
3055 2033 3146 2089 ille
3169 2033 3450 2089 timorem.

500 2122 759 2190 Lumina,
787 2123 1027 2180 fiedabat
1059 2125 1242 2180 sanies
1265 2125 1464 2180 barbas
1492 2125 1846 2181 miserorum.
2202 2121 2446 2194 Denique
2480 2123 2788 2180 Caesaream
2819 2125 2962 2181 serie
2993 2127 3207 2181 firmata
3237 2126 3508 2181 malorum

500 2215 653 2271 Talia
680 2217 915 2287 fingebat
936 2217 1057 2271 auri
1079 2217 1203 2273 sitis
1217 2217 1528 2273 eﬂ‘odiendi.
2203 2211 2384 2269 Turba
2410 2214 2562 2284 petit,
2587 2214 2718 2284 quia
2756 2215 2917 2286 longa
2951 2217 3109 2287 quies
3136 2217 3294 2272 labor
3312 2226 3459 2272 esset
3483 2231 3665 2273 eorum.

499 2307 636 2363 Nam
668 2308 802 2379 quid
828 2323 938 2364 non
969 2310 1160 2366 suadet
1189 2325 1346 2365 amor
1375 2310 1773 2369 immoderatus
1803 2312 2073 2368 habendi?
2201 2309 2515 2380 lnseditque
2540 2326 2709 2380 super
2735 2310 2960 2367 fluvium
2993 2311 3204 2378 Farfar,
3235 2313 3366 2382 quia
3396 2312 3498 2368 tale

501 2399 725 2458 Viscera
750 2411 926 2458 morte
955 2403 1106 2474 gravi
1131 2402 1245 2474 jam
1274 2402 1469 2475 frigida
1491 2404 1682 2460 dextra
1711 2413 1938 2461 cruenta
2202 2400 2413 2458 Nomen
2446 2403 2609 2459 habet
2631 2404 2836 2460 flumen
2865 2404 2993 2460 huic
3016 2405 3138 2459 urbi
3173 2405 3506 2460 collaterale.

501 2493 734 2561 Scindit,
758 2504 813 2550 et
839 2510 906 2551 ex
939 2495 1072 2566 ipsis
1102 2511 1300 2551 manus
1328 2497 1512 2552 haurit
1542 2512 1706 2552 avara
1729 2498 1956 2556 talenta.
2205 2495 2276 2552 Ut
2301 2497 2476 2553 muris
2498 2497 2718 2552 admota
2741 2497 2907 2553 nimis
2929 2497 3167 2552 tentoria
3197 2497 3332 2553 vidit

498 2587 598 2641 Ast
623 2586 760 2642 alios
783 2602 1005 2642 servare
1038 2587 1197 2643 ducis
1225 2604 1366 2659 quos
1395 2604 1528 2643 cura
1554 2588 1790 2655 volebat,
2205 2589 2319 2646 Rex
2353 2589 2527 2656 urbis,
2551 2591 2726 2645 vetuit
2757 2590 3110 2656 commercia,
3145 2599 3302 2660 pacta
3335 2589 3539 2645 recidit.

463 2677 466 2680 ’
501 2677 860 2734 lrrevocabile
880 2679 1077 2751 vulgus
1099 2681 1166 2734 ad
1192 2679 1361 2750 impia
1387 2679 1496 2735 fata
1522 2680 1792 2736 trahebat.
2205 2681 2374 2738 Nocte
2393 2683 2487 2738 sed
2509 2691 2722 2752 exacta,
2745 2681 2947 2752 populo
2970 2682 3086 2753 jam
3108 2682 3510 2753 progrediente,

500 2769 614 2825 lma
640 2786 800 2826 senes
835 2772 983 2827 erebi
1009 2781 1280 2842 repetunt,
1311 2772 1626 2828 venduntur
1657 2773 1874 2843 ephebi.
2206 2773 2304 2831 llis
2336 2781 2698 2829 occurrerunt
2720 2773 2831 2828 duo
2854 2771 3042 2836 Turci,
3067 2771 3461 2842 regejubente,

505 2862 745 2919 Detinuit
771 2873 994 2920 nostros
1029 2866 1086 2920 in
1119 2865 1320 2920 finibus
1351 2866 1437 2922 his
1463 2881 1619 2921 mora
1644 2866 1870 2921 mensis.
2207 2865 2469 2922 Hostibus
2489 2865 2841 2936 obsequium,
2875 2865 3001 2921 licet
3027 2865 3238 2932 hostes,
3264 2865 3635 2920 exhibuerunt.

502 2953 752 3011 Mortuus
773 2956 979 3012 interea
1010 2957 1209 3026 praesul
1241 2955 1346 3012 fuit
1367 2958 1457 3013 hic
1477 2955 1745 3013 Oriensis.
2208 2958 2274 3014 Et
2297 2959 2434 3014 vada
2465 2973 2605 3029 quos
2629 2959 2836 3014 nollent
2857 2958 3088 3013 evadere
3109 2958 3546 3028 pranloeueruut.

501 3044 702 3102 Nostra
729 3048 931 3103 cohors
959 3049 1151 3118 paucis
1177 3048 1487 3105 consumsit
1521 3049 1692 3104 multa
1723 3048 1917 3104 diebus
1943 3067 1957 3102 :
2210 3048 2372 3104 Venit
2390 3058 2445 3104 et
2479 3049 2546 3104 ad
2574 3048 2775 3104 vallem
2799 3049 3096 3119 quamdam
3135 3063 3270 3119 gens
3292 3057 3485 3104 nostra
3507 3047 3711 3102 duorum

502 3138 686 3197 Nescit
706 3141 852 3196 enim
881 3141 1051 3212 partis
1077 3141 1306 3198 victoria
1327 3157 1553 3212 parcere
1578 3142 1764 3198 rebus.
2137 3203 2172 3213 __
2207 3143 2517 3210 Conductu,
2541 3142 2796 3213 cepitque
2819 3142 2986 3197 boves
3011 3141 3160 3211 (115)
3181 3149 3239 3196 et
3259 3156 3530 3211 equorum

503 3231 619 3289 lllic
638 3249 768 3304 ergo
791 3203 990 3290 famem
1017 3249 1152 3305 gens
1173 3203 1395 3304 pertulit
1426 3233 1844 3288 immoderatam
1862 3271 1878 3298 ,
2120 3203 2174 3285 .C
2204 3231 2450 3288 Praedam
2471 3249 2486 3298 ;
2504 3203 2721 3302 nempe
2739 3231 2907 3286 boves
2932 3238 2988 3286 et
3009 3203 3257 3301 equi'per
3282 3203 3532 3300 gramina
3552 3227 3648 3283 late

504 3325 570 3380 Et
605 3335 966 3398 susceperunt
997 3337 1228 3383 mortem
1257 3327 1502 3397 plerique
1524 3335 1800 3392 vocatam,
2204 3324 2360 3381 Ibant
2380 3324 2659 3397 graminea
2691 3324 2991 3396 gaudentes
3013 3322 3318 3378 fertilitate.

507 3417 573 3473 Et
599 3420 728 3490 quia
753 3435 861 3475 non
891 3421 1084 3476 habuit
1108 3421 1348 3492 populus
1383 3421 1530 3490 quod
1555 3421 1759 3476 habere
1789 3419 2008 3484 licebat,
2207 3415 2387 3488 thue
2417 3415 2603 3472 ferunt
2621 3416 2826 3488 quibus
2848 3415 2941 3470 illa
2970 3413 3072 3470 fuit
3093 3414 3362 3485 praedatio
3399 3421 3570 3476 tenta,

511 3511 708 3567 Tendit
727 3511 785 3567 in
809 3512 1079 3580 illicitum,
1108 3513 1240 3569 facit
1268 3514 1376 3570 hoc
1401 3514 1547 3584 quod
1565 3513 1658 3584 jus
1677 3513 2024 3585 prohibebat.
2207 3508 2652 3580 Deprazdatorum
2681 3517 2810 3564 sunt
2839 3507 3011 3563 millia
3041 3507 3288 3578 quinque
3311 3517 3547 3576 reperta.

504 3601 650 3657 Proh
680 3602 866 3658 dolor!
900 3603 1006 3659 heu
1036 3602 1286 3660 facinus!
1324 3604 1566 3660 verubus
1597 3620 1832 3676 posuere
1854 3614 2103 3661 recentes
2205 3603 2417 3674 Aggere
2444 3601 2717 3656 munitum
2745 3599 2897 3667 forti,
2934 3615 3207 3669 muroque
3237 3598 3504 3667 rotundo,

508 3693 816 3751 Turcorum
848 3711 1066 3764 carnes,
1100 3697 1344 3752 lacerant
1376 3696 1643 3753 cadavera
1673 3696 1884 3753 dentes.
2207 3695 2400 3752 Stabat
2431 3695 2504 3751 ibi
2533 3703 2804 3760 castrum,
2827 3693 2921 3749 sed
2953 3692 3201 3749 redditur
3228 3693 3336 3748 hoc
3363 3690 3696 3763 Raymundo.

508 3809 796 3886 Discordig
831 3813 970 3866 inter
1004 3811 1456 3886 Boamundnmget
1477 3813 1743 3886 comitem
1768 3811 1826 3867 S.
1859 3811 2094 3881 ASgidii.
2205 3787 2469 3886 9059‘?“
2492 3787 2548 3842 in
2580 3785 2897 3886 ηἶῗξξίίδρθν
2929 3784 3174 3886 (Ψίηξῖυῗ
3195 3784 3316 3839 dies
3347 3784 3614 3839 hamum

747 3881 954 3936 Fausta
987 3887 1165 3936 omnia
1188 3882 1516 3938 Christianis
1554 3883 1863 3937 succedunt.
1937 3875 1961 3881 ”
2205 3879 2440 3946 Profuit,
2477 3888 2532 3934 ct
2555 3878 2748 3948 spoliis
2777 3877 3026 3947 jumenta
3053 3875 3196 3961 dativ
3234 3890 3496 3930 onerare.

509 3973 666 4030 Tunc
691 3984 1070 4045 perscrutatur
1093 3975 1385 4032 Boimundi
1423 3991 1591 4032 causa
1623 3976 1868 4032 secundo
2208 3967 2364 4024 Tunc
2393 3984 2527 4040 gens
2553 3968 2645 4022 illa
2674 3965 2781 4021 fide
2813 3966 2993 4021 [irruat
3017 3981 3076 4021 se
3104 3963 3286 4021 foedus
3316 3964 3523 4020 habere

508 4067 620 4124 Nec
650 4069 972 4124 roncordari
1003 4071 1179 4139 potuit
1207 4069 1319 4124 dux
1344 4085 1469 4124 cum
1495 4068 1843 4142 Raymundo,
2206 4061 2539 4132 Perpetuum
2561 4076 2688 4116 eum
2719 4057 3085 4126 Christicolis,
3114 4058 3362 4129 nullique
3403 4073 3624 4114 nocere.

511 4165 714 4234 Regem
736 4179 846 4222 non
879 4164 1045 4234 recipi
1073 4163 1768 4236 Constantiacpolitanum,
2207 4153 2326 4209 Non
2348 4164 2530 4209 tamen
2562 4153 2692 4208 huic
2717 4151 2842 4208 fidei
2870 4150 3010 4207 foret
3044 4152 3154 4206 ulla
3183 4151 3320 4207 fides
3344 4151 3675 4215 adhibenda,

511 4255 626 4311 Nec
655 4256 788 4312 dare
811 4256 1079 4327 iuratum,
1103 4271 1290 4312 comes
1317 4255 1514 4311 asserit
1538 4271 1658 4310 esse
1680 4251 1991 4326 profanum.
2206 4243 2318 4301 Nec
2340 4244 2476 4300 levis
2499 4244 2716 4300 illorum
2748 4243 3042 4314 promissio
3075 4243 3450 4313 suscipienda.

512 4349 656 4422 Ergo
685 4350 787 4404 vite
813 4365 1003 4405 curam
1031 4335 1231 4406 saneta
1259 4348 1418 4404 ducis
1445 4348 1526 4402 ira
1549 4347 1762 4418 rejecit,
2207 4339 2341 4394 Post
2373 4338 2615 4394 Arabum
2642 4342 2847 4408 petitur
2869 4344 3136 4402 castrum,
3168 4336 3318 4406 quod
3344 4351 3472 4390 mox
3508 4335 3753 4405 aperitur.

512 4441 598 4498 Ira
619 4441 837 4508 ducem,
871 4441 981 4497 dux
1012 4459 1207 4514 agmen
1229 4443 1332 4498 ίιει-
1360 4449 1692 4513 postponere
1715 4439 1864 4495 fecit.
2207 4431 2506 4486 Proximus
2524 4432 2624 4486 hos
2652 4430 2808 4485 labor
2834 4430 2902 4484 ad
2931 4429 3128 4484 vallem
3167 4428 3426 4498 perduxit
3448 4443 3741 4491 ammnatu,

513 4533 609 4590 Ille
630 4534 850 4605 quidem
882 4550 1004 4590 cum
1029 4534 1367 4605 principibus
1404 4533 1658 4603 repetivit
1684 4541 1866 4586 amata
2138 4577 2182 4632 Β
2209 4524 2505 4632 {rudibus
2525 4522 2832 4626 innumeris
2868 4521 3088 4632 hiemali
3115 4529 3363 4632 tempore
3390 4520 3638 4632 plenam.

514 4626 737 4692 Moenia,
770 4626 1034 4697 plebsque
1067 4626 1213 4681 dolet
1239 4625 1407 4681 tantis
1435 4624 1686 4695 patribus
1717 4624 1956 4679 viduata.
2138 4612 2182 4632 ”
2211 4616 2354 4673 Urbs
2375 4616 2449 4670 ibi
2474 4625 2628 4686 grata
2659 4615 2767 4670 situ
2794 4622 2979 4668 manet
3006 4615 3117 4669 alto
3152 4612 3438 4684 splendida
3484 4630 3670 4679 nium,

514 4716 622 4774 Sed
646 4731 832 4773 eomes
859 4717 1062 4789 Aigidii
1095 4717 1280 4773 Sancti
1319 4724 1505 4770 manet
1539 4715 1892 4786 irrcquietus,
2209 4708 2344 4776 Quae
2370 4708 2528 4778 quasi
2555 4722 2772 4778 gemma
2803 4705 2992 4771 micat,
3032 4721 3169 4760 auro
3195 4705 3550 4760 circumdata
3583 4721 3730 4776 puro.

512 4810 728 4866 Anxius
757 4811 812 4865 in
844 4811 1056 4877 multis,
1079 4825 1338 4864 curarum
1369 4807 1512 4864 mole
1537 4808 1797 4878 repletus.
2209 4800 2393 4857 lncola
2414 4799 2733 4870 Caphaliam
2760 4807 2920 4853 vocat
2941 4798 3082 4852 hanc
3103 4797 3196 4867 qui
3235 4805 3370 4852 tunc
3394 4796 3671 4868 fugiebat,

520 4903 604 4958 Sit
629 4905 794 4960 modo
817 4905 966 4958 salva
998 4902 1152 4969 fides,
1191 4903 1370 4973 placet
1392 4909 1453 4956 ut
1477 4901 1770 4957 descendat
1791 4902 1858 4958 ad
1889 4903 1998 4957 ima
2210 4893 2428 4948 Ccrlius
2458 4900 2520 4947 ut
2539 4891 2677 4946 Vidit
2699 4907 2841 4961 quos
2861 4891 2976 4961 jam
3012 4905 3234 4944 rumore
3253 4888 3504 4957 Videbat,

517 4995 808 5062 Quaelibet,
838 5003 893 5050 et
922 5009 1213 5065 procerum
1242 5003 1550 5050 summetur
1572 5009 1659 5050 res
1680 5010 1742 5050 ea
1774 4994 1926 5063 lima,
2210 4988 2436 5044 Civibus
2455 4985 2694 5059 egressis
2713 4985 2950 5039 victores
2973 4979 3376 5052 ingrediuntur,

517 5085 907 5156 Mandavitque
933 5085 1069 5140 viris
1091 5084 1412 5142 absentibus
1439 5095 1498 5140 ιιι
1525 5085 1818 5158 Rugiosam
2215 5078 2350 5134 Tres
2370 5088 2426 5133 et
2453 5079 2506 5132 in
2530 5076 2664 5131 urbe
2686 5075 2806 5130 dies
2830 5071 3124 5141 complent,
3147 5069 3466 5140 opibusque
3499 5070 3766 5128 fruuntur.

515 5176 667 5232 Juris
687 5193 876 5232 amore
901 5185 1114 5248 petant,
1143 5192 1259 5232 rem
1294 5177 1593 5234 discutiant
1620 5180 1889 5235 odiosam.

2215 5169 2438 5223 i‘lostiea
2466 5183 2601 5237 gens
2629 5166 2836 5220 haerere
2857 5163 2972 5226 diu,
2998 5169 3215 5215 montes
3241 5161 3539 5230 superavit

513 5267 886 5332 Conveniunt,
919 5284 1031 5322 rem
1061 5269 1384 5337 discutiunt,
1417 5270 1510 5326 sed
1534 5270 1686 5327 fraus
1711 5271 1784 5327 ibi
1808 5272 1928 5328 dira

2215 5259 2540 5325 lmmensos,
2573 5259 2626 5311 in
2655 5257 2794 5311 valle
2826 5254 3019 5309 Descm
3051 5268 3151 5308 sua
3171 5261 3357 5306 castra
3380 5252 3614 5308 locavit.

517 5356 796 5412 Dmmonis
818 5359 1034 5428 insedit,
1065 5378 1166 5416 nec
1187 5361 1348 5416 ﬁnem
1383 5365 1616 5434 τερρειιίι
1651 5381 1752 5423 ες),
2215 5351 2315 5405 Hie
2340 5366 2560 5421 quoque
2591 5351 2740 5420 larga
2765 5347 2858 5403 Dei
2886 5347 3061 5418 pietas
3090 5345 3240 5400 dedit
3263 5344 3395 5399 huic
3423 5346 3577 5400 aciei

519 5449 678 5505 Tunc
699 5450 932 5506 Man-am
964 5455 1117 5525 ρριίίι
1139 5472 1322 5513 comes
1343 5458 1680 5529 exspectatio
1707 5458 1899 5524 ιυιιικη,
2214 5442 2469 5506 Fructus,
2497 5440 2854 5505 frumentum,
2879 5438 2965 5492 vel
2988 5436 3266 5491 sufﬁciens
3295 5435 3662 5492 alimentum.

517 5542 860 5616 Collegitque
885 5563 983 5622 sua
1009 5550 1235 5606 comites
1259 5550 1602 5606 Boimundus
1633 5552 1685 5606 in
1720 5551 1873 5606 urbe.
2215 5534 2318 5589 διτά
2353 5550 2475 5603 (lum
2499 5533 2830 5603 Ριόνθιιίυηῑ
2851 5531 2917 5586 ad
2939 5539 3128 5585 "0mm
3154 5529 3579 5599 despiciuntur-

518 5633 591 5692 Ut
620 5651 808 5694 comes
829 5656 859 5694 a
882 5643 1095 5698 cunctis
1117 5660 1175 5700 se
1197 5645 1467 5716 conspicit
1489 5661 1612 5700 esse
1635 5645 1905 5709 relictum,

2213 5626 2502 5683 interdicta
2530 5627 2765 5697 placent,
2805 5625 2978 5697 magis
3009 5623 3308 5680 interdicta
3337 5633 3663 5696 sequuntur

594 5816 744 5888 (“5)
778 5816 935 5876 Deest
963 5821 1050 5876 hic
1075 5839 1241 5876 umnn
1275 5823 1525 5877 verbum.
