  <div class='ocr_page' id='page_1' title='image "/cluster/home/n/w/nwhite01/storage/ocr_20150623/155/hvd.32044015473838/498.png"; bbox 0 0 3850 6310; ppageno 0'>
   <div class='ocr_carea' id='block_1_1' title="bbox 113 343 2456 416">
    <p class='ocr_par' dir='ltr' id='par_1_1' title="bbox 113 343 2456 416">
     <span class='ocr_line' id='line_1_1' title="bbox 113 343 2456 416; baseline -0 -10"><span class='ocrx_word' id='word_1_1' title='bbox 113 359 192 416; x_wconf 68' lang='lat'><strong>985</strong></span> <span class='ocrx_word' id='word_1_2' title='bbox 895 346 1169 406; x_wconf 80' lang='lat' dir='ltr'><strong>GILONIS</strong></span> <span class='ocrx_word' id='word_1_3' title='bbox 1206 345 1436 403; x_wconf 80' lang='lat' dir='ltr'><strong>PARlS.</strong></span> <span class='ocrx_word' id='word_1_4' title='bbox 1473 343 1652 402; x_wconf 82' lang='lat' dir='ltr'><strong>lliST.</strong></span> <span class='ocrx_word' id='word_1_5' title='bbox 1693 345 2059 404; x_wconf 81' lang='lat' dir='ltr'><strong>HIEROSOL.</strong></span> <span class='ocrx_word' id='word_1_6' title='bbox 2098 379 2167 390; x_wconf 89' lang='lat'><strong>——</strong></span> <span class='ocrx_word' id='word_1_7' title='bbox 2200 347 2328 404; x_wconf 70' lang='grc' dir='ltr'><strong>ΗΒ.</strong></span> <span class='ocrx_word' id='word_1_8' title='bbox 2369 346 2456 405; x_wconf 78' lang='lat' dir='ltr'><strong>Vl.</strong></span> 
     </span>
    </p>
   </div>
   <div class='ocr_carea' id='block_1_2' title="bbox 1650 461 3051 538">
    <p class='ocr_par' dir='ltr' id='par_1_2' title="bbox 1650 461 3051 538">
     <span class='ocr_line' id='line_1_2' title="bbox 1650 461 3051 538; baseline 0.002 -20"><span class='ocrx_word' id='word_1_9' title='bbox 1650 471 1698 528; x_wconf 76' lang='grc' dir='ltr'><strong>Α</strong></span> <span class='ocrx_word' id='word_1_10' title='bbox 1727 461 1800 518; x_wconf 83' lang='lat' dir='ltr'><strong>Ut</strong></span> <span class='ocrx_word' id='word_1_11' title='bbox 1834 465 2072 534; x_wconf 74' lang='lat' dir='ltr'><strong>praedam</strong></span> <span class='ocrx_word' id='word_1_12' title='bbox 2101 472 2380 536; x_wconf 76' lang='lat' dir='ltr'><strong>caperent,</strong></span> <span class='ocrx_word' id='word_1_13' title='bbox 2410 462 2802 536; x_wconf 72' lang='lat' dir='ltr'><strong>sexagintaque</strong></span> <span class='ocrx_word' id='word_1_14' title='bbox 2832 474 3051 538; x_wconf 88' lang='lat' dir='ltr'><strong>repente</strong></span> 
     </span>
    </p>
   </div>
   <div class='ocr_carea' id='block_1_3' title="bbox 109 463 1407 540">
    <p class='ocr_par' dir='ltr' id='par_1_3' title="bbox 109 463 1407 540">
     <span class='ocr_line' id='line_1_3' title="bbox 109 463 1407 540; baseline -0.009 -10"><span class='ocrx_word' id='word_1_15' title='bbox 109 475 159 530; x_wconf 73' lang='lat' dir='ltr'><strong>Et</strong></span> <span class='ocrx_word' id='word_1_16' title='bbox 178 483 378 528; x_wconf 82' lang='lat' dir='ltr'><strong>castrum</strong></span> <span class='ocrx_word' id='word_1_17' title='bbox 399 469 617 525; x_wconf 82' lang='lat' dir='ltr'><strong>confine</strong></span> <span class='ocrx_word' id='word_1_18' title='bbox 637 474 846 540; x_wconf 83' lang='lat' dir='ltr'><strong>petunt.</strong></span> <span class='ocrx_word' id='word_1_19' title='bbox 871 464 1022 521; x_wconf 89' lang='lat' dir='ltr'><strong>Tunc</strong></span> <span class='ocrx_word' id='word_1_20' title='bbox 1043 465 1219 522; x_wconf 87' lang='lat' dir='ltr'><strong>hostis</strong></span> <span class='ocrx_word' id='word_1_21' title='bbox 1235 463 1407 520; x_wconf 88' lang='lat' dir='ltr'><strong>hianti</strong></span> 
     </span>
    </p>
   </div>
   <div class='ocr_carea' id='block_1_4' title="bbox 106 558 1233 635">
    <p class='ocr_par' dir='ltr' id='par_1_4' title="bbox 106 558 1233 635">
     <span class='ocr_line' id='line_1_4' title="bbox 106 558 1233 635; baseline -0.006 -15"><span class='ocrx_word' id='word_1_22' title='bbox 106 564 296 635; x_wconf 67' lang='lat' dir='ltr'><strong>Proiecit</strong></span> <span class='ocrx_word' id='word_1_23' title='bbox 320 561 512 633; x_wconf 87' lang='lat' dir='ltr'><strong>populo</strong></span> <span class='ocrx_word' id='word_1_24' title='bbox 547 561 784 630; x_wconf 53' lang='grc' dir='ltr'><strong>νηδύες,</strong></span> <span class='ocrx_word' id='word_1_25' title='bbox 811 569 864 616; x_wconf 91' lang='lat' dir='ltr'><strong>et</strong></span> <span class='ocrx_word' id='word_1_26' title='bbox 889 573 979 613; x_wconf 73' lang='lat' dir='ltr'><strong>nes</strong></span> <span class='ocrx_word' id='word_1_27' title='bbox 1001 574 1066 614; x_wconf 88' lang='lat' dir='ltr'><strong>ea</strong></span> <span class='ocrx_word' id='word_1_28' title='bbox 1095 558 1233 615; x_wconf 87' lang='lat' dir='ltr'><strong>tanti</strong></span> 
     </span>
    </p>
   </div>
   <div class='ocr_carea' id='block_1_5' title="bbox 107 647 1318 710">
    <p class='ocr_par' dir='ltr' id='par_1_5' title="bbox 107 647 1318 710">
     <span class='ocr_line' id='line_1_5' title="bbox 107 647 1318 710; baseline -0.007 0"><span class='ocrx_word' id='word_1_29' title='bbox 107 654 282 710; x_wconf 74' lang='lat' dir='ltr'><strong>Exstitit</strong></span> <span class='ocrx_word' id='word_1_30' title='bbox 301 662 353 706; x_wconf 89' lang='lat' dir='ltr'><strong>ut</strong></span> <span class='ocrx_word' id='word_1_31' title='bbox 373 659 618 708; x_wconf 85' lang='lat' dir='ltr'><strong>castrum</strong></span> <span class='ocrx_word' id='word_1_32' title='bbox 643 649 873 705; x_wconf 87' lang='lat' dir='ltr'><strong>victores</strong></span> <span class='ocrx_word' id='word_1_33' title='bbox 898 647 1090 705; x_wconf 86' lang='lat' dir='ltr'><strong>fraude</strong></span> <span class='ocrx_word' id='word_1_34' title='bbox 1108 648 1318 705; x_wconf 81' lang='lat' dir='ltr'><strong>subacti</strong></span> 
     </span>
    </p>
   </div>
   <div class='ocr_carea' id='block_1_6' title="bbox 107 740 1442 814">
    <p class='ocr_par' dir='ltr' id='par_1_6' title="bbox 107 740 1442 814">
     <span class='ocr_line' id='line_1_6' title="bbox 107 740 1442 814; baseline -0.005 -12"><span class='ocrx_word' id='word_1_35' title='bbox 107 749 392 811; x_wconf 76' lang='lat' dir='ltr'><strong>Desererent,</strong></span> <span class='ocrx_word' id='word_1_36' title='bbox 420 743 625 799; x_wconf 85' lang='lat' dir='ltr'><strong>mentis</strong></span> <span class='ocrx_word' id='word_1_37' title='bbox 652 742 806 809; x_wconf 82' lang='lat' dir='ltr'><strong>vitio,</strong></span> <span class='ocrx_word' id='word_1_38' title='bbox 833 756 943 796; x_wconf 88' lang='lat' dir='ltr'><strong>non</strong></span> <span class='ocrx_word' id='word_1_39' title='bbox 979 755 1112 797; x_wconf 88' lang='lat' dir='ltr'><strong>ense</strong></span> <span class='ocrx_word' id='word_1_40' title='bbox 1139 740 1336 798; x_wconf 80' lang='lat' dir='ltr'><strong>coaeti.</strong></span> <span class='ocrx_word' id='word_1_41' title='bbox 1434 807 1442 814; x_wconf 22' lang='lat' dir='ltr'><strong>l</strong></span> 
     </span>
    </p>
   </div>
   <div class='ocr_carea' id='block_1_7' title="bbox 102 834 1340 908">
    <p class='ocr_par' dir='ltr' id='par_1_7' title="bbox 102 834 1340 908">
     <span class='ocr_line' id='line_1_7' title="bbox 102 834 1340 908; baseline -0.004 -14"><span class='ocrx_word' id='word_1_42' title='bbox 102 840 153 894; x_wconf 83' lang='lat' dir='ltr'><strong>Et</strong></span> <span class='ocrx_word' id='word_1_43' title='bbox 171 850 322 893; x_wconf 85' lang='lat' dir='ltr'><strong>tamen</strong></span> <span class='ocrx_word' id='word_1_44' title='bbox 347 837 581 908; x_wconf 72' lang='lat' dir='ltr'><strong>aggressi</strong></span> <span class='ocrx_word' id='word_1_45' title='bbox 615 836 893 893; x_wconf 75' lang='lat' dir='ltr'><strong>castellum</strong></span> <span class='ocrx_word' id='word_1_46' title='bbox 917 835 1038 890; x_wconf 85' lang='lat' dir='ltr'><strong>luce</strong></span> <span class='ocrx_word' id='word_1_47' title='bbox 1069 834 1340 905; x_wconf 73' lang='lat' dir='ltr'><strong>sequenti,</strong></span> 
     </span>
    </p>
   </div>
   <div class='ocr_carea' id='block_1_8' title="bbox 102 926 1298 1000">
    <p class='ocr_par' dir='ltr' id='par_1_8' title="bbox 102 926 1298 1000">
     <span class='ocr_line' id='line_1_8' title="bbox 102 926 1298 1000; baseline -0.003 -15"><span class='ocrx_word' id='word_1_48' title='bbox 102 926 348 986; x_wconf 78' lang='lat' dir='ltr'><strong>Defensore</strong></span> <span class='ocrx_word' id='word_1_49' title='bbox 368 945 466 986; x_wconf 92' lang='lat' dir='ltr'><strong>suo</strong></span> <span class='ocrx_word' id='word_1_50' title='bbox 497 944 735 986; x_wconf 87' lang='lat' dir='ltr'><strong>vacuum</strong></span> <span class='ocrx_word' id='word_1_51' title='bbox 769 936 915 1000; x_wconf 81' lang='lat' dir='ltr'><strong>patet</strong></span> <span class='ocrx_word' id='word_1_52' title='bbox 943 927 1298 999; x_wconf 82' lang='lat' dir='ltr'><strong>aggredienti.</strong></span> 
     </span>
    </p>
   </div>
   <div class='ocr_carea' id='block_1_9' title="bbox 98 1022 1336 1088">
    <p class='ocr_par' dir='ltr' id='par_1_9' title="bbox 98 1022 1336 1088">
     <span class='ocr_line' id='line_1_9' title="bbox 98 1022 1336 1088; baseline -0.002 -10"><span class='ocrx_word' id='word_1_53' title='bbox 98 1027 254 1078; x_wconf 89' lang='lat' dir='ltr'><strong>Annua</strong></span> <span class='ocrx_word' id='word_1_54' title='bbox 276 1022 410 1079; x_wconf 84' lang='lat' dir='ltr'><strong>festa</strong></span> <span class='ocrx_word' id='word_1_55' title='bbox 428 1022 522 1078; x_wconf 88' lang='lat' dir='ltr'><strong>Dei</strong></span> <span class='ocrx_word' id='word_1_56' title='bbox 546 1023 840 1080; x_wconf 86' lang='lat' dir='ltr'><strong>Genitricis</strong></span> <span class='ocrx_word' id='word_1_57' title='bbox 863 1023 942 1078; x_wconf 89' lang='lat' dir='ltr'><strong>ibi</strong></span> <span class='ocrx_word' id='word_1_58' title='bbox 968 1022 1336 1088; x_wconf 78' lang='lat' dir='ltr'><strong>celebrantur,</strong></span> 
     </span>
    </p>
   </div>
   <div class='ocr_carea' id='block_1_10' title="bbox 99 1115 1266 1188">
    <p class='ocr_par' dir='ltr' id='par_1_10' title="bbox 99 1115 1266 1188">
     <span class='ocr_line' id='line_1_10' title="bbox 99 1115 1266 1188; baseline 0 -18"><span class='ocrx_word' id='word_1_59' title='bbox 99 1117 196 1172; x_wconf 70' lang='lat' dir='ltr'><strong>llaec</strong></span> <span class='ocrx_word' id='word_1_60' title='bbox 216 1132 324 1187; x_wconf 69' lang='lat' dir='ltr'><strong>qure</strong></span> <span class='ocrx_word' id='word_1_61' title='bbox 341 1116 577 1174; x_wconf 83' lang='lat' dir='ltr'><strong>candelis</strong></span> <span class='ocrx_word' id='word_1_62' title='bbox 601 1117 892 1188; x_wconf 85' lang='lat' dir='ltr'><strong>specialius</strong></span> <span class='ocrx_word' id='word_1_63' title='bbox 910 1115 1266 1172; x_wconf 84' lang='lat' dir='ltr'><strong>irradiantur.</strong></span> 
     </span>
    </p>
   </div>
   <div class='ocr_carea' id='block_1_11' title="bbox 95 1206 1516 1274">
    <p class='ocr_par' dir='ltr' id='par_1_11' title="bbox 95 1206 1516 1274">
     <span class='ocr_line' id='line_1_11' title="bbox 95 1206 1516 1274; baseline 0 -11"><span class='ocrx_word' id='word_1_64' title='bbox 95 1210 276 1266; x_wconf 72' lang='lat' dir='ltr'><strong>Munera</strong></span> <span class='ocrx_word' id='word_1_65' title='bbox 293 1217 416 1265; x_wconf 90' lang='lat' dir='ltr'><strong>tunc</strong></span> <span class='ocrx_word' id='word_1_66' title='bbox 439 1209 674 1265; x_wconf 88' lang='lat' dir='ltr'><strong>ducibus</strong></span> <span class='ocrx_word' id='word_1_67' title='bbox 705 1209 996 1266; x_wconf 86' lang='lat' dir='ltr'><strong>mittuntur</strong></span> <span class='ocrx_word' id='word_1_68' title='bbox 1019 1208 1091 1264; x_wconf 88' lang='lat' dir='ltr'><strong>ab</strong></span> <span class='ocrx_word' id='word_1_69' title='bbox 1114 1207 1250 1263; x_wconf 83' lang='lat' dir='ltr'><strong>urbe</strong></span> <span class='ocrx_word' id='word_1_70' title='bbox 1272 1206 1516 1274; x_wconf 80' lang='lat' dir='ltr'><strong>Cameta,</strong></span> 
     </span>
    </p>
   </div>
   <div class='ocr_carea' id='block_1_12' title="bbox 95 1299 1282 1373">
    <p class='ocr_par' dir='ltr' id='par_1_12' title="bbox 95 1299 1282 1373">
     <span class='ocr_line' id='line_1_12' title="bbox 95 1299 1282 1373; baseline 0.001 -19"><span class='ocrx_word' id='word_1_71' title='bbox 95 1302 268 1356; x_wconf 84' lang='lat' dir='ltr'><strong>Aureus</strong></span> <span class='ocrx_word' id='word_1_72' title='bbox 286 1315 461 1368; x_wconf 83' lang='lat' dir='ltr'><strong>arcus,</strong></span> <span class='ocrx_word' id='word_1_73' title='bbox 484 1301 634 1373; x_wconf 84' lang='lat' dir='ltr'><strong>equi,</strong></span> <span class='ocrx_word' id='word_1_74' title='bbox 660 1310 860 1368; x_wconf 77' lang='lat' dir='ltr'><strong>vestes,</strong></span> <span class='ocrx_word' id='word_1_75' title='bbox 885 1311 944 1357; x_wconf 89' lang='lat' dir='ltr'><strong>et</strong></span> <span class='ocrx_word' id='word_1_76' title='bbox 970 1301 1153 1357; x_wconf 81' lang='lat' dir='ltr'><strong>lucida</strong></span> <span class='ocrx_word' id='word_1_77' title='bbox 1173 1299 1282 1356; x_wconf 88' lang='lat' dir='ltr'><strong>tela</strong></span> 
     </span>
    </p>
   </div>
   <div class='ocr_carea' id='block_1_13' title="bbox 91 1394 1196 1467">
    <p class='ocr_par' dir='ltr' id='par_1_13' title="bbox 91 1394 1196 1467">
     <span class='ocr_line' id='line_1_13' title="bbox 91 1394 1196 1467; baseline 0.003 -19"><span class='ocrx_word' id='word_1_78' title='bbox 91 1395 342 1466; x_wconf 80' lang='lat' dir='ltr'><strong>chatique</strong></span> <span class='ocrx_word' id='word_1_79' title='bbox 370 1395 458 1451; x_wconf 88' lang='lat' dir='ltr'><strong>sui</strong></span> <span class='ocrx_word' id='word_1_80' title='bbox 480 1395 624 1467; x_wconf 82' lang='lat' dir='ltr'><strong>regis</strong></span> <span class='ocrx_word' id='word_1_81' title='bbox 649 1395 908 1451; x_wconf 87' lang='lat' dir='ltr'><strong>mandata</strong></span> <span class='ocrx_word' id='word_1_82' title='bbox 935 1394 1196 1462; x_wconf 85' lang='lat' dir='ltr'><strong>ferentes,</strong></span> 
     </span>
    </p>
   </div>
   <div class='ocr_carea' id='block_1_14' title="bbox 91 1487 1360 1559">
    <p class='ocr_par' dir='ltr' id='par_1_14' title="bbox 91 1487 1360 1559">
     <span class='ocr_line' id='line_1_14' title="bbox 91 1487 1360 1559; baseline 0.002 -18"><span class='ocrx_word' id='word_1_83' title='bbox 91 1488 288 1542; x_wconf 75' lang='lat' dir='ltr'><strong>Ewrant</strong></span> <span class='ocrx_word' id='word_1_84' title='bbox 305 1502 522 1558; x_wconf 87' lang='lat' dir='ltr'><strong>pacem;</strong></span> <span class='ocrx_word' id='word_1_85' title='bbox 551 1502 696 1559; x_wconf 84' lang='lat' dir='ltr'><strong>quos</strong></span> <span class='ocrx_word' id='word_1_86' title='bbox 722 1487 1064 1544; x_wconf 67' lang='lat' dir='ltr'><strong>Christicolas</strong></span> <span class='ocrx_word' id='word_1_87' title='bbox 1085 1488 1360 1559; x_wconf 81' lang='lat' dir='ltr'><strong>sapientes</strong></span> 
     </span>
    </p>
   </div>
   <div class='ocr_carea' id='block_1_15' title="bbox 90 1578 1338 1646">
    <p class='ocr_par' dir='ltr' id='par_1_15' title="bbox 90 1578 1338 1646">
     <span class='ocr_line' id='line_1_15' title="bbox 90 1578 1338 1646; baseline 0.002 -13"><span class='ocrx_word' id='word_1_88' title='bbox 90 1579 290 1635; x_wconf 84' lang='lat' dir='ltr'><strong>Incertus</strong></span> <span class='ocrx_word' id='word_1_89' title='bbox 310 1578 534 1646; x_wconf 83' lang='lat' dir='ltr'><strong>faciunt,</strong></span> <span class='ocrx_word' id='word_1_90' title='bbox 560 1590 773 1636; x_wconf 87' lang='lat' dir='ltr'><strong>certum</strong></span> <span class='ocrx_word' id='word_1_91' title='bbox 807 1582 946 1637; x_wconf 86' lang='lat' dir='ltr'><strong>nihil</strong></span> <span class='ocrx_word' id='word_1_92' title='bbox 967 1582 1338 1638; x_wconf 86' lang='lat' dir='ltr'><strong>instituentes.</strong></span> 
     </span>
    </p>
   </div>
   <div class='ocr_carea' id='block_1_16' title="bbox 89 1671 1388 1743">
    <p class='ocr_par' dir='ltr' id='par_1_16' title="bbox 89 1671 1388 1743">
     <span class='ocr_line' id='line_1_16' title="bbox 89 1671 1388 1743; baseline 0.002 -18"><span class='ocrx_word' id='word_1_93' title='bbox 89 1671 177 1726; x_wconf 77' lang='lat' dir='ltr'><strong>Rex</strong></span> <span class='ocrx_word' id='word_1_94' title='bbox 201 1672 352 1728; x_wconf 85' lang='lat' dir='ltr'><strong>etiam</strong></span> <span class='ocrx_word' id='word_1_95' title='bbox 378 1671 616 1743; x_wconf 85' lang='lat' dir='ltr'><strong>Tripolis</strong></span> <span class='ocrx_word' id='word_1_96' title='bbox 636 1672 928 1730; x_wconf 88' lang='lat' dir='ltr'><strong>formidine</strong></span> <span class='ocrx_word' id='word_1_97' title='bbox 953 1679 1154 1741; x_wconf 83' lang='lat' dir='ltr'><strong>tactus,</strong></span> <span class='ocrx_word' id='word_1_98' title='bbox 1193 1683 1255 1729; x_wconf 93' lang='lat' dir='ltr'><strong>ut</strong></span> <span class='ocrx_word' id='word_1_99' title='bbox 1276 1674 1388 1740; x_wconf 76' lang='lat' dir='ltr'><strong>isti,</strong></span> 
     </span>
    </p>
   </div>
   <div class='ocr_carea' id='block_1_17' title="bbox 89 1765 1384 1840">
    <p class='ocr_par' dir='ltr' id='par_1_17' title="bbox 89 1765 1384 1840">
     <span class='ocr_line' id='line_1_17' title="bbox 89 1765 1384 1840; baseline 0.003 -21"><span class='ocrx_word' id='word_1_100' title='bbox 89 1765 264 1837; x_wconf 81' lang='lat' dir='ltr'><strong>Septem</strong></span> <span class='ocrx_word' id='word_1_101' title='bbox 287 1766 448 1821; x_wconf 88' lang='lat' dir='ltr'><strong>mittit</strong></span> <span class='ocrx_word' id='word_1_102' title='bbox 471 1782 646 1838; x_wconf 88' lang='lat' dir='ltr'><strong>equos</strong></span> <span class='ocrx_word' id='word_1_103' title='bbox 673 1777 728 1823; x_wconf 91' lang='lat' dir='ltr'><strong>et</strong></span> <span class='ocrx_word' id='word_1_104' title='bbox 754 1769 935 1824; x_wconf 90' lang='lat' dir='ltr'><strong>mulas</strong></span> <span class='ocrx_word' id='word_1_105' title='bbox 954 1777 1196 1840; x_wconf 85' lang='lat' dir='ltr'><strong>quatuor</strong></span> <span class='ocrx_word' id='word_1_106' title='bbox 1217 1767 1384 1824; x_wconf 85' lang='lat' dir='ltr'><strong>hosti.</strong></span> 
     </span>
    </p>
   </div>
   <div class='ocr_carea' id='block_1_18' title="bbox 85 1859 1474 1934">
    <p class='ocr_par' dir='ltr' id='par_1_18' title="bbox 85 1859 1474 1934">
     <span class='ocr_line' id='line_1_18' title="bbox 85 1859 1474 1934; baseline 0.003 -22"><span class='ocrx_word' id='word_1_107' title='bbox 85 1859 204 1914; x_wconf 88' lang='lat' dir='ltr'><strong>Dona</strong></span> <span class='ocrx_word' id='word_1_108' title='bbox 229 1859 386 1916; x_wconf 85' lang='lat' dir='ltr'><strong>duces</strong></span> <span class='ocrx_word' id='word_1_109' title='bbox 413 1861 659 1930; x_wconf 86' lang='lat' dir='ltr'><strong>capiunt.</strong></span> <span class='ocrx_word' id='word_1_110' title='bbox 691 1861 798 1918; x_wconf 89' lang='lat' dir='ltr'><strong>Sed</strong></span> <span class='ocrx_word' id='word_1_111' title='bbox 825 1863 944 1918; x_wconf 64' lang='lat' dir='ltr'><strong>haec</strong></span> <span class='ocrx_word' id='word_1_112' title='bbox 965 1863 1174 1919; x_wconf 87' lang='lat' dir='ltr'><strong>incerta</strong></span> <span class='ocrx_word' id='word_1_113' title='bbox 1199 1870 1474 1934; x_wconf 87' lang='lat' dir='ltr'><strong>suspecta.</strong></span> 
     </span>
    </p>
   </div>
   <div class='ocr_carea' id='block_1_19' title="bbox 81 1950 1332 2023">
    <p class='ocr_par' dir='ltr' id='par_1_19' title="bbox 81 1950 1332 2023">
     <span class='ocr_line' id='line_1_19' title="bbox 81 1950 1332 2023; baseline 0.002 -18"><span class='ocrx_word' id='word_1_114' title='bbox 81 1950 289 2022; x_wconf 81' lang='lat' dir='ltr'><strong>Cumque</strong></span> <span class='ocrx_word' id='word_1_115' title='bbox 307 1951 443 2008; x_wconf 87' lang='lat' dir='ltr'><strong>viris</strong></span> <span class='ocrx_word' id='word_1_116' title='bbox 474 1951 654 2008; x_wconf 71' lang='lat' dir='ltr'><strong>frndus</strong></span> <span class='ocrx_word' id='word_1_117' title='bbox 677 1953 971 2023; x_wconf 71' lang='lat' dir='ltr'><strong>quaesitum</strong></span> <span class='ocrx_word' id='word_1_118' title='bbox 1009 1969 1118 2009; x_wconf 88' lang='lat' dir='ltr'><strong>non</strong></span> <span class='ocrx_word' id='word_1_119' title='bbox 1140 1952 1332 2020; x_wconf 86' lang='lat' dir='ltr'><strong>iniere,</strong></span> 
     </span>
    </p>
   </div>
   <div class='ocr_carea' id='block_1_20' title="bbox 82 2042 1340 2114">
    <p class='ocr_par' dir='ltr' id='par_1_20' title="bbox 82 2042 1340 2114">
     <span class='ocr_line' id='line_1_20' title="bbox 82 2042 1340 2114; baseline 0.002 -18"><span class='ocrx_word' id='word_1_120' title='bbox 82 2042 502 2114; x_wconf 87' lang='lat' dir='ltr'><strong>Quindecimaque</strong></span> <span class='ocrx_word' id='word_1_121' title='bbox 529 2043 620 2099; x_wconf 86' lang='lat' dir='ltr'><strong>die</strong></span> <span class='ocrx_word' id='word_1_122' title='bbox 649 2044 935 2102; x_wconf 80' lang='lat' dir='ltr'><strong>castellum</strong></span> <span class='ocrx_word' id='word_1_123' title='bbox 961 2045 1340 2100; x_wconf 88' lang='lat' dir='ltr'><strong>deseruerunt.</strong></span> 
     </span>
    </p>
   </div>
   <div class='ocr_carea' id='block_1_21' title="bbox 82 2134 1444 2208">
    <p class='ocr_par' dir='ltr' id='par_1_21' title="bbox 82 2134 1444 2208">
     <span class='ocr_line' id='line_1_21' title="bbox 82 2134 1444 2208; baseline 0.003 -20"><span class='ocrx_word' id='word_1_124' title='bbox 82 2134 510 2206; x_wconf 84' lang='lat' dir='ltr'><strong>Quindecimaque</strong></span> <span class='ocrx_word' id='word_1_125' title='bbox 539 2136 630 2192; x_wconf 88' lang='lat' dir='ltr'><strong>die</strong></span> <span class='ocrx_word' id='word_1_126' title='bbox 662 2151 920 2208; x_wconf 85' lang='lat' dir='ltr'><strong>proceres</strong></span> <span class='ocrx_word' id='word_1_127' title='bbox 946 2136 1052 2192; x_wconf 87' lang='lat' dir='ltr'><strong>iter</strong></span> <span class='ocrx_word' id='word_1_128' title='bbox 1078 2137 1444 2208; x_wconf 84' lang='lat' dir='ltr'><strong>arripuerunt.</strong></span> 
     </span>
    </p>
   </div>
   <div class='ocr_carea' id='block_1_22' title="bbox 81 2226 1587 2300">
    <p class='ocr_par' dir='ltr' id='par_1_22' title="bbox 81 2226 1587 2300">
     <span class='ocr_line' id='line_1_22' title="bbox 81 2226 1587 2300; baseline 0.003 -20"><span class='ocrx_word' id='word_1_129' title='bbox 81 2226 180 2282; x_wconf 88' lang='lat' dir='ltr'><strong>Inde</strong></span> <span class='ocrx_word' id='word_1_130' title='bbox 199 2237 376 2297; x_wconf 84' lang='lat' dir='ltr'><strong>petunt</strong></span> <span class='ocrx_word' id='word_1_131' title='bbox 402 2229 637 2296; x_wconf 79' lang='lat' dir='ltr'><strong>Archas,</strong></span> <span class='ocrx_word' id='word_1_132' title='bbox 667 2239 911 2285; x_wconf 88' lang='lat' dir='ltr'><strong>castrum</strong></span> <span class='ocrx_word' id='word_1_133' title='bbox 949 2240 1106 2285; x_wconf 89' lang='lat' dir='ltr'><strong>vetus</strong></span> <span class='ocrx_word' id='word_1_134' title='bbox 1135 2229 1587 2300; x_wconf 74' lang='lat' dir='ltr'><strong>:equiparandum</strong></span> 
     </span>
    </p>
   </div>
   <div class='ocr_carea' id='block_1_23' title="bbox 83 2317 1495 2394">
    <p class='ocr_par' dir='ltr' id='par_1_23' title="bbox 83 2317 1495 2394">
     <span class='ocr_line' id='line_1_23' title="bbox 83 2317 1495 2394; baseline 0.002 -21"><span class='ocrx_word' id='word_1_135' title='bbox 83 2317 294 2386; x_wconf 79' lang='lat' dir='ltr'><strong>Urbibus,</strong></span> <span class='ocrx_word' id='word_1_136' title='bbox 317 2329 372 2376; x_wconf 91' lang='lat' dir='ltr'><strong>ct</strong></span> <span class='ocrx_word' id='word_1_137' title='bbox 391 2323 598 2391; x_wconf 89' lang='lat' dir='ltr'><strong>populo</strong></span> <span class='ocrx_word' id='word_1_138' title='bbox 625 2337 735 2377; x_wconf 90' lang='lat' dir='ltr'><strong>non</strong></span> <span class='ocrx_word' id='word_1_139' title='bbox 772 2322 980 2394; x_wconf 83' lang='lat' dir='ltr'><strong>absque</strong></span> <span class='ocrx_word' id='word_1_140' title='bbox 1003 2322 1192 2378; x_wconf 86' lang='lat' dir='ltr'><strong>labore</strong></span> <span class='ocrx_word' id='word_1_141' title='bbox 1212 2321 1495 2376; x_wconf 80' lang='lat' dir='ltr'><strong>viandum.</strong></span> 
     </span>
    </p>
   </div>
   <div class='ocr_carea' id='block_1_24' title="bbox 80 2411 1356 2486">
    <p class='ocr_par' dir='ltr' id='par_1_24' title="bbox 80 2411 1356 2486">
     <span class='ocr_line' id='line_1_24' title="bbox 80 2411 1356 2486; baseline 0.003 -21"><span class='ocrx_word' id='word_1_142' title='bbox 80 2411 167 2467; x_wconf 88' lang='lat' dir='ltr'><strong>Hoc</strong></span> <span class='ocrx_word' id='word_1_143' title='bbox 183 2413 398 2480; x_wconf 75' lang='lat' dir='ltr'><strong>Arabes,</strong></span> <span class='ocrx_word' id='word_1_144' title='bbox 436 2413 630 2482; x_wconf 88' lang='lat' dir='ltr'><strong>Turci,</strong></span> <span class='ocrx_word' id='word_1_145' title='bbox 665 2414 1060 2486; x_wconf 86' lang='lat' dir='ltr'><strong>Publicanique</strong></span> <span class='ocrx_word' id='word_1_146' title='bbox 1084 2422 1356 2470; x_wconf 86' lang='lat' dir='ltr'><strong>coronant</strong></span> 
     </span>
    </p>
   </div>
   <div class='ocr_carea' id='block_1_25' title="bbox 79 2502 1408 2573">
    <p class='ocr_par' dir='ltr' id='par_1_25' title="bbox 79 2502 1408 2573">
     <span class='ocr_line' id='line_1_25' title="bbox 79 2502 1408 2573; baseline 0.002 -15"><span class='ocrx_word' id='word_1_147' title='bbox 79 2502 260 2572; x_wconf 85' lang='lat' dir='ltr'><strong>Turres,</strong></span> <span class='ocrx_word' id='word_1_148' title='bbox 289 2519 466 2573; x_wconf 90' lang='lat' dir='ltr'><strong>arma,</strong></span> <span class='ocrx_word' id='word_1_149' title='bbox 493 2505 639 2572; x_wconf 87' lang='lat' dir='ltr'><strong>loca,</strong></span> <span class='ocrx_word' id='word_1_150' title='bbox 670 2506 817 2561; x_wconf 88' lang='lat' dir='ltr'><strong>muri</strong></span> <span class='ocrx_word' id='word_1_151' title='bbox 848 2507 1155 2561; x_wconf 83' lang='lat' dir='ltr'><strong>munimina</strong></span> <span class='ocrx_word' id='word_1_152' title='bbox 1181 2506 1408 2571; x_wconf 88' lang='lat' dir='ltr'><strong>donant,</strong></span> 
     </span>
    </p>
   </div>
   <div class='ocr_carea' id='block_1_26' title="bbox 83 2598 1384 2666">
    <p class='ocr_par' dir='ltr' id='par_1_26' title="bbox 83 2598 1384 2666">
     <span class='ocr_line' id='line_1_26' title="bbox 83 2598 1384 2666; baseline 0.002 -15"><span class='ocrx_word' id='word_1_153' title='bbox 83 2598 161 2652; x_wconf 82' lang='lat' dir='ltr'><strong>Sed</strong></span> <span class='ocrx_word' id='word_1_154' title='bbox 183 2607 350 2654; x_wconf 85' lang='lat' dir='ltr'><strong>tamen</strong></span> <span class='ocrx_word' id='word_1_155' title='bbox 379 2599 491 2655; x_wconf 90' lang='lat' dir='ltr'><strong>hoc</strong></span> <span class='ocrx_word' id='word_1_156' title='bbox 522 2601 702 2655; x_wconf 85' lang='lat' dir='ltr'><strong>nostri</strong></span> <span class='ocrx_word' id='word_1_157' title='bbox 734 2601 1054 2656; x_wconf 89' lang='lat' dir='ltr'><strong>clauserunt</strong></span> <span class='ocrx_word' id='word_1_158' title='bbox 1080 2600 1384 2666; x_wconf 74' lang='lat' dir='ltr'><strong>obsidione,</strong></span> 
     </span>
    </p>
   </div>
   <div class='ocr_carea' id='block_1_27' title="bbox 76 2691 1344 2766">
    <p class='ocr_par' dir='ltr' id='par_1_27' title="bbox 76 2691 1344 2766">
     <span class='ocr_line' id='line_1_27' title="bbox 76 2691 1344 2766; baseline 0.001 -19"><span class='ocrx_word' id='word_1_159' title='bbox 76 2691 198 2759; x_wconf 80' lang='lat' dir='ltr'><strong>Quod</strong></span> <span class='ocrx_word' id='word_1_160' title='bbox 218 2709 472 2764; x_wconf 88' lang='lat' dir='ltr'><strong>superare</strong></span> <span class='ocrx_word' id='word_1_161' title='bbox 507 2703 705 2765; x_wconf 80' lang='lat' dir='ltr'><strong>putant</strong></span> <span class='ocrx_word' id='word_1_162' title='bbox 730 2696 812 2751; x_wconf 91' lang='lat' dir='ltr'><strong>vel</strong></span> <span class='ocrx_word' id='word_1_163' title='bbox 837 2696 891 2750; x_wconf 89' lang='lat' dir='ltr'><strong>vi</strong></span> <span class='ocrx_word' id='word_1_164' title='bbox 913 2697 995 2751; x_wconf 90' lang='lat' dir='ltr'><strong>vel</strong></span> <span class='ocrx_word' id='word_1_165' title='bbox 1021 2696 1344 2766; x_wconf 85' lang='lat' dir='ltr'><strong>proditione.</strong></span> 
     </span>
    </p>
   </div>
   <div class='ocr_carea' id='block_1_28' title="bbox 77 2781 1176 2857">
    <p class='ocr_par' dir='ltr' id='par_1_28' title="bbox 77 2781 1176 2857">
     <span class='ocr_line' id='line_1_28' title="bbox 77 2781 1176 2857; baseline 0.001 -17"><span class='ocrx_word' id='word_1_166' title='bbox 77 2781 300 2854; x_wconf 65' lang='lat' dir='ltr'><strong>Praecipiti</strong></span> <span class='ocrx_word' id='word_1_167' title='bbox 333 2801 502 2842; x_wconf 91' lang='lat' dir='ltr'><strong>cursu</strong></span> <span class='ocrx_word' id='word_1_168' title='bbox 539 2802 731 2842; x_wconf 90' lang='lat' dir='ltr'><strong>muros</strong></span> <span class='ocrx_word' id='word_1_169' title='bbox 755 2787 928 2842; x_wconf 89' lang='lat' dir='ltr'><strong>nostri</strong></span> <span class='ocrx_word' id='word_1_170' title='bbox 952 2787 1176 2857; x_wconf 86' lang='lat' dir='ltr'><strong>petiere,</strong></span> 
     </span>
    </p>
   </div>
   <div class='ocr_carea' id='block_1_29' title="bbox 75 2877 1476 2953">
    <p class='ocr_par' dir='ltr' id='par_1_29' title="bbox 75 2877 1476 2953">
     <span class='ocr_line' id='line_1_29' title="bbox 75 2877 1476 2953; baseline 0.001 -20"><span class='ocrx_word' id='word_1_171' title='bbox 75 2877 348 2936; x_wconf 87' lang='lat' dir='ltr'><strong>Percutiunt</strong></span> <span class='ocrx_word' id='word_1_172' title='bbox 373 2881 623 2949; x_wconf 86' lang='lat' dir='ltr'><strong>clausos,</strong></span> <span class='ocrx_word' id='word_1_173' title='bbox 652 2881 984 2953; x_wconf 78' lang='lat' dir='ltr'><strong>graviusque</strong></span> <span class='ocrx_word' id='word_1_174' title='bbox 1015 2881 1476 2952; x_wconf 89' lang='lat' dir='ltr'><strong>repercutiuntur.</strong></span> 
     </span>
    </p>
   </div>
   <div class='ocr_carea' id='block_1_30' title="bbox 75 2969 1474 3044">
    <p class='ocr_par' dir='ltr' id='par_1_30' title="bbox 75 2969 1474 3044">
     <span class='ocr_line' id='line_1_30' title="bbox 75 2969 1474 3044; baseline -0.001 -18"><span class='ocrx_word' id='word_1_175' title='bbox 75 2969 166 3026; x_wconf 77' lang='lat' dir='ltr'><strong>Non</strong></span> <span class='ocrx_word' id='word_1_176' title='bbox 187 2973 393 3043; x_wconf 76' lang='lat' dir='ltr'><strong>gravius</strong></span> <span class='ocrx_word' id='word_1_177' title='bbox 433 2973 667 3041; x_wconf 57' lang='lat' dir='ltr'><strong>lxdunt,</strong></span> <span class='ocrx_word' id='word_1_178' title='bbox 699 2989 866 3044; x_wconf 86' lang='lat' dir='ltr'><strong>quam</strong></span> <span class='ocrx_word' id='word_1_179' title='bbox 893 2973 1129 3043; x_wconf 84' lang='lat' dir='ltr'><strong>desuper</strong></span> <span class='ocrx_word' id='word_1_180' title='bbox 1161 2972 1474 3042; x_wconf 79' lang='lat' dir='ltr'><strong>ejiciuntur.</strong></span> 
     </span>
    </p>
   </div>
   <div class='ocr_carea' id='block_1_31' title="bbox 73 3060 1242 3136">
    <p class='ocr_par' dir='ltr' id='par_1_31' title="bbox 73 3060 1242 3136">
     <span class='ocr_line' id='line_1_31' title="bbox 73 3060 1242 3136; baseline 0.004 -22"><span class='ocrx_word' id='word_1_181' title='bbox 73 3060 206 3129; x_wconf 87' lang='lat' dir='ltr'><strong>Arcu,</strong></span> <span class='ocrx_word' id='word_1_182' title='bbox 233 3063 446 3131; x_wconf 89' lang='lat' dir='ltr'><strong>balista,</strong></span> <span class='ocrx_word' id='word_1_183' title='bbox 473 3074 777 3131; x_wconf 88' lang='lat' dir='ltr'><strong>tormento,</strong></span> <span class='ocrx_word' id='word_1_184' title='bbox 805 3080 940 3136; x_wconf 75' lang='lat' dir='ltr'><strong>gens</strong></span> <span class='ocrx_word' id='word_1_185' title='bbox 962 3063 1096 3120; x_wconf 86' lang='lat' dir='ltr'><strong>furit</strong></span> <span class='ocrx_word' id='word_1_186' title='bbox 1119 3073 1242 3120; x_wconf 66' lang='lat' dir='ltr'><strong>ista.</strong></span> 
     </span>
    </p>
   </div>
   <div class='ocr_carea' id='block_1_32' title="bbox 75 3151 1446 3228">
    <p class='ocr_par' dir='ltr' id='par_1_32' title="bbox 75 3151 1446 3228">
     <span class='ocr_line' id='line_1_32' title="bbox 75 3151 1446 3228; baseline 0.004 -24"><span class='ocrx_word' id='word_1_187' title='bbox 75 3151 325 3212; x_wconf 87' lang='lat' dir='ltr'><strong>Tormento</strong></span> <span class='ocrx_word' id='word_1_188' title='bbox 352 3157 499 3228; x_wconf 84' lang='lat' dir='ltr'><strong>lapis</strong></span> <span class='ocrx_word' id='word_1_189' title='bbox 523 3157 820 3228; x_wconf 86' lang='lat' dir='ltr'><strong>impulsus,</strong></span> <span class='ocrx_word' id='word_1_190' title='bbox 851 3157 1179 3227; x_wconf 85' lang='lat' dir='ltr'><strong>magnisque</strong></span> <span class='ocrx_word' id='word_1_191' title='bbox 1198 3155 1446 3212; x_wconf 84' lang='lat' dir='ltr'><strong>virorum</strong></span> 
     </span>
    </p>
   </div>
   <div class='ocr_carea' id='block_1_33' title="bbox 75 3243 1317 3320">
    <p class='ocr_par' dir='ltr' id='par_1_33' title="bbox 75 3243 1317 3320">
     <span class='ocr_line' id='line_1_33' title="bbox 75 3243 1317 3320; baseline 0.006 -23"><span class='ocrx_word' id='word_1_192' title='bbox 75 3243 254 3304; x_wconf 73' lang='lat' dir='ltr'><strong>Viribus</strong></span> <span class='ocrx_word' id='word_1_193' title='bbox 278 3249 527 3320; x_wconf 88' lang='lat' dir='ltr'><strong>adjutus,</strong></span> <span class='ocrx_word' id='word_1_194' title='bbox 569 3249 698 3305; x_wconf 91' lang='lat' dir='ltr'><strong>terit</strong></span> <span class='ocrx_word' id='word_1_195' title='bbox 726 3266 890 3306; x_wconf 87' lang='lat' dir='ltr'><strong>arcus</strong></span> <span class='ocrx_word' id='word_1_196' title='bbox 917 3250 1317 3320; x_wconf 88' lang='lat' dir='ltr'><strong>oppositorum,</strong></span> 
     </span>
    </p>
   </div>
   <div class='ocr_carea' id='block_1_34' title="bbox 72 3335 1406 3411">
    <p class='ocr_par' dir='ltr' id='par_1_34' title="bbox 72 3335 1406 3411">
     <span class='ocr_line' id='line_1_34' title="bbox 72 3335 1406 3411; baseline 0.003 -23"><span class='ocrx_word' id='word_1_197' title='bbox 72 3335 322 3394; x_wconf 78' lang='lat' dir='ltr'><strong>Funestum</strong></span> <span class='ocrx_word' id='word_1_198' title='bbox 351 3339 459 3396; x_wconf 85' lang='lat' dir='ltr'><strong>sibi</strong></span> <span class='ocrx_word' id='word_1_199' title='bbox 485 3340 684 3411; x_wconf 88' lang='lat' dir='ltr'><strong>pandit</strong></span> <span class='ocrx_word' id='word_1_200' title='bbox 715 3339 819 3394; x_wconf 87' lang='lat' dir='ltr'><strong>iter</strong></span> <span class='ocrx_word' id='word_1_201' title='bbox 845 3355 942 3410; x_wconf 90' lang='lat' dir='ltr'><strong>per</strong></span> <span class='ocrx_word' id='word_1_202' title='bbox 962 3348 1118 3394; x_wconf 85' lang='lat' dir='ltr'><strong>scuta</strong></span> <span class='ocrx_word' id='word_1_203' title='bbox 1152 3338 1406 3404; x_wconf 88' lang='lat' dir='ltr'><strong>volando,</strong></span> 
     </span>
    </p>
   </div>
   <div class='ocr_carea' id='block_1_35' title="bbox 73 3425 1478 3501">
    <p class='ocr_par' dir='ltr' id='par_1_35' title="bbox 73 3425 1478 3501">
     <span class='ocr_line' id='line_1_35' title="bbox 73 3425 1478 3501; baseline 0 -19"><span class='ocrx_word' id='word_1_204' title='bbox 73 3425 274 3485; x_wconf 83' lang='lat' dir='ltr'><strong>Seminat</strong></span> <span class='ocrx_word' id='word_1_205' title='bbox 297 3429 388 3484; x_wconf 90' lang='lat' dir='ltr'><strong>ille</strong></span> <span class='ocrx_word' id='word_1_206' title='bbox 413 3445 590 3486; x_wconf 86' lang='lat' dir='ltr'><strong>neces</strong></span> <span class='ocrx_word' id='word_1_207' title='bbox 621 3430 885 3501; x_wconf 86' lang='lat' dir='ltr'><strong>quidquid</strong></span> <span class='ocrx_word' id='word_1_208' title='bbox 926 3429 1063 3500; x_wconf 88' lang='lat' dir='ltr'><strong>petit</strong></span> <span class='ocrx_word' id='word_1_209' title='bbox 1090 3427 1478 3484; x_wconf 80' lang='lat' dir='ltr'><strong>exanimando.</strong></span> 
     </span>
    </p>
   </div>
   <div class='ocr_carea' id='block_1_36' title="bbox 68 3516 1462 3591">
    <p class='ocr_par' dir='ltr' id='par_1_36' title="bbox 68 3516 1462 3591">
     <span class='ocr_line' id='line_1_36' title="bbox 68 3516 1462 3591; baseline 0.006 -23"><span class='ocrx_word' id='word_1_210' title='bbox 68 3516 143 3570; x_wconf 88' lang='lat' dir='ltr'><strong>llic</strong></span> <span class='ocrx_word' id='word_1_211' title='bbox 161 3535 434 3588; x_wconf 86' lang='lat' dir='ltr'><strong>procerum</strong></span> <span class='ocrx_word' id='word_1_212' title='bbox 461 3521 643 3591; x_wconf 75' lang='lat' dir='ltr'><strong>decus</strong></span> <span class='ocrx_word' id='word_1_213' title='bbox 669 3520 922 3577; x_wconf 85' lang='lat' dir='ltr'><strong>Ansellus</strong></span> <span class='ocrx_word' id='word_1_214' title='bbox 941 3521 1008 3576; x_wconf 92' lang='lat' dir='ltr'><strong>de</strong></span> <span class='ocrx_word' id='word_1_215' title='bbox 1037 3518 1220 3576; x_wconf 81' lang='lat' dir='ltr'><strong>Monte</strong></span> <span class='ocrx_word' id='word_1_216' title='bbox 1246 3518 1462 3576; x_wconf 78' lang='lat' dir='ltr'><strong>Riballo</strong></span> 
     </span>
    </p>
   </div>
   <div class='ocr_carea' id='block_1_37' title="bbox 67 3606 1317 3669">
    <p class='ocr_par' dir='ltr' id='par_1_37' title="bbox 67 3606 1317 3669">
     <span class='ocr_line' id='line_1_37' title="bbox 67 3606 1317 3669; baseline 0.003 -8"><span class='ocrx_word' id='word_1_217' title='bbox 67 3606 246 3666; x_wconf 86' lang='lat' dir='ltr'><strong>Lustrat</strong></span> <span class='ocrx_word' id='word_1_218' title='bbox 267 3612 556 3668; x_wconf 84' lang='lat' dir='ltr'><strong>anhelanti</strong></span> <span class='ocrx_word' id='word_1_219' title='bbox 587 3613 722 3668; x_wconf 89' lang='lat' dir='ltr'><strong>dum</strong></span> <span class='ocrx_word' id='word_1_220' title='bbox 748 3613 949 3669; x_wconf 72' lang='lat' dir='ltr'><strong>mmnia</strong></span> <span class='ocrx_word' id='word_1_221' title='bbox 972 3612 1080 3667; x_wconf 90' lang='lat' dir='ltr'><strong>lata</strong></span> <span class='ocrx_word' id='word_1_222' title='bbox 1109 3611 1317 3668; x_wconf 90' lang='lat' dir='ltr'><strong>caballo</strong></span> 
     </span>
    </p>
   </div>
   <div class='ocr_carea' id='block_1_38' title="bbox 65 3699 1439 3776">
    <p class='ocr_par' dir='ltr' id='par_1_38' title="bbox 65 3699 1439 3776">
     <span class='ocr_line' id='line_1_38' title="bbox 65 3699 1439 3776; baseline 0.004 -23"><span class='ocrx_word' id='word_1_223' title='bbox 65 3699 355 3759; x_wconf 63' lang='lat' dir='ltr'><strong>ilortiferum</strong></span> <span class='ocrx_word' id='word_1_224' title='bbox 383 3705 601 3761; x_wconf 87' lang='lat' dir='ltr'><strong>vulnus</strong></span> <span class='ocrx_word' id='word_1_225' title='bbox 634 3705 844 3776; x_wconf 86' lang='lat' dir='ltr'><strong>recipit,</strong></span> <span class='ocrx_word' id='word_1_226' title='bbox 865 3704 951 3760; x_wconf 88' lang='lat' dir='ltr'><strong>vir</strong></span> <span class='ocrx_word' id='word_1_227' title='bbox 980 3704 1193 3760; x_wconf 89' lang='lat' dir='ltr'><strong>viribus</strong></span> <span class='ocrx_word' id='word_1_228' title='bbox 1222 3701 1439 3770; x_wconf 80' lang='lat' dir='ltr'><strong>Hector,</strong></span> 
     </span>
    </p>
   </div>
   <div class='ocr_carea' id='block_1_39' title="bbox 63 3787 1473 3868">
    <p class='ocr_par' dir='ltr' id='par_1_39' title="bbox 63 3787 1473 3868">
     <span class='ocr_line' id='line_1_39' title="bbox 63 3787 1473 3868; baseline 0.007 -28"><span class='ocrx_word' id='word_1_229' title='bbox 63 3787 136 3843; x_wconf 70' lang='lat' dir='ltr'><strong>Vir</strong></span> <span class='ocrx_word' id='word_1_230' title='bbox 152 3791 270 3848; x_wconf 87' lang='lat' dir='ltr'><strong>Cato</strong></span> <span class='ocrx_word' id='word_1_231' title='bbox 290 3796 556 3862; x_wconf 85' lang='lat' dir='ltr'><strong>consilio,</strong></span> <span class='ocrx_word' id='word_1_232' title='bbox 585 3795 677 3851; x_wconf 88' lang='lat' dir='ltr'><strong>vir</strong></span> <span class='ocrx_word' id='word_1_233' title='bbox 703 3797 912 3867; x_wconf 90' lang='lat' dir='ltr'><strong>primus</strong></span> <span class='ocrx_word' id='word_1_234' title='bbox 937 3797 992 3852; x_wconf 90' lang='lat' dir='ltr'><strong>in</strong></span> <span class='ocrx_word' id='word_1_235' title='bbox 1025 3796 1244 3868; x_wconf 82' lang='lat' dir='ltr'><strong>agmine</strong></span> <span class='ocrx_word' id='word_1_236' title='bbox 1273 3805 1473 3852; x_wconf 87' lang='lat' dir='ltr'><strong>rector.</strong></span> 
     </span>
    </p>
   </div>
   <div class='ocr_carea' id='block_1_40' title="bbox 62 3882 1296 3960">
    <p class='ocr_par' dir='ltr' id='par_1_40' title="bbox 62 3882 1296 3960">
     <span class='ocr_line' id='line_1_40' title="bbox 62 3882 1296 3960; baseline 0.006 -24"><span class='ocrx_word' id='word_1_237' title='bbox 62 3882 232 3952; x_wconf 61' lang='lat' dir='ltr'><strong>Saepius</strong></span> <span class='ocrx_word' id='word_1_238' title='bbox 250 3889 498 3959; x_wconf 73' lang='lat' dir='ltr'><strong>aggressi</strong></span> <span class='ocrx_word' id='word_1_239' title='bbox 527 3904 734 3944; x_wconf 90' lang='lat' dir='ltr'><strong>muros</strong></span> <span class='ocrx_word' id='word_1_240' title='bbox 755 3898 880 3944; x_wconf 92' lang='lat' dir='ltr'><strong>sunt</strong></span> <span class='ocrx_word' id='word_1_241' title='bbox 914 3905 1057 3960; x_wconf 82' lang='lat' dir='ltr'><strong>saepe</strong></span> <span class='ocrx_word' id='word_1_242' title='bbox 1086 3889 1296 3959; x_wconf 85' lang='lat' dir='ltr'><strong>rejecti.</strong></span> 
     </span>
    </p>
   </div>
   <div class='ocr_carea' id='block_1_41' title="bbox 58 3973 1620 4054">
    <p class='ocr_par' dir='ltr' id='par_1_41' title="bbox 58 3973 1620 4054">
     <span class='ocr_line' id='line_1_41' title="bbox 58 3973 1620 4054; baseline 0.003 -24"><span class='ocrx_word' id='word_1_243' title='bbox 58 3973 158 4033; x_wconf 83' lang='lat' dir='ltr'><strong>Post</strong></span> <span class='ocrx_word' id='word_1_244' title='bbox 180 3979 285 4036; x_wconf 72' lang='lat' dir='ltr'><strong>haec</strong></span> <span class='ocrx_word' id='word_1_245' title='bbox 307 3981 377 4036; x_wconf 89' lang='lat' dir='ltr'><strong>ad</strong></span> <span class='ocrx_word' id='word_1_246' title='bbox 411 3979 704 4053; x_wconf 87' lang='lat' dir='ltr'><strong>Tripolim</strong></span> <span class='ocrx_word' id='word_1_247' title='bbox 740 3990 863 4037; x_wconf 89' lang='lat' dir='ltr'><strong>sunt</strong></span> <span class='ocrx_word' id='word_1_248' title='bbox 885 3983 1132 4054; x_wconf 90' lang='lat' dir='ltr'><strong>quinque</strong></span> <span class='ocrx_word' id='word_1_249' title='bbox 1150 3995 1460 4052; x_wconf 85' lang='lat' dir='ltr'><strong>novemque</strong></span> <span class='ocrx_word' id='word_1_250' title='bbox 1486 3995 1620 4051; x_wconf 87' lang='lat' dir='ltr'><strong>pro-</strong></span> 
     </span>
    </p>
   </div>
   <div class='ocr_carea' id='block_1_42' title="bbox 1371 4073 1548 4149">
    <p class='ocr_par' dir='ltr' id='par_1_42' title="bbox 1371 4073 1548 4149">
     <span class='ocr_line' id='line_1_42' title="bbox 1371 4073 1548 4149; baseline -0.006 -20"><span class='ocrx_word' id='word_1_251' title='bbox 1371 4073 1548 4149; x_wconf 61' lang='lat' dir='ltr'><strong>ﬂecti,</strong></span> 
     </span>
    </p>
   </div>
   <div class='ocr_carea' id='block_1_43' title="bbox 3212 351 3316 408">
    <p class='ocr_par' dir='ltr' id='par_1_43' title="bbox 3212 351 3316 408">
     <span class='ocr_line' id='line_1_43' title="bbox 3212 351 3316 408; baseline 0.019 -2"><span class='ocrx_word' id='word_1_252' title='bbox 3212 351 3316 408; x_wconf 78' lang='lat'><strong>986</strong></span> 
     </span>
    </p>
   </div>
   <div class='ocr_carea' id='block_1_44' title="bbox 1731 551 3139 624">
    <p class='ocr_par' dir='ltr' id='par_1_44' title="bbox 1731 551 3139 624">
     <span class='ocr_line' id='line_1_44' title="bbox 1731 551 3139 624; baseline 0.003 -18"><span class='ocrx_word' id='word_1_253' title='bbox 1731 551 2027 610; x_wconf 82' lang='lat' dir='ltr'><strong>inveniunt</strong></span> <span class='ocrx_word' id='word_1_254' title='bbox 2057 552 2291 621; x_wconf 91' lang='lat' dir='ltr'><strong>Turcos,</strong></span> <span class='ocrx_word' id='word_1_255' title='bbox 2316 569 2480 624; x_wconf 86' lang='lat' dir='ltr'><strong>quos,</strong></span> <span class='ocrx_word' id='word_1_256' title='bbox 2507 553 2730 609; x_wconf 87' lang='lat' dir='ltr'><strong>Christo</strong></span> <span class='ocrx_word' id='word_1_257' title='bbox 2764 554 3139 622; x_wconf 86' lang='lat' dir='ltr'><strong>subveniente,</strong></span> 
     </span>
    </p>
   </div>
   <div class='ocr_carea' id='block_1_45' title="bbox 1731 644 3100 719">
    <p class='ocr_par' dir='ltr' id='par_1_45' title="bbox 1731 644 3100 719">
     <span class='ocr_line' id='line_1_45' title="bbox 1731 644 3100 719; baseline 0.001 -19"><span class='ocrx_word' id='word_1_258' title='bbox 1731 644 2021 715; x_wconf 89' lang='lat' dir='ltr'><strong>Invadunt,</strong></span> <span class='ocrx_word' id='word_1_259' title='bbox 2044 655 2098 703; x_wconf 91' lang='lat' dir='ltr'><strong>et</strong></span> <span class='ocrx_word' id='word_1_260' title='bbox 2118 663 2214 703; x_wconf 77' lang='lat' dir='ltr'><strong>sex</strong></span> <span class='ocrx_word' id='word_1_261' title='bbox 2235 648 2532 719; x_wconf 88' lang='lat' dir='ltr'><strong>perimunt,</strong></span> <span class='ocrx_word' id='word_1_262' title='bbox 2560 655 2918 719; x_wconf 87' lang='lat' dir='ltr'><strong>armentaque</strong></span> <span class='ocrx_word' id='word_1_263' title='bbox 2944 647 3100 718; x_wconf 85' lang='lat' dir='ltr'><strong>plura</strong></span> 
     </span>
    </p>
   </div>
   <div class='ocr_carea' id='block_1_46' title="bbox 1731 736 3010 812">
    <p class='ocr_par' dir='ltr' id='par_1_46' title="bbox 1731 736 3010 812">
     <span class='ocr_line' id='line_1_46' title="bbox 1731 736 3010 812; baseline 0.002 -20"><span class='ocrx_word' id='word_1_264' title='bbox 1731 736 1872 792; x_wconf 91' lang='lat' dir='ltr'><strong>Dum</strong></span> <span class='ocrx_word' id='word_1_265' title='bbox 1898 739 2007 794; x_wconf 66' lang='lat' dir='ltr'><strong>laeti</strong></span> <span class='ocrx_word' id='word_1_266' title='bbox 2036 740 2266 795; x_wconf 89' lang='lat' dir='ltr'><strong>redeunt</strong></span> <span class='ocrx_word' id='word_1_267' title='bbox 2289 755 2483 812; x_wconf 78' lang='lat' dir='ltr'><strong>cepere</strong></span> <span class='ocrx_word' id='word_1_268' title='bbox 2504 756 2602 811; x_wconf 88' lang='lat' dir='ltr'><strong>per</strong></span> <span class='ocrx_word' id='word_1_269' title='bbox 2623 740 2835 796; x_wconf 88' lang='lat' dir='ltr'><strong>hostica</strong></span> <span class='ocrx_word' id='word_1_270' title='bbox 2861 755 3010 795; x_wconf 88' lang='lat' dir='ltr'><strong>rura.</strong></span> 
     </span>
    </p>
   </div>
   <div class='ocr_carea' id='block_1_47' title="bbox 1730 826 3109 901">
    <p class='ocr_par' dir='ltr' id='par_1_47' title="bbox 1730 826 3109 901">
     <span class='ocr_line' id='line_1_47' title="bbox 1730 826 3109 901; baseline 0.004 -20"><span class='ocrx_word' id='word_1_271' title='bbox 1730 826 1851 882; x_wconf 88' lang='lat' dir='ltr'><strong>Non</strong></span> <span class='ocrx_word' id='word_1_272' title='bbox 1873 829 2063 898; x_wconf 88' lang='lat' dir='ltr'><strong>procul</strong></span> <span class='ocrx_word' id='word_1_273' title='bbox 2093 829 2226 886; x_wconf 91' lang='lat' dir='ltr'><strong>urbs</strong></span> <span class='ocrx_word' id='word_1_274' title='bbox 2251 831 2461 899; x_wconf 88' lang='lat' dir='ltr'><strong>aberat,</strong></span> <span class='ocrx_word' id='word_1_275' title='bbox 2495 830 2629 901; x_wconf 78' lang='lat' dir='ltr'><strong>ripa:</strong></span> <span class='ocrx_word' id='word_1_276' title='bbox 2654 831 2833 887; x_wconf 74' lang='lat' dir='ltr'><strong>vicina</strong></span> <span class='ocrx_word' id='word_1_277' title='bbox 2862 830 3109 898; x_wconf 65' lang='lat' dir='ltr'><strong>marinae,</strong></span> 
     </span>
    </p>
   </div>
   <div class='ocr_carea' id='block_1_48' title="bbox 1734 919 2967 994">
    <p class='ocr_par' dir='ltr' id='par_1_48' title="bbox 1734 919 2967 994">
     <span class='ocr_line' id='line_1_48' title="bbox 1734 919 2967 994; baseline 0.005 -20"><span class='ocrx_word' id='word_1_278' title='bbox 1734 919 2038 976; x_wconf 89' lang='lat' dir='ltr'><strong>Fertilitate</strong></span> <span class='ocrx_word' id='word_1_279' title='bbox 2061 937 2160 977; x_wconf 87' lang='lat' dir='ltr'><strong>sua</strong></span> <span class='ocrx_word' id='word_1_280' title='bbox 2183 922 2510 994; x_wconf 90' lang='lat' dir='ltr'><strong>promittens</strong></span> <span class='ocrx_word' id='word_1_281' title='bbox 2544 924 2715 979; x_wconf 88' lang='lat' dir='ltr'><strong>multa</strong></span> <span class='ocrx_word' id='word_1_282' title='bbox 2741 923 2967 994; x_wconf 66' lang='lat' dir='ltr'><strong>rapinae,</strong></span> 
     </span>
    </p>
   </div>
   <div class='ocr_carea' id='block_1_49' title="bbox 1732 1012 3065 1087">
    <p class='ocr_par' dir='ltr' id='par_1_49' title="bbox 1732 1012 3065 1087">
     <span class='ocr_line' id='line_1_49' title="bbox 1732 1012 3065 1087; baseline 0.002 -19"><span class='ocrx_word' id='word_1_283' title='bbox 1732 1012 1966 1070; x_wconf 86' lang='lat' dir='ltr'><strong>Nomine</strong></span> <span class='ocrx_word' id='word_1_284' title='bbox 1995 1030 2118 1084; x_wconf 59' lang='lat' dir='ltr'><strong>quin</strong></span> <span class='ocrx_word' id='word_1_285' title='bbox 2137 1015 2369 1073; x_wconf 89' lang='lat' dir='ltr'><strong>celebris</strong></span> <span class='ocrx_word' id='word_1_286' title='bbox 2399 1017 2520 1087; x_wconf 92' lang='lat' dir='ltr'><strong>ipso</strong></span> <span class='ocrx_word' id='word_1_287' title='bbox 2551 1016 2782 1074; x_wconf 89' lang='lat' dir='ltr'><strong>Tortosa</strong></span> <span class='ocrx_word' id='word_1_288' title='bbox 2817 1024 3065 1073; x_wconf 78' lang='lat' dir='ltr'><strong>vocatur.</strong></span> 
     </span>
    </p>
   </div>
   <div class='ocr_carea' id='block_1_50' title="bbox 1731 1111 3164 1186">
    <p class='ocr_par' dir='ltr' id='par_1_50' title="bbox 1731 1111 3164 1186">
     <span class='ocr_line' id='line_1_50' title="bbox 1731 1111 3164 1186; baseline 0 -20"><span class='ocrx_word' id='word_1_289' title='bbox 1731 1111 1948 1183; x_wconf 87' lang='lat' dir='ltr'><strong>Impetit</strong></span> <span class='ocrx_word' id='word_1_290' title='bbox 1977 1112 2118 1168; x_wconf 87' lang='lat' dir='ltr'><strong>hanc</strong></span> <span class='ocrx_word' id='word_1_291' title='bbox 2140 1112 2347 1168; x_wconf 88' lang='lat' dir='ltr'><strong>Piletus</strong></span> <span class='ocrx_word' id='word_1_292' title='bbox 2379 1112 2760 1186; x_wconf 79' lang='lat' dir='ltr'><strong>Raymundns,</strong></span> <span class='ocrx_word' id='word_1_293' title='bbox 2784 1123 2839 1169; x_wconf 91' lang='lat' dir='ltr'><strong>et</strong></span> <span class='ocrx_word' id='word_1_294' title='bbox 2855 1113 3164 1170; x_wconf 84' lang='lat' dir='ltr'><strong>associatur</strong></span> 
     </span>
    </p>
   </div>
   <div class='ocr_carea' id='block_1_51' title="bbox 1733 1202 2925 1278">
    <p class='ocr_par' dir='ltr' id='par_1_51' title="bbox 1733 1202 2925 1278">
     <span class='ocr_line' id='line_1_51' title="bbox 1733 1202 2925 1278; baseline 0.003 -20"><span class='ocrx_word' id='word_1_295' title='bbox 1733 1202 2006 1260; x_wconf 76' lang='lat' dir='ltr'><strong>Tcntorizn</strong></span> <span class='ocrx_word' id='word_1_296' title='bbox 2038 1205 2334 1275; x_wconf 87' lang='lat' dir='ltr'><strong>proconsul</strong></span> <span class='ocrx_word' id='word_1_297' title='bbox 2355 1206 2428 1273; x_wconf 90' lang='lat' dir='ltr'><strong>ei,</strong></span> <span class='ocrx_word' id='word_1_298' title='bbox 2453 1206 2546 1277; x_wconf 90' lang='lat' dir='ltr'><strong>qui</strong></span> <span class='ocrx_word' id='word_1_299' title='bbox 2575 1221 2674 1278; x_wconf 91' lang='lat' dir='ltr'><strong>par</strong></span> <span class='ocrx_word' id='word_1_300' title='bbox 2693 1206 2925 1278; x_wconf 76' lang='lat' dir='ltr'><strong>paritate</strong></span> 
     </span>
    </p>
   </div>
   <div class='ocr_carea' id='block_1_52' title="bbox 1732 1295 3242 1370">
    <p class='ocr_par' dir='ltr' id='par_1_52' title="bbox 1732 1295 3242 1370">
     <span class='ocr_line' id='line_1_52' title="bbox 1732 1295 3242 1370; baseline 0.001 -20"><span class='ocrx_word' id='word_1_301' title='bbox 1732 1295 1980 1352; x_wconf 87' lang='lat' dir='ltr'><strong>Nominis</strong></span> <span class='ocrx_word' id='word_1_302' title='bbox 2006 1297 2136 1354; x_wconf 90' lang='lat' dir='ltr'><strong>huic</strong></span> <span class='ocrx_word' id='word_1_303' title='bbox 2163 1305 2303 1365; x_wconf 76' lang='lat' dir='ltr'><strong>erat,</strong></span> <span class='ocrx_word' id='word_1_304' title='bbox 2333 1297 2479 1355; x_wconf 89' lang='lat' dir='ltr'><strong>haud</strong></span> <span class='ocrx_word' id='word_1_305' title='bbox 2516 1299 2695 1369; x_wconf 85' lang='lat' dir='ltr'><strong>impar</strong></span> <span class='ocrx_word' id='word_1_306' title='bbox 2721 1300 2924 1356; x_wconf 88' lang='lat' dir='ltr'><strong>mentis</strong></span> <span class='ocrx_word' id='word_1_307' title='bbox 2951 1298 3242 1370; x_wconf 86' lang='lat' dir='ltr'><strong>probitate.</strong></span> 
     </span>
    </p>
   </div>
   <div class='ocr_carea' id='block_1_53' title="bbox 1733 1386 3084 1461">
    <p class='ocr_par' dir='ltr' id='par_1_53' title="bbox 1733 1386 3084 1461">
     <span class='ocr_line' id='line_1_53' title="bbox 1733 1386 3084 1461; baseline 0.002 -19"><span class='ocrx_word' id='word_1_308' title='bbox 1733 1386 1928 1444; x_wconf 77' lang='lat' dir='ltr'><strong>Hiduu</strong></span> <span class='ocrx_word' id='word_1_309' title='bbox 1960 1386 2252 1443; x_wconf 88' lang='lat' dir='ltr'><strong>Tortosam</strong></span> <span class='ocrx_word' id='word_1_310' title='bbox 2285 1401 2412 1445; x_wconf 88' lang='lat' dir='ltr'><strong>cum</strong></span> <span class='ocrx_word' id='word_1_311' title='bbox 2444 1389 2635 1460; x_wconf 85' lang='lat' dir='ltr'><strong>paucis</strong></span> <span class='ocrx_word' id='word_1_312' title='bbox 2669 1389 3084 1461; x_wconf 80' lang='lat' dir='ltr'><strong>aggrediuntur,</strong></span> 
     </span>
    </p>
   </div>
   <div class='ocr_carea' id='block_1_54' title="bbox 1731 1479 3192 1554">
    <p class='ocr_par' dir='ltr' id='par_1_54' title="bbox 1731 1479 3192 1554">
     <span class='ocr_line' id='line_1_54' title="bbox 1731 1479 3192 1554; baseline 0 -18"><span class='ocrx_word' id='word_1_313' title='bbox 1731 1479 2204 1554; x_wconf 84' lang='lat' dir='ltr'><strong>Frustranturque</strong></span> <span class='ocrx_word' id='word_1_314' title='bbox 2225 1481 2343 1545; x_wconf 83' lang='lat' dir='ltr'><strong>diu.</strong></span> <span class='ocrx_word' id='word_1_315' title='bbox 2385 1498 2486 1538; x_wconf 90' lang='lat' dir='ltr'><strong>nec</strong></span> <span class='ocrx_word' id='word_1_316' title='bbox 2522 1484 2884 1552; x_wconf 86' lang='lat' dir='ltr'><strong>prosperitate</strong></span> <span class='ocrx_word' id='word_1_317' title='bbox 2913 1480 3192 1538; x_wconf 88' lang='lat' dir='ltr'><strong>fruuntur.</strong></span> 
     </span>
    </p>
   </div>
   <div class='ocr_carea' id='block_1_55' title="bbox 1735 1573 3192 1646">
    <p class='ocr_par' dir='ltr' id='par_1_55' title="bbox 1735 1573 3192 1646">
     <span class='ocr_line' id='line_1_55' title="bbox 1735 1573 3192 1646; baseline -0.002 -15"><span class='ocrx_word' id='word_1_318' title='bbox 1735 1574 1842 1631; x_wconf 85' lang='lat' dir='ltr'><strong>Sed</strong></span> <span class='ocrx_word' id='word_1_319' title='bbox 1864 1583 2046 1630; x_wconf 91' lang='lat' dir='ltr'><strong>tamen</strong></span> <span class='ocrx_word' id='word_1_320' title='bbox 2079 1574 2228 1630; x_wconf 87' lang='lat' dir='ltr'><strong>haud</strong></span> <span class='ocrx_word' id='word_1_321' title='bbox 2253 1575 2414 1646; x_wconf 90' lang='lat' dir='ltr'><strong>longe</strong></span> <span class='ocrx_word' id='word_1_322' title='bbox 2435 1573 2551 1646; x_wconf 79' lang='lat' dir='ltr'><strong>jam</strong></span> <span class='ocrx_word' id='word_1_323' title='bbox 2573 1583 2736 1630; x_wconf 86' lang='lat' dir='ltr'><strong>nocte</strong></span> <span class='ocrx_word' id='word_1_324' title='bbox 2755 1574 3192 1645; x_wconf 87' lang='lat' dir='ltr'><strong>superveniente,</strong></span> 
     </span>
    </p>
   </div>
   <div class='ocr_carea' id='block_1_56' title="bbox 1730 1665 3227 1742">
    <p class='ocr_par' dir='ltr' id='par_1_56' title="bbox 1730 1665 3227 1742">
     <span class='ocr_line' id='line_1_56' title="bbox 1730 1665 3227 1742; baseline -0.003 -19"><span class='ocrx_word' id='word_1_325' title='bbox 1730 1666 1928 1724; x_wconf 87' lang='lat' dir='ltr'><strong>Castra</strong></span> <span class='ocrx_word' id='word_1_326' title='bbox 1950 1668 2154 1742; x_wconf 83' lang='lat' dir='ltr'><strong>locant,</strong></span> <span class='ocrx_word' id='word_1_327' title='bbox 2179 1665 2412 1722; x_wconf 88' lang='lat' dir='ltr'><strong>nimium</strong></span> <span class='ocrx_word' id='word_1_328' title='bbox 2444 1665 2646 1737; x_wconf 88' lang='lat' dir='ltr'><strong>populo</strong></span> <span class='ocrx_word' id='word_1_329' title='bbox 2671 1666 2958 1736; x_wconf 86' lang='lat' dir='ltr'><strong>strepitum</strong></span> <span class='ocrx_word' id='word_1_330' title='bbox 2995 1665 3227 1720; x_wconf 87' lang='lat' dir='ltr'><strong>faciente</strong></span> 
     </span>
    </p>
   </div>
   <div class='ocr_carea' id='block_1_57' title="bbox 1732 1757 3216 1832">
    <p class='ocr_par' dir='ltr' id='par_1_57' title="bbox 1732 1757 3216 1832">
     <span class='ocr_line' id='line_1_57' title="bbox 1732 1757 3216 1832; baseline -0.003 -16"><span class='ocrx_word' id='word_1_331' title='bbox 1732 1761 2161 1832; x_wconf 85' lang='lat' dir='ltr'><strong>Accenduntque</strong></span> <span class='ocrx_word' id='word_1_332' title='bbox 2191 1760 2293 1816; x_wconf 90' lang='lat' dir='ltr'><strong>viri</strong></span> <span class='ocrx_word' id='word_1_333' title='bbox 2321 1774 2432 1815; x_wconf 91' lang='lat' dir='ltr'><strong>non</strong></span> <span class='ocrx_word' id='word_1_334' title='bbox 2463 1759 2531 1814; x_wconf 90' lang='lat' dir='ltr'><strong>ad</strong></span> <span class='ocrx_word' id='word_1_335' title='bbox 2567 1774 2666 1814; x_wconf 88' lang='lat' dir='ltr'><strong>sua</strong></span> <span class='ocrx_word' id='word_1_336' title='bbox 2697 1757 2987 1814; x_wconf 88' lang='lat' dir='ltr'><strong>commoda</strong></span> <span class='ocrx_word' id='word_1_337' title='bbox 3020 1771 3216 1828; x_wconf 86' lang='lat' dir='ltr'><strong>segnes</strong></span> 
     </span>
    </p>
   </div>
   <div class='ocr_carea' id='block_1_58' title="bbox 1727 1849 3195 1925">
    <p class='ocr_par' dir='ltr' id='par_1_58' title="bbox 1727 1849 3195 1925">
     <span class='ocr_line' id='line_1_58' title="bbox 1727 1849 3195 1925; baseline -0.005 -16"><span class='ocrx_word' id='word_1_338' title='bbox 1727 1853 1832 1909; x_wconf 88' lang='lat' dir='ltr'><strong>Per</strong></span> <span class='ocrx_word' id='word_1_339' title='bbox 1849 1852 2004 1925; x_wconf 72' lang='lat' dir='ltr'><strong>iuga,</strong></span> <span class='ocrx_word' id='word_1_340' title='bbox 2032 1869 2130 1925; x_wconf 91' lang='lat' dir='ltr'><strong>per</strong></span> <span class='ocrx_word' id='word_1_341' title='bbox 2157 1867 2404 1924; x_wconf 87' lang='lat' dir='ltr'><strong>campos,</strong></span> <span class='ocrx_word' id='word_1_342' title='bbox 2428 1851 2619 1922; x_wconf 87' lang='lat' dir='ltr'><strong>plures</strong></span> <span class='ocrx_word' id='word_1_343' title='bbox 2640 1850 2995 1922; x_wconf 85' lang='lat' dir='ltr'><strong>vigilantibus</strong></span> <span class='ocrx_word' id='word_1_344' title='bbox 3018 1849 3195 1923; x_wconf 82' lang='lat' dir='ltr'><strong>ignes,</strong></span> 
     </span>
    </p>
   </div>
   <div class='ocr_carea' id='block_1_59' title="bbox 1727 1941 3212 2015">
    <p class='ocr_par' dir='ltr' id='par_1_59' title="bbox 1727 1941 3212 2015">
     <span class='ocr_line' id='line_1_59' title="bbox 1727 1941 3212 2015; baseline -0.003 -16"><span class='ocrx_word' id='word_1_345' title='bbox 1727 1943 1878 2011; x_wconf 84' lang='lat' dir='ltr'><strong>Quos</strong></span> <span class='ocrx_word' id='word_1_346' title='bbox 1905 1953 2197 2015; x_wconf 88' lang='lat' dir='ltr'><strong>postquam</strong></span> <span class='ocrx_word' id='word_1_347' title='bbox 2225 1944 2375 2002; x_wconf 88' lang='lat' dir='ltr'><strong>cives</strong></span> <span class='ocrx_word' id='word_1_348' title='bbox 2401 1945 2586 2002; x_wconf 88' lang='lat' dir='ltr'><strong>lucere</strong></span> <span class='ocrx_word' id='word_1_349' title='bbox 2611 1943 2808 2014; x_wconf 89' lang='lat' dir='ltr'><strong>procul</strong></span> <span class='ocrx_word' id='word_1_350' title='bbox 2836 1941 3212 2014; x_wconf 81' lang='lat' dir='ltr'><strong>speculantur,</strong></span> 
     </span>
    </p>
   </div>
   <div class='ocr_carea' id='block_1_60' title="bbox 1730 2034 3282 2109">
    <p class='ocr_par' dir='ltr' id='par_1_60' title="bbox 1730 2034 3282 2109">
     <span class='ocr_line' id='line_1_60' title="bbox 1730 2034 3282 2109; baseline -0.006 -16"><span class='ocrx_word' id='word_1_351' title='bbox 1730 2036 1888 2104; x_wconf 88' lang='lat' dir='ltr'><strong>Quod</strong></span> <span class='ocrx_word' id='word_1_352' title='bbox 1917 2045 2171 2094; x_wconf 88' lang='lat' dir='ltr'><strong>metuunt</strong></span> <span class='ocrx_word' id='word_1_353' title='bbox 2189 2046 2431 2108; x_wconf 87' lang='lat' dir='ltr'><strong>sperant,</strong></span> <span class='ocrx_word' id='word_1_354' title='bbox 2454 2037 2602 2109; x_wconf 90' lang='lat' dir='ltr'><strong>quod</strong></span> <span class='ocrx_word' id='word_1_355' title='bbox 2639 2045 2867 2108; x_wconf 81' lang='lat' dir='ltr'><strong>sperant</strong></span> <span class='ocrx_word' id='word_1_356' title='bbox 2895 2034 3282 2098; x_wconf 83' lang='lat' dir='ltr'><strong>vaticinantur,</strong></span> 
     </span>
    </p>
   </div>
   <div class='ocr_carea' id='block_1_61' title="bbox 1726 2128 3027 2201">
    <p class='ocr_par' dir='ltr' id='par_1_61' title="bbox 1726 2128 3027 2201">
     <span class='ocr_line' id='line_1_61' title="bbox 1726 2128 3027 2201; baseline -0.003 -15"><span class='ocrx_word' id='word_1_357' title='bbox 1726 2130 2088 2186; x_wconf 85' lang='lat' dir='ltr'><strong>Christicolas</strong></span> <span class='ocrx_word' id='word_1_358' title='bbox 2121 2130 2292 2187; x_wconf 80' lang='lat' dir='ltr'><strong>castri</strong></span> <span class='ocrx_word' id='word_1_359' title='bbox 2318 2130 2666 2201; x_wconf 90' lang='lat' dir='ltr'><strong>procinctum</strong></span> <span class='ocrx_word' id='word_1_360' title='bbox 2689 2128 3027 2195; x_wconf 82' lang='lat' dir='ltr'><strong>deseruisse,</strong></span> 
     </span>
    </p>
   </div>
   <div class='ocr_carea' id='block_1_62' title="bbox 1732 2221 2998 2293">
    <p class='ocr_par' dir='ltr' id='par_1_62' title="bbox 1732 2221 2998 2293">
     <span class='ocr_line' id='line_1_62' title="bbox 1732 2221 2998 2293; baseline -0.002 -15"><span class='ocrx_word' id='word_1_361' title='bbox 1732 2222 1892 2279; x_wconf 89' lang='lat' dir='ltr'><strong>Urbis</strong></span> <span class='ocrx_word' id='word_1_362' title='bbox 1927 2222 1995 2278; x_wconf 88' lang='lat' dir='ltr'><strong>ad</strong></span> <span class='ocrx_word' id='word_1_363' title='bbox 2026 2223 2301 2279; x_wconf 82' lang='lat' dir='ltr'><strong>excidium</strong></span> <span class='ocrx_word' id='word_1_364' title='bbox 2327 2223 2693 2293; x_wconf 86' lang='lat' dir='ltr'><strong>tentoriajam</strong></span> <span class='ocrx_word' id='word_1_365' title='bbox 2721 2221 2998 2292; x_wconf 88' lang='lat' dir='ltr'><strong>posuisse.</strong></span> 
     </span>
    </p>
   </div>
   <div class='ocr_carea' id='block_1_63' title="bbox 1726 2315 2864 2388">
    <p class='ocr_par' dir='ltr' id='par_1_63' title="bbox 1726 2315 2864 2388">
     <span class='ocr_line' id='line_1_63' title="bbox 1726 2315 2864 2388; baseline -0.002 -18"><span class='ocrx_word' id='word_1_366' title='bbox 1726 2315 1869 2388; x_wconf 83' lang='lat' dir='ltr'><strong>Ergo</strong></span> <span class='ocrx_word' id='word_1_367' title='bbox 1894 2317 2013 2372; x_wconf 90' lang='lat' dir='ltr'><strong>solo</strong></span> <span class='ocrx_word' id='word_1_368' title='bbox 2041 2324 2188 2372; x_wconf 89' lang='lat' dir='ltr'><strong>metu</strong></span> <span class='ocrx_word' id='word_1_369' title='bbox 2212 2315 2474 2387; x_wconf 88' lang='lat' dir='ltr'><strong>superati,</strong></span> <span class='ocrx_word' id='word_1_370' title='bbox 2500 2315 2864 2372; x_wconf 83' lang='lat' dir='ltr'><strong>deseruerunt</strong></span> 
     </span>
    </p>
   </div>
   <div class='ocr_carea' id='block_1_64' title="bbox 1725 2409 3096 2486">
    <p class='ocr_par' dir='ltr' id='par_1_64' title="bbox 1725 2409 3096 2486">
     <span class='ocr_line' id='line_1_64' title="bbox 1725 2409 3096 2486; baseline -0.004 -19"><span class='ocrx_word' id='word_1_371' title='bbox 1725 2412 1947 2480; x_wconf 73' lang='lat' dir='ltr'><strong>ania,</strong></span> <span class='ocrx_word' id='word_1_372' title='bbox 1979 2422 2130 2486; x_wconf 84' lang='lat' dir='ltr'><strong>terga</strong></span> <span class='ocrx_word' id='word_1_373' title='bbox 2153 2411 2319 2483; x_wconf 66' lang='lat' dir='ltr'><strong>fugae,</strong></span> <span class='ocrx_word' id='word_1_374' title='bbox 2350 2412 2501 2468; x_wconf 92' lang='lat' dir='ltr'><strong>nullo</strong></span> <span class='ocrx_word' id='word_1_375' title='bbox 2527 2422 2778 2483; x_wconf 88' lang='lat' dir='ltr'><strong>cogente,</strong></span> <span class='ocrx_word' id='word_1_376' title='bbox 2807 2409 3096 2466; x_wconf 85' lang='lat' dir='ltr'><strong>dederunt.</strong></span> 
     </span>
    </p>
   </div>
   <div class='ocr_carea' id='block_1_65' title="bbox 1727 2500 3076 2574">
    <p class='ocr_par' dir='ltr' id='par_1_65' title="bbox 1727 2500 3076 2574">
     <span class='ocr_line' id='line_1_65' title="bbox 1727 2500 3076 2574; baseline -0.004 -14"><span class='ocrx_word' id='word_1_377' title='bbox 1727 2505 1826 2561; x_wconf 87' lang='lat' dir='ltr'><strong>Ast</strong></span> <span class='ocrx_word' id='word_1_378' title='bbox 1843 2506 1937 2562; x_wconf 91' lang='lat' dir='ltr'><strong>ubi</strong></span> <span class='ocrx_word' id='word_1_379' title='bbox 1967 2505 2050 2562; x_wconf 91' lang='lat' dir='ltr'><strong>sol</strong></span> <span class='ocrx_word' id='word_1_380' title='bbox 2075 2505 2256 2572; x_wconf 90' lang='lat' dir='ltr'><strong>rediit,</strong></span> <span class='ocrx_word' id='word_1_381' title='bbox 2287 2513 2674 2574; x_wconf 88' lang='lat' dir='ltr'><strong>nocturnaque</strong></span> <span class='ocrx_word' id='word_1_382' title='bbox 2694 2502 2914 2574; x_wconf 77' lang='lat' dir='ltr'><strong>lumina</strong></span> <span class='ocrx_word' id='word_1_383' title='bbox 2941 2500 3076 2556; x_wconf 77' lang='lat' dir='ltr'><strong>texit</strong></span> 
     </span>
    </p>
   </div>
   <div class='ocr_carea' id='block_1_66' title="bbox 1729 2595 2877 2669">
    <p class='ocr_par' dir='ltr' id='par_1_66' title="bbox 1729 2595 2877 2669">
     <span class='ocr_line' id='line_1_66' title="bbox 1729 2595 2877 2669; baseline -0.003 -16"><span class='ocrx_word' id='word_1_384' title='bbox 1729 2599 1960 2662; x_wconf 84' lang='lat' dir='ltr'><strong>Lumine</strong></span> <span class='ocrx_word' id='word_1_385' title='bbox 1987 2598 2208 2669; x_wconf 85' lang='lat' dir='ltr'><strong>majori,</strong></span> <span class='ocrx_word' id='word_1_386' title='bbox 2240 2598 2448 2654; x_wconf 86' lang='lat' dir='ltr'><strong>nostris</strong></span> <span class='ocrx_word' id='word_1_387' title='bbox 2470 2598 2654 2669; x_wconf 88' lang='lat' dir='ltr'><strong>ignota</strong></span> <span class='ocrx_word' id='word_1_388' title='bbox 2678 2595 2877 2652; x_wconf 83' lang='lat' dir='ltr'><strong>retexit</strong></span> 
     </span>
    </p>
   </div>
   <div class='ocr_carea' id='block_1_67' title="bbox 1731 2686 3254 2764">
    <p class='ocr_par' dir='ltr' id='par_1_67' title="bbox 1731 2686 3254 2764">
     <span class='ocr_line' id='line_1_67' title="bbox 1731 2686 3254 2764; baseline -0.005 -16"><span class='ocrx_word' id='word_1_389' title='bbox 1731 2692 1965 2758; x_wconf 85' lang='lat' dir='ltr'><strong>Gaudia,</strong></span> <span class='ocrx_word' id='word_1_390' title='bbox 1987 2708 2130 2764; x_wconf 80' lang='lat' dir='ltr'><strong>quos</strong></span> <span class='ocrx_word' id='word_1_391' title='bbox 2154 2695 2400 2750; x_wconf 85' lang='lat' dir='ltr'><strong>subitum</strong></span> <span class='ocrx_word' id='word_1_392' title='bbox 2426 2709 2654 2764; x_wconf 87' lang='lat' dir='ltr'><strong>regnum</strong></span> <span class='ocrx_word' id='word_1_393' title='bbox 2680 2707 2789 2747; x_wconf 91' lang='lat' dir='ltr'><strong>non</strong></span> <span class='ocrx_word' id='word_1_394' title='bbox 2813 2703 2995 2761; x_wconf 89' lang='lat' dir='ltr'><strong>pugna</strong></span> <span class='ocrx_word' id='word_1_395' title='bbox 3018 2686 3254 2742; x_wconf 83' lang='lat' dir='ltr'><strong>vocabat</strong></span> 
     </span>
    </p>
   </div>
   <div class='ocr_carea' id='block_1_68' title="bbox 1727 2781 3088 2857">
    <p class='ocr_par' dir='ltr' id='par_1_68' title="bbox 1727 2781 3088 2857">
     <span class='ocr_line' id='line_1_68' title="bbox 1727 2781 3088 2857; baseline -0.004 -17"><span class='ocrx_word' id='word_1_396' title='bbox 1727 2785 2056 2856; x_wconf 79' lang='lat' dir='ltr'><strong>Exspectata</strong></span> <span class='ocrx_word' id='word_1_397' title='bbox 2085 2786 2204 2856; x_wconf 91' lang='lat' dir='ltr'><strong>diu,</strong></span> <span class='ocrx_word' id='word_1_398' title='bbox 2222 2787 2428 2857; x_wconf 90' lang='lat' dir='ltr'><strong>quibus</strong></span> <span class='ocrx_word' id='word_1_399' title='bbox 2449 2786 2584 2842; x_wconf 88' lang='lat' dir='ltr'><strong>urbs</strong></span> <span class='ocrx_word' id='word_1_400' title='bbox 2614 2785 2819 2841; x_wconf 81' lang='lat' dir='ltr'><strong>servire</strong></span> <span class='ocrx_word' id='word_1_401' title='bbox 2841 2781 3088 2852; x_wconf 86' lang='lat' dir='ltr'><strong>parabat.</strong></span> 
     </span>
    </p>
   </div>
   <div class='ocr_carea' id='block_1_69' title="bbox 1726 2870 3284 2951">
    <p class='ocr_par' dir='ltr' id='par_1_69' title="bbox 1726 2870 3284 2951">
     <span class='ocr_line' id='line_1_69' title="bbox 1726 2870 3284 2951; baseline -0.007 -18"><span class='ocrx_word' id='word_1_402' title='bbox 1726 2877 1927 2934; x_wconf 86' lang='lat' dir='ltr'><strong>Parthe</strong></span> <span class='ocrx_word' id='word_1_403' title='bbox 1957 2879 2146 2951; x_wconf 79' lang='lat' dir='ltr'><strong>fugax,</strong></span> <span class='ocrx_word' id='word_1_404' title='bbox 2173 2879 2268 2936; x_wconf 90' lang='lat' dir='ltr'><strong>ubi</strong></span> <span class='ocrx_word' id='word_1_405' title='bbox 2291 2894 2494 2951; x_wconf 89' lang='lat' dir='ltr'><strong>magna</strong></span> <span class='ocrx_word' id='word_1_406' title='bbox 2529 2878 2710 2948; x_wconf 87' lang='lat' dir='ltr'><strong>magis</strong></span> <span class='ocrx_word' id='word_1_407' title='bbox 2739 2873 3006 2932; x_wconf 84' lang='lat' dir='ltr'><strong>miracula</strong></span> <span class='ocrx_word' id='word_1_408' title='bbox 3032 2870 3284 2943; x_wconf 68' lang='lat' dir='ltr'><strong>quaeres?</strong></span> 
     </span>
    </p>
   </div>
   <div class='ocr_carea' id='block_1_70' title="bbox 1725 2966 3108 3028">
    <p class='ocr_par' dir='ltr' id='par_1_70' title="bbox 1725 2966 3108 3028">
     <span class='ocr_line' id='line_1_70' title="bbox 1725 2966 3108 3028; baseline -0.004 -4"><span class='ocrx_word' id='word_1_409' title='bbox 1725 2970 1947 3026; x_wconf 84' lang='lat' dir='ltr'><strong>Advena</strong></span> <span class='ocrx_word' id='word_1_410' title='bbox 1974 2985 2099 3027; x_wconf 89' lang='lat' dir='ltr'><strong>sero</strong></span> <span class='ocrx_word' id='word_1_411' title='bbox 2125 2978 2252 3026; x_wconf 91' lang='lat' dir='ltr'><strong>tuus</strong></span> <span class='ocrx_word' id='word_1_412' title='bbox 2280 2971 2457 3028; x_wconf 84' lang='lat' dir='ltr'><strong>hostis</strong></span> <span class='ocrx_word' id='word_1_413' title='bbox 2485 2969 2652 3025; x_wconf 91' lang='lat' dir='ltr'><strong>modo</strong></span> <span class='ocrx_word' id='word_1_414' title='bbox 2676 2971 2736 3024; x_wconf 81' lang='lat' dir='ltr'><strong>fit</strong></span> <span class='ocrx_word' id='word_1_415' title='bbox 2760 2975 2890 3022; x_wconf 91' lang='lat' dir='ltr'><strong>tuus</strong></span> <span class='ocrx_word' id='word_1_416' title='bbox 2911 2966 3108 3020; x_wconf 63' lang='lat' dir='ltr'><strong>haeres.</strong></span> 
     </span>
    </p>
   </div>
   <div class='ocr_carea' id='block_1_71' title="bbox 1728 3059 3032 3122">
    <p class='ocr_par' dir='ltr' id='par_1_71' title="bbox 1728 3059 3032 3122">
     <span class='ocr_line' id='line_1_71' title="bbox 1728 3059 3032 3122; baseline -0.005 -3"><span class='ocrx_word' id='word_1_417' title='bbox 1728 3063 1940 3120; x_wconf 81' lang='lat' dir='ltr'><strong>Suﬂicit</strong></span> <span class='ocrx_word' id='word_1_418' title='bbox 1965 3064 2082 3120; x_wconf 64' lang='lat' dir='ltr'><strong>haec</strong></span> <span class='ocrx_word' id='word_1_419' title='bbox 2109 3064 2258 3122; x_wconf 87' lang='lat' dir='ltr'><strong>acies</strong></span> <span class='ocrx_word' id='word_1_420' title='bbox 2288 3063 2479 3120; x_wconf 90' lang='lat' dir='ltr'><strong>multis</strong></span> <span class='ocrx_word' id='word_1_421' title='bbox 2497 3078 2606 3118; x_wconf 89' lang='lat' dir='ltr'><strong>non</strong></span> <span class='ocrx_word' id='word_1_422' title='bbox 2639 3062 2813 3118; x_wconf 87' lang='lat' dir='ltr'><strong>multa</strong></span> <span class='ocrx_word' id='word_1_423' title='bbox 2835 3059 3032 3114; x_wconf 88' lang='lat' dir='ltr'><strong>ruinis.</strong></span> 
     </span>
    </p>
   </div>
   <div class='ocr_carea' id='block_1_72' title="bbox 1653 3151 3112 3232">
    <p class='ocr_par' dir='ltr' id='par_1_72' title="bbox 1653 3151 3112 3232">
     <span class='ocr_line' id='line_1_72' title="bbox 1653 3151 3112 3232; baseline -0.005 -20"><span class='ocrx_word' id='word_1_424' title='bbox 1653 3176 1694 3232; x_wconf 71' lang='grc' dir='ltr'><strong><em>ε</em></strong></span> <span class='ocrx_word' id='word_1_425' title='bbox 1728 3156 1825 3214; x_wconf 81' lang='lat' dir='ltr'><strong>Est</strong></span> <span class='ocrx_word' id='word_1_426' title='bbox 1852 3165 1908 3212; x_wconf 88' lang='lat' dir='ltr'><strong>et</strong></span> <span class='ocrx_word' id='word_1_427' title='bbox 1939 3160 2009 3216; x_wconf 90' lang='lat' dir='ltr'><strong>ab</strong></span> <span class='ocrx_word' id='word_1_428' title='bbox 2031 3156 2267 3214; x_wconf 87' lang='lat' dir='ltr'><strong>Archois</strong></span> <span class='ocrx_word' id='word_1_429' title='bbox 2298 3165 2382 3212; x_wconf 85' lang='lat' dir='ltr'><strong>ter</strong></span> <span class='ocrx_word' id='word_1_430' title='bbox 2410 3170 2563 3212; x_wconf 88' lang='lat' dir='ltr'><strong>mors</strong></span> <span class='ocrx_word' id='word_1_431' title='bbox 2599 3155 2846 3210; x_wconf 80' lang='lat' dir='ltr'><strong>immissa</strong></span> <span class='ocrx_word' id='word_1_432' title='bbox 2876 3151 3112 3232; x_wconf 83' lang='lat' dir='ltr'><strong>pruinis.</strong></span> 
     </span>
    </p>
   </div>
   <div class='ocr_carea' id='block_1_73' title="bbox 1735 3247 2857 3321">
    <p class='ocr_par' dir='ltr' id='par_1_73' title="bbox 1735 3247 2857 3321">
     <span class='ocr_line' id='line_1_73' title="bbox 1735 3247 2857 3321; baseline -0.004 -15"><span class='ocrx_word' id='word_1_433' title='bbox 1735 3250 1878 3309; x_wconf 90' lang='lat' dir='ltr'><strong>Urbe</strong></span> <span class='ocrx_word' id='word_1_434' title='bbox 1908 3251 2013 3307; x_wconf 89' lang='lat' dir='ltr'><strong>viri</strong></span> <span class='ocrx_word' id='word_1_435' title='bbox 2039 3250 2210 3308; x_wconf 81' lang='lat' dir='ltr'><strong>fortes</strong></span> <span class='ocrx_word' id='word_1_436' title='bbox 2239 3250 2519 3321; x_wconf 87' lang='lat' dir='ltr'><strong>insperata</strong></span> <span class='ocrx_word' id='word_1_437' title='bbox 2549 3247 2857 3320; x_wconf 87' lang='lat' dir='ltr'><strong>potiuntur,</strong></span> 
     </span>
    </p>
   </div>
   <div class='ocr_carea' id='block_1_74' title="bbox 1731 3341 2966 3416">
    <p class='ocr_par' dir='ltr' id='par_1_74' title="bbox 1731 3341 2966 3416">
     <span class='ocr_line' id='line_1_74' title="bbox 1731 3341 2966 3416; baseline -0.005 -17"><span class='ocrx_word' id='word_1_438' title='bbox 1731 3344 1970 3402; x_wconf 79' lang='lat' dir='ltr'><strong>Hostiles</strong></span> <span class='ocrx_word' id='word_1_439' title='bbox 1995 3355 2182 3416; x_wconf 88' lang='lat' dir='ltr'><strong>portas</strong></span> <span class='ocrx_word' id='word_1_440' title='bbox 2210 3343 2370 3415; x_wconf 87' lang='lat' dir='ltr'><strong>quasi</strong></span> <span class='ocrx_word' id='word_1_441' title='bbox 2389 3343 2541 3399; x_wconf 80' lang='lat' dir='ltr'><strong>cives</strong></span> <span class='ocrx_word' id='word_1_442' title='bbox 2563 3341 2966 3414; x_wconf 87' lang='lat' dir='ltr'><strong>ingrediuntur.</strong></span> 
     </span>
    </p>
   </div>
   <div class='ocr_carea' id='block_1_75' title="bbox 1729 3432 3039 3510">
    <p class='ocr_par' dir='ltr' id='par_1_75' title="bbox 1729 3432 3039 3510">
     <span class='ocr_line' id='line_1_75' title="bbox 1729 3432 3039 3510; baseline -0.007 -16"><span class='ocrx_word' id='word_1_443' title='bbox 1729 3439 1878 3494; x_wconf 86' lang='lat' dir='ltr'><strong>Bella</strong></span> <span class='ocrx_word' id='word_1_444' title='bbox 1907 3438 2053 3494; x_wconf 89' lang='lat' dir='ltr'><strong>Deus</strong></span> <span class='ocrx_word' id='word_1_445' title='bbox 2077 3454 2178 3510; x_wconf 91' lang='lat' dir='ltr'><strong>pro</strong></span> <span class='ocrx_word' id='word_1_446' title='bbox 2211 3445 2374 3508; x_wconf 88' lang='lat' dir='ltr'><strong>gente</strong></span> <span class='ocrx_word' id='word_1_447' title='bbox 2394 3451 2495 3493; x_wconf 88' lang='lat' dir='ltr'><strong>sua</strong></span> <span class='ocrx_word' id='word_1_448' title='bbox 2521 3443 2730 3492; x_wconf 86' lang='lat' dir='ltr'><strong>secreta</strong></span> <span class='ocrx_word' id='word_1_449' title='bbox 2762 3432 3039 3496; x_wconf 87' lang='lat' dir='ltr'><strong>movebat,</strong></span> 
     </span>
    </p>
   </div>
   <div class='ocr_carea' id='block_1_76' title="bbox 1731 3521 3216 3601">
    <p class='ocr_par' dir='ltr' id='par_1_76' title="bbox 1731 3521 3216 3601">
     <span class='ocr_line' id='line_1_76' title="bbox 1731 3521 3216 3601; baseline -0.006 -18"><span class='ocrx_word' id='word_1_450' title='bbox 1731 3529 1998 3585; x_wconf 79' lang='lat' dir='ltr'><strong>Militibus</strong></span> <span class='ocrx_word' id='word_1_451' title='bbox 2025 3545 2249 3601; x_wconf 89' lang='lat' dir='ltr'><strong>quoque</strong></span> <span class='ocrx_word' id='word_1_452' title='bbox 2277 3529 2425 3584; x_wconf 87' lang='lat' dir='ltr'><strong>viam</strong></span> <span class='ocrx_word' id='word_1_453' title='bbox 2463 3528 2574 3582; x_wconf 78' lang='lat' dir='ltr'><strong>dux</strong></span> <span class='ocrx_word' id='word_1_454' title='bbox 2609 3526 2848 3596; x_wconf 64' lang='lat' dir='ltr'><strong>praevius</strong></span> <span class='ocrx_word' id='word_1_455' title='bbox 2872 3521 3216 3593; x_wconf 80' lang='lat' dir='ltr'><strong>expediebat,</strong></span> 
     </span>
    </p>
   </div>
   <div class='ocr_carea' id='block_1_77' title="bbox 1729 3615 3140 3691">
    <p class='ocr_par' dir='ltr' id='par_1_77' title="bbox 1729 3615 3140 3691">
     <span class='ocr_line' id='line_1_77' title="bbox 1729 3615 3140 3691; baseline -0.007 -17"><span class='ocrx_word' id='word_1_456' title='bbox 1729 3619 1941 3691; x_wconf 88' lang='lat' dir='ltr'><strong>Datque</strong></span> <span class='ocrx_word' id='word_1_457' title='bbox 1967 3619 2085 3675; x_wconf 88' lang='lat' dir='ltr'><strong>suis</strong></span> <span class='ocrx_word' id='word_1_458' title='bbox 2116 3633 2314 3674; x_wconf 90' lang='lat' dir='ltr'><strong>aurum</strong></span> <span class='ocrx_word' id='word_1_459' title='bbox 2352 3617 2567 3673; x_wconf 82' lang='lat' dir='ltr'><strong>telluris</strong></span> <span class='ocrx_word' id='word_1_460' title='bbox 2591 3615 2659 3671; x_wconf 89' lang='lat' dir='ltr'><strong>ad</strong></span> <span class='ocrx_word' id='word_1_461' title='bbox 2693 3616 2804 3670; x_wconf 83' lang='lat' dir='ltr'><strong>ima</strong></span> <span class='ocrx_word' id='word_1_462' title='bbox 2839 3621 3140 3676; x_wconf 88' lang='lat' dir='ltr'><strong>retrusum,</strong></span> 
     </span>
    </p>
   </div>
   <div class='ocr_carea' id='block_1_78' title="bbox 1725 3701 3268 3778">
    <p class='ocr_par' dir='ltr' id='par_1_78' title="bbox 1725 3701 3268 3778">
     <span class='ocr_line' id='line_1_78' title="bbox 1725 3701 3268 3778; baseline -0.005 -17"><span class='ocrx_word' id='word_1_463' title='bbox 1725 3706 1837 3764; x_wconf 86' lang='lat' dir='ltr'><strong>Nec</strong></span> <span class='ocrx_word' id='word_1_464' title='bbox 1867 3707 2178 3764; x_wconf 89' lang='lat' dir='ltr'><strong>cumularat</strong></span> <span class='ocrx_word' id='word_1_465' title='bbox 2207 3722 2340 3778; x_wconf 90' lang='lat' dir='ltr'><strong>opes</strong></span> <span class='ocrx_word' id='word_1_466' title='bbox 2369 3715 2686 3762; x_wconf 89' lang='lat' dir='ltr'><strong>nostrorum</strong></span> <span class='ocrx_word' id='word_1_467' title='bbox 2724 3703 2962 3758; x_wconf 86' lang='lat' dir='ltr'><strong>Parthus</strong></span> <span class='ocrx_word' id='word_1_468' title='bbox 2986 3701 3056 3756; x_wconf 87' lang='lat' dir='ltr'><strong>ad</strong></span> <span class='ocrx_word' id='word_1_469' title='bbox 3078 3716 3268 3767; x_wconf 88' lang='lat' dir='ltr'><strong>usum,</strong></span> 
     </span>
    </p>
   </div>
   <div class='ocr_carea' id='block_1_79' title="bbox 1725 3797 3110 3866">
    <p class='ocr_par' dir='ltr' id='par_1_79' title="bbox 1725 3797 3110 3866">
     <span class='ocr_line' id='line_1_79' title="bbox 1725 3797 3110 3866; baseline -0.003 -12"><span class='ocrx_word' id='word_1_470' title='bbox 1725 3800 1867 3856; x_wconf 89' lang='lat' dir='ltr'><strong>Dum</strong></span> <span class='ocrx_word' id='word_1_471' title='bbox 1897 3809 2144 3856; x_wconf 90' lang='lat' dir='ltr'><strong>castrum</strong></span> <span class='ocrx_word' id='word_1_472' title='bbox 2169 3808 2318 3856; x_wconf 90' lang='lat' dir='ltr'><strong>tenet</strong></span> <span class='ocrx_word' id='word_1_473' title='bbox 2343 3798 2582 3866; x_wconf 90' lang='lat' dir='ltr'><strong>obsidio,</strong></span> <span class='ocrx_word' id='word_1_474' title='bbox 2619 3797 2792 3853; x_wconf 90' lang='lat' dir='ltr'><strong>nostri</strong></span> <span class='ocrx_word' id='word_1_475' title='bbox 2815 3803 3110 3850; x_wconf 89' lang='lat' dir='ltr'><strong>tenuerunt</strong></span> 
     </span>
    </p>
   </div>
   <div class='ocr_carea' id='block_1_80' title="bbox 1731 3884 3178 3960">
    <p class='ocr_par' dir='ltr' id='par_1_80' title="bbox 1731 3884 3178 3960">
     <span class='ocr_line' id='line_1_80' title="bbox 1731 3884 3178 3960; baseline -0.007 -15"><span class='ocrx_word' id='word_1_476' title='bbox 1731 3889 1885 3946; x_wconf 88' lang='lat' dir='ltr'><strong>llanc</strong></span> <span class='ocrx_word' id='word_1_477' title='bbox 1909 3891 2124 3958; x_wconf 89' lang='lat' dir='ltr'><strong>urbem,</strong></span> <span class='ocrx_word' id='word_1_478' title='bbox 2156 3897 2488 3960; x_wconf 88' lang='lat' dir='ltr'><strong>portumque</strong></span> <span class='ocrx_word' id='word_1_479' title='bbox 2518 3895 2668 3942; x_wconf 88' lang='lat' dir='ltr'><strong>rates</strong></span> <span class='ocrx_word' id='word_1_480' title='bbox 2698 3886 2808 3941; x_wconf 89' lang='lat' dir='ltr'><strong>illic</strong></span> <span class='ocrx_word' id='word_1_481' title='bbox 2846 3884 3178 3938; x_wconf 88' lang='lat' dir='ltr'><strong>habuerunt.</strong></span> 
     </span>
    </p>
   </div>
   <div class='ocr_carea' id='block_1_81' title="bbox 1733 3975 3146 4055">
    <p class='ocr_par' dir='ltr' id='par_1_81' title="bbox 1733 3975 3146 4055">
     <span class='ocr_line' id='line_1_81' title="bbox 1733 3975 3146 4055; baseline -0.005 -18"><span class='ocrx_word' id='word_1_482' title='bbox 1733 3982 1848 4039; x_wconf 81' lang='lat' dir='ltr'><strong>Rex</strong></span> <span class='ocrx_word' id='word_1_483' title='bbox 1869 3997 2090 4055; x_wconf 88' lang='lat' dir='ltr'><strong>quoque</strong></span> <span class='ocrx_word' id='word_1_484' title='bbox 2110 3981 2380 4038; x_wconf 73' lang='lat' dir='ltr'><strong>Miracleze</strong></span> <span class='ocrx_word' id='word_1_485' title='bbox 2401 3980 2606 4036; x_wconf 90' lang='lat' dir='ltr'><strong>nostris</strong></span> <span class='ocrx_word' id='word_1_486' title='bbox 2631 3979 2853 4036; x_wconf 80' lang='lat' dir='ltr'><strong>obStare</strong></span> <span class='ocrx_word' id='word_1_487' title='bbox 2878 3975 3146 4047; x_wconf 86' lang='lat' dir='ltr'><strong>nequivit,</strong></span> 
     </span>
    </p>
   </div>
   <div class='ocr_carea' id='block_1_82' title="bbox 1732 4069 3034 4148">
    <p class='ocr_par' dir='ltr' id='par_1_82' title="bbox 1732 4069 3034 4148">
     <span class='ocr_line' id='line_1_82' title="bbox 1732 4069 3034 4148; baseline -0.006 -16"><span class='ocrx_word' id='word_1_488' title='bbox 1732 4076 1996 4148; x_wconf 86' lang='lat' dir='ltr'><strong>Collaque</strong></span> <span class='ocrx_word' id='word_1_489' title='bbox 2023 4075 2354 4133; x_wconf 87' lang='lat' dir='ltr'><strong>submittens</strong></span> <span class='ocrx_word' id='word_1_490' title='bbox 2379 4081 2626 4147; x_wconf 86' lang='lat' dir='ltr'><strong>optatum</strong></span> <span class='ocrx_word' id='word_1_491' title='bbox 2649 4071 2833 4130; x_wconf 63' lang='lat' dir='ltr'><strong>foedus</strong></span> <span class='ocrx_word' id='word_1_492' title='bbox 2859 4069 3034 4126; x_wconf 86' lang='lat' dir='ltr'><strong>inivit.</strong></span> 
     </span>
    </p>
   </div>
   <div class='ocr_carea' id='block_1_83' title="bbox 1310 4445 2064 4528">
    <p class='ocr_par' dir='ltr' id='par_1_83' title="bbox 1310 4445 2064 4528">
     <span class='ocr_line' id='line_1_83' title="bbox 1310 4445 2064 4528; baseline 0.003 -4"><span class='ocrx_word' id='word_1_493' title='bbox 1310 4445 1609 4525; x_wconf 82' lang='lat' dir='ltr'><strong>LIBER</strong></span> <span class='ocrx_word' id='word_1_494' title='bbox 1645 4446 2064 4528; x_wconf 85' lang='lat' dir='ltr'><strong>SEXTUS.</strong></span> 
     </span>
    </p>
   </div>
   <div class='ocr_carea' id='block_1_84' title="bbox 385 4643 1252 4718">
    <p class='ocr_par' dir='ltr' id='par_1_84' title="bbox 385 4643 1252 4718">
     <span class='ocr_line' id='line_1_84' title="bbox 385 4643 1252 4718; baseline -0.005 -12"><span class='ocrx_word' id='word_1_495' title='bbox 385 4648 680 4707; x_wconf 84' lang='lat' dir='ltr'><strong>Gibellum</strong></span> <span class='ocrx_word' id='word_1_496' title='bbox 707 4647 968 4703; x_wconf 78' lang='lat' dir='ltr'><strong>obsidione</strong></span> <span class='ocrx_word' id='word_1_497' title='bbox 998 4643 1252 4718; x_wconf 82' lang='lat' dir='ltr'><strong>cingitur.</strong></span> 
     </span>
    </p>
   </div>
   <div class='ocr_carea' id='block_1_85' title="bbox 54 4740 1461 4812">
    <p class='ocr_par' dir='ltr' id='par_1_85' title="bbox 54 4740 1461 4812">
     <span class='ocr_line' id='line_1_85' title="bbox 54 4740 1461 4812; baseline 0.001 -17"><span class='ocrx_word' id='word_1_498' title='bbox 54 4740 149 4797; x_wconf 66' lang='lat' dir='ltr'><strong>iam</strong></span> <span class='ocrx_word' id='word_1_499' title='bbox 173 4742 300 4800; x_wconf 90' lang='lat' dir='ltr'><strong>duce</strong></span> <span class='ocrx_word' id='word_1_500' title='bbox 325 4745 604 4800; x_wconf 86' lang='lat' dir='ltr'><strong>materia.</strong></span> <span class='ocrx_word' id='word_1_501' title='bbox 641 4741 797 4811; x_wconf 84' lang='lat' dir='ltr'><strong>cujus</strong></span> <span class='ocrx_word' id='word_1_502' title='bbox 828 4757 955 4811; x_wconf 88' lang='lat' dir='ltr'><strong>pars</strong></span> <span class='ocrx_word' id='word_1_503' title='bbox 990 4756 1189 4812; x_wconf 88' lang='lat' dir='ltr'><strong>magna</strong></span> <span class='ocrx_word' id='word_1_504' title='bbox 1221 4748 1461 4810; x_wconf 87' lang='lat' dir='ltr'><strong>peracta,</strong></span> 
     </span>
    </p>
   </div>
   <div class='ocr_carea' id='block_1_86' title="bbox 55 4831 1440 4908">
    <p class='ocr_par' dir='ltr' id='par_1_86' title="bbox 55 4831 1440 4908">
     <span class='ocr_line' id='line_1_86' title="bbox 55 4831 1440 4908; baseline 0.001 -23"><span class='ocrx_word' id='word_1_505' title='bbox 55 4831 339 4904; x_wconf 87' lang='lat' dir='ltr'><strong>lnspicimns</strong></span> <span class='ocrx_word' id='word_1_506' title='bbox 360 4837 610 4908; x_wconf 88' lang='lat' dir='ltr'><strong>propius</strong></span> <span class='ocrx_word' id='word_1_507' title='bbox 646 4843 883 4904; x_wconf 89' lang='lat' dir='ltr'><strong>portum,</strong></span> <span class='ocrx_word' id='word_1_508' title='bbox 917 4835 1193 4904; x_wconf 80' lang='lat' dir='ltr'><strong>finemque</strong></span> <span class='ocrx_word' id='word_1_509' title='bbox 1212 4831 1440 4889; x_wconf 89' lang='lat' dir='ltr'><strong>laboris.</strong></span> 
     </span>
    </p>
   </div>
   <div class='ocr_carea' id='block_1_87' title="bbox 56 4924 1268 5000">
    <p class='ocr_par' dir='ltr' id='par_1_87' title="bbox 56 4924 1268 5000">
     <span class='ocr_line' id='line_1_87' title="bbox 56 4924 1268 5000; baseline 0.001 -21"><span class='ocrx_word' id='word_1_510' title='bbox 56 4924 284 4985; x_wconf 84' lang='lat' dir='ltr'><strong>Obscurat</strong></span> <span class='ocrx_word' id='word_1_511' title='bbox 304 4929 491 4986; x_wconf 87' lang='lat' dir='ltr'><strong>fateor</strong></span> <span class='ocrx_word' id='word_1_512' title='bbox 515 4926 752 5000; x_wconf 87' lang='lat' dir='ltr'><strong>puerilis</strong></span> <span class='ocrx_word' id='word_1_513' title='bbox 778 4926 976 4997; x_wconf 82' lang='lat' dir='ltr'><strong>pagina</strong></span> <span class='ocrx_word' id='word_1_514' title='bbox 1007 4925 1268 4997; x_wconf 83' lang='lat' dir='ltr'><strong>grandem</strong></span> 
     </span>
    </p>
   </div>
   <div class='ocr_carea' id='block_1_88' title="bbox 56 5017 1492 5093">
    <p class='ocr_par' dir='ltr' id='par_1_88' title="bbox 56 5017 1492 5093">
     <span class='ocr_line' id='line_1_88' title="bbox 56 5017 1492 5093; baseline 0 -21"><span class='ocrx_word' id='word_1_515' title='bbox 56 5019 334 5089; x_wconf 80' lang='lat' dir='ltr'><strong>Historiam,</strong></span> <span class='ocrx_word' id='word_1_516' title='bbox 365 5024 644 5093; x_wconf 84' lang='lat' dir='ltr'><strong>viresque</strong></span> <span class='ocrx_word' id='word_1_517' title='bbox 666 5020 811 5074; x_wconf 83' lang='lat' dir='ltr'><strong>leves</strong></span> <span class='ocrx_word' id='word_1_518' title='bbox 832 5034 973 5075; x_wconf 91' lang='lat' dir='ltr'><strong>onus</strong></span> <span class='ocrx_word' id='word_1_519' title='bbox 1003 5027 1268 5090; x_wconf 82' lang='lat' dir='ltr'><strong>aggravat</strong></span> <span class='ocrx_word' id='word_1_520' title='bbox 1290 5017 1492 5089; x_wconf 90' lang='lat' dir='ltr'><strong>ipsum.</strong></span> 
     </span>
    </p>
   </div>
   <div class='ocr_carea' id='block_1_89' title="bbox 55 5111 1479 5186">
    <p class='ocr_par' dir='ltr' id='par_1_89' title="bbox 55 5111 1479 5186">
     <span class='ocr_line' id='line_1_89' title="bbox 55 5111 1479 5186; baseline -0.001 -18"><span class='ocrx_word' id='word_1_521' title='bbox 55 5113 179 5179; x_wconf 87' lang='lat' dir='ltr'><strong>Quod</strong></span> <span class='ocrx_word' id='word_1_522' title='bbox 205 5125 386 5172; x_wconf 88' lang='lat' dir='ltr'><strong>tamen</strong></span> <span class='ocrx_word' id='word_1_523' title='bbox 412 5115 653 5186; x_wconf 65' lang='lat' dir='ltr'><strong>incoepi,</strong></span> <span class='ocrx_word' id='word_1_524' title='bbox 686 5113 778 5170; x_wconf 89' lang='lat' dir='ltr'><strong>sed</strong></span> <span class='ocrx_word' id='word_1_525' title='bbox 811 5129 920 5169; x_wconf 90' lang='lat' dir='ltr'><strong>non</strong></span> <span class='ocrx_word' id='word_1_526' title='bbox 952 5128 1064 5185; x_wconf 89' lang='lat' dir='ltr'><strong>quo</strong></span> <span class='ocrx_word' id='word_1_527' title='bbox 1095 5111 1316 5169; x_wconf 88' lang='lat' dir='ltr'><strong>tramite</strong></span> <span class='ocrx_word' id='word_1_528' title='bbox 1338 5113 1479 5184; x_wconf 63' lang='lat' dir='ltr'><strong>coepi</strong></span> 
     </span>
    </p>
   </div>
   <div class='ocr_carea' id='block_1_90' title="bbox 55 5205 1550 5279">
    <p class='ocr_par' dir='ltr' id='par_1_90' title="bbox 55 5205 1550 5279">
     <span class='ocr_line' id='line_1_90' title="bbox 55 5205 1550 5279; baseline -0.001 -16"><span class='ocrx_word' id='word_1_529' title='bbox 55 5208 335 5279; x_wconf 74' lang='lat' dir='ltr'><strong>Aggrediar,</strong></span> <span class='ocrx_word' id='word_1_530' title='bbox 367 5221 720 5278; x_wconf 87' lang='lat' dir='ltr'><strong>sensumque</strong></span> <span class='ocrx_word' id='word_1_531' title='bbox 747 5222 966 5277; x_wconf 84' lang='lat' dir='ltr'><strong>sequar,</strong></span> <span class='ocrx_word' id='word_1_532' title='bbox 994 5221 1104 5261; x_wconf 90' lang='lat' dir='ltr'><strong>non</strong></span> <span class='ocrx_word' id='word_1_533' title='bbox 1136 5205 1303 5262; x_wconf 89' lang='lat' dir='ltr'><strong>verba</strong></span> <span class='ocrx_word' id='word_1_534' title='bbox 1327 5220 1550 5272; x_wconf 89' lang='lat' dir='ltr'><strong>sonora,</strong></span> 
     </span>
    </p>
   </div>
   <div class='ocr_carea' id='block_1_91' title="bbox 53 5295 1287 5372">
    <p class='ocr_par' dir='ltr' id='par_1_91' title="bbox 53 5295 1287 5372">
     <span class='ocr_line' id='line_1_91' title="bbox 53 5295 1287 5372; baseline 0.001 -21"><span class='ocrx_word' id='word_1_535' title='bbox 53 5295 140 5354; x_wconf 80' lang='lat' dir='ltr'><strong>Nec</strong></span> <span class='ocrx_word' id='word_1_536' title='bbox 156 5303 324 5372; x_wconf 89' lang='lat' dir='ltr'><strong>patiar</strong></span> <span class='ocrx_word' id='word_1_537' title='bbox 345 5299 494 5358; x_wconf 70' lang='lat' dir='ltr'><strong>finies</strong></span> <span class='ocrx_word' id='word_1_538' title='bbox 527 5299 641 5355; x_wconf 86' lang='lat' dir='ltr'><strong>sibi</strong></span> <span class='ocrx_word' id='word_1_539' title='bbox 666 5299 993 5369; x_wconf 90' lang='lat' dir='ltr'><strong>respondere</strong></span> <span class='ocrx_word' id='word_1_540' title='bbox 1017 5298 1287 5365; x_wconf 84' lang='lat' dir='ltr'><strong>vicissim,</strong></span> 
     </span>
    </p>
   </div>
   <div class='ocr_carea' id='block_1_92' title="bbox 55 5388 1267 5456">
    <p class='ocr_par' dir='ltr' id='par_1_92' title="bbox 55 5388 1267 5456">
     <span class='ocr_line' id='line_1_92' title="bbox 55 5388 1267 5456; baseline 0.002 -15"><span class='ocrx_word' id='word_1_541' title='bbox 55 5388 232 5449; x_wconf 85' lang='lat' dir='ltr'><strong>Pruriet</strong></span> <span class='ocrx_word' id='word_1_542' title='bbox 249 5403 303 5450; x_wconf 89' lang='lat' dir='ltr'><strong>et</strong></span> <span class='ocrx_word' id='word_1_543' title='bbox 326 5392 472 5449; x_wconf 88' lang='lat' dir='ltr'><strong>nulli</strong></span> <span class='ocrx_word' id='word_1_544' title='bbox 506 5389 812 5446; x_wconf 88' lang='lat' dir='ltr'><strong>modulatio</strong></span> <span class='ocrx_word' id='word_1_545' title='bbox 833 5388 1096 5446; x_wconf 90' lang='lat' dir='ltr'><strong>carminis</strong></span> <span class='ocrx_word' id='word_1_546' title='bbox 1123 5391 1267 5456; x_wconf 89' lang='lat' dir='ltr'><strong>auri,</strong></span> 
     </span>
    </p>
   </div>
   <div class='ocr_carea' id='block_1_93' title="bbox 54 5480 1620 5556">
    <p class='ocr_par' dir='ltr' id='par_1_93' title="bbox 54 5480 1620 5556">
     <span class='ocr_line' id='line_1_93' title="bbox 54 5480 1620 5556; baseline 0.003 -21"><span class='ocrx_word' id='word_1_547' title='bbox 54 5481 280 5556; x_wconf 84' lang='lat' dir='ltr'><strong>Quodque</strong></span> <span class='ocrx_word' id='word_1_548' title='bbox 316 5481 693 5541; x_wconf 85' lang='lat' dir='ltr'><strong>coarctabant</strong></span> <span class='ocrx_word' id='word_1_549' title='bbox 740 5480 966 5537; x_wconf 89' lang='lat' dir='ltr'><strong>humilis</strong></span> <span class='ocrx_word' id='word_1_550' title='bbox 1007 5483 1183 5554; x_wconf 83' lang='lat' dir='ltr'><strong>stylus</strong></span> <span class='ocrx_word' id='word_1_551' title='bbox 1228 5490 1283 5540; x_wconf 88' lang='lat' dir='ltr'><strong>et</strong></span> <span class='ocrx_word' id='word_1_552' title='bbox 1315 5483 1452 5538; x_wconf 85' lang='lat' dir='ltr'><strong>rude</strong></span> <span class='ocrx_word' id='word_1_553' title='bbox 1502 5498 1620 5539; x_wconf 88' lang='lat' dir='ltr'><strong>me-</strong></span> 
     </span>
    </p>
   </div>
   <div class='ocr_carea' id='block_1_94' title="bbox 1358 5575 1550 5649">
    <p class='ocr_par' dir='ltr' id='par_1_94' title="bbox 1358 5575 1550 5649">
     <span class='ocr_line' id='line_1_94' title="bbox 1358 5575 1550 5649; baseline 0 -18"><span class='ocrx_word' id='word_1_554' title='bbox 1358 5575 1550 5649; x_wconf 90' lang='lat' dir='ltr'><strong>[trum,</strong></span> 
     </span>
    </p>
   </div>
   <div class='ocr_carea' id='block_1_95' title="bbox 52 5665 1170 5740">
    <p class='ocr_par' dir='ltr' id='par_1_95' title="bbox 52 5665 1170 5740">
     <span class='ocr_line' id='line_1_95' title="bbox 52 5665 1170 5740; baseline 0.005 -22"><span class='ocrx_word' id='word_1_555' title='bbox 52 5665 206 5725; x_wconf 83' lang='lat' dir='ltr'><strong>Lassis</strong></span> <span class='ocrx_word' id='word_1_556' title='bbox 225 5671 475 5727; x_wconf 74' lang='lat' dir='ltr'><strong>cliundet</strong></span> <span class='ocrx_word' id='word_1_557' title='bbox 500 5667 723 5740; x_wconf 80' lang='lat' dir='ltr'><strong>prolixa</strong></span> <span class='ocrx_word' id='word_1_558' title='bbox 752 5668 942 5724; x_wconf 87' lang='lat' dir='ltr'><strong>relatio</strong></span> <span class='ocrx_word' id='word_1_559' title='bbox 965 5684 1170 5724; x_wconf 90' lang='lat' dir='ltr'><strong>rerum.</strong></span> 
     </span>
    </p>
   </div>
   <div class='ocr_carea' id='block_1_96' title="bbox 51 5759 1411 5833">
    <p class='ocr_par' dir='ltr' id='par_1_96' title="bbox 51 5759 1411 5833">
     <span class='ocr_line' id='line_1_96' title="bbox 51 5759 1411 5833; baseline 0.004 -21"><span class='ocrx_word' id='word_1_560' title='bbox 51 5759 123 5815; x_wconf 82' lang='lat' dir='ltr'><strong>Sic</strong></span> <span class='ocrx_word' id='word_1_561' title='bbox 152 5766 345 5821; x_wconf 85' lang='lat' dir='ltr'><strong>collum</strong></span> <span class='ocrx_word' id='word_1_562' title='bbox 373 5763 656 5820; x_wconf 85' lang='lat' dir='ltr'><strong>luctantis</strong></span> <span class='ocrx_word' id='word_1_563' title='bbox 677 5763 797 5832; x_wconf 88' lang='lat' dir='ltr'><strong>equi</strong></span> <span class='ocrx_word' id='word_1_564' title='bbox 823 5761 1146 5833; x_wconf 87' lang='lat' dir='ltr'><strong>frcnumque</strong></span> <span class='ocrx_word' id='word_1_565' title='bbox 1169 5763 1411 5818; x_wconf 79' lang='lat' dir='ltr'><strong>volenter</strong></span> 
     </span>
    </p>
   </div>
   <div class='ocr_carea' id='block_1_97' title="bbox 50 5849 1441 5930">
    <p class='ocr_par' dir='ltr' id='par_1_97' title="bbox 50 5849 1441 5930">
     <span class='ocr_line' id='line_1_97' title="bbox 50 5849 1441 5930; baseline 0.004 -24"><span class='ocrx_word' id='word_1_566' title='bbox 50 5849 303 5914; x_wconf 87' lang='lat' dir='ltr'><strong>Contrahit</strong></span> <span class='ocrx_word' id='word_1_567' title='bbox 327 5858 638 5930; x_wconf 77' lang='lat' dir='ltr'><strong>egrediens</strong></span> <span class='ocrx_word' id='word_1_568' title='bbox 660 5855 863 5926; x_wconf 85' lang='lat' dir='ltr'><strong>primus</strong></span> <span class='ocrx_word' id='word_1_569' title='bbox 889 5855 954 5912; x_wconf 91' lang='lat' dir='ltr'><strong>dc</strong></span> <span class='ocrx_word' id='word_1_570' title='bbox 989 5871 1208 5913; x_wconf 85' lang='lat' dir='ltr'><strong>carcere</strong></span> <span class='ocrx_word' id='word_1_571' title='bbox 1231 5873 1441 5913; x_wconf 83' lang='lat' dir='ltr'><strong>cursor.</strong></span> 
     </span>
    </p>
   </div>
   <div class='ocr_carea' id='block_1_98' title="bbox 1659 4647 3193 4720">
    <p class='ocr_par' dir='ltr' id='par_1_98' title="bbox 1659 4647 3193 4720">
     <span class='ocr_line' id='line_1_98' title="bbox 1659 4647 3193 4720; baseline -0.001 -16"><span class='ocrx_word' id='word_1_572' title='bbox 1659 4656 1705 4711; x_wconf 89' lang='lat' dir='ltr'><strong>D</strong></span> <span class='ocrx_word' id='word_1_573' title='bbox 1730 4651 1830 4707; x_wconf 88' lang='lat' dir='ltr'><strong>Ast</strong></span> <span class='ocrx_word' id='word_1_574' title='bbox 1858 4649 1951 4705; x_wconf 90' lang='lat' dir='ltr'><strong>ubi</strong></span> <span class='ocrx_word' id='word_1_575' title='bbox 1976 4648 2262 4720; x_wconf 79' lang='lat' dir='ltr'><strong>proximus</strong></span> <span class='ocrx_word' id='word_1_576' title='bbox 2292 4655 2377 4703; x_wconf 90' lang='lat' dir='ltr'><strong>est</strong></span> <span class='ocrx_word' id='word_1_577' title='bbox 2399 4654 2578 4715; x_wconf 79' lang='lat' dir='ltr'><strong>metae,</strong></span> <span class='ocrx_word' id='word_1_578' title='bbox 2603 4661 2730 4703; x_wconf 73' lang='lat' dir='ltr'><strong>mox</strong></span> <span class='ocrx_word' id='word_1_579' title='bbox 2753 4648 2902 4703; x_wconf 83' lang='lat' dir='ltr'><strong>laxat</strong></span> <span class='ocrx_word' id='word_1_580' title='bbox 2929 4647 3193 4703; x_wconf 82' lang='lat' dir='ltr'><strong>habenas.</strong></span> 
     </span>
    </p>
   </div>
   <div class='ocr_carea' id='block_1_99' title="bbox 1733 4742 3208 4814">
    <p class='ocr_par' dir='ltr' id='par_1_99' title="bbox 1733 4742 3208 4814">
     <span class='ocr_line' id='line_1_99' title="bbox 1733 4742 3208 4814; baseline -0.002 -15"><span class='ocrx_word' id='word_1_581' title='bbox 1733 4742 1967 4814; x_wconf 85' lang='lat' dir='ltr'><strong>Jamque</strong></span> <span class='ocrx_word' id='word_1_582' title='bbox 1991 4757 2142 4798; x_wconf 88' lang='lat' dir='ltr'><strong>meas</strong></span> <span class='ocrx_word' id='word_1_583' title='bbox 2165 4757 2266 4814; x_wconf 81' lang='lat' dir='ltr'><strong>ego</strong></span> <span class='ocrx_word' id='word_1_584' title='bbox 2289 4742 2490 4811; x_wconf 78' lang='lat' dir='ltr'><strong>laxavi,</strong></span> <span class='ocrx_word' id='word_1_585' title='bbox 2515 4758 2640 4796; x_wconf 89' lang='lat' dir='ltr'><strong>nam</strong></span> <span class='ocrx_word' id='word_1_586' title='bbox 2669 4742 2918 4812; x_wconf 78' lang='lat' dir='ltr'><strong>proxima</strong></span> <span class='ocrx_word' id='word_1_587' title='bbox 2946 4750 3086 4796; x_wconf 85' lang='lat' dir='ltr'><strong>meta</strong></span> <span class='ocrx_word' id='word_1_588' title='bbox 3106 4747 3208 4796; x_wconf 89' lang='lat' dir='ltr'><strong>est.</strong></span> 
     </span>
    </p>
   </div>
   <div class='ocr_carea' id='block_1_100' title="bbox 1737 4833 3192 4907">
    <p class='ocr_par' dir='ltr' id='par_1_100' title="bbox 1737 4833 3192 4907">
     <span class='ocr_line' id='line_1_100' title="bbox 1737 4833 3192 4907; baseline -0.001 -17"><span class='ocrx_word' id='word_1_589' title='bbox 1737 4837 1874 4892; x_wconf 92' lang='lat' dir='ltr'><strong>Dum</strong></span> <span class='ocrx_word' id='word_1_590' title='bbox 1903 4836 2048 4892; x_wconf 86' lang='lat' dir='ltr'><strong>Deus</strong></span> <span class='ocrx_word' id='word_1_591' title='bbox 2073 4835 2300 4907; x_wconf 72' lang='lat' dir='ltr'><strong>abiectis</strong></span> <span class='ocrx_word' id='word_1_592' title='bbox 2323 4835 2556 4891; x_wconf 91' lang='lat' dir='ltr'><strong>ducibus</strong></span> <span class='ocrx_word' id='word_1_593' title='bbox 2578 4835 2874 4906; x_wconf 87' lang='lat' dir='ltr'><strong>populique</strong></span> <span class='ocrx_word' id='word_1_594' title='bbox 2901 4833 3192 4898; x_wconf 87' lang='lat' dir='ltr'><strong>columnis,</strong></span> 
     </span>
    </p>
   </div>
   <div class='ocr_carea' id='block_1_101' title="bbox 1733 4927 3250 5000">
    <p class='ocr_par' dir='ltr' id='par_1_101' title="bbox 1733 4927 3250 5000">
     <span class='ocr_line' id='line_1_101' title="bbox 1733 4927 3250 5000; baseline -0.002 -16"><span class='ocrx_word' id='word_1_595' title='bbox 1733 4928 2073 5000; x_wconf 87' lang='lat' dir='ltr'><strong>Pauperibus</strong></span> <span class='ocrx_word' id='word_1_596' title='bbox 2098 4928 2191 4983; x_wconf 88' lang='lat' dir='ltr'><strong>dat</strong></span> <span class='ocrx_word' id='word_1_597' title='bbox 2215 4943 2378 4998; x_wconf 71' lang='lat' dir='ltr'><strong>regna</strong></span> <span class='ocrx_word' id='word_1_598' title='bbox 2414 4928 2552 4994; x_wconf 90' lang='lat' dir='ltr'><strong>suis,</strong></span> <span class='ocrx_word' id='word_1_599' title='bbox 2576 4928 2876 4998; x_wconf 87' lang='lat' dir='ltr'><strong>paucisque</strong></span> <span class='ocrx_word' id='word_1_600' title='bbox 2909 4927 3250 4996; x_wconf 86' lang='lat' dir='ltr'><strong>triumphat:</strong></span> 
     </span>
    </p>
   </div>
   <div class='ocr_carea' id='block_1_102' title="bbox 1733 5018 3104 5093">
    <p class='ocr_par' dir='ltr' id='par_1_102' title="bbox 1733 5018 3104 5093">
     <span class='ocr_line' id='line_1_102' title="bbox 1733 5018 3104 5093; baseline -0.006 -13"><span class='ocrx_word' id='word_1_601' title='bbox 1733 5020 1810 5081; x_wconf 82' lang='lat' dir='ltr'><strong>Ne</strong></span> <span class='ocrx_word' id='word_1_602' title='bbox 1839 5037 1939 5078; x_wconf 88' lang='lat' dir='ltr'><strong>sua</strong></span> <span class='ocrx_word' id='word_1_603' title='bbox 1967 5037 2091 5093; x_wconf 64' lang='lat' dir='ltr'><strong>quae</strong></span> <span class='ocrx_word' id='word_1_604' title='bbox 2113 5020 2345 5076; x_wconf 88' lang='lat' dir='ltr'><strong>Domino</strong></span> <span class='ocrx_word' id='word_1_605' title='bbox 2375 5030 2503 5075; x_wconf 89' lang='lat' dir='ltr'><strong>sunt</strong></span> <span class='ocrx_word' id='word_1_606' title='bbox 2525 5020 2848 5075; x_wconf 85' lang='lat' dir='ltr'><strong>ascribcnda</strong></span> <span class='ocrx_word' id='word_1_607' title='bbox 2876 5018 3104 5088; x_wconf 91' lang='lat' dir='ltr'><strong>potenti,</strong></span> 
     </span>
    </p>
   </div>
   <div class='ocr_carea' id='block_1_103' title="bbox 1733 5112 2995 5187">
    <p class='ocr_par' dir='ltr' id='par_1_103' title="bbox 1733 5112 2995 5187">
     <span class='ocr_line' id='line_1_103' title="bbox 1733 5112 2995 5187; baseline -0.006 -16"><span class='ocrx_word' id='word_1_608' title='bbox 1733 5115 2084 5187; x_wconf 80' lang='lat' dir='ltr'><strong>Applaudens</strong></span> <span class='ocrx_word' id='word_1_609' title='bbox 2116 5112 2358 5168; x_wconf 88' lang='lat' dir='ltr'><strong>humana</strong></span> <span class='ocrx_word' id='word_1_610' title='bbox 2391 5113 2495 5168; x_wconf 89' lang='lat' dir='ltr'><strong>sibi</strong></span> <span class='ocrx_word' id='word_1_611' title='bbox 2529 5122 2722 5167; x_wconf 88' lang='lat' dir='ltr'><strong>natura</strong></span> <span class='ocrx_word' id='word_1_612' title='bbox 2752 5119 2995 5176; x_wconf 89' lang='lat' dir='ltr'><strong>vocaret,</strong></span> 
     </span>
    </p>
   </div>
   <div class='ocr_carea' id='block_1_104' title="bbox 1731 5202 3212 5276">
    <p class='ocr_par' dir='ltr' id='par_1_104' title="bbox 1731 5202 3212 5276">
     <span class='ocr_line' id='line_1_104' title="bbox 1731 5202 3212 5276; baseline -0.003 -14"><span class='ocrx_word' id='word_1_613' title='bbox 1731 5206 2087 5263; x_wconf 84' lang='lat' dir='ltr'><strong>Flandrensis</strong></span> <span class='ocrx_word' id='word_1_614' title='bbox 2117 5221 2306 5261; x_wconf 90' lang='lat' dir='ltr'><strong>comes</strong></span> <span class='ocrx_word' id='word_1_615' title='bbox 2332 5214 2494 5276; x_wconf 88' lang='lat' dir='ltr'><strong>atque</strong></span> <span class='ocrx_word' id='word_1_616' title='bbox 2522 5205 2690 5260; x_wconf 85' lang='lat' dir='ltr'><strong>duces</strong></span> <span class='ocrx_word' id='word_1_617' title='bbox 2721 5217 2912 5258; x_wconf 81' lang='lat' dir='ltr'><strong>venere</strong></span> <span class='ocrx_word' id='word_1_618' title='bbox 2943 5202 3212 5275; x_wconf 66' lang='lat' dir='ltr'><strong>Lycmam,</strong></span> 
     </span>
    </p>
   </div>
   <div class='ocr_carea' id='block_1_105' title="bbox 1737 5294 3029 5365">
    <p class='ocr_par' dir='ltr' id='par_1_105' title="bbox 1737 5294 3029 5365">
     <span class='ocr_line' id='line_1_105' title="bbox 1737 5294 3029 5365; baseline -0.005 -8"><span class='ocrx_word' id='word_1_619' title='bbox 1737 5299 1842 5357; x_wconf 84' lang='lat' dir='ltr'><strong>Sed</strong></span> <span class='ocrx_word' id='word_1_620' title='bbox 1865 5298 2206 5356; x_wconf 86' lang='lat' dir='ltr'><strong>Boimundus</strong></span> <span class='ocrx_word' id='word_1_621' title='bbox 2234 5297 2308 5353; x_wconf 90' lang='lat' dir='ltr'><strong>ibi</strong></span> <span class='ocrx_word' id='word_1_622' title='bbox 2334 5296 2611 5352; x_wconf 87' lang='lat' dir='ltr'><strong>consortia</strong></span> <span class='ocrx_word' id='word_1_623' title='bbox 2638 5296 2759 5350; x_wconf 71' lang='lat' dir='ltr'><strong>laeta</strong></span> <span class='ocrx_word' id='word_1_624' title='bbox 2790 5294 3029 5365; x_wconf 88' lang='lat' dir='ltr'><strong>reliquit.</strong></span> 
     </span>
    </p>
   </div>
   <div class='ocr_carea' id='block_1_106' title="bbox 1732 5389 3190 5462">
    <p class='ocr_par' dir='ltr' id='par_1_106' title="bbox 1732 5389 3190 5462">
     <span class='ocr_line' id='line_1_106' title="bbox 1732 5389 3190 5462; baseline -0.001 -15"><span class='ocrx_word' id='word_1_625' title='bbox 1732 5392 2141 5462; x_wconf 86' lang='lat' dir='ltr'><strong>Emensumque</strong></span> <span class='ocrx_word' id='word_1_626' title='bbox 2162 5404 2450 5445; x_wconf 89' lang='lat' dir='ltr'><strong>remensus</strong></span> <span class='ocrx_word' id='word_1_627' title='bbox 2473 5389 2595 5456; x_wconf 88' lang='lat' dir='ltr'><strong>iter,</strong></span> <span class='ocrx_word' id='word_1_628' title='bbox 2628 5389 2766 5444; x_wconf 88' lang='lat' dir='ltr'><strong>redit</strong></span> <span class='ocrx_word' id='word_1_629' title='bbox 2788 5389 2855 5444; x_wconf 88' lang='lat' dir='ltr'><strong>ad</strong></span> <span class='ocrx_word' id='word_1_630' title='bbox 2881 5403 2984 5445; x_wconf 86' lang='lat' dir='ltr'><strong>sua</strong></span> <span class='ocrx_word' id='word_1_631' title='bbox 3011 5389 3190 5446; x_wconf 87' lang='lat' dir='ltr'><strong>tristis</strong></span> 
     </span>
    </p>
   </div>
   <div class='ocr_carea' id='block_1_107' title="bbox 1730 5481 3198 5557">
    <p class='ocr_par' dir='ltr' id='par_1_107' title="bbox 1730 5481 3198 5557">
     <span class='ocr_line' id='line_1_107' title="bbox 1730 5481 3198 5557; baseline 0 -17"><span class='ocrx_word' id='word_1_632' title='bbox 1730 5485 1962 5557; x_wconf 84' lang='lat' dir='ltr'><strong>Magnus</strong></span> <span class='ocrx_word' id='word_1_633' title='bbox 1986 5494 2043 5540; x_wconf 87' lang='lat' dir='ltr'><strong>at</strong></span> <span class='ocrx_word' id='word_1_634' title='bbox 2066 5484 2156 5538; x_wconf 89' lang='lat' dir='ltr'><strong>ille</strong></span> <span class='ocrx_word' id='word_1_635' title='bbox 2173 5484 2376 5539; x_wconf 88' lang='lat' dir='ltr'><strong>ducum</strong></span> <span class='ocrx_word' id='word_1_636' title='bbox 2405 5481 2736 5539; x_wconf 83' lang='lat' dir='ltr'><strong>Codcfridus</strong></span> <span class='ocrx_word' id='word_1_637' title='bbox 2765 5481 2904 5538; x_wconf 86' lang='lat' dir='ltr'><strong>liber</strong></span> <span class='ocrx_word' id='word_1_638' title='bbox 2925 5481 2994 5538; x_wconf 87' lang='lat' dir='ltr'><strong>ad</strong></span> <span class='ocrx_word' id='word_1_639' title='bbox 3025 5497 3198 5540; x_wconf 75' lang='lat' dir='ltr'><strong>arma&quot;</strong></span> 
     </span>
    </p>
   </div>
   <div class='ocr_carea' id='block_1_108' title="bbox 1732 5575 3052 5648">
    <p class='ocr_par' dir='ltr' id='par_1_108' title="bbox 1732 5575 3052 5648">
     <span class='ocr_line' id='line_1_108' title="bbox 1732 5575 3052 5648; baseline -0.002 -15"><span class='ocrx_word' id='word_1_640' title='bbox 1732 5577 1944 5644; x_wconf 83' lang='lat' dir='ltr'><strong>Evolat,</strong></span> <span class='ocrx_word' id='word_1_641' title='bbox 1971 5586 2025 5633; x_wconf 91' lang='lat' dir='ltr'><strong>et</strong></span> <span class='ocrx_word' id='word_1_642' title='bbox 2056 5575 2293 5648; x_wconf 87' lang='lat' dir='ltr'><strong>patriam</strong></span> <span class='ocrx_word' id='word_1_643' title='bbox 2318 5584 2469 5631; x_wconf 91' lang='lat' dir='ltr'><strong>moto</strong></span> <span class='ocrx_word' id='word_1_644' title='bbox 2493 5584 2648 5647; x_wconf 86' lang='lat' dir='ltr'><strong>pater</strong></span> <span class='ocrx_word' id='word_1_645' title='bbox 2671 5590 2804 5631; x_wconf 87' lang='lat' dir='ltr'><strong>ense</strong></span> <span class='ocrx_word' id='word_1_646' title='bbox 2831 5577 3052 5631; x_wconf 88' lang='lat' dir='ltr'><strong>salutat.</strong></span> 
     </span>
    </p>
   </div>
   <div class='ocr_carea' id='block_1_109' title="bbox 1728 5668 3139 5740">
    <p class='ocr_par' dir='ltr' id='par_1_109' title="bbox 1728 5668 3139 5740">
     <span class='ocr_line' id='line_1_109' title="bbox 1728 5668 3139 5740; baseline -0.005 -13"><span class='ocrx_word' id='word_1_647' title='bbox 1728 5671 1846 5727; x_wconf 81' lang='lat' dir='ltr'><strong>Jam</strong></span> <span class='ocrx_word' id='word_1_648' title='bbox 1875 5671 2098 5727; x_wconf 88' lang='lat' dir='ltr'><strong>sordent</strong></span> <span class='ocrx_word' id='word_1_649' title='bbox 2129 5678 2344 5725; x_wconf 90' lang='lat' dir='ltr'><strong>terrena</strong></span> <span class='ocrx_word' id='word_1_650' title='bbox 2375 5669 2522 5737; x_wconf 81' lang='lat' dir='ltr'><strong>duci,</strong></span> <span class='ocrx_word' id='word_1_651' title='bbox 2549 5669 2664 5740; x_wconf 86' lang='lat' dir='ltr'><strong>jam</strong></span> <span class='ocrx_word' id='word_1_652' title='bbox 2697 5668 3139 5738; x_wconf 80' lang='lat' dir='ltr'><strong>concipitipsum</strong></span> 
     </span>
    </p>
   </div>
   <div class='ocr_carea' id='block_1_110' title="bbox 1731 5756 3138 5827">
    <p class='ocr_par' dir='ltr' id='par_1_110' title="bbox 1731 5756 3138 5827">
     <span class='ocr_line' id='line_1_110' title="bbox 1731 5756 3138 5827; baseline -0.005 -11"><span class='ocrx_word' id='word_1_653' title='bbox 1731 5761 1979 5827; x_wconf 73' lang='lat' dir='ltr'><strong>:Ethcra,</strong></span> <span class='ocrx_word' id='word_1_654' title='bbox 2011 5776 2113 5816; x_wconf 83' lang='lat' dir='ltr'><strong>nec</strong></span> <span class='ocrx_word' id='word_1_655' title='bbox 2145 5760 2339 5816; x_wconf 87' lang='lat' dir='ltr'><strong>metuit</strong></span> <span class='ocrx_word' id='word_1_656' title='bbox 2375 5770 2559 5816; x_wconf 82' lang='lat' dir='ltr'><strong>certus</strong></span> <span class='ocrx_word' id='word_1_657' title='bbox 2585 5759 2651 5814; x_wconf 89' lang='lat' dir='ltr'><strong>dc</strong></span> <span class='ocrx_word' id='word_1_658' title='bbox 2693 5773 2919 5814; x_wconf 85' lang='lat' dir='ltr'><strong>munere</strong></span> <span class='ocrx_word' id='word_1_659' title='bbox 2945 5756 3138 5811; x_wconf 84' lang='lat' dir='ltr'><strong>fatum.</strong></span> 
     </span>
    </p>
   </div>
   <div class='ocr_carea' id='block_1_111' title="bbox 1730 5849 3139 5925">
    <p class='ocr_par' dir='ltr' id='par_1_111' title="bbox 1730 5849 3139 5925">
     <span class='ocr_line' id='line_1_111' title="bbox 1730 5849 3139 5925; baseline -0.004 -17"><span class='ocrx_word' id='word_1_660' title='bbox 1730 5854 1905 5910; x_wconf 61' lang='lat' dir='ltr'><strong>lltcrct</strong></span> <span class='ocrx_word' id='word_1_661' title='bbox 1937 5855 2008 5923; x_wconf 78' lang='lat' dir='ltr'><strong>ei,</strong></span> <span class='ocrx_word' id='word_1_662' title='bbox 2043 5855 2333 5924; x_wconf 77' lang='lat' dir='ltr'><strong>studioque</strong></span> <span class='ocrx_word' id='word_1_663' title='bbox 2366 5855 2482 5925; x_wconf 82' lang='lat' dir='ltr'><strong>pari</strong></span> <span class='ocrx_word' id='word_1_664' title='bbox 2523 5851 2871 5908; x_wconf 78' lang='lat' dir='ltr'><strong>Fiamlrcnsis</strong></span> <span class='ocrx_word' id='word_1_665' title='bbox 2901 5849 3139 5911; x_wconf 77' lang='lat' dir='ltr'><strong>anhelat,</strong></span> 
     </span>
    </p>
   </div>
  </div>
