3850 6310
508 304 627 364 987·

503 442 844 516 Miraturque
875 447 1052 514 ducis,
1092 450 1350 505 meritum
1373 450 1591 506 virtutis
1619 451 1853 508 honorat

505 533 563 589 lu
594 535 756 602 duce,
786 553 950 608 quem
979 538 1174 594 merito
1199 542 1382 612 magni
1419 542 1678 612 praecellit
1705 543 1951 600 honoris.

504 626 569 682 lli
602 628 732 684 licet
761 630 1039 686 exsultent
1063 630 1131 686 de
1161 647 1420 688 successu
1453 633 1786 706 Raymundi,

506 718 576 773 Se
607 726 792 774 tamen
816 719 1040 775 alterius
1064 736 1174 776 non
1198 722 1480 778 inseruere
1503 724 1696 779 labori.

506 810 614 865 Sed
638 811 1000 882 dedignantes
1023 813 1293 871 obsistere
1320 815 1530 872 viribus
1563 818 1747 888 urbes,

509 899 711 956 Urbem
737 901 1005 957 Gibellum
1029 902 1320 960 cinxerunt
1348 905 1656 976 obsidione,

551 994 677 1066 ujus
705 996 1010 1066 praicipites
1042 997 1334 1068 cingebant
1358 1001 1562 1056 mmnia
1603 1001 1786 1060 fossae.

938 1087 1128 1160 Ingens
1153 1092 1321 1146 ca'des
1351 1093 1670 1163 inﬁdelium.

505 1179 733 1236 Nuntiat
758 1180 966 1236 interea
997 1178 1323 1253 Raymundo
1350 1183 1495 1240 fama
1526 1186 1783 1244 sinistros

506 1271 800 1338 Rumores,
832 1272 900 1327 ad
932 1272 1072 1328 bella
1103 1274 1221 1331 suis
1242 1291 1534 1333 occurrere
1568 1277 1821 1335 Parthos.

506 1362 662 1418 Tunc
693 1373 748 1418 et
777 1363 988 1436 legatos
1015 1373 1074 1420 et
1098 1367 1262 1422 verba
1293 1370 1576 1439 precantia
1598 1373 1794 1428 consul

505 1453 701 1528 Dirigit
725 1455 792 1511 ad
826 1471 1106 1527 proceres,
1131 1474 1273 1530 quos
1302 1461 1434 1517 urbs
1461 1463 1685 1520 obsessa
1711 1466 1960 1532 teuehat,’

504 1547 612 1616 Qui
641 1563 742 1619 pro
773 1550 1278 1607 communidamno
1304 1568 1600 1610 commune
1628 1566 1888 1613 vocantes

505 1638 835 1706 Consilium,
861 1655 962 1696 nec
992 1640 1133 1696 bella
1161 1641 1374 1710 timent,
1401 1660 1500 1700 nec
1527 1644 1670 1701 ferre
1705 1657 1965 1703 recusant
2013 1667 2020 1672 ·

505 1728 811 1799 Auxilium,
835 1731 1126 1803 pulsatque
1149 1733 1294 1789 viros
1325 1751 1450 1805 spes
1478 1737 1596 1792 heta
1635 1739 1920 1810 triumphi,

507 1821 620 1878 Nec
652 1839 836 1893 mora,
867 1841 994 1881 cum
1018 1827 1223 1885 clausis
1256 1829 1795 1901 pepigeruntfmdus,
1840 1843 1896 1890 ct
1918 1843 2099 1896 empta

507 1912 623 1969 Pax
647 1931 674 1969 a
707 1915 824 1971 cive
846 1915 1266 1989 fuit,sociosque
1305 1937 1436 1976 suos
1464 1923 1758 1992 petierunt.

512 2007 621 2078 Spe
650 2007 778 2064 belli
809 2009 1033 2080 decepta
1057 2012 1392 2083 cohors,spe
1417 2014 1579 2070 vertit
1609 2016 1676 2071 ad
1713 2016 1944 2084 Archas,

509 2097 693 2169 Atque
717 2109 904 2172 tegunt
926 2104 1124 2160 castris
1150 2103 1298 2160 ﬂuvii
1319 2105 1633 2165 Castrensis
1659 2125 1879 2178 arenas,

510 2189 659 2262 Neve
685 2192 800 2258 diu,
829 2193 1150 2264 Godefride,
1185 2205 1313 2253 tuus
1341 2198 1717 2271 refrigesceret
1741 2203 1912 2270 ensis,

513 2283 596 2339 Ad
625 2283 891 2355 Tripolim
915 2288 1074 2345 ducis
1095 2305 1375 2360 proceres,
1399 2301 1460 2348 ut
1488 2293 1694 2350 certior
1721 2295 1848 2351 inde
1864 2339 1879 2365 ,

511 2372 700 2431 Prmda
735 2376 832 2431 tibi
856 2378 1015 2448 quasi
1038 2379 1106 2434 de
1127 2380 1287 2450 pleno
1315 2382 1596 2454 contingat
1628 2383 1778 2439 ovili.

511 2465 775 2524 Hostibus
814 2480 1117 2526 occurrunt
1138 2472 1348 2541 hostes,
1380 2474 1702 2546 levibusque
1723 2476 1940 2548 sagittis

513 2558 691 2615 Stulta
719 2577 914 2632 graves
946 2564 1162 2621 animos
1195 2564 1302 2620 fuit
1338 2581 1473 2622 ausa
1504 2567 1776 2626 lacessere
1807 2571 1990 2640 turba,

511 2651 582 2708 Et
608 2655 756 2711 velut
780 2656 1106 2726 improbitas
1137 2673 1454 2716 muscarum
1490 2660 1687 2716 laedere
1724 2669 1938 2718 tantum

517 2743 675 2802 Nuda
697 2755 898 2818 potest,
930 2749 1190 2822 abigique
1217 2750 1358 2807 solet
1388 2752 1688 2822 crepitante
1717 2756 1932 2828 ﬂagello

511 2835 899 2910 Oppositteque
927 2840 1006 2896 rei
1033 2857 1253 2898 morsus
1275 2842 1452 2915 inﬁgit
1487 2844 1781 2903 inhaerens.

513 2929 722 2986 Taliter
752 2931 1018 2989 instantes
1053 2934 1232 2991 ventis
1271 2936 1568 2992 commissa
1596 2937 1795 3010 sagitta

514 3022 808 3094 lnfestans,
831 3028 1078 3100 citraque
1105 3045 1293 3087 necem
1323 3032 1462 3088 dans
1489 3034 1738 3102 vulnera,
1767 3035 1928 3091 caedit

517 3113 780 3186 Ensibus,
812 3127 868 3174 et
911 3120 972 3176 ﬁt
999 3122 1051 3177 ei
1097 3123 1270 3195 clypei
1310 3126 1604 3195 praetensio
1635 3143 1849 3183 murus.

518 3208 626 3264 Sed
652 3225 750 3265 cur
773 3211 1026 3269 demoror
1047 3214 1156 3279 hic.
1185 3216 1276 3271 ubi
1308 3233 1419 3273 non
1443 3226 1528 3275 est
1548 3220 1727 3289 palma
1757 3229 1965 3275 morata

517 3300 811 3356 Armorum
844 3301 958 3372 jam
986 3302 1226 3361 Parthus
1251 3321 1355 3378 ope
1377 3317 1499 3378 post
1526 3319 1676 3380 terga
1703 3310 1927 3380 rejecta,

517 3389 723 3459 Qumrit
750 3409 909 3464 opem
934 3395 1184 3465 pedibus,
1210 3397 1606 3470 desperataque
1639 3400 1836 3468 salute,

516 3478 734 3538 instans
765 3481 922 3540 miles
937 3499 1112 3555 equos
1143 3485 1473 3555 calcaribus,
1509 3487 1738 3546 ensibus
1777 3491 1967 3548 hostes

517 3569 707 3643 Urget,
739 3583 793 3629 et
822 3573 879 3630 in
915 3577 1088 3632 multa
1119 3588 1376 3634 versatur
1397 3581 1545 3636 caede
1572 3590 1856 3638 cruentus.

517 3660 842 3720 Obtundunt
871 3666 1018 3723 acies
1044 3667 1351 3739 gladiorum
1384 3670 1630 3726 membra
1657 3671 1894 3740 revulsa,

517 3752 778 3826 Quosque
833 3772 1022 3814 secare
1077 3759 1268 3830 nequit
1314 3760 1561 3831 trepidus
1613 3776 1829 3830 mucro,
1876 3765 2113 3820 conterit

1889 3869 2016 3910 0388
2025 3895 2038 3908 .

1889 3874 1897 3904 l

517 3935 743 3994 Civibus
763 3940 1070 4008 exstinctis,
1102 3940 1382 4013 ingressus
1416 3941 1694 3998 inhorruit
1723 3852 1897 4012 urbis[,

521 4027 848 4086 Testilicans
867 4033 1072 4087 caedem
1100 4032 1302 4090 ﬂuvius
1323 4033 1494 4089 trahit
1515 4034 1642 4089 inde
1663 4036 1942 4091 ruborem.

521 4117 718 4177 Haurit
747 4130 803 4178 et
831 4122 886 4176 in
907 4122 1072 4180 fluvio
1095 4124 1369 4196 praeterita
1400 4125 1560 4180 turba
1587 4141 1860 4181 cruorem.

830 4214 965 4272 Cum
992 4233 1108 4288 rege
1139 4215 1369 4288 Tripolis
1394 4232 1502 4288 pax
1538 4217 1810 4287 ﬁrmatur.

519 4303 682 4364 Caede
709 4306 877 4365 duces
899 4309 1154 4378 nimium,
1177 4311 1472 4383 praedaque
1497 4325 1690 4381 parum
1728 4309 1934 4378 satiati,

522 4397 786 4456 Vexatam
822 4402 1027 4473 petiere
1049 4403 1249 4472 Desen,
1280 4405 1632 4475 praedataque
1673 4417 1869 4458 rursus

522 4490 934 4567 Reliiquiasque
963 4512 1094 4553 suas
1122 4497 1419 4568 exquirunt
1446 4493 1751 4566 irrequieti.

522 4584 676 4644 l-lanc
706 4589 902 4646 vallem
937 4591 1086 4646 velut
1108 4592 1368 4648 intactam
1390 4589 1665 4645 mirantur
1692 4589 1762 4644 ab
1789 4589 1942 4644 omni

520 4675 710 4747 Parte,
737 4681 930 4749 boves,
955 4682 1144 4738 asinos
1173 4682 1429 4750 educere,
1457 4687 1694 4751 postque
1719 4679 1943 4750 rapinas

520 4767 749 4840 Raptori
773 4774 934 4830 toties
965 4774 1262 4832 immittere
1283 4773 1434 4846 quod
1455 4772 1721 4844 rapiatur.

517 4861 645 4918 Mox
677 4865 848 4922 trahit
874 4865 930 4922 in
957 4867 1200 4938 praedam
1246 4865 1512 4938 quidquid
1551 4865 1698 4920 videt
1740 4865 1968 4938 impiger
2004 4865 2106 4922 ho-

1893 4959 2036 5034 [stis,

519 5045 870 5123 Hostilesque
898 5066 1097 5107 manus
1124 5051 1296 5122 replet
1319 5050 1653 5123 indulgentia
1679 5052 1860 5120 vallis,

519 5142 661 5210 Quia
687 5144 1025 5199 camelorum
1051 5141 1156 5198 tria
1191 5143 1359 5199 millia
1381 5143 1614 5215 praebuit
1640 5143 1770 5212 illis,

517 5237 717 5292 Castra
752 5236 943 5306 replet,
981 5237 1179 5308 vulgus
1205 5237 1381 5293 reﬁcit
1407 5237 1702 5308 pratdatio,
1726 5237 1930 5309 datque
1983 5267 1985 5270 ‹

521 5327 732 5381 Damna
766 5342 974 5394 moras,
998 5327 1215 5384 animos
1240 5329 1481 5385 externis
1508 5328 1785 5385 obsidioni

519 5417 894 5486 Christicolis,
927 5429 982 5474 et
1008 5420 1164 5476 alunt
1193 5421 1405 5478 inimici
1433 5436 1521 5478 res
1551 5421 1858 5477 inimicum.
1933 5495 1938 5498 A

522 5510 632 5569 Sed
657 5528 756 5567 nec
778 5529 960 5586 pugna
998 5514 1141 5570 valet
1165 5515 1417 5582 clausos,
1463 5531 1566 5571 nec
1610 5514 1864 5570 machina
1920 5528 2110 5569 muros

522 5602 822 5672 Franme,
849 5623 1099 5678 quasque
1145 5624 1345 5664 manus
1385 5607 1681 5665 Persarum
1722 5605 1976 5663 Corbana
2027 5605 2109 5660 vi-

1872 5699 2035 5773 letor,

594 5787 746 5864 (Hb)
778 5790 877 5850 llic
912 5809 1104 5850 versus
1127 5793 1396 5858 claudicat
1420 5809 1528 5848 uno
1551 5791 1704 5863 chc.

1085 309 1178 365 an
1212 310 1662 370 GODEFRIDUM
1699 312 1989 369 APPEND.
2032 311 2204 367 n.‘—
2246 315 2518 375 nouum.
2559 315 2649 373 ne
2684 275 3191 381 BELLO’SACRO.
3636 334 3711 398 se;

2133 434 2168 488 Α
2206 433 2356 499 Quas
2389 443 2523 491 urbs
2546 436 2802 493 Antiochi
2832 437 3036 506 timuit,
3055 446 3294 511 populus
3317 452 3505 511 prennt
3525 455 3641 506 ultor

2199 525 2542 582 Christicolae
2565 528 2745 584 socios
2771 529 3025 599 perdunt,
3057 539 3113 586 et
3149 541 3397 602 tempora
3427 545 3585 604 grata.

2201 615 2438 674 Poncius
2478 618 2569 674 hic
2594 620 2793 676 cecidit
2815 619 3158 688 Balouensis,
3183 632 3428 694 tempora
3454 625 3596 696 cujus

2203 707 2380 764 Trans
2407 709 2543 766 abiit
2573 711 2712 782 lapis
2739 712 2946 783 ingenti
2977 716 3272 770 conamine
3307 715 3525 772 missus.

2099 836 2101 838 -
2203 797 2475 856 Occubuit
2494 800 2820 859 Gulllelmus
2847 804 2923 860 ibi
2956 804 3247 874 Picardus,
3269 817 3326 861 et
3351 822 3461 863 una

2203 891 2278 948 De
2301 892 2621 952 Petramora
2655 895 2954 965 Guarinus,
2979 907 3036 954 at
3056 900 3146 955 ille
3167 901 3388 971 sagitta,

2203 984 2283 1040 lli.
2320 986 2526 1058 jaculo,
2558 989 2814 1060 venitque
2838 991 3018 1047 modis
3047 1007 3198 1048 mors
3223 1008 3334 1047 una
3355 992 3577 1048 duobus.

2203 1079 2347 1136 Inter
2373 1089 2452 1137 tot
2476 1082 2659 1139 luctus
2680 1083 2957 1153 paschalis
2982 1085 3038 1139 in
3067 1084 3356 1141 obsidione

2203 1172 2322 1228 Lux
2345 1174 2674 1242 celebratur,
2706 1184 2761 1231 et
2788 1175 2843 1230 in
2866 1176 3066 1232 castris
3097 1176 3300 1233 festum
3329 1176 3432 1233 fuit
3459 1178 3649 1249 hospes,

2203 1263 2678 1337 Temporibusque
2707 1268 2824 1324 suis
2846 1268 3029 1324 caruit
3051 1269 3300 1324 solemne
3329 1285 3589 1337 serenum,

2201 1355 2345 1413 Neve
2367 1358 2463 1414 diu
2486 1368 2684 1415 natura
2706 1360 2811 1416 loci
2849 1361 3135 1429 virtusque
3163 1361 3414 1416 virorum

2202 1451 2317 1507 Illic
2337 1452 2663 1520 decertaret,
2687 1461 2744 1509 et
2769 1453 3193 1526 inexpugnabile
3220 1464 3464 1509 castrum

2203 1543 2531 1616 Expugnare
2554 1545 2765 1612 volens,
2795 1546 2954 1601 labor
2986 1547 3329 1616 expendatur
3357 1546 3548 1612 inanis,

2205 1635 2482 1692 Mensibus
2503 1636 2791 1693 obsessum
2816 1637 2992 1693 tribus
3017 1637 3231 1692 Archas
3266 1637 3626 1705 deseruerunt,

2203 1730 2384 1802 Atque
2406 1737 2598 1800 petunt
2619 1729 2908 1801 Tripolim,
2935 1731 3030 1786 ubi
3053 1747 3179 1787 cum
3205 1731 3529 1800 primatibus
3547 1731 3672 1785 urbis

2185 1822 2436 1881 [Dextras
2461 1823 2774 1896 iungentes,
2798 1825 2982 1881 dubiis
3003 1840 3064 1880 se
3093 1826 3320 1881 credere
3348 1826 3518 1882 muris

2205 1912 2443 1980 Audeat,
2475 1927 2646 1984 seque
2669 1913 2855 1970 ferunt
2881 1913 2951 1970 ad
2973 1915 3120 1971 celsa
3148 1916 3353 1986 palatia
3389 1917 3545 1988 regis,

2206 2003 2273 2060 Et
2304 2020 2496 2076 pacem
2515 2005 2631 2076 jam
2658 2005 2935 2062 multoties
2959 2022 2990 2061 a
3017 2023 3142 2078 rege
3180 2007 3408 2078 petitam

2207 2095 2523 2153 Firmavere
2549 2097 2739 2166 duces,
2773 2106 2834 2153 ut
2859 2097 3092 2155 fratrum
3122 2100 3304 2154 vincla
3343 2099 3616 2157 resolvant.

2211 2187 2368 2246 Tunc
2388 2204 2487 2245 rex
2520 2197 2602 2246 ter
2624 2199 2843 2246 centum
2879 2191 3129 2262 captivos
3154 2190 3595 2247 Christicolarum

2205 2281 2580 2353 Compedibus
2599 2282 2905 2352 vinclisque
2933 2297 3128 2353 graves
3159 2283 3230 2338 ab
3262 2291 3493 2354 utroque
3541 2283 3736 2349 resolvit,

2209 2375 2425 2447 Datque
2453 2375 2589 2431 viris
2608 2374 2694 2430 vir
2722 2375 2890 2442 dona,
2925 2375 3076 2431 viros
3097 2375 3194 2431 dat
3227 2375 3450 2446 dignius
3473 2391 3612 2441 auro,

2207 2469 2370 2526 Addit
2391 2483 2586 2539 equos,
2612 2483 2830 2534 aurum,
2863 2467 3174 2540 populoque
3203 2467 3475 2539 stipendia
3499 2467 3665 2536 mittit,

2207 2562 2274 2619 Et
2298 2579 2357 2620 se
2377 2561 2764 2618 Christicolum
2791 2561 2905 2616 ﬁeri
2930 2577 3024 2616 rex
3047 2561 3251 2618 asserit
3281 2561 3446 2628 ultro,
3495 2611 3498 2616 .

2209 2654 2268 2710 Si
2299 2671 2399 2710 sua
2437 2653 2783 2710 Christicolae
2819 2653 3037 2708 valeant
3066 2652 3335 2724 attingere
3362 2660 3505 2708 vota.

2207 2747 2329 2804 Jam
2351 2756 2483 2804 tunc
2511 2745 2812 2802 reddebant
2839 2753 3146 2801 ematurata
3170 2745 3360 2800 calore

2207 2839 2406 2906 Arbor,
2430 2838 2650 2905 messis,
2683 2853 2832 2909 ager,
2877 2836 3108 2905 fructus,
3159 2835 3457 2903 frumenta,
3505 2834 3740 2908 fabasque.

2209 2932 2488 2989 Fertilitas
2511 2931 2679 3003 igitur
2706 2946 2914 2998 rerum,
2939 2930 3267 3000 novitasque
3291 2929 3523 2984 recentis

2211 3023 2498 3094 Temporis
2529 3022 2597 3078 ad
2621 3022 2818 3077 solitos
2845 3021 3015 3076 trahit
3041 3021 3262 3091 agmina
3298 3020 3418 3075 laeta
3450 3019 3664 3075 labores.

2130 3128 2173 3186 ρ
2207 3116 2410 3172 Mensis
2439 3123 2560 3172 erat
2583 3114 2781 3180 Maius,
2809 3130 2935 3169 cum
2965 3114 3154 3180 fortes,
3181 3114 3316 3169 urbe
3344 3114 3546 3178 relicta,

2209 3208 2290 3265 Ad
2312 3215 2557 3263 castrum
2587 3205 2858 3262 Betholon
2884 3221 3104 3272 venere,
3137 3205 3340 3276 dieque
3376 3205 3546 3260 Clieta

2210 3298 2651 3365 Transcendens,
2679 3299 2770 3353 vix
2793 3306 2955 3354 nocte
2981 3299 3132 3370 gravi
3176 3297 3280 3353 fuit
3301 3307 3637 3368 exsuperata.

2209 3391 2341 3447 lude
2367 3391 2538 3446 maris
2564 3390 2718 3445 littus
2745 3397 2938 3445 vexata
2967 3390 3154 3446 calore
3181 3390 3449 3460 juventus

2210 3482 2393 3550 Radit,
2417 3490 2472 3537 et
2494 3481 2563 3537 ad
2594 3480 2846 3536 Zeharim
2872 3480 3131 3547 veniens,
3158 3480 3283 3536 sitis
3312 3480 3674 3537 immoderata

2211 3573 2420 3629 Damna
2453 3574 2594 3640 tulit,
2619 3589 2720 3629 nec
2748 3573 2804 3628 in
2835 3573 2972 3630 urbe
2993 3573 3142 3629 videt
3166 3591 3308 3644 quas
3339 3574 3554 3630 hauriat
3595 3573 3756 3629 undas.

2214 3666 2320 3721 Sed
2354 3667 2508 3720 labor
2531 3665 2760 3722 alterius
2791 3665 2934 3721 lucis
2958 3665 3117 3720 duxit
3143 3665 3397 3722 sitientes

2211 3758 2291 3814 Ad
2321 3759 2459 3814 vada
2513 3773 2710 3830 magna
2761 3757 2992 3830 Braym,
3042 3759 3388 3830 pepulusque
3435 3759 3667 3815 cucurrit
3710 3757 3762 3810 ad

3496 3848 3713 3922 [amnes,

2209 3939 2364 4008 Quos
2393 3953 2562 4010 super
2591 3938 2938 4005 incumbens,
2967 3937 3056 3993 vix
3088 3938 3218 3994 ﬂatu
3251 3938 3606 3994 suﬂicientem

2215 4032 2398 4088 Turba
2426 4047 2622 4103 parum
2651 4030 2768 4085 vasi
2803 4030 3034 4086 credens
3063 4030 3226 4085 avido
3257 4030 3402 4100 rapit
3422 4045 3536 4084 ore.
3596 4022 3602 4027 ’

2287 4120 2522 4177 Venerat
2548 4120 2636 4176 ille
2659 4120 2778 4177 dies
2806 4136 2916 4192 quo
2967 4119 3144 4175 victor
3183 4119 3253 4175 ad
3300 4121 3505 4176 mthera
3550 4119 3771 4176 Christus

2215 4211 2553 4279 Ascendens,
2577 4211 2826 4283 exempla
2853 4211 2970 4268 suis
2992 4227 3051 4267 se
3085 4212 3321 4282 praebuit
3348 4212 3536 4268 astris.

2216 4305 2322 4362 Sed
2347 4319 2511 4377 grave
2533 4313 2728 4361 nostra
2765 4304 2964 4360 cohors
2985 4304 3090 4359 iter
3111 4305 3373 4360 emetitur
3398 4305 3453 4359 in
3481 4305 3595 4371 illa,

2216 4397 2283 4454 Et
2311 4399 2456 4454 locat
2482 4405 2609 4452 ante
2641 4395 2842 4451 Barulh
2865 4396 3041 4467 posita
3060 4395 3217 4466 juxta
3253 4412 3407 4452 mare
3441 4405 3626 4452 castra

2147 4487 2192 4541 D
2217 4488 2348 4546 Post
2371 4489 2489 4545 haec
2513 4487 2806 4544 transactis
2830 4486 3038 4558 Sagitta
3063 4487 3278 4558 Surque
3307 4489 3528 4543 duabus

2221 4582 2478 4648 Urbibus,
2511 4581 2773 4653 applicuit
2794 4596 2852 4636 se
2886 4581 3072 4652 praedo
3093 4580 3290 4638 beatus
3313 4580 3380 4636 ad
3407 4580 3578 4636 Aera.

2217 4681 2357 4738 lliuc
2376 4682 2580 4737 adeunt
2605 4687 2849 4734 castrum
2875 4677 3135 4750 Caiphas.
3157 4686 3454 4748 castroquc
3484 4677 3695 4742 relicto,

2215 4775 2381 4834 Juxta
2405 4776 2714 4832 Caesaream
2741 4773 2916 4845 ﬁgunt
2941 4788 3043 4829 sua
3063 4779 3247 4827 castra
3276 4772 3560 4829 cohortes.

2220 4869 2336 4926 Illic
2359 4869 2560 4926 laetitia:
2583 4866 2782 4924 festum
2810 4866 2857 4922 si
2889 4874 3134 4936 tempore
3157 4864 3282 4920 la’to

2217 4963 2566 5022 Occurrisset
2588 4960 2670 5018 eis
2694 4960 2988 5016 observare
3010 4957 3196 5013 ﬁdeles
3225 4956 3401 5026 (illi),

2215 5057 2274 5114 In
2297 5074 2411 5129 quo
2430 5055 2718 5128 discipulis
2739 5053 3006 5110 Dominus
3035 5051 3185 5107 dedit
3213 5050 3401 5106 omnia
3429 5065 3620 5120 posse,

2216 5150 2364 5207 Usus
2386 5149 2512 5221 jure
2537 5164 2660 5216 suo,
2685 5145 2891 5202 mundo
2925 5159 3066 5199 nova
3087 5143 3231 5200 dona
3257 5153 3537 5212 stupente,

2214 5243 2442 5314 Excepit
2469 5241 2690 5298 tandem
2726 5239 3046 5311 peregrinos
3069 5237 3303 5293 Ramula
3330 5237 3508 5292 cives.

2213 5335 2345 5392 Cive
2383 5350 2487 5390 suo
2516 5342 2769 5399 vacuata,
2792 5347 2966 5387 novos
2993 5329 3087 5402 qui
3113 5328 3330 5400 fugerat
3351 5327 3582 5392 hostes,

2213 5427 2580 5497 Ecclesiaaque
2603 5425 2698 5481 tibi
2729 5433 2978 5491 sacratae,
3003 5431 3191 5478 sancte
3217 5420 3474 5492 Georgi,’

2215 5521 2350 5588 Qua:
2378 5519 2623 5591 spatiosa
2643 5518 2777 5574 satis
2812 5517 3006 5572 vicinae
3023 5515 3312 5588 praeminet
3349 5512 3500 5580 urbi,

2212 5613 2536 5673 Pontiﬁcem
2567 5605 2921 5683 decimasque
2949 5624 3079 5667 suas
3109 5623 3244 5682 gens
3273 5617 3475 5665 sancta
3500 5604 3737 5679 reliquit.
