3816 6306
67 310 152 370 989
879 302 1154 360 CILONIS
1188 302 1412 362 PARIS.
1447 303 1629 362 HlST.
1672 303 2039 368 HIEROSOL.
2066 335 2140 348 -—
2163 305 2294 362 LIB.
2341 306 2416 364 t'l.

1633 423 1681 482 Α
1705 420 1932 478 Praefuit
1960 421 2206 478 Acardus
2241 419 2452 478 Merulo
2473 420 2747 478 demente
2769 423 3002 493 cohorti,

503 415 802 474 Jerusalem
829 417 1120 474 obsidetur.

121 513 366 570 Hactenus
391 524 675 568 armorum
699 509 964 581 gravitate
982 511 1167 568 calore
1201 527 1472 584 repressa,

64 607 364 678 Paupertate,
392 601 506 669 siti,
529 609 802 658 nocturno
825 609 1096 673 tempore,
1130 619 1315 674 pugna

63 696 345 754 Excruciata
368 695 570 752 cohors
587 701 830 764 optatam
861 693 1015 748 venit
1038 694 1108 750 ad
1135 695 1350 762 urbem,

62 790 204 856 Quam
226 786 477 842 Salomon
506 785 706 856 opibus
731 785 946 854 ditavit,
975 784 1232 842 Christus
1258 785 1471 842 honore

62 881 224 937 Junius
248 878 487 945 ardebat,
521 886 580 934 et
608 877 691 933 sol
720 877 954 934 ardebat
979 877 1036 932 in
1088 877 1284 945 armis,

63 971 257 1040 Quando
282 969 396 1026 suis
425 977 615 1026 texere
631 967 800 1024 duces
819 968 941 1026 loca
967 983 1211 1042 congrua
1242 965 1466 1024 castris.

61 1067 170 1124 Pars
188 1081 249 1122 en
277 1063 361 1120 cui
389 1070 647 1133 superest
671 1060 973 1132 septentrio
995 1068 1180 1116 castra
1201 1057 1402 1130 recepit

61 1155 374 1214 Norlhmanni
391 1153 638 1221 comitis,
659 1161 714 1210 et
737 1153 788 1209 ei
812 1151 1170 1209 Flandrensis
1197 1149 1460 1217 adhaeret,

64 1252 178 1309 Solis
206 1249 270 1306 ab
293 1263 492 1306 occasu
534 1256 704 1304 terret
725 1245 1052 1304 Tancretius
1082 1246 1298 1313 urbem,

63 1342 176 1397 Solis
194 1340 257 1396 ab
275 1354 472 1396 occasu
497 1337 677 1395 tendit
698 1336 1034 1394 Godefridus
1055 1337 1111 1392 in
1139 1337 1376 1394 hostem.

61 1432 280 1500 Amedia,
305 1429 648 1504 Raymunde,
675 1429 764 1486 die
789 1437 880 1485 tua
920 1427 1155 1486 classica
1183 1427 1460 1499 clangunt,

61 1524 311 1595 Postquam
331 1521 644 1581 Jerusalem
678 1531 998 1579 nostrorum
1035 1520 1220 1578 cincta
1245 1533 1478 1586 corona,

62 1618 225 1674 Eduxit
249 1616 460 1674 levitate
488 1630 658 1688 pares
683 1613 890 1672 Piletus
927 1613 1309 1688 Raymundus,
1394 1614 1400 1620 ’

62 1710 272 1766 Proxima
295 1709 422 1766 dum
450 1708 727 1764 lustratur
752 1706 912 1779 equis
935 1705 1220 1777 oculisque
1248 1715 1481 1773 remota,

61 1799 132 1856 Bis
151 1808 349 1858 centum
369 1813 534 1856 casus
561 1797 774 1854 Arabes
795 1796 1146 1869 pradonibus
1167 1794 1346 1862 oll‘ert,

63 1893 181 1960 Quos
201 1908 362 1964 neque
385 1891 534 1948 facta
561 1890 653 1948 sui
681 1889 910 1946 cultoris
935 1888 1165 1962 prodiga
1196 1887 1396 1955 virtus,

61 1981 148 2039 Nec
175 1998 354 2040 manus
369 1980 584 2054 eripuit
608 1979 978 2049 numerosior,
1011 1988 1070 2035 at
1099 1977 1226 2052 fuga
1249 1978 1451 2050 turpis.

65 2073 152 2130 llos
172 2073 306 2147 iuga,
331 2073 426 2131 sed
453 2073 648 2146 plures
675 2087 746 2128 ex
778 2070 890 2128 illis
913 2071 1302 2142 praeeipitatos,

63 2165 149 2224 Nec
172 2165 304 2241 iuga,
337 2181 437 2223 nec
457 2165 680 2239 gladius
701 2163 954 2232 salvavit,
975 2178 1116 2234 quos
1141 2160 1402 2234 spoliavit

65 2257 160 2314 Vita
185 2267 357 2315 nostra
379 2258 603 2326 cohors,
633 2266 691 2314 et
711 2271 885 2328 equos
905 2255 975 2312 ad
994 2262 1178 2311 castra
1212 2253 1453 2310 reduxit.
1479 2265 1482 2268 ’

63 2348 273 2406 Pluribus
299 2349 496 2420 aptatis
519 2363 650 2421 qua:
676 2355 810 2405 sunt
843 2346 1080 2419 aptanda
1107 2345 1316 2413 ruinae,

65 2441 300 2498 Festinant
317 2442 385 2498 ad
415 2449 546 2498 vota
577 2440 708 2509 viri,
730 2452 1061 2509 murumque
1105 2436 1344 2508 priorem

65 2533 303 2604 Invadunt,
337 2534 668 2608 magnisque
687 2541 887 2590 vocant
914 2531 1250 2589 clamoribus
1270 2531 1508 2587 hostem.

119 2623 223 2681 Mox
239 2625 446 2697 gentilis
473 2625 657 2694 adest,
679 2622 928 2691 Iudaeus,
951 2622 1190 2692 Turcus,
1217 2620 1528 2694 Arabsque,

66 2715 334 2784 llissilibus,
349 2717 550 2790 iaculis
572 2717 882 2785 obsistitur,
906 2716 1051 2788 igne,
1081 2729 1312 2773 veneno.

65 2812 118 2865 At
137 2811 286 2868 nostri
309 2811 510 2883 jaculis
539 2819 832 2884 opponunt
860 2818 1081 2882 pectora
1109 2808 1278 2877 nuda,

65 2901 239 2974 Proque
270 2903 563 2977 Flagellato
591 2903 880 2976 patiuntur
905 2901 1044 2960 dura
1073 2901 1304 2973 ﬂagella.

64 2992 148 3050 Nec
170 3011 326 3065 mora,
349 2996 694 3070 magnanimi
723 3011 821 3068 per
846 3011 979 3054 saxa
1005 3010 1104 3068 per
1148 3009 1304 3052 arma
1355 3001 1598 3061 ruentes,

65 3084 172 3142 Muri
207 3089 537 3162 praecipitant
573 3088 918 3146 irritamenta
952 3087 1175 3161 prioris.

66 3176 218 3248 Dijecti
241 3178 448 3254 fugiunt
475 3181 546 3238 ad
579 3180 784 3238 mtenia
822 3189 938 3236 tuta
958 3179 1209 3252 manipli,
1253 3187 1261 3194 '

66 3267 115 3325 Et
131 3271 240 3326 dum
262 3273 488 3346 quisque
509 3274 721 3332 timens
748 3281 921 3330 certat
944 3272 1096 3344 prior
1123 3287 1266 3338 esse,
1287 3271 1496 3342 priores

66 3359 210 3420 Turba
227 3380 454 3438 sequens
484 3365 718 3424 inimica
750 3365 868 3422 suis
889 3365 944 3420 in
971 3364 1162 3420 limine
1184 3372 1357 3435 portae

67 3452 285 3526 Conterit,
309 3459 503 3531 hicque
523 3473 696 3516 suum
723 3456 944 3514 Pilades
987 3455 1285 3528 prosternit
1328 3453 1597 3510 Orestem.

119 3545 321 3606 Maxima
342 3565 470 3622 pars
489 3549 721 3608 exclusa
753 3549 942 3622 gemit,
971 3548 1198 3619 natique
1226 3554 1483 3619 parentes

67 3636 251 3698 Orantes
271 3658 376 3699 non
403 3643 714 3717 excipiunt,
736 3642 936 3714 pietate
957 3649 1227 3713 stupente.

65 3729 275 3792 Protinus
297 3735 498 3808 ingenti
532 3743 739 3793 conatu
771 3734 923 3792 scala
960 3734 1138 3790 levata

66 3823 235 3883 Pratbet
257 3827 322 3884 ad
343 3829 451 3885 alta
478 3828 655 3896 viam,
681 3827 771 3885 cui
802 3825 966 3884 fortis
987 3825 1147 3883 miles
1182 3824 1491 3891 adhaerens,

67 3915 374 3980 Rambaudus
394 3921 681 3979 Ciminum
705 3920 872 3978 castri
905 3918 1181 3976 Dunensis
1217 3918 1476 3974 alumnus

67 4006 270 4068 Deeertat
291 4013 500 4086 gladiis,
527 4022 588 4069 et
614 4011 925 4070 comminus
946 4010 1160 4083 impetit
1188 4011 1426 4077 hostem,

67 4096 200 4171 Copia
224 4103 505 4171 scalarum,
530 4103 585 4161 si
610 4101 752 4160 forte
779 4110 968 4175 parata
999 4101 1220 4170 fuisset,

67 4187 294 4251 lanumeri
315 4195 468 4253 labor
491 4196 591 4254 ille
623 4195 754 4252 mali
779 4195 934 4253 labor
968 4194 1195 4252 ultimus
1222 4203 1389 4252 esset.

67 4275 248 4339 Obstitit
264 4285 363 4344 hoc
381 4287 566 4346 solum
593 4287 822 4354 nostris,
862 4286 1195 4358 fortunaque
1221 4285 1350 4342 belli

68 4367 183 4427 iuvit
201 4375 259 4430 ad
284 4387 586 4434 extremum
607 4378 827 4447 ductos,
855 4378 1066 4435 alterna
1095 4377 1409 4436 revisens.'.

69 4455 268 4520 Tandem
293 4478 470 4526 castra
493 4470 696 4527 cohors
720 4471 941 4542 petit,et
975 4467 1212 4542 respirat
1241 4468 1311 4525 ab
1331 4467 1525 4536 armis,

70 4547 254 4610 Fercula
276 4559 366 4629 qui
382 4560 662 4630 quondam
684 4575 826 4616 nova
852 4559 1098 4618 fastidire
1122 4559 1353 4629 solebat,

69 4641 212 4716 Atque
228 4665 411 4708 vocare
439 4651 643 4708 famem
671 4652 961 4709 dulcedine
989 4651 1315 4709 deliciarum

71 4732 294 4798 lrritando
317 4745 518 4816 gulam,
542 4759 691 4801 nunc
721 4743 870 4801 sicco
891 4759 1031 4816 pane
1054 4743 1314 4815 repletur.

72 4824 123 4884 Et
139 4835 371 4892 mentitur
389 4837 438 4893 ei
466 4835 735 4909 pigmenti
757 4835 978 4909 lympha
999 4851 1277 4907 saporem,

71 4917 213 4986 Quam
245 4927 426 4987 sitiens
453 4929 612 4986 miles
644 4927 884 5000 pretioso
908 4933 1194 4998 comparat
1211 4941 1368 4982 auro.

127 5013 298 5076 Montis
316 5021 510 5093 quippe
546 5020 680 5078 Sion
708 5019 834 5077 fons
857 5035 889 5076 a
916 5018 1101 5076 radice
1123 5017 1344 5085 citatus,

76 5103 193 5165 Fons
224 5111 356 5172 Siloe
377 5124 507 5186 potu
532 5113 764 5170 minimo
783 5113 1055 5186 longeque
1088 5111 1281 5184 petito.

77 5194 349 5260 Innumeros
378 5205 552 5262 reﬁcit
577 5203 830 5276 populos,
858 5212 915 5260 et
943 5203 1199 5261 venditur
1227 5202 1372 5258 unda

78 5283 219 5351 Quam
245 5304 427 5352 natura
456 5305 648 5368 potens
669 5295 839 5368 gratis
859 5296 1132 5354 concessit
1153 5293 1485 5351 habendam.

81 5375 190 5435 Dum
215 5385 353 5442 vario
371 5388 632 5458 premitur
652 5406 786 5464 gens
811 5398 996 5446 nostra
1019 5387 1234 5454 labore,
1261 5394 1463 5443 secutae

81 5465 386 5534 Christicolas
409 5495 604 5537 venere
630 5490 798 5550 rates,
831 5495 970 5552 quas
1002 5478 1196 5551 Japhia
1230 5485 1392 5549 portu

83 5552 256 5631 Excipit
273 5575 465 5636 optata,
491 5585 633 5628 nunc
651 5571 802 5640 urbs,
827 5578 958 5626 tunc
990 5568 1142 5625 urbis
1169 5569 1370 5640 imago.

140 5647 260 5723 Ergo
279 5657 374 5714 viri
395 5669 609 5719 centum
632 5663 925 5719 mittuntur
951 5661 1022 5718 ab
1049 5659 1356 5728 obsidione,

85 5735 165 5808 ί)ιὶ
185 5759 377 5810 servate
399 5763 560 5826 rates,
587 5755 904 5832 Turcosquc
939 5756 1198 5829 repellere
1227 5754 1455 5828 possint.

3181 313 3288 372 990

1703 515 1884 586 Atque
1908 512 2260 572 Sabratensis
2291 513 2616 572 Guillelmus
2653 530 2779 571 cum
2811 514 3137 588 Raymundo

1706 605 1813 663 Sed
1838 607 2046 678 probus
2068 605 2316 664 Acardus
2349 621 2476 664 cum
2501 606 2694 678 paucis
2721 616 2850 664 ante
2870 611 3142 682 cucurrit,

1702 695 1977 767 lmpulsus
2005 696 2222 753 levitate
2253 711 2352 752 sua
2376 695 2664 767 plusquam
2689 697 2929 766 ratione,

1704 786 1804 843 llic
1825 787 2198 859 septingentos
2219 785 2428 844 Arabes
2463 787 2518 842 in
2553 787 2691 843 valle
2711 787 2980 859 profunda

1705 879 2058 950 Repperiens,
2090 879 2294 952 irrupit
2319 879 2374 934 in
2401 879 2528 942 hos,
2551 879 2820 950 hastaque
2841 879 3063 950 reiecta,

1703 971 1992 1028 Fulmineo
2031 971 2246 1028 scindit
2265 971 2447 1045 gladio
2473 987 2638 1043 quem
2664 971 2888 1043 respicit
2909 973 3141 1030 hostem.

1705 1063 1951 1120 Tandem
1974 1064 2266 1122 succubuit
2285 1079 2396 1120 non
2427 1063 2679 1136 pigritiae,
2697 1065 2792 1120 sed
2825 1064 3041 1120 honesti

1705 1156 1938 1214 Funeris
1973 1158 2242 1228 exemplo,
2263 1172 2360 1229 per
2389 1157 2537 1228 quod
2565 1165 2756 1213 mouet
2787 1157 2903 1228 ipse
2945 1155 3180 1224 sodales,
3227 1203 3230 1206 .

1706 1249 1750 1304 E
1778 1249 1980 1322 quibus
2000 1249 2219 1320 elapsus
2240 1264 2386 1306 unus
2406 1247 2626 1305 crudele
2646 1247 2862 1304 cohorti

1706 1341 1933 1398 Nuntiat
1955 1341 2206 1408 exitium,
2231 1341 2482 1398 clamans
2503 1341 2816 1407 crudeliter,
2844 1338 2983 1396 Ecce

1706 1431 2012 1503 Exsequias
2073 1431 2240 1488 sociis
2285 1445 2540 1504 proceres
2587 1431 2744 1498 date,
2789 1445 2930 1500 quos
2991 1428 3122 1484 dare
3165 1428 3292 1484 vita

1706 1521 1825 1578 Non
1856 1522 2000 1590 licet,
2028 1529 2085 1576 at
2113 1528 2344 1576 mortem
2366 1520 2496 1576 licet
2526 1519 2705 1576 hostis
2728 1528 2904 1574 morte
2925 1519 3095 1589 piare.

2014 1611 2150 1669 Sitis
2173 1614 2352 1684 ingens
2386 1610 2720 1668 Christianos
2753 1610 2978 1664 cruciat.

1779 1704 2005 1762 Talibus
2027 1705 2230 1761 hortati
2253 1704 2484 1772 Piletus,
2509 1703 2777 1774 Piletique
2806 1702 3043 1769 sodales,

1635 1769 1678 1826 Β
1703 1801 1854 1866 Quos
1889 1798 2064 1868 magis
2087 1799 2380 1854 hortantur
2407 1769 2602 1864 virtus,
2631 1769 2870 1852 vindicta
2894 1810 3147 1853 suorum.

1707 1892 1844 1950 Vera
1875 1891 2033 1961 ﬁdes,
2069 1893 2294 1950 alterius
2317 1908 2494 1960 amor,
2519 1891 2848 1962 requiesque
2878 1890 3148 1946 laborum.

1702 1985 1939 2042 Interius
1973 1995 2187 2042 mentes
2215 1986 2386 2041 armis
2412 1983 2726 2058 cmlestibus
2747 1991 2970 2050 ornant,

1703 2077 2087 2149 Exteriusﬁua
2119 2079 2363 2136 membra
2384 2087 2573 2149 tegunt
2591 2087 2645 2134 et
2671 2075 2882 2133 viribus
2911 2084 3148 2132 armant.

1703 2167 1833 2225 Inde
1861 2170 2146 2240 repentino
2179 2169 2297 2226 visu
2333 2169 2642 2236 turbantur,
2665 2177 2720 2224 et
2743 2168 2929 2225 hostes

1705 2257 1950 2332 Digressi
1979 2259 2164 2316 videre
2194 2275 2328 2318 suos
2355 2259 2595 2332 spoliare
2621 2268 2866 2327 necatos,

1703 2349 1769 2406 Et
1793 2350 1920 2406 licet
1941 2351 2258 2408 innumeros
2280 2351 2500 2406 videant
2525 2350 2580 2405 lii
2610 2349 2704 2420 qui
2728 2347 3008 2404 numerari

1704 2439 1831 2498 Mox
1859 2451 2138 2514 poterunt,
2163 2452 2347 2500 tamen
2381 2449 2701 2509 occurrunt,
2733 2440 2974 2514 legitque
2997 2438 3180 2494 virum

1703 2535 2116 2606 Prosternitquc
2143 2551 2306 2591 suum
2333 2549 2629 2606 congressu
2653 2532 2888 2604 quisque
2919 2529 3112 2602 priori.

1702 2625 1962 2684 Protinus
1990 2626 2270 2682 horribilis
2299 2626 2562 2682 miscetur
2588 2623 2643 2678 in
2669 2622 2888 2695 agmine
2918 2636 3125 2692 pugna,

1702 2720 1977 2777 Amittunt
2002 2719 2170 2792 galea:
2199 2719 2419 2785 cristas,
2444 2715 2617 2789 clypei
2657 2731 2757 2771 sua
2787 2714 2964 2786 signa.

1701 2812 2043 2870 Convertunt
2067 2810 2230 2884 gladii
2255 2809 2424 2868 facies
2453 2807 2814 2878 hominesque
2837 2803 3032 2884 recisis
3112 2801 3114 2804 ’

1702 2903 1963 2972 Naribus,
1985 2903 2203 2976 expavit
2223 2901 2330 2958 tiro
2359 2902 2427 2958 de
2453 2899 2766 2972 cognitione

1704 2995 1825 3052 Jam
1849 2995 2140 3062 dubitans;
2173 2993 2277 3050 hos
2298 3008 2408 3048 non
2433 2990 2708 3058 homines,
2736 2987 2834 3045 scd
2892 2994 3138 3043 monstra
3190 2999 3294 3056 pu-

3035 3078 3214 3154 [taviL

1705 3177 1892 3236 Hastis
1921 3186 2114 3236 nostra
2140 3178 2340 3234 cohors
2360 3176 2483 3233 illos
2511 3175 2668 3247 petit,
2691 3173 2917 3230 ensibus
2939 3171 3077 3228 istos

1702 3270 1944 3342 Impulit,
1970 3271 2072 3326 hos
2095 3286 2324 3326 currens
2349 3283 2592 3339 casuque
2615 3267 2848 3340 peremit
2876 3280 3068 3320 amaro

1701 3359 1832 3417 Illos
1848 3369 2026 3416 morte
2062 3360 2224 3415 timor
2253 3360 2433 3416 subita
2468 3357 2768 3430 prosternit
2790 3357 2994 3412 inertes
3031 3375 3045 3409 :

1702 3452 1939 3510 Casibus
1966 3453 2199 3510 amictus
2221 3453 2392 3508 variis
2416 3452 2637 3524 gentilis
2662 3451 2950 3520 Arabsque

1705 3545 1849 3600 Dant
1869 3544 2016 3602 facili
2039 3561 2139 3602 sua
2167 3554 2314 3616 terga
2340 3542 2502 3616 fugae,
2534 3543 2837 3613 multisque
2875 3538 3105 3605 necatis,

1707 3635 1813 3692 Uni
1847 3637 2024 3694 victor
2046 3653 2218 3693 ovans
2245 3636 2413 3692 dilata
2440 3643 2618 3690 morte
2645 3632 2910 3704 pepercit,

1703 3727 1810 3784 Per
1835 3744 1998 3800 quem
2024 3729 2319 3785 Persarum
2344 3735 2552 3785 secreta
2580 3725 2771 3781 dolosa
2809 3731 3077 3795 paterent,

1705 3819 1844 3876 Tres
1871 3835 2091 3892 quoque
2117 3820 2276 3876 miles
2303 3835 2477 3890 equos
2505 3827 2559 3874 et
2583 3825 2804 3873 centum
2834 3813 2992 3871 duxit
3013 3813 3083 3869 ab
3111 3812 3292 3870 hoste.

1702 3912 1842 3970 Dum
1866 3923 2025 3969 vacat
2056 3912 2110 3968 in
2147 3913 2345 3970 castris
2365 3910 2624 3984 populus,
2657 3909 2779 3965 sitis
2803 3907 3184 3974 immoderata,

1707 4003 2060 4062 Excruciavit
2084 4020 2232 4072 eum,
2262 4004 2457 4075 gladiis
2486 4003 2682 4058 tellure
2711 4011 2904 4058 cavata

1705 4095 1860 4153 Miles
1881 4112 1936 4151 tu
1969 4103 2130 4152 antra
2154 4102 2318 4165 caput
2355 4093 2655 4164 mergebat,
2679 4091 2802 4146 luce
2829 4087 3021 4145 relicta

1702 4187 1930 4260 Pinguis
1951 4196 2014 4243 ut
2035 4187 2249 4244 humea:
2273 4193 2329 4242 et
2356 4184 2520 4241 tellus
2550 4181 2764 4239 arentia
2789 4181 2944 4236 labra

1704 4279 1805 4336 llic
1823 4280 1968 4352 quod
1991 4279 2061 4335 ab
2089 4289 2211 4335 utre
2247 4277 2392 4334 cadit
2416 4275 2680 4347 resupino
2702 4272 2934 4344 suscipit
2960 4286 3080 4341 ore,

1704 4371 1978 4428 Marmora
2005 4370 2281 4426 lambebat
2303 4370 2447 4426 alius
2470 4367 2728 4425 sudantia
2757 4381 2881 4422 rore
2899 4407 2918 4433 ,

1628 4486 1682 4548 υ
1705 4465 1994 4536 Aspiceres
2025 4472 2232 4535 pestem
2255 4462 2625 4534 languentum
2655 4469 2853 4516 cuncta
2886 4474 2984 4530 per
3007 4471 3156 4525 ossa,

1705 4556 1826 4612 Jam
1855 4555 2063 4612 rabiem
2085 4553 2322 4610 traxisse
2347 4569 2507 4611 suam
2537 4561 2735 4609 nutare
2760 4550 3002 4608 subactis

1708 4649 1932 4706 Viribus
1955 4648 2255 4716 incessum,
2279 4646 2592 4717 linguaeque
2617 4652 2734 4700 retu
2745 4643 2902 4699 ndier
2932 4657 3119 4698 usum.

1708 4741 1768 4798 Si
1809 4748 2014 4798 mactat
2035 4739 2367 4811 quandoque
2394 4736 2595 4793 bovem
2625 4735 2822 4791 librata
2847 4732 3080 4799 securis,

1705 4834 1979 4890 Carnibus
2021 4831 2272 4904 objectis,
2309 4829 2574 4887 sorbetur
2595 4828 2664 4883 ab
2691 4825 2910 4899 agmine
2943 4823 3190 4898 sanguis.

1703 4927 1952 4985 Esuriem
1981 4927 2216 4983 tolerare
2249 4925 2408 4991 libet,
2443 4921 2604 4978 dolor
2627 4920 2717 4976 ille
2744 4919 2987 4975 dolorem

1708 5018 1865 5078 ‘lunc
1913 5019 2131 5076 minuit.
2175 5016 2448 5073 Prodesse
2490 5013 2693 5070 famem
2732 5009 2856 5082 quis
2899 5008 3144 5065 crederet
3197 5024 3298 5064 un-

3005 5097 3195 5174 [quam
3207 5099 3233 5152 ’ἒ

1708 5203 1992 5260 Clauserat
2017 5200 2264 5258 occultos
2290 5197 2512 5254 laticum
2537 5211 2671 5269 gens
2700 5209 2843 5252 satva
2865 5201 3079 5248 meatus
3096 5233 3112 5260 ,

1709 5294 2122 5365 lmmensosque
2147 5293 2300 5347 lacus
2320 5291 2620 5346 observans
2639 5331 2654 5356 ,
2684 5285 2978 5345 insidiatur

1709 5386 2082 5452 Christicolis,
2115 5392 2459 5454 mortemque
2480 5382 2646 5438 dabat
2667 5379 3045 5453 quaerentibus
3070 5391 3302 5445 uncam,

1710 5479 1847 5534 Cum
1871 5493 2004 5549 gens
2025 5475 2278 5534 lethifero
2299 5475 2501 5532 siccata
2527 5475 2710 5530 calore
2735 5473 2974 5530 calorem

1713 5567 1944 5625 Vitalem
1968 5569 2178 5641 perdit,
2207 5568 2467 5640 nulloque
2496 5567 2710 5638 liquore
2733 5565 2909 5637 rigata

1711 5662 1973 5718 Intestina
2013 5660 2172 5717 bonis
2204 5657 2837 5716 naturamdestituuntur.

1783 5753 2132 5810 Construitur
2154 5753 2335 5811 studio
2361 5750 2642 5810 Codcfridi
2669 5747 2924 5807 machina
2957 5743 3196 5801 formam
