3850 6310
544 334 647 399 sat
1119 340 1213 397 ao
1248 335 1701 401 eoosrmoun
1734 336 2026 395 nemo.
2066 332 2130 395 u.
2173 368 2245 379 -
2272 288 2554 398 nonus.
2593 339 2683 396 or:
2715 336 2942 398 sum
2976 329 3207 399 saeuo
3662 348 3741 407 ut

541 452 767 510 Gastclli
793 452 1036 510 retinens
1056 496 1070 521 ,
1106 456 1392 526 multoque
1415 453 1600 510 labore
1623 459 1839 523 reperta

542 538 831 603 Materiam
854 547 989 604 dant
1015 546 1164 619 ligna
1189 545 1361 602 fabris
1380 586 1395 612 ,
1435 544 1668 616 urbique
1693 545 1968 601 timorem.

544 638 656 696 Par
685 654 910 712 quoque
937 639 1227 697 castellum
1256 637 1568 710 Raymundi
1592 632 1819 709 provida
1839 651 1978 695 cura

543 733 588 787 Ε
610 733 749 806 igit,
774 744 830 790 et
856 741 1048 790 contra
1076 740 1256 789 turres
1280 729 1480 786 turrita
1510 738 1796 801 parantur.

546 825 888 898 Exstupncre
910 840 1080 882 novas
1100 822 1289 879 miseri
1311 837 1649 895 consurgere
1677 821 1854 880 moles

545 917 792 975 Gentiles
810 959 826 986 ,
858 917 1071 989 ipsique
1095 928 1230 971 suas
1259 928 1577 972 accrescere
1598 919 1781 972 turres

545 1009 714 1066 Nocte
742 994 1098 1076 laborabant,
1124 1007 1313 1065 studio
1341 1006 1564 1064 fallente
1594 1006 1840 1064 laborem
1873 1028 1885 1063 :

542 1099 655 1156 Nec
681 1100 862 1157 minus
888 1099 1123 1172 ingentis
1154 1099 1368 1156 castelli
1399 1100 1802 1171 compositores
1824 1143 1838 1167 ,

543 1190 694 1256 Quos
715 1189 875 1274 ducis
905 1190 1133 1263 urgebat
1155 1191 1444 1262 praesentia
1466 1232 1481 1256 ,
1512 1190 1871 1248 sollicitantes

539 1284 878 1350 Nocturnam
904 1284 1150 1358 requiem
1181 1284 1446 1357 vigilant,
1471 1283 1765 1357 variasque
1787 1303 1884 1358 per
1911 1297 2058 1342 artes

539 1379 986 1452 lntempestivum
1010 1376 1222 1438 ducunt
1256 1383 1360 1439 sub
1383 1386 1543 1437 nocte
1571 1376 1837 1437 laborem.

538 1468 659 1526 Nox
688 1486 811 1543 quae
834 1471 1039 1529 Iudaeis
1062 1474 1310 1545 requiem
1335 1481 1611 1529 transacta
1639 1471 1889 1544 reliquit;

540 1562 747 1621 Lucida
768 1566 989 1622 velabat
1006 1566 1299 1623 tenebrosa
1322 1564 1501 1624 sidera
1524 1567 1688 1638 palla.

610 1654 750 1711 Cum
778 1655 938 1713 ducis
966 1657 1205 1714 artifices
1229 1659 1298 1714 ad
1320 1670 1511 1713 muros
1538 1656 1920 1729 applicuerunt

546 1746 764 1804 Robora
792 1749 1040 1819 castelli,
1071 1750 1386 1809 minitantia
1415 1752 1548 1810 solis
1568 1748 1641 1807 ab
1670 1760 1794 1806 ortu
1814 1792 1831 1818 ,

539 1840 680 1899 Nam
709 1840 883 1901 levius
908 1853 1162 1916 poterant
1188 1847 1492 1919 irrumpere
1520 1844 1655 1904 solis
1686 1845 1755 1902 ab
1778 1856 1901 1902 ortu

540 1935 654 1992 Mul
680 1934 952 2008 ipllcando
976 1952 1166 2009 preces
1185 1982 1200 2007 ,
1230 1934 1506 2012 lacrymas
1522 1982 1536 2006 ,
1563 1938 1771 2010 jcjunia
1793 1979 1809 2006 ,
1834 1944 1959 1993 vota
1981 1979 1994 2005 ,

539 2027 700 2085 Circa
721 2027 1022 2086 Jerusalem
1051 2038 1272 2102 portant
1295 2031 1532 2104 insignia
1558 2028 1764 2087 Christi

541 2118 911 2189 Christicolae,
940 2123 1170 2193 vexilla,
1211 2137 1403 2181 cruces
1428 2167 1443 2192 ,
1475 2122 1670 2179 altaria
1706 2134 1912 2180 sancta.

541 2212 735 2270 Dicere
758 2215 918 2287 longa
955 2212 1091 2271 mihi
1120 2230 1277 2272 mora
1314 2214 1475 2272 finem
1502 2214 1889 2287 prospicienti,

538 2305 832 2379 Quotque,
869 2308 1141 2379 quibusve
1176 2306 1357 2365 modis
1398 2307 1565 2365 breve
1605 2316 1823 2380 tempus
1854 2320 2141 2379 comparat

1854 2400 2030 2459 hostis
2049 2446 2064 2472 ,

1854 2403 1971 2457 host

538 2490 713 2561 Cujus
745 2489 913 2549 Parca
950 2508 1155 2551 necans
1180 2491 1292 2566 iam
1325 2506 1580 2565 rumpere
1610 2492 1699 2550 illa
1720 2401 1971 2566 par:[il)at.

611 2585 851 2642 Venerat
878 2585 971 2643 illa
1000 2587 1117 2645 dies
1142 2604 1252 2659 qua
1293 2585 1625 2644 mortificare
1655 2588 2002 2659 magistrum.

541 2674 689 2732 Gens
718 2670 905 2731 Judma
930 2672 1117 2733 Iesum
1140 2677 1368 2747 cupiens
1399 2688 1458 2733 se
1480 2672 1849 2733 mortificavit.

542 2765 655 2823 llac
688 2767 744 2823 in
770 2767 894 2825 luce
921 2764 1091 2825 duces
1118 2768 1186 2823 ad
1218 2780 1409 2823 muros
1435 2768 1655 2840 agmina
1681 2767 1923 2837 ducunt,

544 2859 711 2918 Stans
745 2876 932 2917 comes
952 2858 1288 2917 Eustachius
1323 2856 1379 2916 in
1408 2868 1593 2918 castro
1630 2874 1756 2918 cum
1786 2860 2101 2953 Godcfrido,

543 2953 846 3024 Snsceptos
871 2953 1014 3011 ictus
1036 2952 1214 3009 reddit
1235 2968 1361 3011 cum
1387 2949 1598 3011 fanore
1624 2952 1784 3011 duro.

537 3032 639 3101 Ilia
667 3042 975 3101 Turcorum
1000 3045 1409 3102 transverberat
1434 3055 1465 3101 a
1489 3043 1629 3101 duce
1662 3044 1831 3102 missa
1850 3089 1865 3114 ,

542 3136 665 3192 Non
691 3146 903 3195 tantum
939 3146 1199 3194 contenta
1223 3138 1368 3194 latus
1390 3139 1625 3194 transire
1653 3139 1872 3210 sagitta.

542 3227 665 3285 Dux
693 3226 852 3286 ducis
889 3230 1208 3302 exsequitur
1242 3244 1461 3300 curam,
1494 3226 1765 3302 fortisque
1791 3231 2066 3298 laborem,

543 3320 731 3377 Multis
749 3320 1002 3377 hortatur
1028 3328 1364 3395 pugnantes,
1389 3329 1598 3394 pugnat
1624 3330 1679 3377 et
1705 3322 1821 3392 ipse
1840 3362 1855 3389 ,

542 3412 761 3487 Pugnat
787 3430 887 3485 pro
910 3413 1113 3485 duplici
1135 3430 1333 3487 regno,
1363 3416 1495 3487 quia
1523 3415 1720 3486 quaerit
1745 3427 2036 3486 utramque
2078 3421 2089 3429 '

542 3505 846 3563 Jerusalem
867 3550 882 3575 ,
915 3506 1159 3563 decertat
1187 3504 1242 3562 in
1265 3503 1402 3577 hac,
1425 3512 1487 3564 ut
1520 3508 1668 3563 vivat
1695 3508 1749 3563 in
1789 3507 1902 3562 illa.

544 3594 691 3653 Saxa
718 3611 883 3669 super
911 3606 1090 3664 crates
1122 3596 1399 3656 venientia
1432 3595 1637 3657 vimina
1666 3600 1929 3672 frangunt

543 3686 795 3759 Robora,
827 3697 983 3765 scuta
1006 3690 1157 3746 viros
1184 3691 1253 3746 de
1277 3690 1446 3746 castri
1470 3686 1708 3747 culmine
1733 3691 1947 3748 nolunt.

1056 3778 1359 3836 Jerusalem
1387 3782 1620 3852 capitur.
1816 3774 1822 3785 ’

614 3868 807 3929 Mortis
831 3869 887 3928 in
922 3870 1157 3931 articulo
1184 3872 1359 3931 virtus
1391 3888 1501 3930 non
1525 3870 1699 3931 defuit
1727 3874 1908 3945 hosti,

544 3962 730 4022 Donec
751 3981 859 4036 qua
887 3963 1171 4023 Christum
1201 3978 1339 4024 erux
1365 3966 1707 4024 sanctificata
1739 3968 1977 4040 recepit,

545 4056 735 4113 Adfuit
762 4058 897 4113 hora
923 4099 943 4127 ,
969 4054 1115 4114 diem
1142 4058 1401 4116 minuens
1418 4102 1433 4128 ,
1457 4057 1705 4133 civisque
1730 4058 1997 4134 vigorem,

547 4146 662 4205 Hac
689 4151 822 4204 hora
850 4150 1074 4221 quidam
1104 4150 1171 4208 de
1193 4161 1376 4209 castro
1400 4148 1611 4210 fortiter
1638 4154 1852 4211 instans
1875 4197 1889 4223 ,

545 4239 781 4297 Nomine
803 4240 1092 4311 Letaldus,
1120 4259 1281 4300 muro
1306 4243 1458 4316 prior
1480 4245 1653 4303 insilit
1676 4246 1859 4315 urbis,

544 4331 703 4389 Illum
729 4331 825 4406 qui
849 4330 1019 4392 nimia
1045 4335 1220 4392 secuit
1248 4332 1448 4393 virtute
1471 4336 1688 4395 leonem

545 4422 873 4481 Cuichcrius
901 4427 1169 4499 sequitur.
1203 4423 1324 4483 Jam
1358 4426 1470 4484 dux
1495 4443 1659 4499 super
1688 4427 1797 4483 alta
1834 4435 2092 4484 coruscat

545 4508 775 4584 Maenia,
794 4514 908 4587 jam
940 4516 1154 4590 gladius
1183 4518 1292 4574 late
1315 4534 1413 4590 per
1442 4516 1631 4591 iniqua
1662 4528 1892 4590 vagatur

543 4604 796 4676 Pectora,
816 4602 1095 4665 fulmineis
1116 4608 1229 4680 jam
1260 4614 1455 4667 murus
1478 4609 1548 4667 ab
1569 4608 1797 4665 ensibus
1817 4609 1990 4665 ardet.

612 4697 845 4756 Nescius
864 4700 1101 4757 istorum
1132 4696 1496 4774 Raymundus
1534 4699 1736 4758 mobile
1757 4708 2003 4759 castrum

536 4790 901 4861 ‘Conducebat
934 4794 1146 4863 adhuc,
1176 4794 1270 4853 sed
1297 4810 1460 4852 voces
1491 4795 1718 4852 auribus
1742 4794 1929 4852 bausit

543 4883 820 4953 Insolitas,
850 4892 1168 4958 turremque
1190 4884 1363 4943 David
1390 4884 1532 4942 celer
1560 4887 1677 4958 ipse
1707 4884 1896 4959 petivit
1926 4908 1938 4945 :

539 4976 653 5034 Nec
674 4995 830 5036 mora
856 4977 1167 5036 Turcorum
1197 4978 1451 5052 princeps
1470 5023 1485 5047 ,
1513 4979 1763 5037 custodia
1790 4980 1960 5039 turris

540 5070 644 5128 Cui
674 5074 971 5132 commissa
995 5071 1133 5143 fuit,
1175 5072 1414 5130 demissa
1444 5090 1606 5143 voce,
1643 5076 1855 5148 roganti

543 5162 747 5234 Vultu,
781 5162 1031 5223 dimissis
1055 5166 1232 5222 oculis
1252 5208 1267 5234 ,
1298 5182 1331 5221 a
1359 5167 1587 5223 consule
1616 5168 1782 5224 vitam

540 5256 820 5328 Postulat,
842 5255 1086 5315 auferret
1113 5254 1240 5330 quis
1263 5254 1454 5314 inertis
1484 5261 1709 5331 prmmia
1739 5260 1903 5318 victu.

546 5347 690 5406 Ecce
718 5364 925 5420 pavens
948 5344 1168 5406 Turcus
1191 5349 1367 5421 aperit
1395 5348 1514 5407 sine
1541 5367 1826 5409 murmure
1852 5358 2067 5424 portam

542 5437 807 5495 Hostibus
830 5481 846 5507 ,
875 5455 908 5495 a
942 5439 1148 5498 nostris
1182 5441 1343 5498 toties
1369 5441 1673 5514 majoribus
1696 5450 1958 5516 emptam.

429 5607 432 5611 ἢ
542 5529 827 5586 Turbidus
854 5539 1094 5602 optatam
1120 5533 1430 5607 prorumpit
1450 5535 1625 5592 victor
1647 5535 1703 5592 in
1732 5536 1924 5593 urbem
1945 5579 1961 5604 ,

544 5622 971 5695 Praecipitesque
994 5623 1142 5683 viros
1164 5627 1402 5700 graviter
1423 5638 1561 5686 suus
1587 5628 1825 5701 impetus
1856 5636 2028 5703 urget.

542 5714 801 5771 Occurrit
827 5733 1084 5788 suprema
1119 5716 1236 5776 dies
1267 5721 1597 5794 gentilibus,
1632 5722 1709 5779 illi

544 5802 624 5860 De
651 5802 794 5863 bello
817 5802 1033 5877 fugiunt
1060 5809 1114 5866 iu
1137 5808 1368 5882 bellum,
1400 5813 1591 5885 lapsus
1616 5814 1818 5886 ubique

2170 456 2213 514 Α
2244 453 2289 507 Α
2314 455 2467 511 nullo
2497 454 2705 511 ferrum
2731 465 3040 524 revocatur,
3069 455 3287 513 Turcus
3307 499 3323 523 ,
3344 457 3626 531 Arabsque,

2240 547 2525 621 Judaeique
2549 549 2753 606 cadunt
2770 592 2785 617 ,
2815 548 3015 605 horum
3036 548 3106 606 de
3128 550 3324 606 funere
3345 564 3517 623 pugna
3532 594 3547 618 ,

2245 640 2554 714 Sanguiuea
2575 639 2837 712 juvatire
2856 653 3024 697 manu
3041 684 3057 709 ,
3087 641 3440 715 gladiumque
3466 644 3679 702 nitentem

2243 732 2408 790 Ferre
2435 732 2631 806 pudet,
2663 732 2759 805 qui
2786 749 2898 789 non
2924 732 3156 792 desudet
3178 734 3466 807 sanguinis
3484 734 3706 797 haustum.

2243 822 2554 880 Inconsulta
2572 823 2684 879 ruit
2708 840 2843 897 gens
2863 824 2932 882 ad
2957 828 3223 899 templum
3238 824 3572 895 Salomonis,

2242 913 2419 982 Quam
2454 916 2649 972 mortis
2670 916 2848 989 gtimor
2873 914 3117 989 exagitat
3133 960 3149 986 ,
3180 917 3334 975 velut
3359 928 3501 975 esset
3525 920 3584 976 ab
3606 920 3682 978 iﬂo

2244 1003 2418 1062 Unica
2439 1003 2617 1063 danda
2642 1006 2824 1076 salus,
2852 1005 3063 1080 talique
3091 1017 3352 1081 tegantur
3374 1010 3538 1083 asylo.

2244 1096 2539 1169 [inplerant
2567 1096 2817 1171 plerique
2836 1099 3063 1157 domum
3084 1115 3257 1174 quam
3283 1100 3549 1173 diximus,
3569 1105 3657 1163 illis

2244 1189 2527 1248 Victorum
2558 1206 2757 1250 manus
2783 1190 3084 1264 inchoans,
3116 1210 3217 1267 per
3245 1194 3455 1253 lubrica
3475 1207 3634 1271 strage

2243 1282 2519 1341 Marmora
2536 1300 2604 1342 se
2630 1286 2844 1363 rapuit,
2873 1298 3168 1344 numerum
3196 1282 3330 1360 quis
3353 1287 3490 1345 seire
3510 1291 3752 1362 cadentum,

2243 1374 2407 1433 Millia
2439 1374 2521 1434 vel
2546 1377 2761 1435 valeat?
2783 1379 2988 1449 passim
3016 1368 3142 1437 cum
3168 1379 3378 1437 frustra
3404 1398 3499 1453 per
3527 1394 3682 1442 omnes

2246 1468 2369 1525 Sint
2393 1468 2641 1541 dispersa
2668 1472 2869 1544 gradus
2889 1516 2904 1541 ,
2929 1474 3091 1547 longe
3120 1473 3337 1531 cervice
3367 1472 3567 1532 revulsa
3586 1520 3599 1545 ,

2244 1558 2389 1616 Rore
2408 1570 2575 1637 caput
2599 1562 2758 1618 niveo
2777 1563 3070 1621 commista
3099 1570 3287 1635 strage
3314 1561 3543 1621 natabat.

2242 1653 2533 1711 Abscissas
2562 1652 2735 1711 aliena
2775 1666 2976 1713 manus
2998 1656 3067 1712 ad
3087 1668 3327 1728 corpora
3343 1656 3494 1729 jungi

2245 1743 2531 1815 Aspiceres
2552 1787 2567 1812 ,
2595 1754 2822 1802 truncos
2854 1746 3020 1802 etiam
3060 1747 3182 1803 sine
3206 1746 3415 1819 poplite
3442 1747 3593 1815 ferri,

2171 1806 2213 1868 Β
2242 1806 2562 1908 Cunctaque
2591 1836 2839 1894 membra
2866 1836 2988 1894 loco
3018 1836 3107 1895 vel
3132 1806 3492 1895 cat-sa‘earere
3509 1836 3683 1910 priore,

2244 1927 2442 1986 Saucia
2471 1931 2556 1987 vel
2580 1942 2864 1987 remanere
2884 1940 2992 1987 suo
3007 1973 3023 1998 ,
3046 1941 3352 2003 tantusque
3375 1931 3601 1990 cavernis

2243 2022 2482 2095 Sanguis
2501 2024 2696 2096 plenus
2731 2026 2823 2093 iit,
2854 2032 2918 2083 ut
2954 2026 3158 2084 ﬂumen
3186 2027 3343 2083 abire
3371 2036 3573 2099 putares

2242 2112 2301 2169 ln
2332 2114 2556 2185 planum
2574 2158 2590 2184 ,
2628 2115 2779 2173 velut
2801 2132 2833 2173 a
2864 2119 3100 2175 suminis
3128 2132 3256 2175 cum
3281 2115 3550 2176 mentibus
3568 2114 3725 2194 iugem

2242 2201 2462 2260 Grande
2526 2202 2709 2275 cadit,
2782 2204 3075 2281 mistisquc
3142 2206 3314 2266 simul
3360 2219 3508 2267 tonat
3548 2207 3763 2267 imbribus

2242 2383 2399 2441 Tunc
2436 2387 2661 2444 collecta
2693 2391 2886 2460 petunt
2908 2385 3182 2447 demissas
3208 2386 3435 2448 flumine
3460 2298 3714 2460 valli?“

2173 2544 2179 2555 ⁸
2242 2475 2369 2532 Sata
2400 2474 2655 2547 trahunt,
2687 2479 2966 2552 silvasque
3001 2475 3219 2549 ferunt,
3254 2491 3475 2554 totaque
3495 2490 3696 2553 vagatur

2238 2567 2369 2641 Agri
2395 2562 2650 2641 planitie,
2680 2569 2917 2644 gemitus
2944 2573 3041 2630 dat
3064 2573 3316 2632 rusticus
3339 2590 3449 2632 uno

2237 2661 2493 2731 Pectore,
2517 2674 2629 2720 non
2655 2661 2813 2721 aliter
2841 2676 3112 2723 caesorum
3140 2664 3393 2726 membra
3414 2664 3651 2726 feruntur

2241 2754 2523 2825 Sanguine
2542 2766 2703 2829 rapta
2722 2767 2828 2815 suo
2841 2800 2857 2828 ,
2882 2754 3222 2832 totidemque
3248 2771 3513 2819 vocantur
3530 2758 3582 2819 in
3605 2765 3738 2821 urbe.

2242 2847 2349 2904 Sed
2384 2857 2569 2906 tamen
2600 2848 2822 2907 illorum
2848 2848 3011 2923 pauci
3036 2850 3271 2926 vestigia
3302 2852 3488 2927 templi

2239 2940 2485 2999 Ascensu
2514 2954 2806 3015 superant,
2832 2953 2888 3003 et
2909 2941 2993 3003 eis
3018 2958 3115 3003 sua
3144 2942 3303 3019 signa
3333 2944 3593 3004 dedemnt

2241 3030 2566 3092 Tancretius
2592 3033 2952 3110 Guastonque
2980 3036 3088 3110 piis
3110 3034 3399 3098 adectibus
3420 3040 3542 3097 acti.

2167 3170 2214 3237 ε
2246 3124 2385 3237 {line
2412 3127 2480 3184 ad
2506 3139 2958 3237 opesproperant
3282 3141 3424 3190 tecta
3445 3131 3737 3190 subintraa‘.

2247 3216 2436 3276 Vestes
2451 3260 2468 3288 ,
2505 3220 2728 3277 divitias
2743 3264 2758 3290 ,
2786 3234 2842 3278 et
2860 3216 3009 3294 quod
3032 3220 3170 3281 satis
3194 3233 3346 3282 esset
3369 3234 3534 3282 avaro

2244 3311 2568 3382 lnveniunt,
2604 3315 2653 3372 si
2686 3312 2896 3373 divitiis
2928 3314 3161 3374 satietur
3182 3328 3409 3375 avarus.

2242 3402 2363 3461 Non
2392 3403 2572 3477 perdit
2593 3407 2741 3479 quod
2770 3409 3007 3482 quisque
3035 3406 3181 3482 rapit
3200 3453 3217 3479 ,
3243 3422 3351 3468 nec
3374 3406 3608 3469 vindicat
3630 3410 3744 3467 alter

2236 3495 2508 3565 Quamvis
2535 3496 2792 3571 nobilior,
2816 3498 2965 3575 quod
2986 3510 3270 3574 computat
3295 3504 3353 3560 in
3374 3515 3479 3562 sua
3502 3518 3708 3578 pauper.

2244 3589 2342 3647 llis
2374 3588 2452 3646 ita
2476 3588 2795 3663 completis,
2824 3588 3089 3651 mundata
3108 3588 3298 3652 taliter
3318 3590 3489 3665 urbe,

2243 3682 2326 3740 Ad
2349 3700 2450 3740 sua
2478 3682 2666 3742 felices
2694 3690 2967 3742 venerunt
2997 3683 3199 3758 gaudia
3232 3682 3412 3744 turbae
3432 3731 3448 3755 ,

2243 3775 2624 3850 Prostratique
2659 3778 2830 3835 duces
2858 3779 3076 3851 aspersi
3103 3774 3327 3835 ﬂetibus
3350 3790 3452 3835 ora
3468 3823 3485 3847 ,

2243 3870 2351 3928 Pro
2382 3868 2615 3928 Domino
2645 3870 2863 3927 Domini
2895 3879 3230 3929 venerantur
3253 3870 3358 3930 rite
3388 3870 3707 3944 sepulcrum.

2245 3961 2455 4035 liicque
2480 3976 2642 4021 suum
2666 3958 2900 4035 capitale
2926 3964 3039 4021 Deo
3072 3962 3166 4021 dat
3187 3961 3428 4037 quisque
3450 3961 3638 4022 ﬁdelis.
3712 4042 3717 4043 γ

2244 4054 2405 4112 Mane
2430 4050 2588 4125 dato,
2615 4066 2727 4112 non
2754 4056 2952 4129 plenus
2989 4052 3171 4114 adhuc
3194 4060 3275 4113 tot
3298 4056 3548 4115 cladibus
3574 4058 3731 4125 ultor,

2244 4147 2399 4204 Miles
2422 4149 2477 4229 id
2507 4149 2765 4221 exiguum
2783 4191 2797 4216 ,
2818 4144 2968 4220 quod
2994 4148 3177 4206 adhuc
3202 4162 3497 4223 superesse
3516 4148 3741 4217 sciebat,

2247 4239 2544 4317 Sanguinis
2567 4238 2621 4297 in
2652 4240 2845 4313 paucis
2871 4239 3106 4310 furatur,
3132 4248 3190 4299 et
3219 4239 3392 4300 ardua
3422 4241 3612 4317 templi

2245 4334 2559 4392 Ascendens
2590 4334 2760 4392 tacite
2779 4378 2792 4403 ,
2823 4330 3009 4391 subito
3030 4332 3274 4391 turbavit
3294 4328 3520 4393 inertes:

2246 4427 2326 4483 illi
2349 4424 2657 4501 praecipites
2687 4440 2807 4484 sese
2824 4420 3145 4499 iaculantur
3169 4424 3238 4484 ab
3261 4422 3376 4484 alto
3394 4471 3412 4496 ,

2152 4516 2223 4586 'D
2249 4520 2316 4577 Et
2339 4530 2462 4592 quae
2489 4520 2583 4577 dat
2609 4518 2781 4576 vitam
2822 4516 3049 4592 reliquis
3076 4520 3457 4577 animantibus
3480 4517 3622 4577 illos

2247 4613 2418 4670 Terra
2448 4614 2826 4686 repercutiens
2856 4615 3155 4672 morientes
3186 4614 3359 4670 mittit
3388 4616 3458 4671 ad
3488 4610 3728 4671 umbras.

2245 4703 2556 4762 Occurrunt
2585 4702 2676 4761 alii
2710 4700 2905 4778 gladiis
2935 4704 3233 4778 animoque
3257 4701 3428 4771 virili,

2249 4797 2547 4871 Supposita
2577 4799 2790 4855 cervice
2819 4810 3005 4855 moras
3038 4795 3094 4854 in
3127 4808 3306 4855 morte
3333 4808 3671 4871 queruntur.

2247 4894 2314 4950 Hi
2349 4911 2471 4952 sese
2500 4895 2748 4961 caadunt,
2780 4899 3096 4966 inertesque
3122 4903 3254 4950 suas
3286 4887 3535 4951 inimicis

2246 4988 2509 5059 Eripuere
2536 4986 2684 5055 suis,
2721 4980 2812 5042 isti
2841 4986 3134 5059 pugnando
3166 4992 3451 5042 secantur.

2246 5079 2604 5152 Naufragium
2628 5080 2758 5136 dum
2797 5079 3032 5151 quisque
3071 5072 3205 5134 facit
3245 5074 3387 5145 sibi,
3420 5077 3666 5149 quisque
3690 5089 3819 5129 neca-

3648 5168 3764 5243 [ηπ.

2246 5266 2491 5339 Corpora
2515 5278 2785 5322 caesorum
2823 5260 3015 5320 caudis
3042 5258 3344 5336 religantur
3369 5272 3675 5335 equorum.

2247 5359 2425 5428 Atque
2453 5354 2604 5412 foras
2620 5356 2776 5428 juxta
2801 5364 2991 5410 mures
3021 5353 3401 5425 glomerantur
3423 5352 3653 5421 inlisu,

2245 5451 2409 5506 Plura
2431 5447 2651 5522 quidem
2674 5444 2848 5505 divisa
2881 5441 3021 5503 locis
3056 5444 3109 5502 in
3138 5442 3317 5502 frusta
3342 5444 3654 5527 iacebant,

2247 5540 2709 5614 Pcrdiderantque
2732 5548 2891 5615 notas
2918 5538 3145 5596 immani
3185 5539 3479 5611 corpOris,
3506 5534 3607 5595 illa

2248 5634 2489 5692 Gentiles
2517 5628 2761 5689 nondum
2792 5630 3034 5688 damnati
3064 5630 3245 5687 flendo
3268 5614 3577 5705 legebant,

2250 5727 2313 5783 Et.
2348 5736 2605 5799 congesta
2627 5723 2792 5784 simul
2818 5722 3087 5782 ducebant
3120 5720 3328 5781 montis
3356 5724 3432 5781 ad
3472 5720 3614 5784 ima.
