3816 6306
60 435 147 494 997

651 427 654 429 Α
753 423 1080 483 GALTERI]
1119 421 1585 480 CANCELLARII
1625 420 1849 476 BELLA
1885 417 2208 478 ANTIOCH.
2239 451 2306 460 ———
2332 418 2590 478 PARS].

3191 422 3298 480 998

59 555 178 607 bona
193 545 325 602 facta
343 555 494 626 sunt,
522 543 690 615 ipsius
715 543 978 616 deprecer
1001 543 1292 610 auxilium,
1313 541 1408 612 qui
1433 540 1609 596 eidem
1641 538 1686 596 A
1713 553 1944 594 summa
1986 537 2216 610 iustitia
2263 537 2458 611 signis,
2507 537 2792 610 prodigiis,
2832 538 3028 610 plagis,
3075 540 3307 598 tribula-

59 638 256 714 principi
279 637 521 708 Spiritus
540 636 753 694 consilii
791 647 849 693 et
879 635 1218 693 fortitudinis
1259 634 1405 691 vires
1435 633 1612 689 admi-
1631 657 1644 667 -

59 729 295 795 uistravit,
323 728 530 798 quibus
555 727 872 798 superbiam
917 727 1164 798 gentium
1202 725 1428 792 elidere,
1456 732 1512 779 et
1525 721 1615 779 fe-

58 825 243 878 ritatem
267 820 536 876 debellare
559 820 864 890 pravaluit,
894 819 1030 875 mihi
1050 833 1272 890 quoque
1301 816 1382 873 rei
1415 816 1613 874 seriem

58 913 384 970 desiderantis
418 911 618 967 litteris
663 911 968 983 assignare,
1011 927 1077 967 ac
1117 909 1456 982 posteritatis
1493 921 1613 963 me-

59 1005 220 1059 moria
247 1003 650 1069 commendare,
675 1002 950 1059 scribendi
976 1000 1276 1072 potentiam
1310 997 1367 1056 et
1397 1013 1612 1055 sermo-

59 1111 130 1150 nis
155 1092 350 1164 copiam
377 1094 596 1150 calitus
628 1094 883 1164 dignetur
917 1091 1185 1148 instillare
1223 1098 1496 1161 quatenus
1521 1103 1616 1144 ca-

57 1185 433 1259 paces'rationis
467 1194 524 1240 et
550 1202 693 1242 vera
723 1186 846 1241 fidei
875 1184 1226 1252 defensores,
1253 1182 1440 1238 sintita
1470 1180 1614 1236 veri-

57 1290 164 1347 tate,
187 1278 456 1335 Creatoris
485 1279 576 1334 sui
601 1279 836 1350 imperio
863 1287 918 1334 et
940 1277 1166 1335 servitio
1189 1276 1419 1332 viriliter
1441 1274 1614 1330 iulia.-

59 1383 204 1439 reant,
243 1371 542 1427 adversarii
569 1387 702 1427 vero
727 1371 914 1427 divino
957 1379 1167 1428 terrore
1203 1369 1465 1442 perculsi,
1499 1378 1610 1424 tam

58 1472 488 1535 prasentesquam
521 1461 714 1527 futuri,
738 1476 848 1516 non
874 1461 1130 1529 Domino,
1154 1459 1250 1516 sed
1277 1459 1394 1515 suis
1417 1456 1611 1514 confisi

59 1554 250 1621 viribus,
273 1552 485 1625 sagittis
497 1551 716 1608 Domini
747 1561 895 1626 terga
915 1552 1210 1623 prabeant,
1229 1567 1296 1608 ac
1322 1551 1518 1606 reverti
1541 1548 1612 1605 ad

57 1661 170 1718 opus
193 1646 364 1702 simile
387 1660 502 1702 non
538 1655 895 1717 prasumant.
929 1645 1322 1702 Verumtamen
1350 1645 1612 1716 inspectis

57 1739 268 1809 partibus
291 1753 489 1810 pugna
511 1738 858 1806 necessariis,
876 1737 1213 1808 materiaque
1231 1745 1449 1808 sumpta
1473 1737 1612 1794 meis

57 1847 184 1902 aqua
205 1831 426 1900 viribus,
452 1840 586 1888 ante
610 1847 808 1903 pugna
832 1830 1226 1899 narrationem,
1241 1830 1454 1886 videtur
1476 1829 1610 1885 mihi

1715 633 1864 688 tione
1901 633 2067 689 etiam
2108 633 2465 690 adversarum
2508 633 2779 704 gentium,
2807 633 2996 690 multis
3033 649 3309 691 annorum

1713 725 2008 781 curriculis
2043 725 2231 792 illatis,
2273 739 2383 780 non
2421 725 2715 795 perdendo,
2742 725 2837 781 sed
2888 726 3163 796 parcendo
3184 743 3312 797 per—

1714 817 1870 872 misit
1916 817 2114 889 aflligi;
2148 815 2354 872 Gracis
2394 831 2634 887 namque
2672 817 3027 888 regnantibus
3060 818 3308 888 ipsorum

1713 908 1945 980 imperio
1973 909 2210 966 servisse
2233 908 2661 966 convincuntur.
2686 907 2912 964 Eisdem
2923 909 3154 968 ubi:
3175 926 3314 982 po-

1712 1002 1910 1071 pulsis,
1937 999 2276 1058 Parthorum
2299 1001 2646 1074 regnantium
2673 1016 2888 1058 cessere
2911 1001 3162 1070 domino,
3188 1011 3309 1058 tan-

1712 1093 1860 1160 dem,
1915 1091 2148 1150 Domino
2197 1094 2443 1161 volente,
2491 1093 2906 1150 intolerabiliori
2964 1095 3308 1152 subcubuere

1713 1185 1992 1243 Gallorum
2038 1185 2365 1258 posteritati.
2419 1185 2524 1253 Qui
2565 1203 2692 1242 cum
2723 1202 2900 1259 neque
2946 1187 3098 1256 hinc,
3131 1203 3308 1261 neque

1712 1277 1840 1334 inde
1870 1276 2277 1348 corrigerentur
2302 1275 2516 1348 praefati
2546 1275 2670 1349 Syri
2694 1286 2750 1334 et
2766 1293 2958 1333 eorum
2989 1278 3307 1336 dominato-

1713 1385 1825 1437 res,
1850 1379 2062 1426 tantam
2094 1385 2127 1426 a
2155 1369 2495 1441 contingenti
2519 1378 2676 1426 terra
2704 1378 2858 1426 motu
2886 1371 3033 1441 passi
3065 1380 3196 1428 sunt
3221 1386 3308 1428 ca-

1711 1461 2012 1518 lamitatem
2054 1469 2108 1517 et
2136 1460 2375 1529 ruinam,
2423 1468 2687 1532 quantam
2734 1470 2896 1518 antea
2939 1460 3112 1520 fuisse
3155 1462 3307 1520 nulla

1710 1553 2166 1611 commemoravit
2189 1552 2443 1611 historia.

2227 1642 2458 1719 CAPUT:
2492 1641 2788 1702 PRIMUM.

1783 1735 1944 1792 Anno
1986 1735 2154 1808 igitur
2199 1736 2494 1793 millesimo
2529 1737 2833 1794 centesimo
2863 1738 3077 1796 decimo
3111 1738 3308 1812 quinto

1715 1826 1786 1883 ab
1828 1825 2213 1889 lncaruatione
2243 1825 2462 1884 Domini
2489 1827 2664 1884 nostri
2696 1827 2827 1886 Jesu
2859 1829 3086 1898 Christi,
3127 1831 3186 1886 in
3227 1831 3308 1890 vi-

57 1897 252 1994 perotile
277 1897 640 1995 praecedentia
662 1897 804 1979 mala
827 1922 982 1995 prius
1008 1897 1273 1992 indicare,
1306 1931 1368 1979 ut
1394 1939 1462 1980 ex
1483 1937 1614 1979 cau-
1647 1897 1689 1954 Β
1716 1919 1846 1992 gilia
1873 1918 2188 1978 festivitatis
2225 1921 2370 1978 beati
2415 1922 2649 1980 Audi-ea
2687 1922 2921 1994 apostoli
2967 1897 3077 1980 sub
3097 1932 3307 1996 tempe-

58 2016 119 2072 sis
147 2017 448 2088 pralibatis,
482 2017 832 2088 sequentium
875 2016 1102 2074 effectus
1136 2017 1506 2088 perpendatur
1534 2014 1616 2072 fa-

59 2108 206 2164 cilius.
231 2107 471 2164 Primum
509 2109 682 2180 igitur
715 2108 1058 2165 locustarum
1085 2107 1306 2180 agmina
1337 2108 1499 2184 longe
1535 2108 1616 2163 la-

61 2206 192 2268 teque
229 2199 328 2254 sub
368 2198 696 2269 metaphora
739 2197 982 2254 hostium
1028 2197 1254 2268 agitata,
1301 2196 1612 2253 accolarum

63 2288 202 2360 Syria
241 2290 454 2360 penitus
501 2290 692 2347 omnia
738 2289 1018 2346 abstulere
1065 2289 1234 2346 victui
1281 2289 1612 2347 necessaria.

63 2376 236 2433 Dehinc
285 2379 483 2450 partim
525 2377 683 2434 humi
722 2379 1019 2450 serpentia,
1067 2379 1280 2450 partim.
1307 2393 1406 2450 per
1451 2394 1616 2435 auras

60 2471 234 2542 dilapsa
255 2511 272 2539 ,
308 2471 420 2528 fere
463 2472 713 2528 omnium
759 2471 1114 2530 orientalium
1156 2470 1614 2527 Christicolarum

61 2562 239 2634 plagam
268 2563 335 2618 ad
363 2563 509 2620 idem
541 2563 750 2620 duxere
791 2564 1207 2626 inconveniens.
1239 2561 1347 2630 Qui
1379 2563 1504 2619 licet
1555 2578 1616 2622 se

61 2655 224 2712 debere
241 2655 398 2728 affligi
423 2657 594 2728 digna
624 2656 834 2713 ultione
875 2665 1164 2724 noverant,
1200 2656 1497 2712 Dominum
1528 2665 1615 2712 ta-

62 2762 162 2802 men
185 2745 489 2817 Creatorem
524 2762 715 2815 suum,
752 2763 862 2802 non
903 2748 1084 2804 solum
1121 2748 1227 2804 sibi
1271 2747 1390 2804 fore
1426 2749 1614 2820 placa-

63 2837 195 2896 bilem
219 2855 323 2896 non
346 2839 699 2912 expetebant,
733 2841 1024 2910 pratcritis
1066 2841 1394 2898 inhaerentes
1425 2840 1613 2902 vitiis;

61 2945 220 2986 verum
252 2931 409 2987 etiam
446 2930 721 2987 terminos
750 2929 976 3000 pudoris
1007 2929 1355 2998 excedentes,
1385 2929 1614 2984 crimina

63 3021 346 3080 criminibus
365 3023 669 3096 augebant.
701 3021 936 3089 Quidam
973 3037 1213 3094 namque
1242 3038 1431 3079 osores
1466 3022 1614 3094 jeju-

61 3115 265 3185 niorum,
305 3125 584 3174 sectantes
610 3115 919 3186 epularum,
959 3115 1100 3187 gula
1145 3114 1416 3171 illecebris
1461 3115 1615 3170 addi-

63 3205 138 3274 cti,
159 3222 257 3263 non
275 3207 412 3264 bene
429 3206 760 3274 viventium,
791 3205 886 3263 sed
909 3206 1049 3263 bene
1067 3206 1410 3277 pascentium
1433 3220 1616 3262 mores
1643 3251 1686 3277 η

62 3297 300 3371 vitamque
339 3299 550 3356 imitari
611 3297 925 3355 studebant.
977 3299 1082 3354 Alii
1113 3313 1242 3355 vero
1288 3297 1616 3354 incestitatis

63 3388 244 3458 affectu,
271 3392 636 3448 contubernia
663 3391 1038 3463 sequebantur
1055 3390 1480 3463 impudicorum,
1513 3407 1616 3449 au-

63 3496 162 3538 rum
205 3485 361 3540 etiam
410 3484 766 3557 publicarum
813 3484 1175 3542 reverentiam
1207 3483 1362 3540 urbis
1406 3483 1619 3539 invere-

63 3577 225 3634 cundis
245 3579 516 3636 incestare
540 3577 878 3648 nitebantur,
895 3577 1158 3635 facientes
1177 3577 1498 3650 ambiguum
1523 3593 1620 3650 pu-

67 3669 251 3728 tidiores
279 3687 342 3730 ac
374 3671 807 3730 facinorosiores
849 3671 1320 3729 existimarentur.
1355 3669 1616 3728 Nonnulli

66 3769 216 3818 autem
259 3763 580 3822 habentium
628 3764 848 3821 divitias
899 3764 1104 3836 injuste
1143 3763 1468 3836 acquisitas,
1501 3765 1618 3823 suis

66 3854 202 3912 etiam
226 3860 454 3930 propriis
483 3858 668 3926 abusi,
693 3873 827 3916 vasa
849 3857 953 3914 sibi
983 3857 1102 3913 fieri
1141 3856 1488 3928 voluptuosis
1517 3873 1616 3914 ex-

68 3947 276 4005 cessibus
301 3958 448 4020 apta,
479 3949 817 4006 Salomonici
847 3949 1028 4020 operis
1061 3957 1178 4005 arte
1207 3949 1502 4020 insculpta,
1528 3964 1618 4004 ar-

69 4035 224 4094 denter
246 4041 614 4114 inquirebant,
643 4042 1018 4114 uxoribusque
1039 4041 1178 4110 suis,
1209 4040 1355 4098 fama
1383 4057 1617 4098 narran-

69 4135 110 4181 te
137 4131 359 4201 artificis,
403 4148 547 4191 auro
574 4132 830 4202 Arabico,
869 4133 1346 4204 pretiosarumque
1368 4149 1614 4205 gemma-

70 4233 166 4275 rum
186 4225 430 4281 varietate
457 4223 774 4295 multiplici,
799 4223 1118 4295 putihunda
1144 4223 1314 4294 partis
1337 4224 1614 4296 tegumina

70 4312 276 4371 studiose
319 4317 576 4389 componi
622 4317 962 4388 satagebant.
996 4314 1117 4371 Non
1151 4316 1466 4387 obtegendai
1496 4325 1614 4372 tur-

70 4404 292 4471 pitudinis
331 4408 530 4476 forma,
563 4409 648 4465 vel
693 4408 1057 4481 refringenda
1082 4409 1327 4465 libidinis
1373 4408 1614 4478 flamma,

71 4495 146 4549 sed
167 4507 220 4552 ut
235 4500 428 4570 quibus
452 4501 728 4571 ingratum
758 4509 876 4556 erat
894 4501 1044 4572 quod
1069 4499 1288 4568 licebat,
1315 4515 1412 4557 eos
1431 4501 1616 4558 acrius

1713 2022 1852 2071 state
1880 2014 2058 2070 noctis
2085 2013 2323 2081 silentio,
2357 2029 2467 2086 qua
2496 2015 2738 2070 humana
2767 2014 3040 2087 fragilitas
3067 2015 3309 2075 habilius

1714 2113 1879 2175 atque
1904 2104 2123 2161 dulcius
2164 2104 2449 2176 quiescere
2493 2106 2805 2174 consuevit,
2832 2105 3012 2164 factus
3040 2117 3124 2164 est
3149 2116 3310 2166 terra

1715 2206 1900 2253 motus
1938 2197 1995 2253 in
2025 2197 2373 2255 Antiochiam
2403 2206 2458 2254 et
2485 2214 2678 2256 omnes
2707 2208 2892 2272 partes
2921 2200 3227 2260 immensus
3253 2208 3313 2260 et

1715 2287 2016 2344 horribilis.
2061 2286 2186 2360 lpso
2213 2289 2417 2344 etenim
2443 2303 2512 2345 ex
2541 2290 2825 2361 insperato
2863 2290 3116 2350 homines
3145 2292 3309 2348 terri-

1719 2379 1902 2436 biliter
1947 2380 2114 2452 pulsi,
2159 2380 2424 2450 sentiunt,
2448 2379 2655 2449 vident,
2699 2381 2952 2450 audiunt,
2996 2397 3308 2450 murorum,

1709 2471 1976 2540 .turrium,
2011 2471 2476 2544 aedificiorumque
2503 2473 2850 2530 diversorum
2885 2473 3105 2532 ruinam
3137 2475 3246 2532 sibi
3275 2491 3310 2532 a

1715 2562 1927 2620 ueteris
1957 2563 2175 2634 penitus
2205 2561 2512 2618 imminere.
2543 2560 2721 2630 Quam
2767 2563 3019 2620 nonnulli
3049 2563 3312 2637 fugiendo

1711 2663 1972 2726 putantes
1991 2653 2244 2722 evadere,
2270 2651 2496 2725 quidam
2517 2653 2690 2726 elapsi
2714 2671 2745 2711 a
2770 2655 3069 2724 manibus,
3085 2655 3310 2726 quidam

1705 2746 1786 2801 .ab
1819 2745 1945 2801 altis
1967 2745 2226 2802 domibus
2282 2745 2337 2800 in
2368 2747 2733 2817 pracipitium
2763 2763 2822 2804 se
2847 2747 3067 2806 dedere.
3119 2747 3312 2805 Plures

1714 2837 1966 2908 equidem
2019 2835 2076 2893 in
2109 2852 2306 2894 somno
2335 2853 2462 2894 cum
2493 2839 2653 2895 ruina
2691 2841 3038 2898 membratim
3077 2841 3154 2898 ita
3182 2848 3315 2898 sunt

1713 2927 1876 2998 rapti,
1909 2928 2059 2998 quod
2088 2937 2346 2984 manente
2367 2928 2532 2984 etiam
2561 2937 2717 2998 parte
2744 2929 2919 3000 partis
2940 2931 3152 3001 integra
3176 2946 3314 2988 nus-

1704 3034 1882 3090 quam
1925 3033 2306 3091 comparucre.
2347 3019 2454 3075 Alii
2502 3035 2633 3078 vero
2667 3029 2877 3079 terrore
2911 3024 3180 3094 percussi,
3222 3023 3310 3080 di-

1701 3111 1903 3168 .missis
1923 3111 2198 3178 domibus,
2225 3111 2426 3182 spretis
2445 3111 2663 3183 opibus,
2689 3113 2894 3170 relictis
2921 3113 3180 3171 omnibus
3205 3129 3311 3186 per

1717 3203 1926 3274 plateas
1949 3211 2004 3260 et
2029 3219 2126 3275 per
2152 3203 2306 3259 vicos
2333 3202 2595 3271 civitatis,
2625 3205 2774 3260 velut
2810 3213 3056 3262 amentes
3081 3221 3142 3262 se
3179 3222 3312 3278 age-

1721 3296 1874 3362 bant,
1899 3295 2158 3366 expansis
2179 3304 2362 3352 tamen
2391 3294 2460 3351 ad
2490 3297 2691 3352 coelum
2715 3297 2992 3365 manibus,
3018 3313 3120 3369 pro
3139 3298 3316 3355 diver-

1719 3386 1882 3442 sitate
1909 3395 2089 3442 metus
2127 3395 2182 3442 et
2209 3387 2566 3457 impotentia,
2607 3402 2707 3459 pro
2738 3387 2958 3444 diverso
3000 3388 3313 3460 linguarum

1720 3491 1935 3549 genere,
1961 3491 2098 3533 voce
2139 3477 2502 3550 lacrymabili,
2534 3477 2732 3547 Parce,
2763 3478 3010 3548 Domine,
3033 3496 3192 3551 parce
3219 3496 3313 3551 po-

1717 3567 1843 3634 pulo
1872 3577 1985 3632 tuo,
2008 3569 2247 3624 clamare
2277 3584 2384 3624 non
2415 3567 2726 3626 cessabant.
2745 3569 2904 3626 Mane
2931 3569 3311 3640 autemfacto,

1721 3675 1846 3716 cum
1899 3659 2004 3716 sub
2031 3659 2214 3726 ruina,
2259 3669 2368 3716 tam
2405 3660 2692 3716 hominum
2725 3677 2898 3732 quam
2945 3670 3002 3718 et
3051 3663 3310 3731 aliorum,

1721 3752 1936 3808 misera
1962 3751 2135 3808 cladis
2161 3760 2374 3824 pateret
2400 3751 2738 3819 humanitas,
2754 3767 2948 3810 omnes
2979 3753 3314 3812 unanimiter

1720 3843 1922 3914 Latini,
1949 3843 2148 3912 Graci,
2193 3843 2341 3916 Syri,
2378 3843 2654 3918 Armenii1
2679 3845 2904 3900 advenae
2946 3853 3003 3902 et
3038 3845 3313 3924 peregrini

1720 3937 1838 3994 suis
1876 3937 2117 4010 peccatis
2147 3937 2516 4010 exigentibus,
2557 3936 2612 3993 id
2655 3938 2923 3994 accidisse
2962 3941 3312 4009 profitentur.

1719 4027 1832 4086 Nec
1867 4043 2044 4098 mora,
2081 4029 2292 4087 salubri
2329 4038 2547 4086 utentes
2573 4027 2826 4099 consilio,
2863 4028 2931 4085 ad
2963 4028 3137 4102 ipsam
3169 4017 3316 4090 beati

1717 4119 1866 4177 Petri
1890 4122 2123 4192 apostoli
2155 4122 2482 4196 confugiunt
2499 4121 2811 4191 ecclesiam,
2835 4129 3109 4194 perpetua
3131 4123 3315 4180 tutelae

1718 4230 1793 4285 qu
1807 4222 2028 4270 verentes
2043 4215 2430 4285 patrocinium.
2454 4213 2638 4286 Ipsum
2656 4228 2896 4286 namque
2916 4229 3084 4286 quem
3109 4213 3165 4270 in
3188 4227 3315 4286 pro-

1719 4304 1895 4377 speris
1936 4319 2048 4360 non
2086 4313 2477 4376 cognoverant,
2522 4304 2578 4360 in
2615 4303 2862 4360 adversis
2905 4312 3168 4376 operante
3192 4304 3313 4375 ejus

1720 4411 1938 4452 summa
1967 4396 2214 4452 bonitate
2259 4411 2384 4451 cum
2424 4397 2664 4468 iustitia,
2708 4396 2896 4454 cuncti
2935 4406 3214 4468 potentem
3247 4411 3314 4452 ac

1719 4489 2017 4560 propitium
2055 4498 2482 4562 recognoscunt,
2503 4499 2560 4544 et
2585 4489 2760 4546 eidem
2804 4504 2864 4546 se
2909 4489 3146 4563 graviter
3187 4503 3315 4560 pec-

71 4600 222 4646 υιιειιει
257 4593 398 4662 quod
427 4608 540 4648 non
581 4592 799 4658 licebat,
830 4591 936 4661 Qui
962 4609 1088 4652 cum
1115 4593 1220 4650 hoc
1249 4592 1416 4650 modo
1459 4609 1618 4650 suam
1647 4596 1696 4657 ι)
1722 4597 1880 4639 casse
1910 4580 2266 4647 confitentur,
2291 4580 2520 4652 suisque
2551 4579 2843 4651 pratcritis
2869 4590 2925 4637 et
2953 4579 3314 4652 praesentibus

71 4679 236 4738 vellent
264 4684 487 4742 incitare
519 4685 823 4754 libidinem,
854 4686 1110 4742 mulieres
1149 4686 1407 4744 dealbare
1444 4696 1502 4743 et
1533 4686 1614 4743 eis

73 4772 346 4833 satisfacere
365 4786 642 4849 putarent,
667 4787 729 4834 ut
755 4777 1184 4849 pralibavimus,
1210 4777 1485 4849 augebant
1507 4778 1617 4833 cri-

74 4861 194 4918 mina
235 4867 568 4926 criminibus.
626 4867 947 4926 Mulieribus
999 4868 1184 4940 itaque
1226 4869 1362 4926 nihil
1416 4869 1616 4936 sancti,

75 4953 185 5010 nihil
205 4960 348 5028 pensi
373 4971 490 5017 erat
516 4961 572 5017 in
593 4960 914 5033 appetendis
943 4960 1330 5031 turpidinibus.
1372 4959 1619 5018 lnfruita

75 5043 212 5114 enim,
237 5060 410 5120 spreto
437 5052 541 5107 viri
581 5053 762 5120 thoro,
810 5052 868 5108 in
898 5051 1150 5124 lupanari
1192 5051 1498 5123 prostibula
1527 5052 1613 5108 in-

75 5136 217 5192 ωδιυί
251 5142 569 5199 serviebant.
619 5142 676 5198 ln
708 5143 890 5214 biviis,
923 5143 978 5199 in
1015 5141 1214 5210 triviis,
1260 5141 1316 5197 in
1347 5143 1614 5214 competis

75 5229 321 5296 exquisitis
361 5236 752 5306 potationibus,
788 5237 877 5294 die
917 5244 1196 5306 noctuque
1229 5234 1609 5306 invigilahant,

77 5330 153 5384 ρετ
171 5322 356 5390 plateas
378 5337 432 5383 ct
458 5343 554 5399 per
571 5328 724 5385 vicos
747 5345 808 5386 se
827 5339 1073 5402 agentes,
1103 5327 1295 5384 habitu
1317 5336 1372 5384 et
1394 5327 1615 5384 incessu

80 5407 294 5484 lascivia,
321 5421 718 5478 transeuntium
756 5421 1038 5478 obtutibus
1066 5421 1428 5488 obsistebant,
1472 5434 1616 5492 quo-

79 5499 148 5555 Vis
167 5519 260 5563 tere
276 5512 588 5569 mercabiles
609 5513 918 5570 volentibus
942 5513 1393 5570 succumbebant.
1422 5509 1626 5568 Nolen-

85 5596 149 5646 Ies
169 5606 350 5668 autem,
373 5617 508 5672 quos
532 5603 602 5660 ad
631 5619 788 5660 suam
828 5604 1228 5676 impudicitiam
1263 5604 1485 5660 irritare
1513 5618 1623 5660 non

85 5684 317 5778 valebant,
343 5694 501 5752 etiam
525 5696 652 5754 dato
675 5695 849 5778 pretio
874 5696 967 5752 vix
1000 5697 1299 5754 abscedere
1333 5697 1623 5766 permitte-

89 5771 213 5834 bant.
235 5779 338 5840 llos
361 5786 537 5860 itaque
561 5771 868 5860 perpetrata
894 5788 1038 5844 mala
1071 5805 1178 5846 non
1201 5790 1543 5863 plangentcs,
1574 5796 1629 5845 et

90 5867 350 5943 Dlaligenda
371 5879 667 5937 voluntarie
691 5896 754 5937 ac
769 5880 985 5954 publice
1011 5890 1408 5952 perpeti-antes,
1431 5889 1625 5937 auctor

1724 4672 2162 4728 abrenuntiando
2183 4670 2574 4742 voluptatibus;
2590 4669 2822 4726 Domino
2835 4670 3115 4726 Bernardo
3135 4671 3314 4741 primo

1723 4767 2048 4841 patriarcha
2068 4765 2290 4834 Latino,
2322 4765 2758 4823 emendationem
2791 4765 3121 4836 promittunt
3147 4764 3316 4822 devo—

1725 4862 1958 4928 tissime,
1987 4859 2148 4930 cujus
2171 4859 2276 4915 fide
2319 4858 2522 4915 mentis
2559 4869 2615 4914 et
2649 4857 3016 4924 orationibus,
3045 4872 3171 4913 cum
3211 4871 3318 4913 suo

1727 4953 1873 5010 clero
1908 4962 1963 5008 et
1995 4950 2210 5008 cateris
2246 4949 2499 5006 fidelibus
2522 4947 2826 5004 humillime
2854 4944 3089 5002 Domino
3111 4947 3316 5017 suppli-

1722 5047 2000 5114 cantibus,
2047 5054 2108 5101 ut
2140 5060 2269 5101 vere
2290 5043 2589 5110 credimus,
2633 5040 2840 5098 residui
2863 5039 2950 5097 sui
2988 5039 3174 5112 populi
3205 5040 3319 5094 An-

1719 5140 1960 5199 tiocheni
1988 5139 2250 5196 misertus
2295 5145 2381 5193 est
2419 5134 2707 5191 Dominus.
2739 5131 3028 5190 Celebrato
3059 5145 3192 5187 vero
3233 5131 3322 5188 di-

1730 5237 1862 5292 vino
1885 5233 2086 5299 cilicio,
2121 5231 2268 5287 facto
2313 5242 2586 5297 sermone,
2644 5225 3016 5298 injunctisque
3044 5224 3320 5282 mandatis

1722 5327 2003 5400 quomodo
2048 5341 2109 5381 se
2144 5324 2404 5390 habeant,
2427 5321 2513 5376 vel
2535 5319 2668 5392 quid
2691 5336 2852 5391 agere
2880 5320 3138 5387 debeant,
3180 5319 3319 5375 nihil

1724 5420 1947 5495 gravius
1977 5417 2244 5474 accidisse
2269 5423 2550 5487 putantes,
2578 5421 2802 5484 repente
2824 5411 3074 5468 horribili
3109 5419 3321 5466 terren-

1725 5520 1818 5568 tur
1843 5509 2056 5566 nuntio.
2087 5505 2322 5574 Quidam
2347 5517 2586 5574 namque
2615 5516 2646 5557 a
2670 5500 2914 5573 periculo
2935 5501 3109 5556 ruina
3136 5497 3318 5570 oppidi

1697 5602 1942 5674 .Miragii
1987 5600 2174 5657 divino
2222 5605 2358 5653 nutu
2409 5595 2604 5668 elapsi,
2658 5595 2832 5666 ipsam
2866 5594 3142 5650 civitatem
3192 5605 3319 5646 cum

1695 5751 1704 5754 _
1729 5697 1974 5770 ejusdem
2004 5693 2231 5751 domino
2261 5701 2316 5748 ct
2343 5690 2624 5762 episcopo,
2655 5689 2823 5755 clero,
2860 5687 3025 5743 etiam
3052 5683 3204 5741 omni
3228 5697 3322 5753 po-

1729 5789 1861 5862 pulo
1925 5786 2171 5843 funditus
2219 5799 2492 5853 eversam.
2520 5781 2692 5837 fuisse
2747 5787 3142 5852 protestantur.
3208 5774 3322 5834 Nec

1730 5880 1904 5936 multo
1938 5885 2060 5950 post
2091 5875 2398 5934 recordatio
2421 5872 2615 5946 ,oppidi
2649 5871 3016 5934 Mamistrarc,
3048 5883 3174 5924 cum
3220 5883 3320 5936 op-
