3850 6310
523 407 628 463 9:39

1097 401 1189 457 AD
1227 396 1677 459 GODEFRIDUM
1721 397 2010 453 APPEND.
2048 396 2114 452 ll.
2152 428 2220 437 »-
2260 396 2529 453 MONUM.
2572 397 2659 451 DF.
2694 396 2918 454 BELLO
2953 397 3200 454 SACRO.

3624 408 3727 465 l000

515 521 733 594 pidanis
779 531 832 576 ct
875 521 1070 590 majori
1117 527 1270 589 parte
1329 516 1588 575 civitatis.
1638 514 1696 570 in
1747 515 1890 571 festo
1929 513 2104 570 sancti
2135 519 2178 576 Α
2207 529 2331 569 rum
2355 513 2596 585 gentium
2617 513 3012 584 exploratores,
3029 515 3097 568 ad
3121 514 3246 569 illas
3266 512 3729 589 Parthorumpmes

517 615 726 681 Brietii,
770 624 929 668 antea
966 611 1306 684 pessundati,
1335 620 1540 665 metum
1581 608 1929 678 multiplicat.
1963 605 2106 674 Quid

515 708 584 763 de
613 706 829 762 caeteris
879 704 1237 762 Antiochenis
1295 701 1536 758 ﬁnibus?
1583 701 1724 767 Quid
1770 700 1836 756 de
1885 700 2108 772 Cypro?

517 814 648 870 pars
691 807 1025 856 tormentum
1073 795 1401 866 pnedicatur
1435 794 1505 850 de
1541 793 1873 864 disparibus.
1933 792 2106 849 Metus

515 907 647 965 ergo
676 892 858 947 timori
886 890 1184 960 permistus
1208 887 1280 942 ita
1308 887 1522 942 misera:
1542 887 1684 957 plebi
1712 886 2102 958 ingeminatur,

516 986 666 1057 quod
688 986 780 1040 ubi
807 991 1065 1040 maneant
1085 992 1178 1038 aut
1205 997 1318 1052 quo
1341 979 1555 1052 fugiant
1577 995 1806 1050 prorsus
1829 981 2102 1051 ignorant.

516 1078 745 1149 Quaque
767 1076 914 1131 enim
941 1076 1047 1140 die,
1081 1073 1233 1129 horis
1270 1071 1576 1144 desperatis
1602 1072 1882 1128 instabant
1917 1082 2108 1129 terra}.

515 1178 720 1225 motus.
763 1165 917 1220 Unde
948 1166 1014 1221 ad
1039 1165 1270 1219 invicem
1303 1163 1418 1218 haec
1447 1164 1803 1233 pronuntiant
1842 1181 1855 1218 :
1908 1183 1925 1214 ί
1945 1159 2108 1218 One.

514 1261 745 1316 cessitas
797 1258 1008 1327 abiecta
1041 1257 1326 1321 nascendi,
1357 1256 1578 1327 misera
1625 1257 1914 1322 moriendi,
1967 1257 2104 1311 dura

511 1351 728 1406 vivendi
776 1359 968 1408 nostra
1010 1349 1328 1403 necessitas.
1363 1366 1383 1399 ›
1436 1345 1500 1400 lli
1541 1347 1668 1402 licet
1709 1347 1961 1402 noverint
2010 1346 2105 1402 Dei

510 1446 811 1517 potentiam
843 1459 1118 1514 nusquam
1163 1451 1218 1497 et
1259 1456 1542 1512 nunquam
1573 1456 1735 1512 posse
1779 1440 1989 1511 aufugi,
2015 1440 2107 1495 eli.

511 1549 646 1610 gttnt
671 1549 852 1593 tamen
888 1536 1104 1591 facilius
1139 1550 1264 1590 esse
1299 1534 1618 1590 cohabitare
1645 1549 1767 1589 cum
1800 1534 1992 1589 bestiis
2017 1549 2107 1588 ex.

512 1642 616 1697 tra,
643 1646 810 1701 quam
840 1629 984 1683 intus
1017 1629 1354 1682 incessanter
1379 1626 1606 1681 aedilicia
1637 1626 1827 1681 timere
1869 1627 2101 1681 ruitura.

508 1715 787 1782 Quocirca
816 1717 873 1771 in
897 1719 1056 1782 vic's,
1089 1717 1145 1770 in
1180 1717 1394 1788 plateis,
1421 1715 1475 1771 in
1506 1717 1701 1784 hortis,
1735 1717 1790 1772 in
1832 1716 2101 1787 virgultis,

513 1811 746 1866 desertis
771 1811 1226 1877 habitationibus,
1264 1811 1386 1866 aliis
1419 1810 1670 1865 tentoriis
1707 1825 1809 1880 pro
1849 1809 2104 1865 domibus

511 1905 634 1961 suis
656 1903 1027 1974 potiebantur.
1067 1903 1260 1959 Plures
1293 1903 1479 1969 etiam,
1525 1879 1730 1956 relictis
1765 1901 2100 1968 civitatibus,
2141 1879 2181 1934 Β

510 1997 726 2053 deloco
752 1999 822 2054 ad
848 1998 1030 2054 locum
1067 1997 1443 2053 translationis
1472 1995 1782 2066 mapalibus
1813 1996 1868 2050 in
1891 1995 2103 2066 campis

513 2091 892 2146 morabantur.
920 2090 1416 2161 thuipatriarcha
1436 2090 1541 2144 loci
1573 2089 1836 2160 temporis
1857 2089 2102 2144 omnium

512 2182 903 2252 peritissimus,
930 2197 1028 2252 per
1058 2181 1369 2236 necessaria
1414 2181 1829 2251 disciplinarum
1861 2180 2106 2251 philoso-

516 2274 664 2342 phiae
697 2274 942 2329 membra
965 2274 1305 2340 discurrens,
1347 2273 1741 2341 desolatorum,
1767 2273 1935 2328 etiam
1966 2286 2106 2343 pene

509 2365 581 2419 de
611 2365 722 2418 vita
766 2364 1177 2435 desperantium
1223 2365 1408 2431 corda,
1459 2373 1663 2420 sancta:
1705 2364 2108 2435 prtedicationis

511 2455 808 2510 dulcedine
829 2453 964 2523 fota,
994 2457 1283 2527 mitigavit.
1315 2457 1394 2510 Ac
1418 2464 1549 2510 tunc
1580 2456 1803 2510 demum
1827 2455 1977 2510 omni
2009 2469 2107 2526 po-

511 2546 642 2614 pulo
672 2547 988 2604 triduanum
1008 2547 1279 2618 jejunium
1311 2547 1368 2602 in
1405 2547 1634 2618 gemitu,
1661 2556 1716 2602 et
1746 2547 1942 2617 spiritu
1979 2562 2108 2602 eon-

511 2636 754 2694 tritionis
779 2637 995 2703 indixit,
1029 2639 1334 2708 adjungens
1356 2637 1522 2694 etiam
1553 2638 1696 2692 mala
1718 2654 1882 2708 opera
1911 2638 2105 2706 vitare,

510 2741 578 2782 ac
603 2727 762 2782 bonis
784 2727 1044 2782 omnibus
1073 2728 1376 2800 invgilarc.
1407 2728 1549 2794 Quid
1579 2729 1744 2800 igitur
1770 2729 1993 2799 operis?
2013 2744 2110 2798 po-

511 2819 681 2889 pulus
709 2819 762 2873 in
793 2819 1008 2874 Domini
1035 2821 1319 2876 servitium
1347 2822 1621 2888 redactus,
1655 2823 1760 2878 hoc
1783 2822 1948 2877 modo
1989 2839 2105 2894 per-

513 2913 754 2967 hibetur.
778 2911 1222 2968 Comessationes
1261 2913 1497 2985 fugiunt,
1522 2915 1814 2970 ebrietates
1833 2916 2110 2971 detestan-

511 3003 1008 3070 tur,vitantbaldca
1024 3005 1164 3074 (sic),
1183 3016 1537 3060 exsecrantur
1559 3014 1767 3075 stupra,
1785 3007 2111 3061 omnietiam

511 3095 662 3152 cultu
694 3096 944 3165 corporis
971 3097 1295 3166 postposito,
1323 3096 1512 3150 habitu
1554 3096 1608 3150 in
1644 3096 1828 3151 cinere
1849 3106 1902 3151 et
1930 3097 2112 3152 cilicio

516 3188 733 3254 mutati,
765 3189 832 3244 de
868 3189 1061 3258 plateis
1102 3190 1155 3242 in
1193 3189 1423 3259 plateas,
1453 3192 1522 3245 de
1547 3189 1793 3245 ccclesiis
1827 3191 1894 3244 ad
1940 3189 2111 3245 eccle-

517 3281 649 3347 sias,
685 3281 938 3337 semotim
967 3282 1092 3347 viri,
1146 3283 1400 3337 semotim
1437 3282 1674 3350 feminae,
1707 3282 1930 3338 nudatis
1955 3283 2112 3354 'pedi-
2139 3277 2182 3297 “⁴

523 3371 654 3438 bus,
691 3371 886 3427 solutis
913 3373 1178 3441 crinibus,
1215 3373 1388 3444 pulsis
1411 3375 1748 3444 pectoribus,
1773 3375 2005 3430 ubertim
2028 3375 2113 3432 la-

518 3463 724 3534 crymis
756 3465 946 3535 rigatis
980 3466 1243 3533 vultibus,
1279 3467 1347 3522 de
1376 3467 1464 3522 die
1487 3467 1544 3522 in
1568 3469 1712 3523 diem
1748 3469 1967 3524 litanias
2004 3468 2114 3524 fre-

517 3554 1040 3626 quentantDomino
1060 3558 1395 3613 medullitus.
1424 3557 1687 3614 Noctibus
1710 3559 1978 3630 siquidem
2003 3570 2112 3616 tam

518 3643 572 3697 in
611 3643 859 3701 ecclesiis
875 3662 1052 3717 quam
1078 3647 1132 3701 in
1159 3647 1430 3703 cubiculis
1457 3656 1656 3704 vacant
1688 3649 1958 3709 instanter
1988 3666 2115 3706 ora-

516 3736 790 3804 tionibus;
827 3738 1108 3809 dispersos
1145 3753 1434 3809 revocant,
1465 3741 1654 3798 devios
1686 3743 1988 3814 corrigunt,
2019 3760 2112 3798 or-

519 3828 740 3898 pbanis,
773 3828 954 3885 viduis
981 3829 1127 3887 ferre
1160 3831 1438 3900 solatium,
1467 3840 1734 3887 eteorum
1761 3833 2113 3904 indigentiam

519 3925 773 3996 supplere
825 3935 1123 3998 satagunt;
1177 3926 1467 3983 sullicicnti
1521 3929 1686 3982 etiam
1746 3929 2115 3999 hospitalitate

518 4033 842 4088 pauperum,
888 4019 1138 4090 inopum,
1178 4027 1233 4075 et
1279 4019 1637 4092 indigentium
1677 4035 1929 4091 corpora,
1961 4022 2113 4077 vultu

521 4110 684 4165 hilari
715 4111 969 4168 nituntur
998 4128 1270 4180 recreare,
1315 4129 1381 4170 ac
1422 4121 1665 4169 recreata
1697 4113 1840 4170 datis
1871 4113 2115 4170 muneri-

517 4200 622 4260 bus
673 4204 1002 4260 exhilarare.
1061 4204 1204 4272 Quid
1255 4205 1446 4261 ultra?
1504 4205 1708 4262 Fruetu
1779 4205 2115 4275 pmnitentite

518 4297 772 4364 correcti,
808 4295 970 4353 bonis
993 4298 1256 4369 operibus
1280 4299 1555 4366 adornati,
1582 4314 1613 4353 a
1636 4299 1880 4369 periculo
1930 4308 2116 4355 terrm-

520 4396 706 4443 motus
742 4403 844 4458 per
885 4389 1132 4462 quinque
1178 4407 1398 4446 menses
1441 4399 1496 4446 et
1548 4391 1690 4444 uitta
1744 4391 2112 4461 imminentes,

520 4493 631 4534 non
663 4481 782 4537 suis
822 4482 1053 4551 meritis,
1099 4484 1193 4538 sed
1233 4483 1328 4538 Dei
1375 4482 1548 4554 gratia
1601 4483 1838 4550 liberati,
1885 4483 2111 4542 Cuncti-

2209 608 2426 663 mittcre
2477 607 2771 673 deliberat,
2814 623 3050 678 quarum
3093 607 3464 664 dominatores
3506 626 3728 682 nunquam

2208 699 2446 755 fraudati
2490 715 2522 754 a
2567 700 2886 756 rumoribus
2927 715 3025 770 per
3062 715 3196 755 suos
3223 699 3392 756 etiam
3428 700 3730 762 internuntios

2206 792 2535 848 Christianas
2561 792 2768 847 militia:
2802 792 3054 863 praesidia
3081 792 3224 848 ferre
3256 792 3449 848 solent.
3479 791 3586 863 ipse
3617 812 3733 867 vero,

2206 887 2438 943 dimisso
2464 887 2535 941 ibi
2568 887 2834 954 exercitu,
2859 903 2986 942 cum
3025 887 3216 957 paucis
3245 885 3579 942 Antiochiam
3599 904 3734 946 rever

2208 996 2304 1036 sus
2346 981 2616 1036 accersito
2668 980 3014 1036 Antiocheno
3045 980 3186 1036 duce
3233 977 3466 1034 Radulfo
3505 981 3564 1036 de
3589 981 3732 1048 Acan,

2208 1073 2327 1128 viro
2343 1074 2674 1144 experientis
2703 1072 2941 1140 consilii,
2990 1073 3042 1126 in
3067 1071 3263 1142 primis
3289 1071 3418 1142 quid
3438 1072 3500 1126 sit
3521 1076 3734 1144 agendum

2207 1167 2275 1222 dc
2304 1166 2706 1231 emendatione,
2739 1175 2794 1220 et
2831 1166 2898 1221 de
2920 1174 3065 1221 statu
3096 1165 3266 1221 totius
3288 1164 3544 1230 civitat's,
3567 1180 3668 1220 cam
3687 1185 3738 1224 re

2207 1257 2506 1324 discernit;
2559 1257 2627 1312 de
2658 1257 2746 1312 his
2773 1257 2938 1311 etiam
2969 1273 3093 1328 qua:
3116 1273 3243 1314 cum
3273 1257 3492 1311 domino
3528 1268 3575 1310 et
3604 1259 3736 1314 bella-

2208 1349 2419 1405 toribus
2448 1349 2564 1404 ticri
2592 1350 2819 1405 deceant
2841 1351 2908 1404 ad
2935 1349 3062 1404 belli
3089 1352 3422 1417 necessaria,
3457 1350 3614 1420 ipsum
3632 1367 3739 1406 con-

2208 1442 2355 1498 sulit.
2390 1441 2508 1496 Dux
2547 1443 2714 1512 igitur
2733 1443 3112 1498 vicecomitcm
3141 1442 3209 1496 ad
3234 1457 3294 1498 se
3313 1444 3492 1497 vocari
3512 1443 3659 1512 jubet,
3674 1445 3740 1498 ri-

2208 1549 2458 1590 ceeomes
2501 1543 2811 1605 praetorem,
2853 1545 3054 1605 pnetor
3096 1549 3426 1606 praeconem,
3450 1536 3740 1605 prtecojudi-

2207 1641 2347 1682 cem.
2366 1625 2462 1682 [iis
2483 1627 2765 1683 advocatis
2791 1627 2972 1698 agitur
2998 1642 3168 1684 causa
3205 1627 3487 1698 praelibata
3507 1645 3520 1695 ;
3543 1628 3743 1698 iniuncto

2208 1719 2467 1773 mandato
2499 1718 2707 1773 domini
2743 1717 3008 1789 principis
3034 1727 3305 1774 vocantur
3325 1718 3567 1788 majores,
3581 1734 3745 1774 vocan-

2210 1819 2300 1864 tur
2342 1819 2396 1864 et
2429 1809 2694 1866 minores.
2724 1808 2837 1866 Nec
2869 1826 3045 1876 mora,
3078 1810 3434 1866 conveniunt.
3472 1809 3578 1864 Dux
3598 1810 3747 1878 itaque

2209 1903 2436 1974 pulchre
2478 1917 2574 1958 eos
2603 1903 2910 1974 alloquens,
2947 1903 3234 1973 praesentis
3263 1901 3468 1974 negotii
3488 1917 3682 1958 causam
3706 1914 3747 1957 et

2208 1994 2418 2050 domini
2441 1993 2527 2049 sui
2557 1994 2840 2049 decretum
2867 1993 3074 2049 indicat
3100 1994 3176 2048 ita
3215 1992 3596 2064 peragendum,
3615 1994 3656 2048 si
3681 1993 3748 2063 ἰιια

2209 2102 2397 2143 serum
2425 2087 2660 2143 consilio
2684 2103 2794 2142 non
2814 2086 3122 2157 displiceat.
3147 2085 3350 2141 Audita
3375 2100 3537 2141 causa
3568 2088 3749 2157 negotii,

2208 2187 2576 2250 susceptoque
2625 2179 2846 2235 decreto
2905 2178 3192 2248 principis,
3245 2178 3494 2232 omnium
3539 2193 3631 2230 una
3672 2177 3753 2231 fuit

2209 2271 2501 2327 sententia.
2546 2270 2877 2327 Mensuratis
2928 2271 3096 2343 igitur
3142 2285 3434 2325 murorum
3470 2285 3532 2324 ac
3559 2270 3752 2324 turrium

2208 2363 2600 2432 dirutionibus,
2646 2364 2973 2420 habentibus
3015 2373 3191 2419 terras
3233 2372 3289 2419 et
3315 2364 3569 2428 honores,
3597 2379 3756 2418 acuis

2209 2457 2343 2513 dum
2392 2457 2574 2529 majus
2603 2465 2658 2512 et
2689 2457 2904 2524 minus,
2939 2455 3236 2512 reﬁcienda
3269 2457 3594 2526 prmbentur.
3630 2454 3758 2508 Prin.

2211 2565 2340 2622 ceps
2385 2551 2602 2607 interim
2650 2551 2907 2608 custodes
2948 2567 3076 2607 cum
3117 2550 3478 2616 custodibus,
3526 2563 3652 2620 quos
3675 2548 3760 2604 siti

2211 2644 2482 2701 ﬁdeliores
2514 2644 2798 2711 intellexit,
2823 2653 2936 2699 tam
2968 2644 3022 2698 in
3049 2643 3252 2714 oppido
3286 2658 3455 2714 quam
3478 2644 3532 2697 in
3558 2643 3758 2706 civitate,

2212 2747 2273 2793 ut
2299 2738 2478 2793 iturus
2540 2737 2608 2791 ad
2653 2736 2878 2798 bellum,
2905 2736 3327 2807 diligentissime
3372 2738 3562 2806 poscit.
3595 2732 3763 2789 Deinde

2212 2829 2513 2901 praemissis
2545 2828 2735 2895 armis,
2767 2827 2999 2898 aliisque
3025 2827 3150 2884 belli
3175 2838 3232 2883 et
3251 2827 3432 2884 victus
3457 2827 3762 2890 necessariis,

2214 2922 2404 2978 audito
2431 2921 2619 2977 divino
2643 2919 2820 2976 cilicio
2842 2920 2896 2974 in
2942 2920 3230 2974 beatorum
3261 2919 3674 2975 intercessorem
3694 2933 3766 2973 ec-

2215 3014 2420 3080 clesiis,
2445 3022 2649 3068 saneta:
2676 3011 2861 3068 Maria:
2887 3011 3146 3084 Virginis,
3177 3012 3325 3069 Petri
3342 3021 3399 3069 et
3426 3011 3594 3077 Pauli,

2216 3105 2289 3177 gii
2339 3112 2395 3159 et
2424 3103 2660 3159 aliorum
2692 3103 3076 3174 plurimorum,
3100 3103 3242 3159 facta
3283 3105 3558 3170 oratione,
3579 3112 3768 3172 accepta

2215 3197 2462 3264 licentia,
2513 3205 2569 3252 et
2610 3197 2960 3266 patriarchali
2997 3197 3402 3264 benedictione,
3445 3197 3551 3253 Deo
3589 3207 3644 3252 et
3691 3198 3768 3250 do

2215 3294 2388 3361 mino,
2417 3301 2470 3348 ct
2507 3293 2852 3363 patriarchae,
2879 3309 2939 3348 se
2972 3294 3155 3363 ipsum
3185 3302 3240 3348 et
3267 3293 3570 3359 civitatem,
3605 3302 3655 3348 et
3677 3308 3770 3348 em-

2215 3385 2306 3440 nia
2335 3398 2436 3440 sua
2463 3383 2875 3448 commendans,
2906 3383 3219 3438 valedieens
3238 3382 3524 3449 omnibus,
3555 3383 3608 3436 in
3636 3397 3773 3450 expe-

2215 3477 2423 3534 ditione
2454 3478 2732 3545 profectus
2759 3484 2863 3531 est.
2916 3473 3058 3531 llinc
3108 3474 3371 3531 dominus
3399 3475 3458 3530 in
3483 3475 3774 3540 exercitum,

2217 3572 2343 3627 inde
2375 3572 2748 3642 exploratores
2795 3568 3112 3623 adveniunt.
3163 3567 3512 3639 interrogati,
3563 3568 3774 3624 Persian

2217 3663 2454 3737 gaudere
2487 3663 2560 3718 ob
2582 3662 2799 3717 ruinam
2846 3669 2898 3716 et
2930 3660 3212 3714 interitum
3248 3659 3442 3732 Syria,
3468 3659 3682 3730 publice
3709 3675 3776 3714 re-

2215 3756 2505 3826 spondent.
2539 3753 2907 3824 Referuntquc
2971 3751 3275 3808 Soldanum
3328 3753 3722 3820 Coroeensem,
3758 3768 3779 3805 I

2217 3847 2332 3902 sole
2366 3855 2420 3902 et
2448 3847 2578 3902 luna
2609 3846 2848 3916 acceptis
2879 3845 3130 3915 auguriis
3157 3845 3326 3900 totius
3358 3843 3568 3904 Persis
3598 3845 3781 3901 exerci-

2217 3948 2332 3994 tum
2363 3939 2669 4005 mandaret,
2706 3947 2762 3993 et
2795 3939 2972 4009 ipsam
3020 3936 3270 4009 Syriam,
3301 3953 3333 3992 a
3359 3936 3476 3994 Deo
3495 3938 3780 3994 derelictam

2217 4033 2376 4103 signo
2405 4040 2559 4089 terra:
2589 4041 2801 4098 motus,
2835 4046 2960 4087 cum
3011 4031 3356 4101 aliquantulo
3385 4031 3784 4088 inhabitantium

2218 4124 2458 4190 residuo,
2497 4140 2602 4179 suo
2633 4123 2882 4179 dominio
2935 4138 3002 4178 ex
3034 4121 3182 4179 facili
3215 4138 3386 4194 posse
3429 4124 3636 4195 subjici
3679 4136 3784 4194 pro-

2217 4215 2360 4270 fecto
2387 4215 2733 4271 conﬁrmare.
2784 4212 2936 4270 Nova
2977 4214 3296 4282 secretim,
3327 4213 3570 4271 admissi
3599 4217 3654 4271 in
3683 4230 3788 4269 can-

2217 4307 2388 4375 cellis,
2419 4307 2522 4362 soli
2552 4306 2786 4378 principi
2815 4322 2940 4362 cum
2975 4307 3295 4377 interprete,
3322 4307 3630 4364 enucleare
3659 4307 3788 4362 festi-

2216 4409 2370 4456 nant.
2425 4400 2642 4455 Auditis
2690 4400 2934 4470 gentium
2972 4400 3340 4472 legationibus
3402 4401 3723 4456 eliminandi
3764 4415 3787 4452 ι

2215 4491 2381 4558 velis,
2457 4507 2530 4546 ne
2594 4491 2947 4561 obstrepant,
2997 4491 3394 4557 eliminantur,
3453 4493 3787 4554 admittendi.

520 4578 728 4646 potenti
754 4577 993 4635 referunt
1028 4577 1328 4650 gratiarum
1359 4576 1624 4642 actiones,
1655 4577 1707 4630 in
1736 4576 1977 4635 Ecclesia
2011 4596 2107 4637 sua
2140 4584 2189 4645 Ι)
2217 4582 2400 4654 sagaci
2448 4582 2683 4638 consilio
2723 4583 3108 4637 admittuntur.
3158 4582 3425 4654 Princeps
3451 4601 3596 4655 ergo
3631 4599 3788 4639 secum

519 4668 648 4726 licti.

1136 4759 1367 4816 CAPUT
1407 4758 1470 4815 11.

591 4853 852 4926 Princeps
895 4853 1062 4928 igitur
1113 4861 1476 4919 memoratus,
1509 4852 1691 4909 diruta
1741 4855 1967 4912 aedilicia
2008 4871 2108 4912 sua

522 4946 580 5000 in
606 4947 802 5002 castris
830 4955 885 5002 et
903 4945 1030 5001 alibi
1057 4945 1311 5011 visitans,
1338 4947 1762 5016 perquantoeius
1790 4948 2110 5018 perquisitis

521 5039 870 5106 necessariis,
904 5054 968 5094 ca
1013 5053 1136 5110 quzc
1165 5037 1470 5092 defensioni
1517 5055 1630 5095 suae
1670 5049 1828 5095 terrae
1863 5041 2106 5108 utiliora,

521 5141 576 5188 ct
606 5133 856 5188 hostibus
878 5129 1270 5202 propinquiora
1301 5132 1470 5198 novit,
1490 5141 1543 5186 et
1573 5132 1618 5188 si
1644 5149 1752 5188 non
1775 5134 1843 5189 ad
1861 5135 2106 5205 plenum,

2218 4684 2497 4745 reputans,
2535 4694 2554 4726 ε
2581 4675 2763 4746 jacula
2790 4691 2913 4744 quae
2941 4675 3297 4746 providentur
3321 4677 3518 4732 minus
3547 4677 3730 4742 ferre,
3751 4685 3792 4728 et

2217 4777 2338 4838 post
2366 4768 2654 4823 consilium
2681 4769 2954 4838 sapientes
2983 4783 3092 4824 non
3135 4769 3424 4839 pcenitere,
3463 4789 3480 4820 ι
3519 4771 3792 4841 legationes

2217 4861 2666 4932 legationumque
2713 4878 2880 4917 causa
2926 4863 3170 4916 seriatim
3218 4863 3339 4917 suis
3369 4864 3656 4930 indicans,
3688 4841 3823 4933 quid1

2218 4954 2407 5009 utilius
2424 4955 2692 5026 agendum
2722 4954 2794 5009 sit
2823 4955 2971 5026 ipsos
3001 4955 3262 5010 consulit.
3285 4954 3573 5011 Ventilata
3610 4954 3821 5026 εστιεὶῶὶ

2214 5061 2382 5101 causa
2426 5047 2756 5113 necessaria,
2809 5047 2877 5101 ad
2925 5045 3218 5118 Cereptum
3271 5048 3554 5105 festinare
3601 5051 3798 5118 dignum

2211 5139 2436 5194 ducunt.
2477 5138 2777 5194 Audierant
2804 5155 3069 5210 namque,
3101 5139 3248 5194 fama
3287 5151 3589 5210 narrante,
3634 5142 3819 5222 Dama-il

523 5223 592 5278 ad
635 5232 957 5294 prtesentcm
1003 5231 1186 5277 tamen
1222 5223 1468 5292 tutelam,
1509 5240 1765 5295 reparare
1803 5241 1868 5281 ac
1896 5227 2113 5282 munire
2214 5247 2506 5286 scenorum
2551 5248 2734 5304 regem
2767 5231 3180 5299 Boldechinum,
3209 5249 3336 5288 cum
3372 5233 3665 5308 Amirgazi
3694 5234 3819 5308 την-ί

525 5313 840 5368 maturavit.
898 5312 994 5369 His
1023 5313 1291 5384 peractis,
1337 5316 1596 5371 redeunte
1632 5316 1821 5371 mstivo
1849 5326 2111 5388 tempore,

525 5403 670 5461 sicut
720 5417 842 5458 mos
869 5413 954 5460 est
988 5405 1226 5477 regionis
1249 5406 1414 5473 illius,
1441 5409 1755 5478 properavit
1782 5409 1846 5463 ad
1883 5409 2019 5464 ﬁnes
2055 5411 2110 5465 in

526 5495 730 5566 quibus
761 5495 915 5552 ocius
938 5497 1004 5553 de
1030 5499 1264 5554 adventu
1301 5499 1634 5555 Parthorum
1669 5501 1861 5556 audire
1883 5503 2110 5568 valeret,

526 5597 582 5643 et
607 5587 750 5642 unde
771 5590 1046 5658 peniieius
1084 5592 1326 5647 hostium
1358 5593 1554 5649 turmis
1576 5609 1864 5650 occurrere
1903 5605 2109 5666 posset.

525 5679 782 5736 Pervenit
815 5682 996 5754 itaque
1021 5700 1196 5754 usque
1227 5686 1294 5740 ad
1341 5685 1570 5741 Fontcm
1613 5686 1790 5752 Faris,
1825 5689 1917 5742 ubi
1951 5703 2112 5744 exer-

525 5773 697 5830 citum
716 5789 880 5828 suum
905 5775 1006 5830 sibi
1037 5774 1152 5830 fore
1175 5778 1394 5831 obvium
1421 5778 1903 5847 praemandaverat.
1928 5779 2115 5850 Ibique

520 5880 590 5925 ω
619 5873 892 5922 tractante
912 5882 1035 5922 cum
1061 5867 1177 5922 suis
1199 5869 1263 5922 de
1284 5871 1561 5923 communi
1593 5870 1841 5936 utilitate,
1875 5873 2114 5928 diversa-

2214 5339 2572 5379 comanomm
2607 5325 2855 5380 amirado
2880 5326 3066 5380 decem
3103 5326 3350 5382 millibus
3382 5329 3640 5384 militum
3660 5325 3806 5384 comis

2219 5425 2359 5472 tatus
2395 5417 2466 5471 ob
2504 5417 2817 5473 ﬁdelitatem
2849 5418 2960 5474 nati
3001 5417 3246 5474 Rodoam
3275 5418 3456 5491 Caiep
3489 5423 3752 5493 perv-enisi

2216 5508 2326 5565 Sed
2355 5525 2442 5565 res
2468 5519 2614 5578 erat,
2643 5521 2706 5566 ut
2745 5512 2944 5584 ipsam,
2975 5511 3116 5569 facta
3168 5515 3480 5570 concordia
3500 5559 3515 5583 ,
3552 5534 3654 5588 pro

2220 5601 2504 5658 Maledocti
2523 5645 2537 5668 ,
2565 5604 2891 5660 molirentur
2921 5603 3163 5660 Soldano
3197 5606 3445 5673 tradere,
3487 5609 3541 5664 si
3572 5611 3770 5666 valeren

2220 5691 2376 5749 Unde
2413 5703 2684 5750 nostrates
2715 5697 3040 5760 accelerant,
3068 5696 3344 5753 ferventes
3389 5704 3680 5758 concitato
3705 5703 3760 5756 be

2219 5787 2490 5853 examine,
2521 5787 2763 5856 ipsorum
2795 5791 3122 5844 sententiam
3164 5804 3523 5862 permutare.
3553 5794 3708 5864 Quod
3733 5779 3810 5848 uti

2223 5877 2630 5947 rumpet-ierunt
2683 5889 2996 5934 nostrorum
3060 5882 3307 5950 ipsorum
3355 5885 3505 5942 lines
3561 5889 3804 5959 attigisse.

3697 5413 3820 5565 Si

3761 5565 3818 5737 Ξ
