3816 6306
78 357 184 414 100!

729 351 1056 410 GALTEBII
1087 350 1552 410 CANCELLABII
1589 349 1814 408 BELLA
1851 352 2176 414 ANTIOCH.
2217 387 2289 399 --
2323 355 2506 415 PARS
2544 357 2585 414 Ι.

3151 367 3310 426 ιοω

71 474 237 530 timore
275 467 479 524 subacti
543 465 713 523 animi
762 468 850 523 sui
905 468 1154 525 habitum
1198 469 1352 526 vocis
1375 441 1603 524 .indicio
1630 470 1677 526 Α
1703 467 1756 523 vi
1786 467 1980 527 fortior
2007 471 2182 529 hostis
2206 473 2528 546 ingreditur.
2551 473 2712 542 Quod
2739 474 2942 533 factum
2977 495 3087 536 non
3118 484 3269 539 mini-

69 561 377 619 dissitnulant
416 577 431 614 ε
481 557 633 614 aiunt
672 559 842 628 enim,
882 559 1070 617 missis
1093 561 1163 617 ad
1187 560 1488 631 principem
1515 559 1600 614 ln-

71 650 340 716 ternuntiis,
371 650 442 704 ob
469 648 792 704 ﬁrmandum
820 649 998 708 fmdus
1024 651 1280 708 amicitia:
1299 666 1425 706 cum
1456 650 1598 720 ipso,

65 754 111 802 et
130 751 298 800 contra
312 741 622 798 Parthicum
649 743 867 800 hostem
897 759 957 800 se
975 744 1192 801 venisse
1205 751 1594 816 expugnatum.

66 837 367 894 Dodecbiuus
387 845 588 903 autem,
606 836 985 893 licetvirorum
999 835 1451 895 Christicolarum
1473 837 1600 892 Par—

64 932 352 1000 tborumque
386 930 677 1000 potentiam
711 929 1110 988 formidabilem
1145 939 1448 1000 vereretur,
1480 945 1599 986 ma-

63 1020 144 1076 luit
171 1029 334 1075 tamen
366 1019 620 1077 simulata
647 1036 784 1093 pace
828 1038 955 1078 cum
991 1021 1338 1081 Christicolis
1368 1038 1598 1081 concor-

61 1113 176 1179 dari,
202 1120 258 1166 ut
280 1113 425 1182 ipsos
447 1112 672 1170 duceret
697 1113 768 1169 ad
810 1115 1110 1186 perniciem
1128 1157 1143 1182 ,
1167 1131 1336 1187 quam
1377 1115 1597 1174 Parthis

60 1203 398 1272 acquiescere,
451 1218 596 1275 quos
629 1205 832 1262 multos
878 1206 1212 1264 crudeliores
1237 1206 1344 1264 sibi
1370 1206 1428 1262 in
1463 1223 1597 1279 pace

59 1311 194 1365 quam
239 1293 290 1349 in
327 1295 470 1352 bello
517 1306 871 1369 cognoverat.
914 1297 1062 1355 Loco
1100 1299 1285 1370 itaque
1318 1299 1597 1372 assignato

58 1388 363 1443 conveniunt.
413 1388 604 1460 Ibique
653 1389 884 1447 ﬁrmatis
929 1392 1384 1449 conventionibus
1433 1393 1594 1465 quasi

57 1481 192 1538 amici
224 1479 345 1537 facti
380 1491 530 1538 sunt.
566 1483 876 1555 Disponunt
908 1485 1093 1557 igitur,
1133 1493 1326 1541 contra
1353 1486 1592 1541 hostium

56 1581 232 1629 turmas
251 1588 356 1644 quo
381 1575 572 1631 utilius
601 1576 674 1632 sit
692 1577 954 1645 eundum,
973 1577 1068 1634 sed
1089 1577 1372 1646 similiter;
1392 1577 1594 1634 Dama-

55 1678 218 1719 scenus
240 1664 379 1720 cnim
407 1665 477 1720 ad
500 1665 622 1722 loca
651 1666 939 1738 utriusque
964 1665 1200 1724 fortuna:
1229 1667 1337 1724 sibi
1367 1668 1596 1739 suisque

55 1756 236 1812 utilium
274 1757 351 1813 ire
392 1768 728 1828 praemonet;
776 1759 1154 1817 Antiocheuus
1183 1774 1335 1829 vero,
1383 1761 1455 1818 ad
1501 1761 1592 1818 illa

1701 575 1854 616 mum
1903 563 2087 620 intulit
2135 566 2388 623 timorem
2431 566 2807 637 popularibus.
2855 569 3090 643 lngressi
3136 575 3283 634 illico

1699 654 1976 712 dominam
2026 657 2209 729 oppidi
2256 668 2576 730 exponunt,
2627 657 3054 734 fortioribusque
3101 666 3277 735 villa,

1699 749 2026 820 quibusdam
2057 752 2338 824 expositis,
2368 752 2697 824 quibusdam
2725 754 3085 827 interemptis,
3125 759 3279 830 ipso-

1697 856 1819 895 rum
1867 843 2009 898 inter
2048 859 2108 900 se
2150 843 2453 901 distributis
2500 845 2719 916 opibus,
2771 846 2971 903 ibidem
3023 852 3278 908 custodes

1697 947 1829 990 suos
1857 933 2137 992 adhibent.
2179 935 2276 993 His
2317 937 2572 1008 peractis,
2616 937 2943 996 Fisariensis
2981 941 3279 1001 .amiraldis

1695 1023 1888 1079 conﬁsi
1938 1024 2258 1094 amicitiam,
2282 1025 2428 1097 apud
2472 1026 2652 1098 ipsum
2693 1027 2940 1084 volentes
2988 1029 3277 1101 hospitari,

1697 1110 1942 1170 Sisaram
2002 1117 2351 1172 accedebant.
2405 1115 2526 1188 Ipse
2569 1129 2749 1174 autem
2797 1119 2943 1178 haud
2989 1120 3283 1180 immemor

1695 1203 2110 1262 Hammensium
2126 1209 2479 1276 incommodi,
2492 1209 2680 1267 utilius
2691 1226 2876 1268 secum
2893 1223 3128 1283 reputat,
3144 1215 3281 1285 ipsis

1693 1307 1848 1354 extra
1882 1298 2169 1370 hospitatis
2211 1301 2455 1371 praebere
2498 1303 2828 1372 necessaria,
2865 1319 3032 1376 quam
3067 1306 3280 1362 intrau-

1696 1390 1831 1446 tium
1858 1389 2001 1447 ferre
2028 1391 2397 1454 incommoda.
2429 1390 2678 1448 Timebat
2703 1394 2849 1449 enim
2879 1394 2936 1450 in
2971 1397 3088 1451 suis
3113 1396 3280 1454 rebus

1693 1481 1996 1538 redundare
2022 1483 2263 1538 hostium
2309 1484 2598 1552 saevitiam,
2651 1485 2745 1540 sed
2783 1485 2958 1542 multo
2998 1487 3176 1554 magis
3220 1503 3282 1544 se

1693 1575 1873 1648 ipsum
1901 1578 2194 1633 verebatur
2227 1577 2345 1634 fore
2369 1579 2522 1634 necis
2549 1579 2810 1650 praedam.
2853 1579 3126 1640 Przemisit
3171 1581 3280 1654 igi-

1692 1678 1782 1724 tur
1800 1668 2023 1726 fratrem
2053 1686 2236 1738 suum,
2267 1679 2328 1726 ut
2357 1670 2503 1726 fama
2529 1671 2734 1739 retulit,
2767 1670 3025 1740 Barbara,
3049 1687 3281 1728 munera

1692 1759 2159 1834 ferentibusequis
2169 1763 2514 1831 comitatum,
2528 1778 2638 1834 quo
2652 1762 3068 1834 prctiosioribus
3077 1763 3283 1820 Burso-

53 1850 218 1920 quibus
241 1859 382 1908 recta
413 1851 617 1920 fronte,
648 1855 832 1910 hostes
850 1853 1016 1910 citius
1030 1853 1251 1926 aggredi
1268 1853 1592 1926 potuissent.
1627 1840 1672 1900 Β
1700 1869 1823 1910 nem
1846 1855 2208 1926 praedonaret,
2231 1865 2568 1927 caeterosque
2602 1863 2916 1927 maguates,
2937 1856 3281 1927 praesentatis

53 1939 169 2006 Quid
194 1941 433 2014 singula?
461 1942 733 2014 principis
757 1951 868 1999 stat
898 1944 1297 2014 sententiahcui
1325 1944 1440 2015 jam
1455 1957 1594 2015 prte-

53 2030 222 2086 dictum
247 2029 420 2087 fuerat
444 2033 752 2089 exercitum
783 2033 1142 2090 barbarorum
1166 2049 1263 2104 per
1285 2033 1594 2091 Salobriam

52 2131 298 2178 venturum
331 2121 618 2196 Sysaram,
641 2141 767 2196 qua:
795 2133 957 2182 antea
981 2126 1274 2183 tributaria
1299 2135 1356 2183 et
1387 2127 1594 2185 nostris

52 2215 254 2272 serviens
271 2259 285 2283 ,
301 2217 413 2288 jam
438 2233 602 2275 versa
633 2218 813 2274 fuitin
835 2220 1194 2290 contrarium,
1221 2220 1438 2278 illorum
1461 2237 1597 2278 con-

53 2307 130 2362 ﬁsa
169 2309 414 2381 suﬁ‘ragio
465 2327 708 2382 quorum
761 2321 980 2382 postea,
1043 2313 1258 2369 actione
1305 2313 1595 2384 utriusque

51 2401 207 2469 partis,
229 2418 384 2473 passa
401 2413 490 2460 est
519 2403 826 2477 dispendia.
846 2404 1090 2462 Tandem
1112 2415 1387 2464 nostrates
1407 2407 1594 2464 missis

49 2491 438 2560 exploratoribus
493 2503 686 2550 contra
735 2495 954 2564 hostes,
1003 2495 1291 2567 Apamiam
1339 2496 1592 2567 proﬁcis-

48 2594 230 2641 cuntur.
263 2584 362 2643 Ubi
403 2589 560 2644 velut
605 2587 702 2644 ﬁlii
731 2595 787 2644 et
831 2596 1086 2660 parentes
1111 2588 1374 2646 societate
1405 2589 1594 2660 hospi-

51 2676 290 2746 talitatem,
317 2679 542 2736 vinculo
555 2681 721 2736 etiam
750 2681 1061 2738 dilectionis
1087 2681 1312 2754 integra:
1331 2682 1595 2739 videban-

49 2776 120 2823 tur
138 2773 437 2842 convenire,
481 2773 614 2830 licet
655 2773 871 2830 numeri
913 2789 979 2830 ac
1011 2774 1302 2846 probitatis
1339 2773 1593 2831 diﬁ‘erant

47 2863 416 2933 quantitudine;
454 2880 592 2936 pars
621 2865 826 2921 etenim
854 2865 1120 2938 principis
1153 2865 1297 2922 ultra
1334 2866 1446 2923 duo
1474 2866 1595 2922 mils

48 2953 103 3007 lia
139 2966 490 3028 pugnatorum
538 2973 649 3014 non
679 2949 930 3030 poterant
955 2959 1222 3026 inveniri;
1247 2974 1376 3030 pars
1405 2968 1591 3015 autem

48 3045 238 3104 diversa
274 3049 558 3106 societatis
602 3065 636 3105 a
672 3050 862 3107 multis
894 3057 1220 3122 reputantur
1242 3050 1592 3122 mquipollere

48 3134 202 3193 decem
241 3141 508 3198 millibus.
540 3139 669 3198 Hac
703 3149 887 3198 autem
925 3141 1075 3212 quod
1124 3141 1306 3213 majus
1335 3155 1588 3208 numero,

1694 1946 1838 2015 aliis,
1864 1953 2117 2018 acceptos
2139 1947 2243 2003 sibi
2286 1947 2554 2014 redderet,
2583 1953 2639 2002 et
2666 1953 2727 2002 ut
2749 1961 2816 2003 eo
2846 1946 3118 2004 mediante
3140 1948 3283 2004 inter

1692 2040 1846 2110 ipsos
1857 2037 2358 2096 ﬁrmareturfmdus
2370 2037 2646 2106 amicitiae,
2658 2038 2735 2093 ita
2759 2039 3125 2110 tamen,quod
3146 2038 3277 2094 dum

1693 2129 1952 2187 dominus
1974 2127 2176 2185 Sisarte
2190 2137 2435 2185 maneret
2458 2128 2709 2200 praesidio
2732 2129 2936 2200 oppidi,
2954 2127 3124 2185 frater
3137 2130 3278 2200 ejus,

1694 2221 1948 2294 indigena
1989 2221 2171 2277 sciens
2202 2220 2385 2277 aditus
2423 2229 2478 2276 et
2502 2235 2753 2277 recessus
2782 2219 2991 2290 patriae,
3031 2221 3281 2277 devasta-

1695 2313 1832 2369 tioni
1863 2312 2101 2384 bellique
2128 2313 2491 2380 necessarios,
2520 2327 2646 2369 cum
2664 2312 2796 2383 ipsis
2813 2311 3276 2382 proﬁcisceretur,

1693 2405 1804 2462 dux
1829 2420 2022 2462 eorum
2052 2405 2289 2474 itineris,
2325 2413 2380 2460 et
2402 2405 2657 2476 provisor
2688 2403 2958 2460 utilitatis.
2999 2401 3109 2459 Sed
3135 2412 3195 2458 ut
3223 2403 3277 2457 in

1695 2497 2053 2569 sequentibus
2078 2497 2281 2564 dicam,
2308 2496 2540 2553 Domino
2569 2505 2863 2568 operante,
2906 2501 3099 2551 contra
3124 2509 3276 2564 spem

1693 2605 1888 2646 eorum
1917 2606 2007 2646 res
2037 2605 2194 2646 versa
2233 2597 2320 2646 est
2356 2589 2412 2644 in
2464 2587 2828 2645 contrarium.
2856 2586 3068 2655 Frater,
3095 2585 3280 2641 fratris

1696 2682 1931 2754 imperio
1959 2682 2366 2752 obtemperans,
2399 2679 2708 2750 injunctum
2731 2678 2840 2736 sibi
2866 2677 3149 2749 negotium
3182 2677 3279 2732 lar--

1695 2783 1786 2832 tus
1815 2774 2157 2846 exsequitur.
2203 2772 2491 2829 Exercitus
2530 2780 2716 2828 autem
2745 2778 2874 2826 ante
2899 2784 3165 2826 cavernas
3193 2766 3280 2821 Si-

1695 2867 1858 2924 sarize
1889 2874 2318 2924 castrametatus
2343 2906 2358 2933 ,
2393 2865 2594 2922 iterum
2617 2861 2779 2920 factis
2813 2861 3188 2934 potationibus
3212 2859 3280 2914 de

1693 2957 1783 3014 die
1806 2959 1864 3014 in
1887 2959 2056 3026 diem,
2086 2946 2310 3028 alonge
2339 2956 2535 3028 positis
2557 2955 2812 3012 excubiis
2836 2960 3109 3009 nostrates
3136 2951 3278 3005 bello

1696 3050 1964 3107 lacessere
1989 3055 2220 3105 tentant.
2250 3045 2514 3116 Princeps
2541 3045 2708 3118 igitur
2729 3040 3167 3099 Christianitatis
3189 3055 3280 3096 sa-

1694 3149 1998 3210 cramento,
2039 3148 2095 3196 et
2123 3138 2368 3195 fraterna
2422 3137 2569 3209 regis
2615 3136 2908 3194 dilectione
2959 3133 3281 3203 coniuratus

49 3233 276 3299 probitate
305 3236 537 3306 quidem
583 3234 771 3292 minus
800 3234 1099 3308 obtinebat.
1150 3233 1432 3306 Siquidem
1463 3241 1592 3290 ante
1619 3213 1666 3278 Ο
1698 3245 1811 3290 tam
1839 3232 2165 3305 praeludium
2196 3246 2364 3303 quam
2391 3239 2446 3286 et
2491 3229 2560 3286 ad
2601 3228 2730 3286 belli
2772 3226 3004 3294 aditum,
3030 3224 3282 3280 erutione

47 3322 290 3391 Apamiam
335 3326 713 3383 castrametati
732 3368 748 3393 ,
795 3342 896 3398 per
935 3327 1076 3382 duos
1125 3341 1344 3384 menses
1394 3326 1594 3383 morati

47 3423 167 3481 sunt,
205 3427 501 3488 antequam
533 3418 612 3474 eis
657 3427 847 3474 certus
871 3415 1198 3474 Parthorum
1248 3421 1598 3476 nuntiaretur

47 3519 282 3564 accessus.
305 3508 501 3566 Mense
515 3524 645 3566 vero
654 3509 908 3582 Augusti,
931 3508 1117 3566 Burno
1135 3509 1462 3567 Parthorum
1485 3513 1596 3568 dux

47 3597 237 3668 militiae,
253 3602 492 3673 stipatus
506 3602 857 3658 validissimis
877 3609 1243 3674 pugnatorum
1264 3603 1594 3674 agminibus,

48 3689 164 3746 ultra
195 3691 511 3765 Euphraten
546 3694 660 3765 jam
696 3695 932 3762 venisse,
981 3695 1239 3752 atrociter
1285 3703 1468 3766 partes
1494 3692 1598 3767 Sy-

46 3778 124 3835 ria
166 3781 420 3843 invasisse
447 3785 760 3842 nuntiatur.
803 3784 960 3853 Quod
990 3787 1084 3842 ubi
1122 3785 1376 3859 princeps
1406 3802 1596 3842 verum

46 3881 146 3925 esse
175 3875 448 3945 comperit,
487 3875 604 3947 regi
634 3873 1157 3950 Hierosolymitano,
1181 3877 1368 3934 comiti
1397 3876 1596 3948 Tripo-

46 3959 214 4032 litano,
255 3966 368 4023 suis
419 3967 732 4025 notissimis
795 3968 1170 4037 internuntiis,
1221 3985 1346 4026 cum
1401 3969 1598 4026 litteris

48 4052 263 4125 sigillatis
299 4059 550 4116 hostium
580 4061 878 4118 adventum
902 4062 1196 4134 locumque
1224 4062 1594 4130 nominatum,

48 4157 135 4201 non
159 4150 378 4208 multum
414 4169 447 4209 a
485 4153 690 4210 nostris
713 4154 1010 4210 distantem
1044 4155 1188 4226 apud
1217 4153 1436 4211 Salinas
1462 4157 1599 4213 indi-

48 4245 140 4305 cat,
165 4240 251 4296 ubi
291 4241 455 4300 factis
513 4243 919 4314 potationibus,
949 4245 1270 4316 ceterisque
1297 4246 1596 4318 voluptati-

49 4327 148 4398 MS,
165 4338 454 4394 crescentis
484 4338 629 4394 lunae
655 4340 948 4411 augurium
971 4339 1381 4411 exspectabant,
1410 4340 1599 4396 horta-

48 4427 216 4494 turque
253 4441 346 4483 eos
397 4444 502 4499 pro
552 4429 670 4485 suis
697 4430 931 4497 viribus,
965 4445 1090 4486 cum
1117 4430 1414 4497 celeritate,
1437 4429 1599 4485 Chri-

1697 3329 1988 3385 oculorum
2025 3327 2380 3398 interposita,
2413 3324 2738 3397 generaliter
2761 3321 3019 3379 omnibus
3044 3319 3160 3376 suis
3185 3318 3284 3374 ab-

1695 3420 1861 3478 dicat.
1885 3420 2007 3488 Quo
2029 3421 2238 3488 audito,
2259 3434 2388 3491 pars
2419 3417 2664 3474 hostium
2693 3429 2982 3486 arrOgans,
3002 3427 3070 3467 ex
3095 3410 3282 3479 inspe-

1693 3523 1849 3582 rato,
1888 3513 2125 3570 Cafarda
2167 3519 2414 3568 castrum
2465 3509 2641 3566 tribus
2683 3507 2857 3562 leucis
2891 3521 2925 3560 a
2960 3502 3165 3560 nostris
3191 3516 3278 3557 se-

1696 3615 1907 3662 motum
1933 3605 2148 3677 attigit;
2178 3603 2326 3675 quod
2363 3600 2566 3671 saepius
2591 3609 2913 3670 aggressum
2931 3636 2948 3663 ,
2989 3594 3118 3649 licet
3146 3605 3277 3662 pars

1696 3696 1928 3753 interior
1951 3694 2162 3751 crebris
2187 3691 2511 3764 sagittarum
2532 3703 2598 3745 ac
2622 3686 2864 3758 lapidum
2885 3682 3085 3739 ictibus
3107 3679 3277 3736 diris-

1696 3805 1807 3863 que
1831 3787 2153 3845 vulneribus
2185 3792 2525 3857 premeretur
2546 3822 2563 3849 ,
2597 3795 2664 3837 ea
2690 3779 2811 3836 vice
2850 3775 2974 3847 capi
3030 3789 3142 3830 non
3181 3786 3282 3843 po-

1697 3882 1820 3938 tuit.
1859 3879 1966 3936 Sed
2001 3877 2240 3950 quodam
2307 3875 2527 3931 illorum
2571 3869 2840 3929 amiraldo
2894 3864 3184 3924 interfecto
3226 3872 3282 3919 et

1696 3973 1947 4046 pluribus
1989 3968 2294 4027 vulneratis
2320 4009 2358 4048 ,_
2393 3966 2602 4024 reversi
2657 3969 2792 4021 sunt
2835 3961 2906 4018 ad
2953 3957 3278 4023 exercitum,

1697 4073 2009 4123 asserentes
2036 4065 2286 4134 ipsorum
2309 4060 2557 4118 dolorem
2583 4056 2823 4114 vindicta
2871 4066 3034 4126 posse
3080 4049 3278 4106 minui.

1699 4156 1806 4226 Qui
1832 4172 1961 4214 cum
1991 4155 2322 4211 molirentur
2339 4150 2620 4225 quomodo
2655 4147 2905 4205 atrocius
2932 4151 3154 4200 nostros
3183 4156 3282 4212 ag-

1699 4248 1852 4322 gredi
1911 4246 2242 4319 potuissent,
2302 4243 2450 4300 fama
2482 4241 2746 4298 nuntians
2794 4236 2940 4308 regis
2987 4235 3282 4322 adventum

1698 4318 2010 4409 proximum
2038 4334 2285 4406 ipsorum
2305 4345 2468 4386 aures
2500 4326 2751 4400 perculit.
2785 4323 2897 4395 lpsi
2927 4336 3057 4377 vero
3083 4334 3196 4374 non
3225 4318 3284 4372 in

1697 4429 1901 4486 virtute
1922 4425 2098 4484 sancti
2127 4423 2387 4496 Spiritus,
2413 4421 2509 4477 sed
2536 4419 2594 4475 in
2619 4414 2970 4472 multitudine
3009 4409 3285 4468 exercitus

51 4514 211 4574 sliana:
245 4521 453 4577 militia:
469 4521 664 4578 adesse
683 4523 956 4594 praesidio.
982 4522 1095 4580 Rex
1129 4524 1314 4595 itaque
1341 4522 1596 4594 probitati
1629 4557 1677 4616 Β
1699 4519 1923 4588 conﬁsi,
1965 4526 2260 4616 antequam
2303 4528 2400 4616 rex
2441 4510 2666 4616 accedat
2710 4506 2874 4616 factis

49 4618 235 4678 semper
275 4612 542 4681 intentus,
581 4613 730 4670 haud
767 4615 1008 4687 segniter
1035 4616 1448 4688 agens,eodem
1487 4614 1596 4681 die,

51 4705 316 4769 praemissis
361 4707 574 4764 nuntiis
619 4709 688 4765 ad
740 4709 996 4766 comitem
1029 4725 1100 4766 ne
1153 4724 1368 4766 moram
1401 4707 1597 4776 faciat,

49 4803 191 4857 quam
214 4795 372 4853 citius
414 4807 599 4868 potest
643 4799 762 4869 ipse
805 4799 1158 4871 subsequitur
1190 4817 1206 4854 :
1262 4799 1601 4869 praemandat

55 4887 214 4938 tamen
251 4889 486 4960 principi
535 4905 662 4946 eum
699 4890 1015 4960 iuramento
1067 4890 1500 4947 Christianitatis
1546 4897 1602 4945 et

53 4975 317 5034 amicitiam
358 4982 753 5050 fraternitatis,
790 4997 1120 5054 quocunque
1166 4993 1352 5051 erant,
1391 4984 1478 5039 vel
1507 4983 1600 5038 ubi

53 5064 346 5135 consistant,
398 5086 470 5126 ne
496 5085 592 5127 eos
621 5071 739 5127 sine
776 5071 1021 5142 ipsorum
1061 5073 1335 5143 adjutorio
1382 5073 1604 5145 aggredi

55 5165 373 5218 praeumant.

633 5254 867 5311 CAPUT
906 5253 992 5310 Ill.

115 5337 320 5400 Interim
346 5346 555 5414 hostes,
590 5356 651 5403 ut
679 5347 824 5403 fama
856 5348 1126 5419 praecinit,
1169 5363 1267 5418 per
1297 5346 1604 5404 Salobriam

59 5435 280 5506 Nocti,
313 5445 550 5512 acceptis
579 5443 654 5498 ibi
689 5443 1035 5509 necessariis,
1088 5441 1376 5497 Hammam
1413 5455 1605 5511 perve-

63 5525 214 5584 niunt.
243 5530 396 5598 Quod
426 5549 550 5590 cum
583 5535 916 5606 reperissent
952 5550 1018 5592 ex
1062 5543 1214 5609 parte
1244 5533 1456 5592 soldani
1485 5532 1604 5588 dari

61 5619 150 5673 sibi
177 5639 238 5678 ne
264 5625 463 5682 habere
490 5629 653 5684 minis
680 5639 774 5686 aut
797 5631 1050 5700 precibus
1074 5631 1395 5700 potuissent,
1421 5631 1606 5702 stipati

65 5726 370 5775 armatorum
413 5723 741 5780 validissima
787 5741 975 5794 manu,
1002 5725 1132 5779 illud
1169 5725 1432 5780 invadunt
1461 5733 1605 5780 stre-

67 5810 322 5870 nuissime.
353 5813 712 5888 lnvasumque
758 5819 1019 5892 undique,
1041 5819 1310 5875 truncatis
1337 5817 1604 5886 pluribus,

355 5910 623 5974 Ριτιιοι..
665 5912 842 5975 CLV.

1706 4611 2000 4670 habiliores
2024 4607 2292 4681 praeludio
2318 4603 2388 4660 ad
2414 4603 2652 4659 tentoria
2686 4606 3001 4654 nostrorum
3023 4591 3286 4681 dirigunt,

1703 4705 1852 4761 acies
1891 4703 1961 4758 de
2002 4677 2155 4757 more
2193 4698 2437 4769 ipsorum
2469 4694 2738 4751 ordinatae
2761 4687 2997 4761 sparsim
3027 4677 3288 4751 subsequi
3395 4714 3398 4716 η

1703 4797 2037 4861 deliberant,
2089 4793 2209 4848 loco
2240 4790 2544 4860 assignato,
2573 4784 2822 4840 Bursone
2850 4779 2989 4835 duce
3013 4775 3287 4861 ipsorum,

1704 4904 1832 4946 cum
1864 4859 2104 4942 maxima
2131 4883 2186 4938 in
2208 4859 2644 4951 expugnatarum
2669 4873 2987 4940 remanente
3008 4859 3285 4951 praesidio.

1705 4979 1849 5049 Quid
1870 4977 2048 5033 ultra?
2078 4949 2320 5030 Vibratis
2342 4949 2542 5040 iaculis
2561 5004 2578 5034 ,
2609 4959 2829 5019 emissis
2874 4953 3088 5049 sagittis
3112 4991 3129 5020 ,
3174 4949 3289 5004 fere

1707 5047 1764 5130 in
1793 5078 1974 5129 castra
2016 5077 2208 5124 nostra
2234 5062 2525 5120 cursitant.
2575 5055 2697 5122 Quo
2718 5052 2838 5108 viso
2869 5047 3122 5120 princeps
3170 5055 3288 5097 me-

1615 5177 1620 5183 '
1709 5172 1980 5230 moratus,
2001 5158 2174 5216 veloci
2205 5169 2350 5226 equo
2376 5150 2656 5214 residens,
2680 5149 2934 5214 exempto
2959 5152 3090 5194 ense
3107 5141 3289 5230 castra

1645 5287 1647 5289 ί
1706 5271 1931 5316 suorum
1953 5228 2178 5315 circuit,
2200 5260 2456 5305 asserens
2489 5261 2502 5298 :
2537 5261 2556 5294 ι
2587 5239 2719 5294 Fide
2743 5235 2867 5300 Dei,
2893 5247 3002 5304 qua
3021 5228 3284 5292 vivimus,

1709 5347 1758 5404 si
1785 5345 1912 5416 quis
1945 5341 2127 5413 egredi
2151 5340 2264 5409 jam
2291 5330 2743 5406 praesumpserit,
2778 5340 2904 5382 meo
2942 5320 3142 5395 peribit
3170 5317 3285 5388 gla-

1709 5441 1831 5506 dio;
1863 5457 1882 5490 I
1916 5436 2049 5508 quin
2097 5433 2209 5489 imo
2228 5474 2244 5498 ,
2267 5429 2528 5502 praecepit
2561 5425 2858 5494 unicuique
2881 5425 3094 5476 armata
3123 5427 3292 5468 manu

1710 5543 1765 5590 et
1785 5528 2032 5602 vigilanti
2061 5526 2249 5582 animo
2275 5538 2378 5595 pro
2401 5529 2585 5579 castro
2611 5533 2717 5575 suo
2758 5524 2940 5582 stare;
2971 5525 3074 5567 nec
3105 5515 3290 5602 tamen

1712 5596 1972 5699 praesumi
2006 5621 2118 5677 ullo
2141 5618 2308 5674 modo
2331 5617 2416 5672 vel
2457 5615 2676 5686 signum
2719 5607 2988 5668 conﬁictis
3014 5601 3160 5699 ipsis.

1714 5688 2040 5777 monstrare.
2082 5712 2350 5767 Mirantur
2394 5709 2581 5779 itaque
2631 5702 2850 5766 Parthi,
2883 5705 3097 5770 gentem
3145 5688 3289 5744 bello

1715 5808 2176 5886 promptissimam
2197 5846 2212 5873 ,
2250 5802 2576 5875 iniuriasque
2637 5809 2852 5866 semper
2895 5783 3287 5940 grunnitum,
