3850 6310
519 324 663 384 £003

1090 319 1180 373 AD
1217 316 1666 376 GODEFRIDUM
1704 313 1992 372 APPEND.
2038 313 2102 368 ll.
2143 344 2210 352 —
2247 311 2518 370 MONUM.
2558 313 2647 370 DE
2684 312 2910 372 BELLO
2951 313 3196 371 SACRO.

3608 318 3710 380 lOC-i

518 443 680 498 toties
705 436 914 506 sagittis
943 443 1322 506 provocatam,
1346 435 1508 489 toties
1535 432 1802 488 conviciis
1829 432 2099 495 affectam,
2133 430 2178 486 Α
2205 429 2281 484 ita
2315 431 2537 500 quidem
2590 433 2832 502 pulsant,
2869 432 3016 502 quod
3050 430 3210 485 factis
3250 429 3389 484 inuri
3419 429 3716 496 dirutionibus

519 543 629 588 tam
658 531 928 604 patienter
978 527 1158 592 ferre,
1204 526 1351 595 quod
1380 523 1677 580 dimicandi
1725 523 1942 593 signum
1995 537 2100 574 non

518 623 796 689 ostendat,
825 629 881 676 et
904 618 1066 690 quasi
1104 617 1323 672 illorum
1355 616 1554 670 timore
1583 613 1796 670 devicta
1830 614 1942 684 jam
1981 629 2104 668 suc-

518 715 765 770 eutnbat.
791 712 1024 780 Quidam
1055 717 1110 765 et
1157 716 1496 773 nostrorum,
1552 705 1606 760 id
1651 705 1780 761 facti
1833 705 2104 760 timiditati

524 813 812 876 reputant;
857 801 1104 858 nonnulli
1149 807 1332 854 autem
1380 798 1684 868 capacioris
1733 797 1968 869 ingenii,
2001 798 2106 852 hoc

521 899 639 955 ﬁeri
659 899 727 952 "de
748 894 1084 966 principibus
1106 889 1374 945 industria
1401 889 1723 959 conjiciunt,
1741 897 1801 942 ut
1824 888 2109 957 explorato

527 990 751 1062 congrui
786 986 1046 1058 temporis
1075 983 1343 1048 articulo,
1401 997 1512 1036 non
1559 979 1942 1036 admonitione
2001 980 2105 1034 ho-

519 1085 708 1148 stium,
746 1096 846 1136 nec
872 1077 1294 1150 praesumptione
1313 1076 1537 1142 virium,
1562 1074 1658 1129 sed
1703 1073 1814 1140 sui,
1842 1072 2100 1143 regisque

520 1178 578 1233 in
611 1175 864 1247 proximo
897 1173 1258 1238 advenientis,
1289 1170 1650 1242 dispositione
1674 1167 1926 1238 provisa,
1952 1165 2106 1237 inge-

521 1272 727 1342 nioque
758 1264 1086 1339 expedienti,
1115 1283 1212 1322 eos
1241 1267 1502 1337 impetere
1518 1263 1868 1336 prmvaleant.
1896 1261 2108 1332 Smpius

517 1362 742 1429 ctenim,
778 1369 838 1415 ut
861 1370 1148 1430 exceptum
1174 1368 1280 1426 est,
1320 1357 1576 1430 praevalet
1599 1357 1654 1411 in
1685 1356 1828 1411 bello
1851 1372 1973 1411 cum
2005 1370 2106 1409 au-

521 1454 681 1510 dacia
723 1462 779 1508 et
806 1451 1026 1524 ingenio
1053 1460 1420 1523 pugnatorum
1449 1448 1716 1519 paucitas,
1746 1462 1912 1518 quam
1935 1444 2109 1502 infru—

520 1547 638 1603 nita
665 1555 722 1604 et
752 1545 1024 1602 vacillans
1052 1553 1394 1598 armatorum
1418 1541 1733 1597 multitudo.

1139 1633 1371 1690 CAPUT
1413 1632 1504 1688 IV.

591 1729 836 1795 Interea,
869 1727 1014 1782 fama
1045 1738 1306 1782 narrante
1352 1727 1632 1782 velociore
1679 1724 1865 1792 facto,
1924 1739 2106 1796 regem

525 1818 856 1874 Balduinnm
878 1817 1256 1888 ’Pontiumque
1289 1817 1546 1872 comitem
1577 1817 1810 1872 viriliter
1862 1816 2111 1871 celeriter

525 1912 834 1967 accelerare
864 1917 1204 1980 compertum
1235 1918 1337 1963 est.
1371 1908 1546 1963 Burso
1583 1908 1752 1979 igitur
1775 1907 1887 1963 dux
1907 1907 2112 1962 dolosae

523 2003 864 2069 calliditatis,
891 2001 1243 2059 retrocedens
1269 1999 1453 2071 fugam
1479 1999 1724 2067 simulat,
1760 2009 1814 2054 et
1838 1999 1998 2070 quasi
2021 2014 2112 2054 re-

522 2095 767 2166 patriare
787 2095 997 2162 volens,
1027 2109 1124 2164 per
1147 2101 1330 2164 partes
1367 2091 1554 2147 Sisara
1573 2091 1808 2152 divortia
1838 2090 2110 2158 faciendo,

523 2186 594 2241 ad
619 2195 836 2256 tempus
859 2201 1013 2240 suam
1039 2184 1333 2243 occultavit
1359 2181 1658 2254 nequitiam
1681 2201 1694 2237 :
1717 2193 1779 2238 ut
1794 2183 2000 2239 nostris
2020 2198 2113 2238 re-

521 2276 788 2332 trocessis
811 2291 877 2331 ac
898 2275 1190 2346 separatis,
1222 2275 1470 2330 valerent
1507 2276 1682 2332 tutius
1713 2275 1936 2331 diruere
1962 2290 2112 2330 mar-

523 2369 752 2425 chitima
801 2369 1124 2440 municipia.
1162 2368 1385 2424 Interim
1431 2385 1527 2424 rex
1548 2410 1564 2436 ,
1593 2369 1660 2425 de
1690 2384 1845 2425 more
1878 2369 2114 2440 pristino

521 2462 788 2534 cymbalis
813 2461 1239 2530 resonantibus,
1281 2461 1429 2518 tubis
1462 2461 1665 2532 ubique
1711 2462 2111 2534 clangentibus,

521 2563 702 2610 castra
728 2563 1045 2610 nostrorum
1086 2554 1372 2625 ingressus
1398 2562 1502 2609 est.
1549 2553 1857 2626 Statimque
1902 2563 1963 2609 ut
2016 2569 2114 2610 rex

523 2645 814 2716 comperiit
855 2647 1044 2702 hostes
1090 2645 1424 2713 recessisse,
1461 2646 1758 2702 admodum
1788 2662 1846 2702 se
1870 2663 1995 2703 sero
2023 2663 2114 2704 ve-

523 2740 674 2796 nisse
696 2749 1033 2811 conquestus
1060 2747 1165 2795 est.
1203 2739 1361 2794 Brevi
1384 2747 1568 2794 tamen
1611 2747 1834 2811 sumpto
1855 2739 2113 2808 consilio,

523 2846 651 2886 cum
674 2831 926 2904 ignorent
955 2845 1068 2902 quo
1093 2845 1191 2886 eos
1219 2829 1483 2901 subsequi
1511 2840 1564 2886 et
1594 2831 1687 2886 ubi
1716 2831 1962 2886 invenire
1985 2847 2116 2901 pos-

522 2924 639 2979 sint
664 2965 680 2990 ,
716 2921 993 2993 quoddam
1038 2928 1285 2976 castrum
1315 2937 1380 2977 ea
1407 2921 1526 2978 vice
1561 2921 1782 2978 Parthis
1810 2922 2113 2990 subditum,

525 3011 774 3067 Gistrum
803 3011 1045 3079 nomine,
1088 3019 1466 3084 oppugnatum
1497 3011 1577 3067 ire
1603 3013 1929 3081 deliberant,
1961 3014 2115 3069 testi-

527 3112 745 3158 mantes
791 3117 888 3158 eos
938 3101 1045 3158 hoc
1081 3099 1226 3157 facto
1265 3102 1338 3157 ad
1372 3101 1574 3158 bellum
1626 3117 1789 3174 posse
1845 3103 2112 3158 revocari.

525 3191 640 3250 Nec
688 3208 877 3262 mora,
917 3201 1190 3249 nostrates
1217 3192 1346 3248 illuc
1379 3164 1725 3264 perveniunt.
1756 3192 1999 3264 Repente
2024 3209 2116 3249 or-
2143 3164 2185 3223 θ

525 3287 732 3342 dinatis
753 3285 1064 3358 agminibus
1086 3301 1182 3357 per
1204 3286 1518 3355 circuitum,
1535 3294 1647 3341 tam
1672 3287 1930 3358 oppidum
1949 3305 2114 3359 quam

527 3378 854 3434 suburbinm
886 3377 1106 3448 aggredi
1144 3377 1529 3433 strenuissime
1577 3386 1867 3448 satagunt;
1897 3379 2114 3434 tandem

530 3469 860 3526 snburbium
897 3468 1103 3524 ictibus
1132 3468 1354 3525 ensium
1382 3468 1873 3538 comprehensum,
1916 3469 2114 3539 partim

527 3562 786 3632 diruitur,
815 3562 1028 3634 partim
1051 3563 1174 3634 igne
1195 3561 1557 3617 comburitur.
1591 3560 1789 3617 Perses
1807 3577 1960 3630 vero,
1989 3563 2115 3619 licet

501 3643 917 3711 'fumiferarum
951 3654 1181 3709 nubium
1214 3653 1585 3721 intimatione,
1612 3653 1958 3724 propriorum
1991 3671 2120 3711 ocu-

527 3745 710 3800 lorum
735 3760 964 3801 suorum
1001 3745 1291 3800 intuitione
1309 3783 1325 3812 ,
1353 3744 1697 3801 exustioncm
1724 3746 1965 3816 ejusdem
1995 3764 2116 3802 mu-

524 3841 714 3912 nicipii
742 3857 772 3897 a
796 3841 1003 3898 nostris
1025 3842 1096 3898 ob
1131 3842 1352 3897 illorum
1382 3841 1622 3898 dedecus
1649 3839 1850 3897 factam
1878 3857 1999 3897 esse
2030 3841 2116 3896 ins

526 3933 866 4001 tellexerint,
895 3941 1157 3989 verentur
1180 3942 1361 3988 tamen
1398 3934 1521 3989 illos
1548 3933 1796 4004 aggredi,
1832 3948 1972 4003 quos
2015 3948 2116 3987 an-

524 4035 612 4080 tea
642 4025 980 4081 invaserant.
1022 4023 1139 4081 lloc
1169 4041 1409 4097 namque
1451 4025 1691 4097 judicio,
1731 4041 1837 4096 pro
1890 4026 2112 4098 ingenio

529 4116 774 4172 audaciae
794 4125 849 4172 et
873 4116 1166 4188 probitatis
1192 4132 1380 4173 secum
1405 4126 1664 4190 reputant
1691 4117 1959 4187 quidquid
1987 4127 2114 4174 ante

527 4218 710 4264 castra
735 4224 836 4280 pro
866 4209 1062 4265 inertia
1098 4218 1154 4266 et
1191 4209 1486 4266 timiditate
1515 4211 1807 4266 duxerant.
1848 4209 1988 4265 Cum
2015 4226 2116 4266 au-

525 4309 635 4358 tem
683 4294 786 4357 nec
813 4293 1099 4377 venerint,
1133 4317 1235 4358 nec
1263 4316 1456 4358 rumor
1489 4303 1747 4356 audiatur
1769 4301 1864 4356 ubi
1891 4317 2114 4358 manse-

527 4391 669 4458 rint,
694 4391 878 4462 agitur
901 4392 1033 4462 quid
1063 4395 1227 4462 super
1255 4391 1362 4446 hoc
1399 4390 1516 4446 ﬁeri
1544 4384 1750 4445 deceat.
1784 4389 1922 4446 Pars
1950 4391 2115 4464 igitur

2206 523 2400 594 ingens
2426 525 2700 593 prasbetur
2731 525 2934 580 aditus.
2960 524 3083 579 Mox
3131 524 3466 594 introgressi,
3490 540 3718 594 prmseutes

2207 626 2339 666 suos
2369 612 2750 684 interemptos,
2778 624 2834 669 et
2861 614 3169 684 prtetcritos
3208 612 3572 681 vindicandos,
3600 632 3718 686 quos-

2206 703 2712 774 dam’interticiunt,
2762 707 3032 777 quosdam
3078 706 3296 761 altioris
3337 705 3556 762 fortuna:
3597 725 3718 766 reser-

2206 805 2359 864 vant,
2398 807 2458 852 ut
2487 799 2638 869 ipsos
2670 815 2770 869 pro
2804 799 3052 855 victoriae
3095 800 3279 870 palma
3307 798 3528 854 soldano
3547 816 3719 870 prasen-

2209 895 2326 941 tare
2346 890 2584 944 valeant.
2620 888 2739 945 Sed.
2764 904 3026 960 prospera
3054 889 3276 943 illorum
3305 897 3488 957 postea
3508 929 3523 953 ,
3544 887 3620 943 Dei
3641 909 3719 960 gra-

2208 979 2306 1046 tia,
2336 995 2551 1036 cessere
2573 981 2628 1035 in
2660 981 3023 1036 contrarium.
3053 981 3252 1036 Castra
3294 979 3388 1033 illo
3433 977 3648 1034 funditus
3668 984 3723 1036 di.

2208 1085 2353 1144 ruto,
2383 1076 2612 1146 perﬁnia
2646 1077 2986 1132 devastando
3031 1085 3086 1131 et
3136 1075 3446 1130 truncando
3475 1089 3598 1144 quos
3619 1075 3721 1131 inve-

2209 1168 2389 1235 niunt,
2415 1169 2480 1224 ad
2503 1169 2742 1224 Marram
2773 1185 3095 1241 pervenere,
3137 1183 3306 1239 quam
3338 1176 3496 1223 antea
3536 1168 3724 1224 devasta-

2207 1268 2420 1314 vcrant.
2444 1259 2632 1327 Ibique
2653 1260 2811 1331 quasi
2834 1261 2890 1315 in
2916 1260 3156 1331 propriis
3185 1267 3553 1326 remanentes,
3573 1259 3726 1331 ingenia

2209 1349 2411 1420 quibus
2445 1349 2726 1406 Sardonas
2750 1351 2872 1420 capi
2895 1359 3106 1421 posset,
3122 1350 3370 1406 studiose
3395 1350 3726 1420 prmparahant.

2209 1439 2337 1497 Haac
2361 1450 2415 1497 et
2441 1443 2531 1496 his
2565 1443 2771 1498 similia
2793 1442 3020 1498 domino
3066 1442 3332 1514 Rotgerio
3366 1441 3604 1512 principi,
3649 1445 3728 1498 exi-

2209 1536 2376 1592 stenti
2403 1535 2732 1604 Antiochiet,
2759 1537 2869 1592 cito
2898 1536 3134 1592 revelata
3168 1544 3316 1592 sunt.
3337 1534 3459 1601 Quo
3486 1535 3727 1601 audito,vi-

2209 1628 2298 1683 rili
2318 1629 2547 1685 audacia
2581 1638 2788 1697 motus,
2817 1646 2917 1686 sna
2951 1639 3166 1686 tantum
3185 1630 3484 1685 comitatus
3499 1629 3732 1684 domestica

2211 1721 2683 1791 familia,sceessit
2705 1724 2773 1779 ad
2796 1723 3065 1791 Rubeam,
3088 1724 3461 1793 praecepitque
3486 1720 3589 1776 suis
3605 1724 3732 1776 omni-

2143 1797 2185 1853 Β
2210 1818 2337 1885 bus,
2368 1818 2579 1888 absque
2611 1817 2761 1872 omni
2788 1817 3052 1873 dilatione
3078 1826 3132 1871 et
3157 1819 3362 1871 exonio
3399 1815 3506 1870 illic
3540 1814 3732 1878 tendere;

2211 1910 2498 1965 dominum
2554 1917 2740 1965 autem
2803 1909 3172 1980 patriarcham
3229 1917 3490 1979 precatus
3535 1916 3606 1962 est
3645 1922 3735 1962 cum

2214 2018 2433 2059 summa
2461 2002 2775 2070 devotione,
2803 2002 2901 2056 illo
2922 2001 3230 2072 pervenire,
3281 2009 3343 2055 ut
3384 2015 3487 2055 suo
3524 1999 3670 2054 cilicio
3700 2009 3737 2053 et

2213 2095 2592 2152 benedictione
2612 2095 2794 2167 potiti,
2830 2096 3058 2151 liberius
3082 2104 3138 2150 et
3159 2093 3411 2150 securius
3434 2091 3525 2147 Dei
3547 2092 3737 2146 militiam

2212 2203 2469 2245 exercere
2499 2188 2738 2242 valeant.
2772 2186 2959 2242 Mense
2986 2187 3154 2256 igitur
3183 2184 3546 2256 Septembrio,
3571 2183 3644 2238 die
3665 2183 3742 2237 Do-

2215 2279 2452 2346 minica,
2483 2287 2610 2333 ante
2658 2277 2804 2333 diem
2857 2276 3172 2332 festivitatis
3206 2275 3568 2330 Exaltationis
3589 2285 3744 2330 sancte

2213 2371 2416 2440 erucis,
2446 2369 2846 2438 Antiocbcnus,
2878 2370 3002 2425 loco
3033 2368 3314 2439 assignato
3344 2365 3645 2421 Philacabas
3667 2381 3740 2435 pa-

2214 2465 2457 2520 triarcha
2486 2463 2722 2520 festinus
2750 2463 2925 2519 adest.
2956 2461 3222 2518 Distincte
3248 2470 3304 2517 et
3326 2469 3510 2530 aperte
3534 2458 3632 2516 Deo
3660 2474 3746 2511 uno

2215 2558 2301 2629 gis
2326 2557 2524 2628 placita
2547 2571 2714 2627 quam
2743 2555 3064 2610 hominibus
3105 2555 3330 2610 loeutus
3377 2561 3481 2608 est.
3527 2550 3750 2620 Quidquid

2214 2653 2362 2706 enim
2387 2650 2843 2722 reprehensibile,
2869 2658 2924 2704 et
2943 2647 3211 2719 quidquid
3236 2645 3353 2702 Deo
3383 2643 3689 2702 contrarium
3711 2644 3750 2695 in

2216 2743 2298 2799 eis
2320 2751 2576 2810 noverat,
2611 2741 2684 2796 ibi
2707 2741 2926 2813 quidem
2964 2755 3074 2795 non
3111 2740 3306 2806 tacuit,
3338 2738 3458 2804 sed,
3493 2735 3755 2792 sicntdeut

2216 2842 2453 2905 patrem,
2480 2832 2783 2904 arguendo,
2800 2831 3163 2897 obsecrando,
3191 2828 3543 2900 increpando,
3567 2843 3670 2898 qua:
3691 2826 3755 2878 vi-

2218 2925 2383 2981 tanda
2416 2932 2548 2981 sunt
2574 2933 2627 2979 et
2652 2939 2776 2994 quae
2815 2922 3074 2978 sectanda
3123 2921 3273 2992 ipsos
3323 2919 3561 2976 edocuit.
3603 2917 3698 2988 Deo
3720 2924 3764 2970 et

2218 3016 2445 3072 domino
2493 3014 2823 3084 patriarcha:
2854 3029 2954 3069 sua
2977 3020 3205 3084 peccata
3244 3011 3406 3067 fateri
3450 3025 3559 3066 non
3581 3009 3760 3065 erubes-

2220 3116 2370 3164 cunt.
2405 3106 2827 3178 lnjunctumque
2847 3114 2931 3162 est
2952 3106 3294 3177 unicuiquea
3320 3104 3548 3160 domino
3570 3101 3766 3173 patriar-

2217 3199 2321 3253 cha
2347 3196 2467 3252 vice
2499 3211 2642 3252 verte
2663 3197 3036 3266 pmnitentim,
3061 3211 3164 3267 pro
3189 3211 3354 3266 posse
3375 3195 3655 3266 cujusque,
3666 3206 3763 3248 cum

2219 3289 2316 3353 Dei
2375 3289 2580 3344 auxilio
2619 3291 2838 3360 plenam
2878 3290 3150 3362 justitiam
3179 3297 3389 3355 tenere,
3415 3289 3538 3355 tali,
3559 3288 3769 3358 inquam,

2218 3385 2385 3441 modo
2413 3384 2589 3456 utqui
2614 3385 2668 3440 in
2702 3384 2797 3440 illo
2832 3383 3097 3440 eminenti
3126 3384 3272 3439 bello
3318 3383 3532 3438 mortui
3579 3381 3768 3442 fuerint,

2219 3493 2319 3534 sua
2349 3477 2718 3545 absolutione,
2750 3475 2966 3532 Domini
2995 3491 3216 3547 quoque
3245 3474 3656 3547 propitiatione,
3685 3469 3771 3525 sal-

2216 3578 2449 3638 ventur;
2479 3578 2534 3626 et
2553 3569 2649 3640 qui
2672 3569 2954 3635 redierint,
2990 3568 3045 3622 in
3071 3568 3326 3639 proximo
3361 3567 3508 3636 festo
3554 3564 3771 3621 Omnium

2220 3659 2573 3728 Sanctorum,
2598 3669 2805 3716 statuto
2823 3660 3065 3716 concilio
3087 3675 3278 3716 omnes
3304 3659 3657 3723 conveniant,
3680 3671 3778 3711 con-

2216 3753 2342 3808 cilio
2361 3753 2667 3809 Antiochia:
2691 3751 2951 3808 Ecclesiae
2975 3753 3118 3808 inter
3141 3769 3220 3820 se,
3245 3761 3363 3807 tam
3390 3753 3450 3807 in
3481 3753 3649 3807 rebus
3673 3764 3778 3818 pos-

2217 3842 2387 3898 sessis
2410 3859 2578 3913 quam
2628 3851 2682 3898 et
2729 3843 2874 3909 aliis,
2898 3842 3115 3912 plenam
3144 3842 3424 3913 justitiam
3457 3840 3677 3905 facturi,
3697 3839 3778 3893 hoc

2215 3942 2400 3990 tamen
2441 3935 2824 4004 supplemento
2846 3934 2996 4004 quod
3034 3934 3080 3990 si
3125 3935 3341 4005 plenam
3367 3975 3382 4001 ,
3415 3951 3522 4005 per
3556 3933 3778 4004 ignoran-

2215 4026 2350 4082 tiam
2380 4027 2466 4082 vel
2496 4026 2900 4097 impotentiam,
2925 4026 3228 4098 adimplere
3263 4027 3656 4097 nequiverint,
3680 4021 3780 4076 illo-

2216 4133 2340 4172 rum
2365 4117 2600 4173 consilio
2621 4126 2675 4173 et
2695 4117 2904 4188 judicio
2942 4117 3040 4188 qui
3087 4116 3396 4173 secundum
3425 4116 3693 4188 justitiam
3714 4127 3784 4164 ra-

2213 4209 2468 4281 paciores
2496 4208 2745 4265 veritatis
2775 4208 3004 4276 iuerint,
3031 4209 3388 4280 acquiescere
3421 4223 3544 4263 non
3564 4209 3782 4260 renuant.

2217 4301 2312 4356 Sic
2335 4311 2571 4357 tractum
2595 4308 2651 4357 et
2689 4301 3021 4372 injunctum,
3047 4302 3115 4358 ab
3149 4301 3419 4358 omnibus
3489 4307 3786 4356 concessum

2213 4402 2320 4460 est,
2357 4402 2414 4448 et
2467 4392 2786 4464 singulatim
2821 4392 3031 4465 junctis
3077 4393 3339 4448 manibus
3370 4393 3636 4448 omnium
3677 4387 3788 4440 inter

520 4482 614 4538 illa
638 4499 762 4554 quae
788 4484 965 4556 magis
995 4483 1253 4554 sperabat
1279 4483 1424 4539 bello
1457 4482 1743 4578 acquirere
1764 4498 1930 4554 quam
1960 4484 2108 4540 domi
2145 4523 2187 4578 Β
2213 4501 2413 4542 manus
2438 4485 2800 4556 patriarcha,
2847 4485 2961 4541 Deo
2995 4493 3051 4542 et
3091 4486 3270 4541 eidem
3321 4483 3442 4540 ﬁde
3483 4481 3790 4578 promissum

523 4575 628 4631 sibi
659 4576 953 4648 reliquisse
979 4619 994 4644 ,
1027 4585 1253 4659 repente
1290 4574 1553 4645 subsequi
1582 4573 1790 4632 bonum
1824 4591 1946 4632 esse
1975 4592 2109 4632 con-
2145 4567 2184 4578 ν
2213 4587 2300 4634 est
2321 4594 2418 4649 per
2443 4578 2720 4636 induciam
2747 4589 2801 4634 et
2842 4578 3105 4635 Ecclesiae
3135 4577 3603 4649 prapitiationem
3630 4591 3648 4628 :
3673 4567 3790 4643 quod

518 4667 724 4724 ﬁrmat.
752 4667 890 4724 Pars
931 4663 1091 4738 cujus
1130 4654 1378 4722 animum
1404 4680 1493 4721 res
1520 4680 1779 4736 possessa
1818 4665 2108 4723 dulcedine

515 4761 848 4827 revocabat,
882 4775 1010 4817 cum
1071 4759 1248 4814 hostis
1297 4757 1374 4813 sit
1411 4757 1671 4827 copiosus
1721 4759 1902 4829 sitque
1953 4759 2107 4815 valde

515 4852 694 4921 fortis,
731 4837 1184 4924 unumquemque
1207 4850 1274 4906 ad
1305 4849 1527 4921 propria
1557 4851 1777 4918 reverti,
1805 4866 1972 4907 causa
2004 4867 2103 4908 sua

475 4957 482 4964 ‘
518 4947 733 5006 tutandi
756 4945 1080 5016 municipia,
1103 4943 1295 4999 utilius
1329 4957 1452 4999 esse
1488 4942 1721 5013 judicat.
1768 4942 1886 5000 Rex
1917 4945 2105 5016 itaque

519 5035 858 5096 Hierusalem
883 5053 1009 5094 cum
1039 5037 1154 5093 suis
1177 5034 1532 5114 Tripolitanis
1556 5034 1845 5107 Tripolim,
1901 5036 2108 5092 Dama;

513 5144 714 5195 scenus
761 5127 1127 5195 Damascum,
1175 5125 1431 5197 princeps
1471 5126 1863 5183 Antiochenus
1907 5127 2107 5183 Antio-

513 5219 696 5284 chiam
752 5232 1005 5274 reversus
1055 5225 1158 5274 est.
1187 5214 1298 5272 Nec
1323 5215 1392 5271 ‘id
1431 5215 1547 5272 ﬁeri
1583 5217 1823 5273 istorum
1857 5215 2105 5288 potentia

510 5310 892 5381 intelligimus,
925 5311 1020 5367 sed
1049 5310 1197 5367 illius
1225 5309 1415 5382 procul
1453 5309 1626 5367 dubio
1651 5310 1750 5382 qui
1777 5312 2103 5367 societatem

517 5399 690 5456 Belial
714 5417 746 5456 a
774 5402 978 5458 nostris
1001 5404 1245 5473 separari
1270 5404 1471 5459 voluit.
1713 5397 1715 5400 ⁴

2215 4671 2261 4726 si
2284 4670 2426 4728 forte
2473 4671 2837 4739 oberraverit,
2870 4687 2968 4742 per
2993 4670 3450 4727 emendationem
3503 4678 3562 4726 et
3607 4662 3792 4724 satisfa-

2213 4761 2452 4816 ctionem
2474 4759 2734 4817 Ecclesiae
2759 4776 2854 4818 eos
2875 4762 3075 4817 salvari
3098 4777 3280 4833 posse.

2284 4854 2380 4912 llis
2405 4854 2662 4926 peractis,
2697 4855 3028 4911 venerabilis
3045 4856 3360 4926 patriarcha
3395 4860 3702 4915 missarum
3722 4872 3794 4912 ee-

2212 4949 2432 5004 lebrans
2477 4947 2764 5015 solemnia,
2793 4948 3082 5018 prazmissa
3114 4949 3318 5020 populo
3357 4951 3482 5007 sibi
3530 4950 3795 5008 commisso

2215 5050 2566 5111 peccatorum
2599 5041 2982 5107 absolutione,
3013 5055 3208 5098 omnes
3235 5043 3622 5112 patriarchali
3661 5043 3796 5098 bene-

2212 5132 2453 5189 dictione
2497 5132 2821 5200 conﬂrmat,
2877 5140 2932 5187 et
2976 5132 3124 5202 ipsos
3179 5132 3476 5204 spirituali
3533 5130 3794 5206 diligentia

2210 5223 2453 5294 episcopi
2505 5221 2771 5290 Gibbelli,
2809 5222 2878 5277 ad
2922 5221 3125 5277 bellum
3174 5223 3344 5278 simul
3373 5225 3688 5296 pergentis,
3712 5222 3792 5275 bu-

2211 5315 2440 5372 millime
2483 5314 2869 5382 commendat,
2918 5330 2984 5370 ac
3029 5314 3286 5370 salutatis
3318 5317 3609 5372 omnibus
3630 5313 3784 5370 Antio

2208 5407 2391 5464 cbiam
2427 5405 2675 5476 repedat,
2695 5405 2914 5461 assidue
2937 5404 3174 5462 Domino
3191 5407 3540 5477 supplicans
3565 5418 3619 5464 et
3644 5409 3792 5479 ipsum

583 5489 697 5547 Nec
728 5493 901 5549 multo
929 5483 1054 5565 post
1079 5503 1262 5566 partes
1285 5479 1510 5580 Sisarite
1534 5495 1723 5551 hostes
1748 5497 2100 5570 tyrannidem
2205 5497 2530 5569 deprecans,
2558 5497 2738 5568 utqui
2766 5497 3034 5567 superbos
3063 5497 3325 5553 humiliat
3358 5509 3423 5556 et
3447 5500 3554 5570 qui
3579 5500 3648 5554 ab
3665 5497 3790 5552 initio

511 5584 838 5650 exercendo,
867 5586 1106 5656 quadam
1144 5586 1232 5642 die
1260 5596 1503 5643 castrum
1539 5585 1797 5654 Cafarda,
1829 5601 1945 5658 quo
1984 5588 2099 5659 jam
2205 5589 2347 5646 bella
2373 5591 2637 5657 conterit,
2665 5589 2735 5644 ab
2761 5589 2964 5659 impetu
2989 5588 3178 5659 populi
3202 5589 3294 5644 sui
3315 5600 3598 5647 conterat
3623 5589 3788 5647 adver-

510 5678 776 5735 damnua
797 5681 879 5736 eis
906 5691 1233 5755 contigerat,
1267 5682 1534 5739 invadunt
1563 5682 1929 5740 atrocissime.
1962 5684 2100 5742 Hinc
2204 5681 2384 5738 sarios

508 5767 810 5840 ianthina,
853 5772 1001 5831 illinc
1050 5775 1301 5845 petrariis
1349 5774 1584 5845 aliisque
1639 5775 2096 5834 machinamentis

2279 5773 2540 5845 Sequenti
2569 5783 2750 5830 autem
2788 5773 2898 5841 die,
2924 5773 3191 5844 expositis
3228 5773 3687 5848 circumquaque
3712 5791 3787 5829 (u-
