3816 6306
127 337 245 395 1005

780 326 1110 386 GALTERII
1145 327 1608 386 CANCELLARII
1647 327 1868 383 BELLA
1907 325 2235 385 ANTIOCH.
2275 360 2343 371 —-
2382 326 2566 387 PARS
2594 327 2637 387 Ι.

3211 337 3348 398 £006

121 451 305 516 “odiis,
333 446 536 520 agmina
576 460 677 502 sua
700 446 1038 502 confidenter
1063 445 1318 518 princeps
1342 445 1496 517 jubet
1521 461 1649 516 pro-
1680 445 1726 502 Α
1753 443 1862 500 Deo
1897 443 2208 501 vindicante
2249 461 2361 502 non
2401 445 2684 503 differatur
2714 447 2986 508 interitus.
3025 470 3046 504 ο
3097 453 3348 527 Cumque

118 543 305 608 cedere,
343 539 554 610 illicque
581 538 693 594 cito
721 553 916 609 gressu
965 539 1190 594 tendere
1233 554 1344 610 quo
1384 537 1647 604 Parthos,

115 635 380 690 vicinorum
417 630 778 699 revelatione,
814 630 1045 702 janijam
1076 641 1340 690 venturos
1377 631 1646 688 audierat.

111 729 323 797 Cumque
350 725 517 797 parati
559 724 616 780 in
647 725 836 781 hostes
868 724 1082 782 irruere
1121 727 1402 799 assignato
1446 745 1646 799 appro-

109 821 425 892 pinquassent
472 818 615 886 loco,
677 833 806 874 cum
849 819 972 890 ipso
1021 835 1132 874 non
1171 819 1458 876 inveniunt
1504 837 1646 892 quos

107 913 300 982 perdere
336 911 446 981 jam
497 910 835 982 quaerebant,
885 921 1012 967 ante
1068 910 1222 983 Hapa
1269 912 1641 968 castrametati

104 1002 383 1060 suntllaue
403 1011 585 1059 autem
620 1003 856 1074 expleto,
880 1003 1109 1060 vivificze
1130 1005 1312 1061 crucis
1334 1005 1638 1061 missarum

102 1097 278 1162 eicio,
306 1096 460 1167 cujus
482 1096 834 1152 exaltationis
864 1096 1136 1153 festivitas
1161 1111 1229 1153 eo
1257 1098 1346 1154 die
1375 1097 1639 1170 contigit,

103 1188 378 1245 Wiliermus
399 1189 692 1260 episcopus
713 1188 1063 1258 Gibellensis,
1079 1191 1162 1246 vir
1184 1207 1281 1262 per
1302 1192 1492 1248 omnia
1520 1191 1644 1248 lan-

99 1282 284 1350 dabilis,
313 1283 573 1354 populum
601 1298 633 1338 a
664 1282 772 1339 Deo
800 1284 908 1340 sibi
947 1284 1329 1352 commissum,
1356 1286 1544 1342 verbis
1589 1294 1650 1341 et

98 1376 326 1447 exemplis
352 1375 531 1432 eidem
573 1375 716 1434 festo
740 1380 1170 1450 congruentibus
1199 1379 1484 1448 instruxit,
1518 1395 1644 1434 mo-

97 1473 196 1528 nuit
224 1481 274 1529 et
313 1473 564 1529 armavit.
598 1473 740 1542 Quid
789 1475 970 1531 ultra?
1015 1472 1221 1532 Omnes
1261 1490 1389 1531 cum
1419 1489 1637 1530 summa

95 1564 346 1620 devotione
372 1564 626 1636 ejusdem
667 1566 968 1623 Dominicm
999 1567 1183 1624 crucis
1218 1567 1428 1639 lignum
1460 1582 1648 1624 sacra-

93 1656 355 1724 tissimum,
380 1664 678 1728 antequam
720 1658 823 1713 iter
852 1659 1148 1730 arripiant,
1190 1667 1487 1730 properant
1513 1658 1648 1714 ado-

93 1761 219 1810 rare;
241 1747 392 1818 cujus
421 1747 646 1805 licentia
669 1755 723 1803 et
747 1746 1126 1802 benedictione
1149 1748 1368 1815 muniti,
1399 1748 1648 1819 praemis-

91 1837 155 1892 sis
177 1839 573 1914 exploratorum
610 1832 1082 1910 speculatoribus,
1113 1855 1183 1894 ne
1220 1839 1436 1895 subitus
1471 1839 1646 1896 hostis

92 1931 136 1985 in
173 1946 260 1986 eos
310 1932 517 2000 irruat,
565 1931 817 1988 ordinata
840 1931 960 1987 acie
1000 1931 1221 1988 comitis
1251 1931 1552 1999 Edessani,
1580 1947 1646 1988 ex

89 2022 211 2078 dono
243 2023 572 2095 principum,
599 2023 765 2094 primi
787 2023 930 2080 ictus
961 2024 1020 2079 in
1053 2024 1198 2080 bello
1220 2023 1520 2095 primatum
1547 2023 1650 2080 ob-

91 2115 314 2184 tinentis,
345 2116 745 2188 dispositisque
797 2115 1012 2173 caeteris
1062 2117 1413 2189 agminibus,
1455 2115 1650 2171 ordine

89 2207 195 2263 belli
224 2209 555 2276 necessario,
587 2209 736 2265 viam
779 2209 1070 2280 arripiunt.
1116 2207 1360 2281 Repente
1400 2208 1648 2264 Theode-

94 2300 220 2356 ricus
239 2299 545 2357 Barneville
567 2317 712 2358 unus
731 2316 800 2358 ex
832 2301 1296 2373 speculatoribus,
1311 2300 1544 2358 festinus
1559 2301 1651 2356 ad-

89 2403 175 2459 est,
209 2395 355 2449 vultu
404 2393 576 2449 hilari
616 2394 700 2450 sic
746 2394 966 2451 locutus
1017 2412 1081 2449 τι
1121 2391 1264 2449 Ecce
1303 2393 1451 2464 quod
1493 2409 1647 2465 quaa-

89 2485 350 2554 rebamus,
399 2502 537 2544 ecce
579 2486 728 2558 quod
764 2486 1113 2557 cupivimus,
1155 2485 1340 2542 divina
1387 2494 1650 2556 operante

87 2574 234 2644 gratia
288 2591 302 2628 :
363 2576 459 2632 ubi
534 2559 725 2634 nostra
779 2579 945 2648 figere
1005 2576 1250 2633 tentoria.
1293 2575 1648 2646 disposuera-

87 2681 209 2734 mus,
234 2653 460 2724 in’valle
493 2666 725 2724 Sarmiti
759 2667 908 2724 circa
953 2666 1171 2734 fontes,
1215 2667 1293 2724 ibi
1330 2667 1519 2725 hostes
1549 2685 1649 2725 sua

85 2755 252 2826 partim
274 2757 385 2828 jam
433 2758 568 2824 fixa,
601 2759 800 2830 partim
829 2758 1012 2814 adhuc
1043 2757 1258 2830 figenda
1286 2759 1578 2830 explicant.
1624 2781 1643 2814 ι

84 2848 150 2902 Ad
187 2849 293 2906 hac
330 2850 634 2921 princeps:
669 2871 688 2904 ι
713 2849 771 2906 In
814 2851 912 2907 Dei
943 2851 1189 2920 nomine,
1215 2851 1286 2907 ad
1327 2868 1503 2921 arma,
1542 2853 1649 2909 mi-

83 2939 211 2998 lites!
245 2961 264 2994 ι
306 2944 398 3001 Sic
438 2943 614 3010 fatus,
646 2944 790 3000 virili
820 2943 994 3002 fretus
1040 2945 1296 3014 audacia,
1329 2945 1398 3003 de
1437 2946 1556 3002 acie
1581 2947 1652 3004 ad

83 3034 225 3090 aciem
254 3037 412 3093 celeri
434 3045 633 3094 vectus
655 3053 802 3109 equo
827 3038 1132 3108 cursitans,
1164 3055 1359 3096 omnes
1392 3040 1653 3097 admonet

1754 549 2042 611 pergerent
2063 539 2331 598 ordinatis
2357 542 2582 598 aciebus
2605 543 3206 616 princepsgeueraliter
3225 565 3350 606 om-

1753 631 1919 688 nibus
1955 633 2222 703 przecipit,
2271 641 2332 688 ut
2373 634 2510 689 nulli
2537 635 2835 706 cupiditate
2861 636 3177 695 divitiarum
3212 643 3348 698 moti

1753 723 1822 779 ad
1852 724 2175 794 rapiendum
2192 740 2252 780 se
2278 725 2562 794 inclinent,
2588 727 2704 795 sed,
2721 728 2864 784 sicut
2883 728 3041 786 decet
3059 731 3344 802 bellantes,

1753 832 1910 872 suam
1938 819 2273 888 protegendo
2301 819 2555 886 salutem,
2589 821 2828 878 hostium
2858 822 3105 880 nitantur
3123 827 3350 896 perdere

1752 907 2044 964 feritatem.
2074 909 2281 966 Praesul
2301 927 2433 984 ergo
2457 923 2813 981 memoratus,
2841 915 2969 972 huic
2998 917 3206 973 salubri
3231 934 3354 976 sen-

1752 1000 1936 1056 tentias
1961 1001 2281 1059 resistentes
2320 1005 2597 1075 corporali
2643 1007 2885 1063 vindicta
2927 1009 3124 1067 merito
3150 1010 3351 1068 debere

1751 1093 1934 1164 puniri
1955 1094 2236 1164 praedicat,
2266 1104 2319 1151 et
2355 1097 2502 1167 quod
2527 1097 2926 1156 intolerabilius
2955 1110 3061 1169 est,
3083 1111 3352 1174 perpetuo

1752 1186 2100 1242 anathemate
2125 1185 2402 1244 feriendos
2431 1190 2740 1247 confirmat.
2771 1189 2866 1248 Sic
2898 1191 3098 1262 factus,
3125 1211 3340 1251 unum-

1751 1293 2029 1350 quemque
2057 1279 2127 1336 ad
2161 1288 2439 1338 certamen
2469 1283 2708 1356 accingit
2735 1285 3062 1344 animosius.

2383 1372 2614 1430 CAPUT
2656 1374 2723 1432 V.

1825 1461 2046 1519 Interim
2077 1473 2268 1520 contra
2298 1481 2453 1521 arma
2480 1476 2814 1537 nostrorum,
2839 1470 2975 1528 solis
2997 1471 3242 1529 vibrante
3265 1473 3351 1530 lu-

1751 1556 1920 1622 mine,
1944 1555 2275 1612 Parthorum
2306 1557 2516 1614 lumina
2539 1559 2936 1630 obtunduntur,
2959 1565 3350 1622 aestimantium

1750 1657 1806 1703 et
1837 1648 2140 1704 dicentium
2181 1648 2259 1705 ibi
2287 1665 2402 1706 non
2434 1666 2556 1707 esse
2595 1652 2920 1724 principem,
2953 1656 3049 1712 sed
3078 1657 3348 1716 tuentium

1752 1742 2058 1798 march-iam
2080 1759 2480 1816 gyrovagorum
2503 1745 2737 1816 plebem.
2766 1744 2944 1804 Burso
2971 1747 3176 1821 itaque,
3200 1751 3351 1821 ipsos
3394 1777 3407 1790 κ

1751 1848 1783 1888 a
1812 1839 1966 1906 tergo
1993 1833 2214 1890 retortis
2248 1833 2528 1902 manibus,
2562 1834 2632 1889 ad
2659 1852 2721 1892 se
2754 1835 2982 1894 funibus
3016 1840 3213 1896 adduci
3241 1842 3350 1898 im-

1750 1933 1924 1995 perat.
1955 1923 2067 1982 Nec
2097 1941 2275 1996 mora,
2307 1926 2502 1982 vexilla
2543 1927 2809 2001 principis
2855 1931 3172 2001 prodeunt;
3205 1950 3348 2003 quae,

1753 2013 1863 2072 Deo
1905 2025 2138 2085 rectore,
2171 2017 2254 2073 sic
2281 2031 2314 2072 a
2341 2015 2563 2073 Parthis
2594 2019 2848 2076 videntur
2890 2021 3137 2091 dilatata,
3175 2033 3233 2080 ut
3256 2023 3352 2081 de-

1749 2106 1948 2164 albatis
1978 2107 2248 2165 militibus
2274 2117 2328 2164 et
2370 2107 2608 2176 vexillis,
2635 2109 2823 2181 ipsam
2859 2121 3063 2170 terram
3112 2114 3352 2171 circum-

1749 2215 1969 2270 quaque
1989 2200 2101 2273 tegi
2125 2200 2478 2258 crediderint.
2509 2201 2687 2260 Burso
2711 2211 2894 2262 tamen
2917 2205 3133 2277 suique,
3157 2223 3350 2264 omnes

1749 2293 1957 2350 erroris
2001 2295 2179 2351 scarie
2207 2294 2425 2362 imbuti,
2458 2311 2585 2351 cum
2627 2295 2800 2353 fratre
2853 2313 2956 2354 suo
2981 2306 3038 2355 et
3073 2299 3124 2354 vi
3177 2300 3348 2358 nimia

1749 2395 2141 2458 pugnatorum,
2173 2397 2236 2444 ut
2281 2388 2358 2445 ibi
2405 2389 2581 2445 nostri
2614 2389 2896 2460 resistant,
2939 2401 3204 2462 montem,
3249 2408 3352 2450 no-

1752 2493 1900 2534 mine
1925 2477 2118 2546 Daniz,
2135 2479 2432 2536 ascendere
2457 2493 2568 2535 non
2591 2481 2870 2541 differunt.
2909 2482 2972 2540 lu
3001 2485 3160 2556 cujus
3183 2501 3348 2542 cacu-

1751 2569 1900 2626 mine
1933 2570 2228 2628 eminentis
2259 2572 2528 2630 mathesis
2554 2573 2824 2630 falsorum
2869 2575 3102 2632 deorum
3145 2578 3349 2634 auxilia

1751 2661 1858 2718 sibi
1905 2663 2100 2720 adesse
2143 2663 2396 2720 invitant.
2451 2663 2698 2722 Tandem
2729 2666 2913 2738 ipsum
2963 2677 3208 2724 montem
3238 2686 3347 2726 non

1752 2752 1933 2808 solum
1977 2767 2038 2810 se
2093 2753 2248 2825 ipsis,
2279 2770 2468 2812 verum
2500 2756 2666 2813 etiam
2711 2757 3026 2815 divitiarum
3083 2761 3350 2832 multipli-

1751 2845 1916 2903 citate
1940 2846 2044 2904 visi
2092 2857 2223 2905 sunt
2257 2863 2516 2906 onerasse
2547 2892 2562 2918 ,
2599 2849 2902 2910 Tumbaret
2925 2853 3068 2909 ultra
3107 2863 3349 2911 montem

1751 2955 1880 2995 cum
1923 2955 2025 2996 sua
2064 2941 2184 2998 acie
2222 2942 2528 2998 latitantem
2570 2945 2846 3016 praesidio.
2883 2944 3080 3013 Caeteri
3119 2963 3270 3013 vero,
3293 2948 3350 3004 in

1751 3031 2005 3090 tentoriis
2032 3042 2088 3089 et
2110 3042 2265 3090 extra
2293 3035 2643 3106 praesentiam
2672 3036 2986 3094 divitiarum
3015 3039 3190 3110 capti,
3235 3039 3352 3095 suis

83 3126 250 3185 debere
269 3129 379 3201 jam
411 3131 617 3199 laetari,
649 3146 774 3187 cum
812 3142 1090 3189 certamen
1128 3133 1202 3190 sit
1224 3143 1501 3204 paratum,
1537 3151 1650 3206 quo
1675 3155 1722 3220 ο
1753 3121 1996 3220 filiifilii”,
2028 3124 2269 3220 maxime
2315 3133 2501 3182 autem
2547 3127 2860 3199 Ρτίηείρυω
2891 3144 3119 3186 suorum
3156 3131 3349 3190 εοηθεί

81 3224 291 3278 exerceri
309 3225 506 3281 deccat
535 3225 726 3281 militis
755 3224 1014 3282 ofﬁcium.
1044 3225 1280 3298 Imperat
1307 3229 1475 3301 igitur
1495 3245 1648 3285 arma

1825 3217 1984 3285 ribus,
2009 3217 2242 3288 superbe
2269 3219 2688 3290 praestolamur;
2719 3221 2868 3293 quod
2901 3238 3004 3280 nec
3031 3225 3352 3295 pmnitentia

82 3311 302 3384 bajulari,
337 3333 439 3374 nec
461 3317 702 3374 ulterius
747 3317 968 3376 differre
1009 3320 1236 3390 paratis.
1271 3319 1420 3377 Illico
1451 3322 1652 3392 prmsul

82 3417 407 3476 memoratus,
445 3409 508 3464 in
541 3410 737 3480 spiritu
774 3411 1102 3467 humilitatis
1132 3426 1352 3472 crucem
1380 3411 1650 3470 Dominici

80 3494 190 3567 ligni
214 3501 879 3574 venerabilibusgestans
927 3502 1202 3571 manibus,
1241 3512 1414 3560 totum
1453 3505 1654 3562 circuit

79 3593 366 3672 exercitum,
395 3609 572 3666 quam
600 3595 731 3650 dum
763 3603 1003 3652 ostentat
1026 3597 1535 3665 omnibus,'asserit
1555 3614 1652 3655 eos

77 3679 124 3736 in
149 3685 382 3752 proximo
410 3702 517 3756 per
549 3686 805 3742 virtutem
829 3687 1073 3758 ejusdem
1103 3690 1389 3746 victoriam
1425 3693 1653 3762 adeptu-

75 3784 170 3835 ros,
200 3773 240 3829 si
267 3784 527 3847 prompto
550 3784 770 3846 pectore
803 3777 858 3832 in
883 3778 1071 3836 hostes
1102 3780 1338 3850 irritant,
1366 3791 1422 3838 et
1458 3783 1512 3838 in
1539 3783 1650 3840 Do-

77 3861 206 3918 mino
229 3863 353 3922 Jesu
391 3867 686 3924 credentes
733 3870 1084 3927 certaverint.
1137 3871 1412 3930 Continuo
1461 3890 1653 3932 omnes

75 3957 216 4012 corde
257 3968 310 4014 et
343 3975 442 4016 ore
477 3959 643 4014 simul
675 3961 1079 4030 proclamantes
1118 3983 1132 4018 :
1170 3983 1189 4016 ι
1231 3963 1432 4022 Sancte
1467 3966 1648 4035 Deus,

53 4016 238 4107 'sancte
262 4050 443 4120 fortis,
473 4062 666 4110 sancte
690 4062 747 4109 et
770 4055 1400 4128 immortalis,jmisererc
1413 4061 1594 4129 nobis,
1626 4081 1645 4112 ι

75 4151 143 4196 ter
170 4143 315 4203 flexis
343 4148 585 4219 genibus
628 4163 819 4203 coram
863 4149 1014 4220 ligno
1062 4149 1349 4208 Dominico
1395 4169 1652 4225 procum-

73 4231 209 4302 bunt,
235 4247 288 4293 et
315 4239 439 4310 ipso
476 4239 924 4298 reverentissime
941 4243 1192 4299 osculato
1211 4244 1390 4301 eidem
1414 4261 1473 4302 se
1501 4261 1653 4303 com-

73 4328 326 4387 meudant.
380 4331 500 4388 Hac
548 4333 924 4391 consolatione
958 4335 1178 4404 muniti,
1221 4337 1328 4392 hoc
1372 4337 1529 4409 signo
1571 4339 1649 4396 si-

75 4421 223 4488 gnati,
252 4422 454 4480 iterum
492 4432 658 4495 atque
694 4425 895 4482 iterum
936 4427 1113 4497 ipsam
1148 4443 1370 4484 crucem
1400 4430 1650 4485 salutan-

1747 3306 1992 3378 juvatur,
2026 3309 2156 3381 quia
2185 3325 2346 3379 sera;
2382 3326 2485 3367 nec
2507 3327 2737 3368 suorum
2767 3315 3111 3384 protectione
3140 3316 3348 3371 releva-

1753 3407 1862 3467 tur,
1909 3401 2039 3472 quia
2079 3401 2310 3473 perdita.
2363 3402 2535 3460 Adest
2575 3420 2816 3476 namque
2855 3404 3148 3478 Rotgerius
3185 3407 3352 3463 Chri-

1753 3491 1947 3548 stianae
1993 3491 2204 3549 militiae
2252 3493 2510 3564 princeps
2552 3494 3018 3566 elegantissimus,
3069 3511 3197 3552 cum
3249 3513 3350 3553 sua

1753 3584 1871 3640 acie
1901 3584 2152 3642 hostibus
2199 3584 2566 3654 ferocissima,
2596 3589 3212 3658 personantibus‘tubis
3254 3605 3352 3661 per

1753 3677 1932 3732 media
1983 3686 2185 3745 castra,
2213 3686 2403 3747 captos
2451 3692 2585 3734 suos
2630 3678 2916 3736 liberando
2944 3687 3000 3734 et
3029 3679 3219 3736 hostes
3246 3681 3350 3736 ob-

1752 3765 2100 3834 truncando,
2156 3767 2379 3823 divitias
2429 3767 2591 3845 quasi
2643 3767 2836 3824 fimum
2884 3769 3232 3840 reputando,
3279 3771 3352 3826 ad

1754 3866 2018 3925 montem,
2043 3873 2158 3929 quo
2200 3859 2521 3922 standarum
2565 3867 2622 3915 et
2655 3858 3096 3930 roburjpsorum
3128 3860 3353 3931 conglo-

1754 3960 2026 4006 meratum
2058 3951 2258 4018 fuerat,
2286 3952 2390 4007 iter
2413 3953 2620 4026 dirigit.
2645 3955 2844 4012 Comes
2863 3969 2994 4016 vero
3014 3954 3350 4022 Edessanus,

1753 4045 2043 4116 Guidoque
2083 4044 2407 4116 Capreolus,
2456 4048 2526 4104 ad
2573 4049 2785 4120 primos
2835 4049 2979 4108 ictus
3025 4049 3284 4117 ordinati,
3318 4066 3351 4105 a

1754 4139 1994 4196 sinistris
2023 4139 2395 4196 antecedendo
2416 4182 2430 4208 ,
2483 4149 2744 4198 asserunt
2789 4157 2870 4211 se,
2919 4142 3155 4200 alterum
3201 4151 3350 4200 recta

1754 4229 1933 4288 fronte
1958 4246 2126 4303 super
2155 4242 2399 4290 montem
2425 4275 2442 4302 ,
2495 4234 2729 4302 alterum
2773 4251 2841 4291 ex
2891 4236 3115 4308 obliquo
3165 4238 3353 4294 hostes

1753 4329 2036 4400 impetere.
2073 4326 2254 4385 Burso
2305 4339 2490 4386 autem
2523 4330 2693 4386 divini
2741 4333 2969 4387 terroris
3003 4332 3194 4403 ‘jaculo
3223 4349 3354 4388 sau-

1753 4423 1954 4491 ciatus,
1983 4439 2112 4480 cum
2142 4423 2312 4479 fratre
2339 4439 2442 4479 suo
2478 4432 2532 4479 et
2578 4421 2966 4492 familiaribus,
2994 4426 3154 4496 quasi
3177 4425 3354 4481 bella-

72 4518 160 4578 tes,
175 4515 415 4573 celeriter
447 4532 622 4588 equos
645 4518 972 4575 ascendunt.
1005 4518 1268 4590 Princeps
1295 4535 1448 4588 vero,
1481 4521 1650 4577 intre-
1679 4513 1728 4572 D
1756 4525 1913 4573 turus
1959 4517 2298 4574 descendens
2322 4557 2338 4582 ,
2404 4516 2638 4582 viriliter
2695 4517 2954 4574 resistere
2997 4517 3354 4588 montemque

72 4601 238 4667 pidum
266 4621 468 4677 gerens
510 4607 781 4677 animum,
822 4624 992 4666 manu
1023 4611 1236 4667 caeteris
1281 4611 1561 4668 silentium
1593 4614 1650 4668 in

70 4690 298 4762 dicendo,
347 4698 434 4754 sic
482 4697 724 4769 loquitur
772 4700 889 4770 ipse
933 4718 947 4756 :
993 4719 1011 4752 ι
1042 4699 1172 4755 Eia!
1225 4699 1423 4757 fratres
1461 4703 1568 4758 mei
1599 4711 1654 4758 et

71 4789 478 4859 commilitones,
491 4800 658 4864 tuque
669 4809 867 4852 manus
889 4795 1176 4866 pedestris,
1190 4795 1516 4853 accedamus
1535 4797 1648 4869 jam

71 4881 294 4951 propius.
339 4884 673 4942 Mementote
701 4896 906 4958 quanta
941 4889 1122 4957 laude,
1175 4898 1378 4960 quanta
1423 4905 1651 4946 venera-

74 4969 237 5040 tione,
293 4987 502 5047 quanta
550 4979 714 5034 etiam
773 4979 1078 5036 litterarum
1131 4981 1652 5037 commemoratione

74 5075 178 5120 acta
224 5071 524 5139 proborum
585 5072 829 5128 virorum
885 5082 1002 5129 toto
1049 5074 1256 5128 mundo
1305 5074 1651 5128 ascribantur

73 5161 352 5216 memoriae.
402 5161 543 5218 Ecce
573 5172 788 5234 tempus
817 5165 971 5221 adest
995 5181 1106 5236 quo
1134 5166 1292 5238 vigor
1318 5175 1374 5222 et
1403 5166 1652 5240 probitas

71 5259 244 5306 nostra
276 5254 478 5326 vigeat,
527 5271 639 5327 quo
670 5271 868 5312 nomen
911 5267 1164 5314 nostrum
1209 5257 1528 5314 victorabilc
1559 5274 1652 5314 su-

73 5354 160 5408 per
191 5345 476 5413 barbaros,
525 5349 675 5405 orbis
723 5365 820 5422 per
865 5351 1084 5408 climata
1122 5351 1327 5408 clarius
1355 5352 1648 5408 elucescat.

74 5434 330 5496 Attendite
358 5442 526 5496 etiam
553 5443 682 5513 quia
715 5443 954 5516 legitime
983 5445 1320 5501 certantibus
1350 5461 1380 5500 a
1416 5444 1652 5501 Domino

76 5541 258 5586 corona
277 5533 394 5602 jam
424 5536 778 5603 promittitur.
829 5535 1178 5593 Festinemus
1205 5537 1372 5608 igitur
1411 5536 1470 5590 in
1500 5537 1652 5607 ipsos

77 5619 292 5693 ingredi,
321 5637 378 5681 et
408 5627 602 5700 fractis,
618 5629 845 5698 lanceis,
875 5631 1208 5701 quantocius
1237 5631 1460 5687 nudatis
1499 5632 1650 5687 ensi-

77 5711 174 5770 bus
202 5718 348 5775 circa
376 5729 619 5792 tempora
661 5724 994 5781 accedamus
1042 5724 1297 5790 vicinius,
1344 5733 1406 5780 ut
1443 5724 1652 5781 crebris

64 5809 269 5878 nostris
325 5812 524 5872 ictibus
569 5817 791 5874 illorum
839 5819 1094 5890 superbia
1147 5827 1550 5889 prosternatur,
1599 5826 1652 5874 et

1757 4609 1898 4668 tueri
1945 4610 2213 4681 praecipit,
2265 4609 2533 4680 seipsum,
2583 4625 2708 4665 cum
2739 4610 2941 4680 quibus
2983 4607 3180 4680 potuit,
3223 4609 3350 4680 fuga

1756 4701 2037 4758 deliberat.
2070 4701 2315 4770 Interim,
2347 4701 2474 4758 hinc
2499 4716 2707 4770 comes,
2737 4701 2862 4758 inde
2890 4700 3068 4756 Guido
3090 4701 3146 4756 in
3171 4701 3353 4772 primo

1756 4798 1961 4868 impetu
2010 4797 2198 4853 fractis
2228 4797 2457 4865 lanceis,
2501 4797 2744 4854 astrictis
2773 4795 3133 4853 mucronibus
3164 4797 3353 4852 hostes

1753 4890 2086 4961 percutiunt.
2119 4887 2275 4946 Unde
2297 4890 2527 4957 clamor,
2557 4889 2758 4958 luctus,
2787 4897 2841 4944 et
2862 4903 3142 4946 armorum
3168 4887 3354 4960 fragor

1755 4973 2044 5054 utriusque
2072 4983 2247 5054 partis
2268 4981 2588 5038 bellantium
2619 4996 2782 5036 aures
2815 4981 2897 5036 sic
2921 4979 3143 5037 obturat
3168 4989 3227 5037 ut
3250 4995 3350 5037 nec

1754 5075 1967 5131 amicus
2011 5075 2274 5143 amicum,
2307 5089 2408 5130 nec
2460 5072 2630 5129 frater
2663 5071 2890 5128 fratrem
2921 5073 3206 5144 intelligat.
3239 5071 3350 5129 No-

1735 5161 1953 5224 strates
1997 5177 2180 5224 autem
2233 5182 2345 5222 non
2397 5161 2734 5222 clamuribus
2785 5167 2980 5236 territi,
3017 5183 3116 5226 nec
3163 5168 3354 5226 labore

1753 5259 1974 5327 devicti,
2005 5258 2125 5328 pari
2149 5257 2378 5314 audaCia
2405 5257 2552 5314 vires
2575 5259 2926 5328 resumendo,
2958 5261 3145 5318 hostes
3169 5261 3348 5316 elimi-

1753 5365 1908 5423 nant,
1934 5356 2239 5412 eviscerant
2266 5365 2321 5411 et
2348 5356 2699 5412 obtruncant.
2732 5356 2854 5425 Quo
2888 5358 3026 5426 viso,
3051 5357 3354 5414 Tumbaret

1752 5465 1820 5506 ex
1865 5449 2090 5520 obliquo
2131 5448 2516 5505 sinistrorsum
2564 5450 2856 5530 prosiliens
2883 5451 3191 5530 splendenti
3233 5451 3352 5507 acie

1755 5548 2124 5597 trecentorum
2176 5541 2412 5597 militum
2442 5542 2758 5612 comitatus,
2790 5553 2916 5614 post
2943 5543 3116 5599 aciem
3146 5544 3350 5622 princi-

1753 5635 1840 5705 pis
1868 5633 2209 5700 cursitando,
2237 5650 2363 5690 cum
2397 5635 2575 5707 ipsam
2623 5651 2724 5690 nec
2753 5621 3035 5706 impetere
3067 5621 3360 5716 gaudeant,

1757 5742 1858 5783 nec
1900 5721 2110 5783 crebris
2148 5727 2348 5782 ictibus
2377 5727 2698 5799 sagittarum
2748 5715 2822 5781 ab
2863 5713 3110 5796 incoepta
3154 5713 3348 5810 gressu

1755 5817 2035 5889 dimovere
2063 5828 2316 5892 possunt,
2335 5818 2680 5891 Turcupulos
2695 5825 2886 5874 contra
2916 5816 3064 5888 ipsos
3082 5817 3346 5887 sagittané
