3850 6310
503 318 644 374 1007

1101 314 1192 369 AD
1227 312 1678 371 CODEFRIDUM
1717 311 2006 368 APPEND.
2048 310 2111 367 II.
2154 343 2222 352 —-
2263 308 2531 367 MONUM.
2576 307 2663 364 DE
2697 310 2918 367 BELLO
2959 313 3208 370 SACRO.

3601 320 3700 378 ibis

499 443 602 501 tes,
637 430 762 504 plus
787 429 910 486 citis
951 430 1234 501 gressibus
1279 430 1420 486 intra
1469 438 1740 486 nostrates
1787 427 1958 499 mergi
2005 426 2085 482 fa—
2115 435 2158 490 Α
2188 427 2520 481 numerum?
2545 426 2685 479 Cum
2715 425 2826 480 sint
2852 426 3300 492 innumerabiles,
3327 427 3462 496 apud
3486 443 3572 484 nos
3589 437 3704 500 pauci

500 528 692 594 ciunt:
759 539 830 582 ex
877 524 1000 595 ipso
1067 523 1280 594 impetu
1324 523 1536 578 cohorti
1588 521 1813 576 Roberti
1878 520 2085 576 Fulcoii

607 626 848 674 trorsum
897 614 1185 681 incedenti,
1217 623 1364 670 recta
1409 613 1588 669 fronte
1619 613 1860 668 obviam.
1911 611 2085 680 Quam

494 726 622 768 cum
657 709 838 766 intuiti
890 708 1146 776 fuissent,
1174 706 1470 762 Rothertus
1499 704 1856 771 Surdevallis,
1890 706 2090 760 Bocar-

493 806 731 874 dusque,
757 801 960 856 milites
983 799 1206 871 egregii,
1240 815 1350 854 non
1376 797 1535 853 veriti
1563 798 1868 867 desperatae
1910 797 2093 869 gentis

493 879 749 966 expetere
778 893 1069 958 feritatem,
1098 891 1282 948 subito
1327 890 1381 945 in
1415 891 1626 946 medios
1655 889 1841 946 hostes
1870 905 1930 946 se
1959 904 2092 945 con-

495 986 698 1053 ferunt,
729 984 1108 1040 obtruncando
1127 982 1386 1054 perfidos,
1409 983 1630 1038 demum
1655 991 1710 1038 et
1734 982 1837 1053 ipsi
1864 983 2092 1038 obtrun—

495 1078 602 1132 cati
643 1056 1166 1146 Christi.martyres
1195 1074 1370 1130 etl‘ecti
1418 1083 1570 1130 sunt.
1615 1074 1912 1130 Rotbertus
1960 1088 2092 1129 vero

495 1184 606 1224 non
636 1178 884 1224 moratus
928 1184 1156 1226 suorum
1208 1168 1400 1224 ulcisci
1451 1167 1772 1240 sanguinem
1803 1210 1818 1235 ,
1873 1176 2094 1224 strenue

495 1261 826 1317 decertando
863 1260 1097 1318 succisis
1129 1261 1264 1317 loris
1288 1261 1415 1333 equi
1443 1261 1550 1328 sui,
1586 1262 1784 1332 sagitta
1815 1262 2097 1317 sauciatus

496 1352 716 1421 occidit,
747 1355 972 1408 cohorte
1001 1353 1150 1407 illius
1178 1352 1394 1422 penitus
1421 1351 1704 1422 dissipata.
1735 1351 1942 1408 Alanus
1963 1353 2094 1407 ado-

495 1444 728 1512 lescens,
758 1444 1044 1514 Guidoque
1081 1443 1369 1500 Frcnellus
1413 1444 1578 1499 simul
1622 1444 1934 1501 incedentes
1960 1460 2095 1500 voce

496 1537 622 1591 viva
652 1537 770 1592 haec
798 1535 1158 1607 pronuntiant
1186 1553 1199 1589 :
1236 1554 1254 1586 ι
1283 1535 1700 1592 Commilitones
1743 1537 1916 1592 nostri
1967 1552 2093 1607 pro-

497 1628 790 1695 batissimi,
819 1628 1047 1699 jamjam
1074 1628 1279 1683 nostris
1299 1626 1586 1683 ferendum
1607 1637 1690 1684 est
1713 1629 2038 1684 subsidium.
2072 1649 2092 1680 ι

497 1720 624 1775 Mox
651 1721 980 1788 intromissi,
1006 1729 1235 1791 peracto
1281 1720 1600 1777 laneearum
1652 1720 1852 1790 cilicio,
1895 1721 2096 1778 ictibus

496 1813 715 1870 ensium
753 1813 1040 1869 defunctos
1070 1821 1291 1868 nostros
1321 1813 1599 1879 retinent,
1645 1813 1912 1884 vivosque
1945 1814 2092 1870 illius
2127 1795 2168 1849 Β

497 1905 637 1962 aciei
675 1915 1001 1978 protegunt;
1034 1904 1280 1961 vicissim
1313 1914 1494 1961 tamen
1545 1904 1673 1960 hinc
1716 1915 1770 1961 et
1803 1905 1928 1962 inde
1955 1918 2091 1962 san-

498 2001 623 2072 guis
649 2001 955 2056 immensus
984 1999 1251 2055 funditur.
1304 1997 1518 2054 Interea
1562 2007 1878 2054 nostrorum
1923 2000 2091 2065 scias,

499 2102 610 2148 tam
622 2093 971 2150 dextrorsum
989 2107 1154 2163 quam
1175 2091 1577 2160 sinistrorsum,
1599 2090 1928 2148 Parthorum
1949 2093 2095 2148 mul-

496 2186 785 2242 titudinem
817 2185 1060 2256 undique
1094 2183 1425 2240 frementum
1457 2185 1754 2252 intuentes,
1791 2185 1910 2256 pari
1938 2193 2092 2252 voto,

494 2277 736 2333 Cnnlsrs
777 2275 946 2333 ,ιεευί
983 2275 1405 2347 proclamantes,
1446 2275 1501 2331 in
1531 2276 1746 2332 medios
1787 2276 1975 2333 hostes
2020 2276 2093 2331 ir-

492 2378 682 2424 rnunt.
733 2366 792 2423 In
840 2368 1020 2440 primo
1058 2384 1342 2441 aggressa,
1380 2369 1567 2425 divino
1615 2369 1844 2426 feriente
1891 2370 2092 2442 gladio,

497 2461 712 2517 hostilis
736 2461 965 2529 clamor,
996 2460 1501 2518 antea-horrifex'et
1519 2461 1846 2529 immensus,
1876 2461 2096 2517 diverso

495 2553 679 2619 modo,
711 2553 1063 2608 morientium
1099 2553 1309 2610 crebris
1334 2553 1666 2625 singultibus
1699 2563 2090 2610 commutatur.

496 2639 638 2710 Quid
661 2643 915 2716 singula?
937 2642 1174 2711 Quidam
1195 2643 1426 2700 diversa:
1451 2645 1710 2702 illationis
1735 2661 1919 2716 poena,
1942 2645 2094 2701 necis

497 2735 638 2791 tluut
681 2736 944 2804 materia;
1000 2737 1182 2794 caeteri
1230 2753 1362 2794 vero
1405 2737 1605 2794 divinae
1640 2738 1868 2795 ultionis
1911 2739 2095 2810 iaculo

494 2827 766 2897 percussi,
796 2835 945 2899 terga
976 2828 1122 2884 versi
1149 2827 1463 2900 diffugiunt.
1494 2828 1759 2901 Princeps
1789 2830 1955 2903 igitur
1979 2829 2092 2886 Deo

495 2918 748 2984 devotus,
786 2917 906 2988 ipso
944 2917 1031 2972 die
1060 2933 1154 2988 per
1183 2918 1439 2974 virtutem
1465 2929 1668 2976 sancta:
1697 2920 1880 2976 crucis
1921 2922 2095 2976 victo-

497 3009 638 3065 riam
662 3009 899 3079 adeptus
927 3019 1032 3065 est.
1082 3009 1232 3066 Felix
1265 3010 1391 3066 belli
1431 3026 1681 3082 campus,
1716 3012 1951 3069 Domino
1985 3013 2096 3068 lar-

499 3099 704 3171 giente,
733 3099 910 3155 eidem
961 3101 1224 3172 aperitur.
1274 3099 1395 3171 Ipse
1420 3102 1626 3174 itaque,
1659 3111 1823 3174 prout
1865 3103 2092 3176 dignum

495 3200 603 3262 est,
633 3208 761 3249 cum
785 3193 1103 3249 domesticis
1129 3194 1290 3250 laude
1317 3209 1568 3262 suorum,
1598 3195 1654 3250 in
1690 3210 1888 3266 campo
1916 3212 2094 3252 rema»

496 3300 656 3352 nens,
686 3285 940 3356 protinus
966 3285 1036 3341 ad
1065 3285 1468 3356 insequendum
1496 3295 1722 3342 caeteros
1746 3287 1948 3359 dirigit.
1973 3287 2093 3355 Qua

497 3377 554 3432 in
570 3392 650 3444 re,
672 3392 784 3448 pra:
810 3377 1033 3434 caneris”
1048 3378 1193 3435 acies
1219 3378 1363 3434 beati
1388 3379 1535 3435 Petri
1565 3379 1743 3437 laudis
1768 3395 1969 3436 nomen
1995 3382 2094 3438 ob-

496 3471 683 3527 tinuit.
732 3470 812 3527 lbi
841 3472 1063 3543 quidem
1090 3472 1348 3544 planities
1373 3474 1449 3530 ita
1502 3471 1607 3530 fuit
1632 3474 1832 3546 partim
1861 3476 2092 3532 mortuis

493 3562 671 3619 obsita
695 3563 1042 3634 corporibus,
1070 3564 1268 3635 partim
1298 3565 1634 3621 camelorum
1662 3575 2094 3639 ceterorumque

495 3654 816 3712 animalium
841 3654 1052 3713 divitiis
1099 3665 1456 3713 oneratorum
1494 3656 1692 3714 referta
1719 3659 2090 3728 multitudine,

494 3749 643 3822 quod
673 3749 882 3806 nostris
925 3749 1210 3808 occidendi
1254 3752 1724 3823 impedimentum,
1756 3751 2094 3826 fugientibus

494 3843 705 3900 exstitit
747 3844 1012 3902 evadendi
1060 3845 1388 3903 subsidium.
1439 3845 1624 3904 Nostri
1674 3856 1859 3906 tamen
1893 3865 2093 3921 percu-

494 3938 700 4007 tiendo,
726 3939 1088 4009 vulnerando,
1111 3941 1511 4010 obtruncando,
1536 3942 1676 3999 infra
1698 3943 1808 4000 duo
1837 3945 2090 4001 milliaria

496 4029 644 4086 ultra
673 4028 974 4087 Sarmitum
1003 4032 1192 4089 hostes
1220 4032 1607 4104 insequuntur.
1651 4034 1893 4092 Tandem
1919 4037 2092 4093 victo-

496 4135 589 4179 res
631 4122 859 4190 reversi,
894 4122 1112 4181 diversa
1160 4123 1408 4195 ferendo,
1457 4127 1724 4184 mittendo
1749 4169 1768 4196 ,
1816 4129 2088 4197 ducendo,

494 4211 692 4284 opibus
721 4213 970 4283 onerati,
1022 4213 1136 4272 Deo
1177 4215 1428 4274 Creatori
1477 4219 1682 4290 gratias
1733 4221 1973 4292 agendo,
2022 4223 2088 4279 ad

495 4298 680 4372 ipsum
695 4301 982 4359 dominum
1014 4303 1668 4379 Rotgeriumprincipem
1697 4324 1953 4381 campum
1991 4314 2091 4368 ob-

493 4391 784 4462 tinentem,
828 4395 1119 4452 exhilarati
1146 4397 1493 4468 perveniunt.
1545 4398 1687 4466 Quid
1735 4400 1968 4459 referam
1997 4420 2090 4462 ca-

2188 526 2528 590 reputantur.
2563 517 2826 587 Princeps
2844 533 2974 573 vero
3003 534 3098 591 per
3123 528 3235 574 tres
3256 518 3371 574 dies
3399 535 3618 591 campum
3637 526 3708 580 ob-

2190 607 2431 676 tinendo,
2459 624 2645 663 coram
2678 608 2796 679 ipso
2826 610 3006 665 allatis
3032 590 3252 680 opibus,
3282 611 3426 680 quod
3449 590 3606 667 decuit
3624 623 3711 669 tan-

2192 711 2306 757 tum
2351 703 2656 773 principem
2705 703 2810 758 sibi
2853 703 3122 759 reservari
3152 704 3429 774 praecepit,
3453 715 3619 761 extera
3655 708 3713 762 di-

2189 794 2345 862 vidi,
2413 795 2556 853 sicut
2616 795 2932 852 dominatus
2995 804 3051 851 et
3110 811 3233 850 mos
3295 796 3531 866 ejusdem
3592 802 3716 855 curia:

2191 894 2379 965 exigit.

2262 984 2358 1041 His
2385 981 2642 1055 peractis,
2674 983 2926 1052 princeps
2974 990 3100 1038 ante
3146 998 3206 1037 se
3251 982 3577 1038 diversarum
3602 1001 3718 1054 gm-

2193 1092 2318 1131 rum
2343 1076 2523 1146 copia,
2555 1073 2895 1144 captivorum
2950 1075 3236 1144 praemissa
3273 1075 3620 1143 multitudine,
3643 1076 3722 1132 Deo

2198 1167 2556 1238 supplicando
2579 1208 2594 1234 ,
2650 1165 2876 1236 suisque
2905 1165 3162 1219 omnibus
3211 1166 3415 1236 gratias
3458 1168 3657 1236 agendo,
3685 1179 3720 1223 ct

2195 1261 2339 1332 quod
2382 1259 2479 1315 Dei
2513 1251 2797 1316 servitium
2844 1259 3074 1314 viriliter
3125 1261 3505 1331 sapienterque
3542 1263 3723 1333 peregis-

2195 1358 2337 1416 sent,
2365 1349 2468 1422 pia:
2493 1349 2836 1420 paternitatis
2862 1365 3050 1404 amore
3077 1365 3272 1405 omnes
3301 1350 3599 1405 licentiavit.
3642 1351 3724 1406 Pri-

2196 1443 2434 1498 matibus
2482 1452 2662 1498 autem
2709 1441 2779 1497 ad
2824 1442 3041 1512 propria
3088 1441 3469 1508 redeuntibus,
3520 1444 3724 1500 uxoribus

2197 1534 2316 1590 suis
2342 1550 2406 1590 ac
2438 1534 2625 1589 liberis
2655 1534 2911 1602 visitatis,
2943 1534 3012 1589 ad
3041 1535 3387 1590 tractandum
3415 1535 3482 1590 de
3511 1536 3726 1593 Christia-

2197 1623 2360 1680 nismi
2393 1625 2652 1692 utilitate,
2682 1625 2916 1681 concilio
2945 1626 3301 1681 Autiochena:
3330 1625 3594 1693 Ecclesiae,
3631 1638 3728 1683 tem-

2197 1734 2329 1788 pore
2369 1718 2674 1790 assignato,
2708 1719 3057 1774 Antiochiam
3106 1719 3308 1775 reverti
3363 1721 3619 1791 praecepit.
3645 1719 3731 1791 Ipse

2193 1823 2322 1864 vero
2346 1825 2471 1864 cum
2496 1807 2788 1865 manifesta
2807 1811 3049 1865 victoriae
3076 1811 3256 1881 palma
3284 1811 3517 1876 rediens,
3538 1827 3623 1882 per
3639 1828 3731 1867 rura

2194 1910 2248 1955 et
2277 1901 2522 1966 castella,
2551 1918 2678 1957 cum
2707 1902 2927 1974 hymnis
2957 1918 3022 1958 ac
3049 1903 3285 1959 canticis
3314 1904 3386 1958 ab
3409 1905 3554 1958 omni
3575 1906 3735 1974 populo

2194 1993 2356 2050 laetus
2378 1995 2668 2064 excipitur.
2695 1994 2944 2066 Cumque
2966 1995 3458 2067 appropinquasset
3487 1996 3736 2052 Antiochia

2196 2085 2319 2141 urbi
2347 2087 2692 2152 venerandae,
2723 2101 2819 2158 per
2867 2095 3039 2143 totam
3087 2087 3364 2143 civitatem
3415 2105 3580 2145 sonus
3613 2089 3738 2144 adve-

2195 2177 2398 2234 nientis
2421 2179 2680 2236 intonuit.
2694 2221 2698 2224 .
2712 2179 3039 2236 Sanctarum
3060 2179 3245 2252 itaque
3272 2183 3614 2254 reliquiarum
3634 2198 3738 2252 pur-

2194 2271 2419 2328 cedente
2443 2272 2654 2340 ordine,
2686 2274 3013 2330 venerabilis
3032 2275 3347 2345 patriarcha
3368 2277 3613 2332 cum'suo
3627 2275 3738 2330 dero

2193 2365 2566 2421 ecclesiastica
2619 2367 2964 2424 institutione
2990 2369 3272 2437 decorate,
3301 2369 3544 2425 virorum
3567 2386 3624 2426 ac
3647 2386 3739 2425 mu-

2196 2462 2389 2516 lierum
2407 2473 2670 2534 sequente
2683 2464 3053 2532 multitudine,
3074 2465 3208 2519 exiit
3226 2465 3277 2520 ei
3303 2465 3518 2520 obviam
3547 2483 3588 2519 ες
3606 2462 3742 2519 Deum

2197 2555 2348 2621 time,
2361 2564 2414 2610 et
2427 2557 2681 2612 mandata
2702 2557 3057 2629 ejusobserva
3070 2556 3270 2628 (Eccle.
3285 2575 3385 2623 χιι,
3405 2558 3512 2628 l3),
3526 2576 3542 2608 ι
3557 2556 3743 2613 vocibus

2195 2649 2458 2719 angelicis
2484 2660 2864 2720 personantes,
2910 2652 3092 2723 ipsum
3125 2653 3452 2725 suscipiunt,
3481 2652 3746 2708 collaudant

2196 2757 2260 2797 ac
2308 2750 2662 2797 venerantur.
2715 2762 2732 2794 ι
2764 2742 2846 2798 Ad
2898 2745 3162 2800 honorem
3194 2745 3398 2800 summi
3432 2745 3605 2816 Regis,
3630 2745 3748 2798 etad

2195 2833 2447 2890 effectum
2477 2834 2562 2889 sui
2595 2834 2760 2906 regis,
2791 2835 2949 2903 liber,
2978 2852 3174 2892 servus
3201 2846 3255 2893 et
3283 2837 3484 2894 anciila
3509 2837 3748 2908 gratulan-

2196 2928 2398 2983 turvdie
2431 2928 2543 2982 illa.
2575 2946 2594 2980 ι
2647 2926 2872 2984 Interim
2900 2929 3244 2985 diversarum
3293 2931 3574 2986 nationum
3610 2947 3751 3001 popu-

2195 3020 2305 3088 lus,
2329 3021 2639 3076 inuituntur
2661 3036 2923 3077 coronare
2949 3022 3225 3078 civitatem
3253 3022 3500 3078 floribus.
3529 3022 3754 3092 Quisquis

2195 3127 2386 3167 carum
2430 3127 2527 3168 seu
2574 3127 2763 3167 rarum
2810 3123 3198 3169 ornamentum
3236 3115 3456 3182 habeat,
3503 3125 3626 3170 tunc
3666 3130 3756 3168 non

2195 3205 2355 3273 celat,
2384 3205 2480 3261 sed
2510 3207 2733 3273 revelat,
2761 3223 2873 3278 quo
2902 3207 3096 3264 victori
3153 3207 3386 3278 placeat.
3443 3207 3606 3264 Vicos
3638 3218 3755 3263 ster-

2195 3308 2334 3356 nunt
2378 3310 2434 3356 et
2477 3301 2686 3372 plateas
2718 3302 3059 3357 ornamentis
3110 3302 3327 3368 sericis,
3372 3317 3531 3370 auro,
3561 3301 3760 3372 gemmis

2195 3392 2486 3460 adornant,
2516 3393 2588 3448 ob
2613 3394 2910 3449 adventum
2939 3394 3228 3466 principis.
3280 3394 3626 3451 Diversarum
3657 3409 3759 3464 spe-

2193 3484 2402 3540 cierum
2431 3493 2623 3542 tantus
2663 3487 2800 3542 odor
2847 3486 3115 3554 funditur,
3146 3487 3294 3558 quod
3323 3489 3603 3544 terrestris
3628 3504 3764 3559 para-

2193 3575 2351 3632 disus
2381 3577 2558 3648 possit
2583 3576 2695 3632 dici
2722 3578 2962 3649 penitus.
2992 3577 3259 3650 Princeps
3288 3579 3452 3634 intrat
3479 3598 3494 3646 ;
3527 3579 3674 3650 plebs
3697 3594 3767 3632 re-

2194 3671 2361 3725 sultat
2385 3670 2642 3727 laudibus
2675 3671 2980 3744 hymnicis;
3028 3671 3199 3728 Deum
3232 3672 3482 3742 laudant,
3515 3675 3659 3729 hunc
3693 3689 3770 3728 sa-

2194 3761 2372 3818 lutant
2395 3763 2624 3820 vocibus
2651 3764 2921 3821 altisonis.
2959 3764 3050 3821 Sic
3081 3766 3148 3821 ad
3181 3767 3443 3836 templum
3475 3766 3664 3822 Sancti
3687 3762 3771 3817 Pe.

2194 3855 2264 3909 tri
2295 3870 2592 3926 pervenere
2639 3857 2863 3927 pariter,
2913 3858 3004 3912 ubi
3038 3857 3227 3914 laudes
3266 3858 3378 3913 Deo
3402 3858 3552 3914 Patri
3582 3856 3773 3930 persol-

2193 3955 2328 4002 vunt
2351 3946 2624 4003 alacriter.
2656 3947 2799 4020 Ergo
2827 3948 3083 4020 princeps
3109 3948 3176 4004 ad
3203 3949 3376 4004 altare
3401 3948 3510 4005 fert
3537 3949 3774 4005 vexillum

2193 4039 2564 4109 triumphale;
2625 4038 2784 4095 oll‘crt
2833 4040 2967 4096 illud
3012 4041 3271 4111 speciale,
3319 4041 3572 4112 posthac
3613 4041 3780 4097 minus

2192 4130 2512 4202 principale.
2544 4131 2787 4188 Adorato
2825 4131 2938 4189 Deo
2962 4148 3114 4201 vero,
3146 4133 3386 4188 reddidit
3426 4143 3621 4206 grates
3647 4131 3779 4188 omni

2192 4223 2359 4290 clero,
2386 4239 2546 4295 prece
2571 4225 2731 4295 cujus
2775 4225 3086 4294 decoratus,
3116 4225 3296 4281 victor
3321 4226 3542 4282 exstitit
3585 4227 3782 4284 beatus.

2191 4315 2318 4387 Ipso
2346 4317 2534 4374 valvas
2561 4328 2817 4387 exeunte,
2841 4319 3085 4375 clamant
3132 4335 3330 4375 omnes
3378 4320 3575 4376 cordis
3619 4334 3782 4375 voce:

2198 4428 2218 4462 ι
2249 4407 2429 4478 Salve,
2462 4413 2585 4466 rex!
2616 4411 2816 4468 athleta
2850 4414 2984 4481 veri,
3012 4423 3065 4469 te
3109 4412 3410 4470 formident
3458 4415 3656 4470 hostes
3683 4411 3788 4479 Dei,

491 4486 1056 4581 piarumdivitiarum
1085 4489 1304 4581 seriem,
1333 4506 1458 4581 cum
1486 4506 1588 4548 nec
1613 4491 1833 4561 modus,
1861 4511 1963 4552 nec
1991 4513 2086 4552 ra-
2121 4511 2166 4570 ι)
2194 4501 2400 4572 tibique
2428 4503 2502 4558 sit
2525 4503 2786 4559 continua
2818 4521 2948 4577 pax,
2979 4506 3132 4562 salus
3177 4515 3235 4562 et
3285 4507 3551 4575 victoria,
3579 4524 3679 4581 per
3701 4521 3790 4562 sa-

487 4573 663 4636 rietas
687 4578 761 4636 ab
786 4578 901 4636 ullo
927 4579 1324 4651 perpendatur?
1352 4580 1495 4649 Quid
1519 4583 1760 4642 hostium
1784 4586 2094 4644 occisorum

2202 4593 2455 4649 culorum
2487 4595 2724 4650 saecula!
2755 4594 2950 4652 Amen.
2982 4615 3002 4649 ι

498 4715 3265 4772 _—————————————__.________________

1667 4937 1954 5031 PARS
2021 4941 2602 5036 SECUNDA.

1250 5128 1560 5212 Princeps
1588 5129 1773 5195 valde
1808 5133 2057 5212 probus
2094 5115 2440 5212 Rotgerius
2470 5101 2920 5205 Antiocheuus

1248 5208 1543 5284 Qualiter
1573 5208 1904 5287 occubuit,
1947 5208 2303 5276 Gauterius
2339 5213 2448 5278 hic
2477 5216 2794 5283 recitavit.

1926 5357 2354 5375 *—

938 5485 1195 5561 INCIPIT
1229 5499 1622 5560 PROLOGUS.

537 5570 702 5669 Inter
723 5567 972 5669 diversos
998 5583 1174 5654 prisci
1221 5594 1486 5665 temporis
1512 5596 1780 5654 bellorum
1808 5608 2038 5658 eventus
2061 5643 2078 5669 ,

460 5661 730 5739 profecto
753 5663 977 5730 illorum
1006 5675 1210 5748 aliquis
1237 5687 1308 5741 ab
1329 5661 1784 5760 historiographis
1812 5661 2079 5759 assertus,

456 5773 564 5817 seu
613 5759 898 5822 mmstitiae
937 5782 1036 5832 seu
1065 5775 1254 5840 gaudii
1278 5778 1555 5836 mentibus
1591 5782 1904 5856 auditorum
1943 5800 2083 5855 quo-

2189 5509 2354 5566 modo
2381 5497 2607 5568 causam
2640 5511 2842 5568 intulit.
2869 5512 3006 5571 Illud
3036 5531 3170 5573 vero
3193 5517 3416 5579 doloris
3437 5521 3717 5586 dolorum
3752 5541 3809 5586 ac

2186 5604 2355 5659 totius
2375 5602 2708 5661 infelicitatis
2727 5606 2988 5677 elogium,
3003 5609 3152 5679 quod
3172 5615 3479 5684 repentina
3499 5621 3810 5679 calamitate

2187 5695 2502 5788 belligerum
2540 5705 2752 5766 partem
2809 5697 3054 5771 Rotgerii
3107 5702 3625 5770 Antiochenorum
3674 5716 3810 5788 prin—

2187 5787 2346 5858 cipis,
2379 5789 2670 5861 ipsumﬂue
2681 5791 2986 5865 Ρνίηείρεω
3003 5836 3019 5863 ν
3046 5796 3190 5852 ω⁰¹⁸
3203 5799 3530 5860 criminum
3546 5787 3814 5882 exigam
