3816 6306
80 470 195 534 Ιυῦθ

752 466 1078 526 CALTERU
1115 467 1584 528 CANCELLARI
1619 466 1843 522 BELLA
1878 441 2200 523 ANTIOCH.
2239 496 2309 507 -
2346 467 2525 523 PARS
2561 467 2618 523 Il.

3182 477 3317 536 κιο

71 565 396 649 subintravit,
453 583 520 636 ita
554 581 801 638 funditus
844 577 1042 654 gaudia
1083 583 1318 638 removit
1352 571 1707 652 totiusque'A
1733 578 1884 634 vitiis
1919 575 2400 651 voluptatibusque
2440 579 2623 636 noxiis
2669 581 3004 651 resistendo,
3028 585 3317 648 bellatores

69 678 281 734 miseria
305 675 564 732 terminos
591 676 927 746 modumque
949 677 1206 744 excessit,
1232 685 1292 732 ut
1321 692 1420 733 nec
1443 677 1627 732 verbis

66 769 292 840 exprimi,
337 783 440 822 nec
484 776 664 824 mente
701 769 916 840 concipi
966 769 1165 837 valeat,
1195 770 1450 840 jquotque
1497 769 1625 840 qui--

65 863 254 932 basque
278 861 458 932 poenis
483 870 536 916 et
577 861 841 916 inauditis
875 861 1148 916 mortibus
1177 861 1486 917 exterminii
1518 861 1626 916 im-

63 954 353 1009 manitatem
382 953 586 1009 nostris
618 953 882 1008 intulerit.
918 951 1073 1009 Unde
1111 954 1426 1010 necessario
1467 953 1627 1010 fateri

59 1046 287 1116 cogimur
334 1045 485 1115 quod
528 1059 629 1100 nec
677 1045 1156 1116 historiographus
1175 1045 1244 1102 ad
1286 1045 1510 1116 plenum
1545 1045 1626 1102 rei

59 1137 235 1191 seriem
257 1137 569 1193 describere
591 1137 792 1204 valeat,
813 1152 915 1194 nec
935 1138 1078 1194 alius
1093 1137 1242 1193 aliud
1252 1153 1420 1209 quam
1439 1137 1625 1194 divina

59 1228 208 1283 fuisse
251 1229 462 1284 ultione
508 1228 692 1284 dicere
742 1238 1059 1300 praesumat.
1109 1229 1499 1287 Verumtamen
1557 1246 1627 1286 ne

55 1319 248 1389 penitus
294 1336 329 1375 a
382 1321 664 1392 memoria}
702 1322 810 1376 labi
878 1321 1128 1378 videatur
1195 1323 1344 1393 quod
1399 1322 1624 1394 dignum

58 1414 209 1467 relatu
257 1414 576 1469 auditorum
632 1415 795 1470 saluti
850 1417 1026 1487 possit
1067 1416 1387 1484 consulere,
1414 1424 1626 1472 mutato

55 1505 176 1577 ston
223 1506 382 1576 primi
438 1506 588 1574 belli,
648 1523 910 1578 prospere
960 1507 1329 1575 succedentis,
1371 1523 1474 1580 ego
1509 1508 1626 1580 ipse

53 1598 322 1653 Gauterius
347 1599 736 1668 cancellarius,
775 1601 1065 1672 utriusque
1096 1598 1338 1656 fortuna:
1353 1600 1626 1672 particeps

53 1691 290 1758 existens,
327 1700 704 1763 expertusque
743 1694 920 1764 magis
952 1709 1150 1750 nocere
1179 1693 1364 1750 carnis
1393 1708 1624 1766 prospe-

55 1782 246 1837 ritatem
271 1782 476 1838 anima:
514 1799 679 1854 quam
709 1784 1100 1841 adversitatem
1137 1785 1388 1856 corpori,
1411 1794 1624 1856 partem

53 1873 250 1929 secundi
290 1873 546 1930 cedentis
583 1875 640 1930 in
692 1877 1031 1932 contrarium
1057 1876 1371 1935 describere
1411 1879 1621 1947 curavi,

53 1981 159 2019 cum
185 1965 354 2036 ipsius
377 1967 659 2038 adjutorio
679 1968 797 2040 qui,
815 1969 980 2025 nullis
1008 1969 1444 2040 pmcedentibus
1464 1969 1624 2027 bonis

56 2057 258 2125 meritis,
288 2067 344 2113 et
367 2056 538 2115 ﬁdem
567 2067 624 2115 et
643 2075 890 2116 amorem
913 2061 1002 2117 sui
1029 2061 1296 2134 inspirat,
1324 2071 1386 2118 ut
1412 2077 1476 2118 ea
1499 2078 1625 2134 qua).

53 2149 139 2202 sibi
173 2148 304 2204 ﬁunt
330 2149 538 2221 placita
575 2150 806 2222 implere
837 2153 1138 2210 valeamus.
1168 2152 1415 2210 Primum
1441 2153 1626 2226 itaque

53 2240 226 2296 divina:
271 2241 378 2314 legi
431 2241 818 2314 obtemperare
874 2244 1122 2301 volentes
1169 2247 1440 2303 admoneo
1453 2289 1470 2314 ,
1511 2261 1624 2304 non

52 2332 246 2400 gloriari
272 2333 330 2388 in
370 2333 609 2402 malitia,
657 2351 760 2392 nec
786 2351 910 2393 esse
939 2346 1188 2408 potentes
1231 2338 1290 2396 in
1333 2339 1627 2410 iniquitate

54 2419 204 2486 (Ριειι.
230 2437 304 2490 LI,
333 2423 414 2494 ὅ),
437 2423 539 2480 sed
569 2439 674 2481 nec
699 2440 942 2496 unquam
983 2426 1041 2481 in
1067 2427 1187 2484 suis
1211 2428 1374 2485 bonis
1411 2429 1626 2488 actibus

54 2514 306 2583 superbire
333 2533 347 2570 :
374 2515 490 2584 hoc
523 2516 675 2572 enim
696 2517 834 2576 vitio
850 2518 918 2574 de
941 2518 1062 2590 ipso
1087 2518 1308 2592 fastigio
1335 2519 1627 2592 perfectio-

55 2605 125 2660 nis
169 2605 386 2677 deiecta:
443 2616 584 2664 sunt
640 2608 868 2677 animai,
899 2609 1203 2682 eodemque
1246 2620 1304 2667 et
1353 2627 1459 2668 nos
1513 2611 1626 2669 Deo

55 2695 242 2767 ingrati,
307 2708 362 2754 et
414 2700 780 2757 immemores
841 2703 930 2758 sui
987 2704 1239 2762 beneﬁcii
1297 2720 1365 2762 ex
1425 2715 1623 2764 eventu

57 2790 228 2856 prioris
279 2792 407 2848 belli
444 2793 656 2850 nostris
699 2794 912 2852 viribus
955 2797 1242 2854 victoriam
1277 2799 1623 2871 imputando,

57 2881 100 2934 in
135 2886 361 2942 secundo
409 2887 770 2956 detestabili,
814 2889 1040 2960 quidam
1088 2892 1275 2948 subito
1303 2891 1435 2950 facti
1475 2895 1628 2952 necis

56 2978 281 3046 materia;
333 2979 568 3050 quidam
622 2996 752 3036 vero
807 2981 929 3038 diro
975 2983 1249 3056 longoque
1293 2987 1628 3052 cruciamina

58 3071 283 3125 reservati
314 3072 654 3140 cecidimus,
694 3073 840 3130 sicut
867 3075 926 3130 in
961 3076 1320 3148 subsequenti
1351 3087 1588 3135 tractatu
1607 3125 1623 3151 ,

59 3172 137 3225 pro
180 3163 480 3231 capacitate
528 3164 701 3220 nostri
743 3164 950 3237 ingenii
985 3167 1040 3222 vi
1073 3170 1316 3228 carceris
1349 3171 1586 3227 hebetati
1607 3203 1626 3232 ο

1733 673 1827 729 Dei
1855 673 1973 729 ﬁeri
2020 673 2354 744 inciperent,
2399 684 2673 746 quatenus
2721 677 2776 732 in
2831 679 3085 736 conﬂictu
3124 693 3318 742 contra

1731 768 1970 838 perﬁdos
1997 769 2168 825 armis
2223 769 2350 826 ﬁdei
2394 771 2726 841 praemuniti,
2757 781 2812 829 et
2851 773 3058 832 Christi
3095 779 3316 849 milites,

1727 874 1796 912 ex
1825 875 1885 914 re
1905 859 2012 916 dici
2034 861 2366 931 potuissent.
2384 860 2643 934 Princeps
2666 879 2796 920 vero
2817 881 2882 922 ea
2902 866 3039 936 vice,
3058 868 3196 940 proh
3219 871 3322 927 do-

1728 949 1829 1005 lor!
1857 949 2110 1006 audendo
2132 966 2241 1007 non
2263 951 2536 1020 audenda,
2557 962 2612 1009 et
2624 957 3004 1024 prazsumendo
3025 974 3184 1030 agere
3207 976 3318 1017 non

1727 1042 1957 1114 agenda,
1993 1043 2081 1098 sui
2109 1043 2364 1114 equidem
2393 1059 2736 1118 suorumque
2763 1049 2994 1104 salutem
3022 1051 3282 1123 ignorans
3301 1097 3318 1121 .

1728 1135 1866 1192 tanti
1915 1135 2086 1206 patris
2130 1136 2466 1194 documenta
2499 1153 2616 1195 suae
2665 1141 2956 1197 temeritati
2985 1147 3316 1216 postposuit,

1727 1242 1864 1283 neve
1919 1228 2120 1284 timore
2170 1229 2411 1285 hostium
2454 1229 2798 1302 trepidasse,
2855 1233 2942 1289 vel
2994 1234 3104 1290 ullo
3152 1238 3319 1294 modo

1727 1335 1890 1390 posse
1921 1319 2066 1376 ﬂecti
2092 1321 2388 1389 videretur,
2417 1322 2688 1394 cujusque
2703 1325 2847 1395 juris
2870 1323 3155 1384 effectibus
3181 1345 3320 1399 pra:-

1726 1410 2018 1479 termissis,
2050 1419 2107 1467 et
2140 1411 2196 1466 in
2227 1420 2366 1468 seet
2391 1412 2447 1468 in
2473 1413 2595 1471 aliis
2624 1414 2728 1470 sibi
2769 1415 3004 1474 subditis
3038 1420 3316 1487 nocentia,

1728 1518 1795 1559 ac
1845 1503 2096 1558 nocitura
2146 1503 2349 1574 quibus
2401 1505 2803 1574 praebebantur,
2847 1508 3142 1566 emendare
3187 1517 3320 1566 tunc

1726 1593 1961 1651 distulit.
1995 1593 2241 1666 Rogatus
2270 1595 2436 1651 etiam
2467 1611 2500 1652 a
2530 1596 2720 1654 multis
2753 1597 2952 1655 aﬁ'ectu
2976 1599 3228 1670 pietatis,
3264 1609 3322 1657 et

1726 1686 2042 1743 admonitus
2067 1701 2372 1754 remanere,
2418 1687 2600 1758 palam
2631 1688 2912 1759 disseruit,
2951 1706 3011 1748 se
3039 1691 3316 1748 neminem

1726 1779 1803 1834 ibi
1837 1779 2047 1838 diutius
2080 1780 2406 1851 praestolari.
2452 1779 2742 1851 Motusque
2783 1783 3149 1852 quorumdam
3184 1798 3322 1848 eoi.

1725 1874 1852 1930 silio
1879 1875 2147 1930 baronum
2168 1915 2184 1941 ,
2217 1889 2304 1930 res
2338 1889 2576 1945 quorum
2618 1874 2805 1930 hostes
2833 1875 3040 1932 assueti
3087 1872 3320 1947 singulis

1726 1967 1888 2023 annis
1921 1967 2238 2036 .devastare,
2295 1981 2363 2023 eo
2411 1966 2580 2023 etiam
2625 1976 2870 2040 tempore
2923 1969 3281 2026 devastabant
3300 2011 3315 2026 .

1725 2059 1936 2117 vocatis
1961 2060 2032 2116 ad
2067 2075 2128 2118 se
2155 2059 2476 2116 domesticis
2513 2059 2701 2127 curiae,
2725 2075 2951 2132 sumque
2977 2062 3154 2132 gentis
3179 2076 3322 2133 prat-

1724 2151 1990 2210 o'rdinatis
2013 2193 2030 2221 ,
2077 2151 2373 2208 inconsulti
2417 2151 2589 2207 animi
2635 2150 2754 2207 vice
2798 2150 3008 2220 fruens,
3047 2153 3114 2210 de
3171 2153 3318 2226 frugi

1726 2243 1848 2300 loco
1891 2258 2019 2300 cum
2067 2241 2320 2298 tentoriis
2367 2241 2438 2298 ad
2487 2240 2703 2296 inutilia
2752 2242 2988 2298 transire
3025 2242 3315 2313 disposuit.

1725 2331 2046 2389 Patriarcha
2085 2348 2215 2389 vero
2267 2333 2392 2389 luce
2434 2333 2682 2389 veritatis
2737 2333 2958 2391 intuens
3006 2333 3319 2390 communis

1727 2425 1980 2482 utilitatis
2002 2423 2276 2492 effectum,
2309 2439 2434 2481 cum
2477 2423 2656 2495 ipsum
2679 2424 2983 2495 principem
3020 2424 3316 2496 pluresque

1727 2517 1866 2575 alios
1905 2516 2314 2584 incmendatos,
2341 2524 2398 2574 et
2431 2524 2624 2572 contra
2644 2515 2918 2588 justitiam
2965 2516 3045 2573 ire
3085 2531 3313 2588 persen-

1727 2610 1910 2676 sisset,
1939 2609 2367 2666 evidentissimis
2397 2609 2724 2677 rationibus,
2747 2625 2843 2666 eos
2865 2609 2957 2664 ubi
2983 2617 3102 2664 erat
3125 2609 3313 2676 timor,

1727 2718 1838 2760 non
1863 2702 2162 2773 trepidare,
2192 2711 2249 2759 et
2293 2701 2384 2758 ubi
2417 2715 2529 2757 non
2572 2708 2712 2769 erat,
2744 2700 3017 2772 trepidare
3057 2713 3315 2772 comproé

1727 2793 1896 2864 bavit,
1925 2801 1981 2851 et
2003 2794 2150 2866 quod
2177 2803 2306 2850 ante
2332 2793 2564 2865 ﬁgurata
2598 2792 2877 2850 locutione
2903 2791 3313 2863 pmdicaverat,

1727 2896 1912 2959 aperte
1942 2886 2178 2958 principi
2225 2885 2398 2958 digito
2421 2927 2439 2952 ,
2489 2899 2572 2942 va:
2603 2901 2686 2942 vae
2728 2884 2862 2940 illud
2897 2882 3314 2952 demonstravit,

1727 2979 1871 3036 sicut
1915 2976 2091 3034 eidem
2144 2976 2451 3050 majorique
2494 2991 2721 3033 suorum
2771 2973 2934 3046 parti,
2985 2989 3095 3028 non
3143 2973 3317 3030 multo

1725 3079 1850 3143 post
1869 3069 2118 3142 contigit.
2142 3069 2404 3141 Princeps
2423 3068 2609 3140 itaque
2626 3081 2762 3124 voce
2781 3067 2923 3124 beati
2945 3065 3048 3123 viri
3069 3081 3320 3138 quoquo‘

1728 3163 1892 3220 modo
1929 3163 2173 3230 territus,
2207 3161 2569 3233 praesentibus
2618 3159 2706 3217 his
2753 3158 3026 3230 personis,
3069 3159 3317 3218 videlicet

58 3253 356 3317 posteritatis
383 3256 674 3312 memoria:
712 3260 1150 3318 commendando
1188 3262 1621 3335 designahimus.

1801 3254 1960 3312 acfato
2014 3254 2178 3327 patri,
2229 3252 2640 3320 archidiaeouo,
2687 3261 2741 3308 et
2780 3253 3008 3320 decano,
3039 3253 3316 3323 curiasque

540 3344 772 3402 CAPUT
810 3346 1106 3405 PRIMUM.

111 3433 257 3492 Forte
300 3435 540 3495 fortuitu
585 3439 817 3512 contigit
869 3441 1059 3514 Algazi
1112 3441 1624 3518 Turcomagnorum

57 3527 230 3583 erroris
251 3537 305 3584 et
328 3529 563 3586 desidias
601 3531 904 3602 principem
927 3574 946 3600 ,
975 3533 1170 3590 bellico
1207 3545 1470 3607 apparatu
1507 3537 1624 3594 An-

59 3617 265 3676 tiocbeni
299 3621 540 3680 honoris
580 3633 766 3695 partes
787 3626 1170 3685 marchitimas
1201 3630 1468 3702 attigisse.
1501 3630 1626 3698 Quo

58 3707 234 3778 audito,
262 3711 522 3783 princeps
551 3712 668 3770 suis
712 3715 955 3786 undique
974 3719 1322 3790 congregatis
1347 3717 1626 3778 Artesium

57 3801 375 3866 proﬁciscens
392 3850 408 3877 ,
433 3809 724 3868 dominum
753 3811 1095 3872 Bernardum
1126 3817 1367 3888 primum
1396 3819 1628 3888 patriar-

58 3891 190 3950 eham
237 3897 500 3957 Latinum
543 3903 673 3962 illuc
706 3920 884 3976 usque
919 3908 1217 3980 subsequi,
1266 3910 1626 3982 supplicando

57 3989 258 4058 rogavit,
285 3993 449 4065 cujus
485 4010 645 4052 sacro
668 3997 912 4070 dogmati
936 4008 992 4056 et
1022 4001 1257 4058 consilio
1293 4003 1340 4059 si
1369 4003 1625 4074 acquies-

57 4091 162 4165 tere
183 4081 406 4142 ﬁdeliter
437 4088 731 4158 voluisset,
755 4091 828 4147 ibi
845 4091 1178 4158 Balduinum
1199 4137 1215 4164 ,
1238 4093 1351 4152 Deo
1373 4105 1624 4165 vocante,

59 4163 538 4248 Hierosolymorum
582 4196 768 4253 regem
819 4185 1207 4256 exspectando,
1249 4188 1478 4258 proinde
1520 4163 1628 4246 sibi

57 4262 253 4355 suisque
281 4271 577 4329 consulere
606 4276 894 4344 potuisset.
929 4277 1062 4335 Erat
1100 4279 1250 4336 enim
1273 4296 1342 4338 eo
1378 4291 1628 4355 tempore

58 4352 176 4411 situs
221 4358 322 4416 loci
383 4364 536 4420 victu
581 4377 826 4438 potuque
888 4370 1178 4430 abundans
1224 4383 1280 4430 et
1348 4352 1624 4445 salubris,

57 4460 336 4526 nostraeque
368 4460 516 4531 parti
549 4471 806 4534 parentes
827 4480 894 4520 ac
933 4473 1085 4521 tutos
1129 4466 1380 4537 praebens
1420 4468 1624 4538 aditus,

58 4538 278 4604 hostibus
302 4565 435 4607 vero
479 4554 812 4610 econtrario.
860 4555 1130 4613 Densitati
1165 4558 1368 4615 etenim
1398 4559 1622 4616 vallium

1729 3345 2052 3418 capellanis,
2107 3345 2402 3403 commissa
2458 3344 2662 3415 quibus
2719 3342 2775 3398 in
2833 3343 3025 3398 mundi
3080 3343 3317 3399 ludibrio

1727 3437 1960 3506 vixerat,
2003 3436 2271 3493 secretius
2325 3435 2384 3490 in
2429 3435 2666 3492 tentorio
2707 3449 2840 3490 voce
2893 3449 3004 3490 una
3064 3435 3314 3490 conﬁteri

1726 3544 1838 3603 non
1883 3528 2137 3596 erubuit;
2167 3536 2222 3583 et
2271 3525 2483 3584 utinam
2520 3527 2590 3582 ad
2644 3526 2906 3584 salutem!
2952 3525 3061 3581 Res
3090 3541 3314 3596 quoque

1726 3633 1857 3675 suas
1884 3618 2086 3674 ibidem
2108 3617 2317 3688 scripto
2363 3603 2680 3688 designata's
2711 3631 2812 3688 pro
2857 3617 2993 3672 velle
3018 3631 3121 3672 suo
3143 3617 3312 3672 dividi

1724 3720 1781 3766 et
1803 3710 2041 3782 erogari,
2071 3710 2120 3766 si
2147 3707 2468 3780 contigisset
2497 3723 2624 3765 eum
2660 3707 2714 3762 in
2747 3706 2890 3762 bello
2919 3707 3059 3762 mori
3085 3747 3102 3774 ,
3126 3721 3316 3762 coram

1724 3801 1929 3859 eisdem
1952 3801 2271 3873 imperavit;
2297 3808 2353 3856 et
2377 3798 2484 3856 hoc
2522 3799 2733 3855 utinam
2759 3799 2828 3855 ad
2861 3799 3124 3856 salutem!
3157 3797 3318 3853 Pater

1725 3895 1909 3966 itaque
1929 3901 2286 3960 memoratus,
2323 3891 2490 3963 hujus
2518 3907 2583 3948 ac
2613 3891 2780 3948 totius
2801 3891 2988 3964 populi
3005 3889 3318 3947 inﬁrmitati

1725 3985 2128 4056 compatiendo,
2149 3984 2268 4041 vice
2290 3984 2435 4040 beati
2457 3982 2604 4039 Petri
2645 3983 2867 4040 functus
2885 4025 2903 4052 ,
2928 3983 3152 4040 modum
3176 3999 3319 4041 verte

1725 4076 2065 4148 penitentie;
2105 4083 2437 4148 perpetrata,
2471 4077 2728 4147 inquam,
2767 4075 2910 4131 mala
2944 4075 3232 4149 plangere,
3261 4084 3318 4132 ct

1724 4168 2029 4242 plangenda
2076 4182 2192 4226 non
2229 4177 2546 4241 perpetrare
2581 4187 2595 4225 :
2629 4169 2804 4226 eidem
2840 4169 3107 4242 principi,
3135 4169 3317 4226 omni—

1725 4265 1940 4338 busque
1961 4264 2079 4323 suis
2110 4264 2438 4338 generaliter
2463 4263 2734 4336 injunxit;
2766 4261 3098 4321 familiarius
3127 4272 3314 4320 autem

1723 4369 1824 4432 pro
1868 4359 1995 4416 vita:
2025 4358 2237 4416 meritis
2279 4356 2565 4430 profutura
2591 4400 2609 4426 ,
2661 4356 2903 4429 injunxit
2955 4358 3010 4412 in
3058 4355 3314 4413 Domino.

1728 4451 1822 4512 Sic
1881 4451 2093 4509 eisdem
2169 4451 2524 4523 patriarchali
2595 4449 2980 4506 benedictione
3045 4448 3276 4522 signatis
3300 4489 3318 4516 ,

1726 4544 2034 4601 valedicens
2054 4545 2338 4613 omnibus,
2367 4542 2508 4601 fusis
2538 4542 2818 4615 lacrymis,
2852 4542 3171 4614 crebrisque
3199 4541 3318 4597 sin-

58 4637 307 4698 montibus
389 4643 718 4703 intermistis
743 4689 759 4714 ,
843 4649 1194 4721 scopulisque
1278 4651 1621 4723 singulm-um
1657 4665 1701 4721 ι)
1726 4637 1966 4708 gultibus
1989 4636 2060 4692 ab
2084 4635 2210 4692 imis
2235 4635 2421 4692 cordis
2443 4634 2638 4700 erutis,
2665 4649 2766 4705 pro
2787 4633 2988 4705 populo
3007 4631 3103 4688 Dei
3121 4646 3320 4690 exora-

57 4733 350 4799 urgentibus
383 4738 621 4807 aditum,
651 4748 706 4796 et
732 4740 842 4797 situ
878 4751 932 4798 et
967 4757 1194 4798 accessu
1233 4743 1451 4799 illorum
1485 4744 1629 4814 parti

58 4835 246 4893 magna:
291 4830 468 4886 ruina!
521 4833 888 4890 essentialiter
937 4836 1146 4906 praebet
1185 4835 1471 4892 indicium.
1529 4835 1630 4895 llis

59 4914 292 4988 utrinque
327 4922 566 4980 efﬁcacis
605 4925 776 4980 animi
811 4927 1099 4983 vivacitate
1130 4928 1416 4999 inspectis,
1442 4927 1625 4984 Patri-

59 5009 203 5065 arcba
239 5013 320 5068 vir
346 5016 473 5072 vita:
515 5018 880 5087 venerabilis,
926 5035 1252 5092 morumque
1300 5021 1629 5078 honestissi-

61 5111 184 5167 mus,
207 5102 259 5158 in
278 5107 648 5166 celebratione
674 5110 847 5168 divini
869 5111 1052 5181 ofﬁcii,
1075 5113 1378 5184 prophetiae
1404 5114 1626 5173 functus

63 5189 368 5253 adminiculo
388 5240 404 5265 ,
434 5200 502 5256 de
535 5201 703 5272 gestis
751 5202 917 5258 rebus
945 5210 1004 5259 et
1025 5203 1094 5260 de
1121 5204 1407 5276 gerendis,
1445 5207 1624 5262 eidem

64 5282 269 5357 principi
316 5291 577 5364 omnique
649 5293 854 5365 populo
916 5309 1229 5352 sermonem
1283 5296 1473 5352 edidit.
1538 5296 1616 5353 De

66 5377 230 5446 gestis,
257 5390 482 5452 paterno
517 5384 712 5441 aﬁ‘ectu
740 5387 999 5444 omnibus
1029 5387 1388 5458 supplicando
1417 5397 1476 5444 ut
1504 5388 1626 5446 illas

66 5463 299 5529 intuendo
319 5490 499 5533 mores
520 5477 874 5550 corrigerent;
895 5479 964 5534 de
984 5478 1260 5550 gerendis,
1281 5479 1625 5550 prtedicendo

69 5554 259 5632 futura,
291 5576 346 5623 et
388 5570 764 5638 exhortando,
793 5579 856 5626 ut
899 5586 1012 5627 non
1054 5572 1172 5628 suis
1199 5573 1409 5629 viribus
1445 5573 1627 5643 impu-

71 5656 233 5723 tando,
275 5661 368 5716 sed
425 5663 490 5718 ad
549 5665 947 5721 correctionem
1024 5681 1244 5721 morum
1305 5671 1628 5723 conservato

76 5739 411 5804 Ecclesiarum
453 5753 596 5823 jure,
643 5754 965 5826 redditaque
991 5795 1008 5822 ,
1053 5755 1138 5811 vel
1175 5765 1337 5826 pacto
1379 5757 1626 5825 reddere,

79 5840 292 5906 tempore
318 5846 660 5914 competenti,
683 5846 818 5903 eleri
838 5861 904 5903 ac
926 5845 1097 5902 totius
1119 5847 1421 5904 Christiani
1443 5847 1629 5920 populi

79 5923 263 6000 iustitia
290 5935 597 5997 comitante.
630 5937 726 5995 llis
769 5939 968 6006 modis,
995 5949 1050 5996 et
1079 5941 1201 5998 aliis
1237 5941 1375 6000 bene
1397 5940 1627 6014 agendo,

1735 4739 1926 4797 turus,
1955 4728 2024 4784 ad
2053 4727 2344 4786 ecclesiam
2372 4725 2655 4782 remeavit.

2359 4817 2593 4876 CAPUT
2631 4816 2696 4875 ll.

1801 4913 1914 4972 Nos
1953 4921 2140 4971 autem
2172 4913 2401 4970 sinistro
2431 4912 2615 4968 omine
2647 4911 2702 4967 in
2727 4923 2972 4981 prmeeps
2996 4907 3172 4978 rapti,
3208 4921 3320 4972 non

1727 5007 2073 5064 attendentes
2101 5007 2369 5078 superbos
2389 5007 2588 5062 merito
2606 5003 2788 5075 dejici,
2805 5001 3041 5059 humiles
3060 5001 3318 5070 exaltari,

1728 5101 1892 5172 quasi
1938 5099 2194 5157 leonibus
2233 5098 2518 5165 fortiores,
2564 5095 2909 5168 tigribusque
2961 5092 3320 5163 immitiores,

1729 5193 1798 5248 ad
1851 5193 2059 5264 Agrum
2109 5189 2396 5263 sanguinis
2432 5187 2929 5256 eastrametaturi,
2987 5187 3088 5242 iter
3137 5196 3324 5244 extor-

1730 5286 1926 5343 simus.
1965 5285 2200 5358 Agrum,
2226 5283 2474 5355 inquam,
2503 5280 2818 5353 sanguinis,
2842 5288 2899 5336 et
2919 5295 3012 5348 re,
3039 5279 3264 5336 nomine
3287 5295 3322 5335 a

1730 5379 1896 5450 vu!go
1921 5385 2304 5448 nuncupatum
2349 5375 2443 5431 ubi
2483 5373 2801 5445 aliquandiu
2837 5373 3226 5440 immorantes,
3254 5371 3325 5428 de

1728 5471 1818 5527 die
1864 5470 1918 5525 in
1965 5469 2110 5526 diem
2160 5469 2342 5526 victus
2382 5476 2655 5539 potusque
2711 5465 2979 5520 naturalis
3024 5464 3325 5537 indigentia

1731 5562 1940 5631 coacti,
1994 5577 2105 5618 non
2151 5562 2205 5618 vi
2247 5560 2493 5617 hostium
2544 5557 2703 5614 nobis
2746 5557 2926 5624 illata,
2966 5556 3062 5612 sed
3101 5557 3326 5612 raritate

1735 5659 2025 5729 utriusque
2069 5657 2125 5713 in
2155 5657 2266 5712 illis
2306 5655 2446 5712 locis
2496 5652 2778 5725 exigente,
2815 5650 3168 5707 mittebamus
3214 5647 3337 5704 alio

1736 5753 1830 5810 ubi
1856 5760 1912 5809 et
1933 5750 2080 5808 unde
2098 5792 2114 5820 ,
2147 5750 2297 5806 intus
2322 5757 2379 5805 et
2403 5755 2558 5804 extra
2585 5752 2768 5804 castra
2794 5743 3114 5808 existentes,
3143 5753 3327 5811 posse-

1737 5861 1864 5902 mus
1892 5844 2249 5918 indigentiam
2289 5840 2584 5914 expellere.
2613 5837 2772 5894 Tunc
2801 5851 3022 5908 quoque
3049 5833 3120 5891 ad
3145 5837 3327 5889 castra

1737 5947 1924 5996 extera
1965 5936 2284 6006 munienda,
2339 5934 2570 6010 quidam
2602 5939 2923 5990 nostrorum
2977 5927 3130 5985 missi
3175 5930 3326 5984 sunt.
