3812 6312
488 453 618 511 1011

1053 445 1146 502 AD
1181 439 1631 503 GODEFRIDUM
1666 434 1955 494 APPEND.
1998 432 2062 489 11.
2099 461 2171 473 ——
2205 428 2348 486 ΜοΝ
2365 427 2482 485 UH.
2522 425 2612 481 DE
2650 420 2872 479 κει,ιο
2909 416 3153 477 SACRO.

3585 417 3672 476 illi?

487 568 644 638 Quod
672 565 914 623 hostium
937 575 1147 622 turmas
1165 562 1261 617 diu
1283 575 1392 615 non
1413 558 1600 624 latuit;
1625 555 1811 611 missis
1833 565 2072 621 namque
2103 550 2146 611 Α
2175 546 2346 602 mavit
2377 562 2391 600 :
2439 563 2458 597 ι
2496 542 2717 607 Adeste,
2748 537 2986 603 sodales,
3043 534 3252 638 adeste,
3296 530 3503 635 subnixi
3541 533 3671 638 militis

482 659 953 732 exploratoribus,
984 655 1142 726 quasi
1173 653 1481 709 volatilium
1515 647 1923 713 venditoribus,
1945 657 2068 699 esse

484 762 736 809 nostrum
774 761 1100 822 quocunque
1152 745 1317 800 modo
1363 759 1423 800 se
1448 742 1704 807 haberet,
1737 737 1946 794 eisdem
1977 751 2068 791 rc-

483 844 691 912 versis,
746 841 1010 898 relatione
1055 837 1218 904 facta,
1272 845 1328 891 et
1374 835 1630 890 dominus
1677 840 1733 888 et
1785 829 2068 902 primates,

489 933 650 1006 quasi
685 931 922 1002 propriis
958 927 1134 984 oculis
1172 927 1574 996 inspexissent,
1611 922 1790 978 lucide
1825 917 2071 974 intende-

487 1027 636 1083 bant.
664 1019 768 1095 fpsi
798 1025 978 1093 itaque
1002 1019 1209 1076 dolosae
1229 1018 1541 1074 calliditatis
1568 1016 1704 1081 viri,
1728 1023 1790 1070 ut
1811 1012 2073 1069 dissimu-

486 1119 662 1172 larent
687 1115 834 1185 quod
862 1112 1247 1179 moliebantur,
1276 1109 1532 1165 videlicet
1571 1125 1638 1163 ex
1668 1107 1946 1177 insperato
1968 1117 2073 1160 nos

484 1207 774 1272 invadere,
811 1205 989 1275 palam
1023 1202 1291 1258 ordinatis
1324 1201 1575 1268 aciebus,
1605 1198 2075 1267 habilioribusque

483 1296 747 1367 praeludio
765 1295 878 1366 jam
905 1293 1239 1365 praemissis,
1264 1292 1426 1364 quasi
1451 1291 1732 1347 obsessuri
1756 1289 2072 1360 Cereptum,

485 1395 788 1457 spectatum
834 1386 1092 1454 veniunt,
1139 1385 1211 1439 ob
1240 1386 1346 1439 hoc
1385 1384 1570 1454 itaque
1605 1391 1666 1437 ut
1707 1390 1982 1452 spectent,
2023 1389 2078 1435 et

483 1483 818 1546 spectentur.
885 1473 1169 1545 Spectent,
1218 1474 1478 1543 inquam,
1539 1481 1756 1527 exteras
1796 1479 2075 1526 meatuum

487 1576 694 1642 partes,
721 1575 778 1622 et
808 1566 1131 1622 interiorum
1163 1566 1385 1620 callium
1425 1579 1716 1630 accessus,
1745 1563 1946 1634 quibus
1971 1562 2076 1618 sibi

487 1659 698 1726 tutius,
747 1666 804 1714 et
855 1658 1063 1714 nostris
1113 1656 1438 1712 damnosius
1493 1655 1797 1726 principem
1853 1650 2077 1723 aggredi

486 1748 830 1818 ptuissent;
880 1755 1196 1816 spectentur
1229 1756 1408 1801 autem
1432 1787 1447 1814 ,
1485 1753 1548 1800 ut
1588 1744 1692 1815 ipsi
1730 1742 2080 1799 multitudine

486 1842 762 1898 exercitus
787 1840 1011 1912 gloriosi
1046 1841 1394 1906 haberentur,
1419 1847 1474 1894 et
1508 1854 1609 1893 nos
1639 1854 1669 1892 a
1697 1838 1856 1893 solita
1894 1835 2080 1906 probi-

487 1942 601 1993 tate
622 1908 825 2004 repulsi
851 1934 1048 1989 timore
1068 1932 1435 1988 multitudinis
1457 1930 1724 1987 defecisse
1745 1930 2078 1985 videremur.
2113 1908 2156 1966 Β

489 2027 650 2094 Quod
677 2027 732 2082 in
763 2027 948 2094 brevi,
975 2041 1084 2081 non
1113 2025 1167 2079 vi
1206 2025 1353 2080 illius
1379 2023 1777 2090 multitudinis,
1807 2023 1900 2079 sed
1928 2037 2082 2078 com-

494 2120 682 2177 missis
724 2127 780 2175 et
818 2119 1120 2176 sceleribus
1171 2117 1376 2173 nostris
1402 2117 1768 2188 exigentibus,
1803 2115 1956 2186 justo
1986 2114 2101 2169 Dei.

485 2211 724 2284 judicio,
751 2210 805 2265 in
840 2211 1002 2266 nobis
1028 2209 1360 2280 completum
1383 2219 1495 2276 est,
1520 2219 1582 2263 ut
1605 2209 1770 2279 paulo
1798 2215 1942 2278 post,
1972 2222 2081 2262 non

489 2320 557 2358 ex
587 2318 695 2370 me,
732 2304 826 2359 sed
857 2310 994 2357 nutu
1025 2309 1080 2357 et
1113 2301 1318 2357 auxilio
1363 2301 1457 2356 Dei
1480 2301 1749 2368 dictante,
1779 2300 2084 2356 edisserere

491 2394 751 2448 conabor.
770 2392 930 2448 Prius
945 2401 1150 2460 autem,
1174 2408 1244 2447 ne
1255 2393 1565 2463 prolixitate
1582 2393 1872 2448 verbmum
1897 2391 2085 2447 videar

490 2485 572 2541 rei
615 2485 863 2541 ordinem
930 2485 1299 2556 praeteriisse,
1357 2486 1636 2555 sequitur;
1699 2485 1962 2557 primates
2015 2485 2085 2540 ad

489 2577 782 2648 Cereptum
806 2577 1015 2632 circum
1042 2577 1190 2633 circa
1215 2591 1274 2633 se
1295 2577 1547 2633 ducendo
1569 2578 1770 2632 milites
1798 2577 2084 2632 Cercbitas

491 2669 827 2740 manumque
859 2669 1169 2740 pedestrem
1218 2668 1366 2723 illius
1398 2669 1588 2735 castri,
1634 2677 1688 2724 et
1713 2668 1980 2738 quosdam
2016 2683 2084 2722 ex

494 2761 733 2829 nostris,
779 2763 874 2833 qui
926 2769 1087 2818 nocte
1121 2761 1251 2816 illuc
1304 2760 1483 2817 ierant
1518 2776 1673 2816 more
1708 2769 2086 2832 propugnato-

491 2869 614 2911 rum
654 2870 822 2926 prope
857 2869 943 2923 se,
985 2854 1144 2925 quasi
1179 2853 1321 2910 bello
1367 2868 1462 2909 eos
1504 2854 1866 2920 lacessentes,
1901 2853 2085 2909 subito

492 2949 815 3020 inspiciunt.
859 2947 1071 3016 Quibus
1109 2948 1370 3020 inspectis
1407 2948 1622 3015 hostes,
1656 2948 1783 3004 licet
1815 2946 1886 3002 60
1917 2945 2086 3000 milli-

493 3041 596 3096 bus
634 3039 869 3094 militum
897 3039 983 3094 vel
1035 3039 1208 3107 ultra,
1252 3039 1437 3094 vallati
1485 3039 1822 3105 viderentur,
1859 3036 2088 3093 retentis

495 3139 688 3187 tamen
709 3129 968 3196 habenis,
1009 3143 1075 3185 ac
1100 3129 1167 3185 de
1201 3138 1357 3200 parte
1388 3128 1623 3200 pendula
1656 3128 1893 3198 sumptis
1923 3142 2088 3184 arcu-

495 3227 620 3293 bus,
657 3224 972 3296 parmisque
1003 3223 1073 3278 ab
1113 3222 1360 3278 humeris
1403 3222 1469 3278 ad
1508 3221 1761 3290 brachia,
1791 3233 1821 3276 a
1843 3219 2088 3276 brachiis

494 3318 563 3376 ad
613 3326 834 3390 pectora
884 3316 1188 3385 revocatis,
1229 3316 1391 3388 quasi
1440 3316 1626 3371 animo
1671 3315 1988 3380 titubantes,
2033 3323 2090 3369 et

504 3411 652 3483 .rtasi
701 3426 940 3483 pungere
967 3404 1291 3476 metuentes,
1342 3417 1492 3480 terga
1515 3408 1659 3464 versi
1707 3408 1991 3464 fremendo
2029 3422 2089 3464 se

495 3504 789 3560 habebant.
826 3501 934 3559 Sed
959 3518 1046 3559 res
1074 3511 1194 3578 erat
1218 3510 1360 3557 tecta
1399 3501 1592 3557 fraude
1625 3510 1679 3557 et
1708 3500 2000 3568 industria,
2029 3507 2091 3556 ut

497 3596 584 3653 his
626 3595 840 3652 indiciis
898 3595 1164 3650 remetius
1201 3609 1232 3648 a
1267 3594 1467 3650 castris
1529 3602 1751 3650 nostros
1801 3593 2091 3648 extrahere

377 3682 398 3696 '
501 3689 825 3760 potuissent.
843 3687 1001 3756 Quod
1026 3687 1252 3755 factum,
1277 3701 1420 3757 saepe
1444 3703 1473 3741 a
1497 3687 1748 3758 pluribus
1763 3687 2090 3742 bellatorum

496 3779 675 3836 cautis
736 3779 1170 3850 inspectoribus,
1210 3793 1310 3848 pro
1376 3777 1725 3848 improbitate
1781 3785 2088 3849 reputatur,

499 3872 625 3927 licet
667 3869 947 3926 multoties
972 3885 1039 3925 ex
1069 3869 1286 3926 astutia:
1332 3868 1552 3941 ingenio
1601 3869 1654 3924 id
1685 3869 1801 3924 fieri
1844 3884 2092 3940 compro-

501 3965 678 4018 bctur.
733 3961 919 4018 Nostri
959 3976 1091 4018 vero
1123 3962 1271 4017 virili
1311 3962 1540 4018 audacia
1580 3961 1732 4030 freti,
1771 3961 1989 4018 illorum
2037 3971 2099 4018 et

499 4055 786 4111 audaciam
819 4063 875 4110 et
905 4056 1184 4126 ingenium
1213 4057 1638 4125 ‘postponentes,
1665 4055 1906 4111 astrictis
1935 4056 2092 4110 lateri

500 4147 704 4219 clypeis
724 4188 740 4215 ,
768 4147 1002 4219 palpatis
1034 4147 1270 4215 lanceis,
1303 4147 1508 4219 pressis
1536 4147 1842 4202 calcaribus
1863 4189 1878 4212 ,
1918 4156 1978 4202 ut
1999 4147 2094 4202 de-

499 4247 588 4297 cet
623 4240 854 4307 milites,
895 4240 983 4296 his
1021 4240 1186 4296 simul
1230 4241 1522 4308 omnibus,
1570 4239 1626 4293 in
1659 4239 1871 4294 medios
1906 4240 2094 4296 hostes

501 4347 561 4388 se
592 4332 911 4399 conferunt,
961 4333 1274 4404 ictibusque
1317 4332 1529 4403 asperis
1564 4330 1824 4386 militarie
1873 4339 2092 4402 agentes

502 4427 772 4497 quosdam
820 4435 1180 4497 prosternunt
1227 4425 1415 4491 humi,
1452 4424 1700 4480 vicissim
1746 4423 1921 4478 efluso
1963 4440 2090 4480 san-

503 4519 685 4588 guine,
719 4519 984 4588 quosdam
1008 4517 1343 4588 compellunt
1367 4515 1433 4571 ad
1465 4524 1670 4571 tartara
1692 4516 1881 4572 devehi
1908 4516 2093 4572 lethali

503 4607 746 4664 vulnere.

1120 4699 1353 4755 CAPUT
1391 4699 1458 4753 111

584 4794 709 4851 Ηωο
763 4795 907 4850 inter
944 4795 1203 4865 praeludia
1251 4794 1546 4850 Rotbertus
1580 4795 1645 4849 de
1672 4794 1848 4850 Veteri
1900 4806 2090 4866 ponte,

509 4889 655 4942 haud
700 4889 942 4960 segniter
988 4903 1189 4958 agens,
1235 4903 1389 4942 more
1417 4887 1578 4942 solito
1620 4889 1874 4957 probitati
1919 4890 2092 4944 iulia:-

505 4982 697 5048 rendo,
730 4997 855 5036 cum
903 4981 1104 5050 impetu
1137 4980 1347 5035 strenui
1377 4981 1545 5034 animi
1576 4990 1627 5035 et
1652 4982 1939 5036 velocitate
1964 4982 2090 5052 equi

507 5073 591 5128 sui
623 5071 976 5138 ferocissimi,
1008 5073 1193 5142 plures
1226 5073 1442 5127 illorum
1487 5075 1749 5145 gregatim
1783 5076 2094 5144 equitantes

506 5163 743 5233 impctiit
779 5172 834 5218 et
877 5163 1182 5233 percussit,
1214 5165 1509 5235 statimque
1562 5166 1615 5220 in
1648 5156 1889 5237 quadam
1922 5167 2094 5223 fracta

506 5254 719 5320 lancea,
746 5249 974 5310 astricto
1005 5271 1266 5312 mucrone
1311 5257 1448 5312 alios
1483 5259 1855 5328 repercussit;
1876 5259 2094 5314 demum

507 5351 562 5397 et
613 5343 730 5411 ipse
782 5358 812 5396 a
863 5343 1111 5413 pluribus
1181 5361 1571 5416 repercussus,
1631 5364 1774 5418 equo
1828 5364 1930 5404 suo
1989 5350 2098 5405 telo

510 5434 800 5505 multiplici
829 5435 1125 5506 perforato,
1169 5439 1220 5494 vi
1271 5441 1568 5495 inevitabili
1611 5442 1919 5514 ingruente,
1944 5443 2094 5499 occi-

508 5527 612 5593 dit,
638 5543 740 5583 nec
773 5547 793 5580 ε
821 5529 1023 5585 oblitus
1054 5531 1214 5586 matri
1237 5548 1351 5587 suae
1383 5533 1497 5600 filii,
1536 5555 1554 5586 ι
1587 5535 1715 5591 licet
1743 5536 1953 5592 crebris
1974 5537 2096 5590 lan—

510 5636 736 5676 cearum
791 5622 1225 5695 sagittarumque
1274 5625 1476 5682 ictibus
1507 5619 1681 5682 ‘bumi
1737 5637 2097 5698 premeretur,

512 5715 758 5771 audacia:
787 5723 970 5772 tamen
1016 5718 1233 5774 levitate
1265 5718 1412 5777 vires
1464 5722 1796 5776 resumenda
1838 5723 2096 5791 surrexit,

513 5817 566 5863 ct
597 5823 732 5864 ense
776 5809 1133 5866 reverberans
1161 5818 1352 5866 contra
1383 5812 1595 5880 nititur,
1629 5812 1855 5882 suisque
1885 5811 2021 5868 visis
2048 5813 2098 5867 ei

514 5915 839 5961 st'ccurrere
868 5903 1310 5976 properantibus,
1333 5919 1634 5978 properans
1667 5906 1972 5962 animosius
1989 5906 2100 5961 ela-

2124 4606 2172 4663 D

2172 639 2403 694 viribus.
2453 655 2475 688 i
2525 634 2636 690 Nec
2687 647 2864 698 mora,
2913 627 3272 690 conveniunt,
3323 624 3476 694 eique
3511 625 3674 685 alterum

2171 746 2377 802 equum
2425 727 2768 791 attribuunt;
2814 737 2926 793 quo
2974 717 3327 782 ascendente,
3369 715 3562 769 vibrato
3593 732 3675 776 ense

2173 824 2340 880 sociis
2388 820 2608 892 inquit,
2667 837 2689 869 ι
2749 817 2975 872 allatum
3024 813 3276 868 dolorem
3315 807 3539 863 vindicta
3572 824 3679 878 posse

2174 915 2369 972 minui.
2408 931 2428 966 ι
2462 911 2588 968 Mox
2616 910 2723 966 illis
2742 909 2992 980 junctus,
3021 905 3220 960 iterum
3271 898 3436 956 simul
3471 899 3521 954 in
3557 900 3680 960 hostes

2173 1009 2420 1073 irruunt;
2447 1005 2619 1061 robur
2641 1016 2796 1068 vero,
2813 999 3058 1055 illatione
3081 996 3189 1052 sibi
3217 993 3363 1050 facta
3383 992 3541 1063 priori
3556 993 3681 1060 siili,

2174 1101 2357 1173 pulsat
2382 1099 2636 1163 humum,
2667 1102 2947 1166 protectus
2971 1092 3187 1162 clypeo,
3211 1086 3310 1142 Dei
3332 1084 3582 1156 juvamine
3595 1087 3684 1140 vitat

2177 1195 2430 1253 exitium.
2461 1193 2604 1260 Quid
2627 1192 2696 1248 de
2724 1187 3042 1246 sodalibus?
3063 1185 3210 1242 lctus
3231 1181 3441 1238 militia:
3459 1179 3688 1250 probabiles

2179 1289 2385 1360 quique
2438 1301 2541 1342 suo
2577 1285 2724 1350 loco,
2753 1281 2944 1338 densis
2971 1278 3214 1335 hostium
3241 1272 3512 1347 gregibus,
3535 1281 3688 1330 strenue

2179 1379 2442 1435 inferunt.
2473 1374 2707 1430 Aliunde
2719 1374 2885 1430 etiam
2909 1372 3117 1427 Alanus
3130 1368 3381 1440 ejusdem
3406 1365 3556 1420 castri
3569 1363 3691 1420 domi-

2181 1486 2309 1537 nus,
2362 1469 2571 1524 familia
2622 1465 2927 1522 domestica
2958 1463 3280 1527 comitatus,
3320 1457 3539 1513 viriliter
3567 1457 3690 1528 egisse

2180 1563 2454 1629 cernitur;
2485 1577 2611 1615 nam
2641 1558 2895 1614 hostibus
2925 1554 3259 1620 resistendo,
3300 1551 3422 1607 vice
3458 1550 3581 1606 muri
3600 1551 3699 1606 imis

2182 1666 2304 1723 tur;
2331 1663 2388 1710 et
2413 1654 2467 1708 in
2489 1653 2768 1724 sequendo
2794 1653 2879 1706 leo
2901 1649 3239 1722 perhibetur.
3265 1645 3410 1714 Quid
3437 1645 3500 1700 de
3517 1646 3695 1701 meris?

2183 1748 2359 1803 ultum
2385 1745 2687 1810 venientes,
2715 1743 2926 1814 priores
2947 1739 3229 1812 prioribus
3253 1738 3311 1792 in
3340 1736 3538 1807 agenda
3559 1737 3698 1804 millia,

2183 1847 2239 1892 et
2255 1848 2491 1908 praeesse
2513 1843 2568 1890 et
2586 1833 2754 1889 videri
2775 1832 3086 1902 captabant.
3105 1827 3212 1884 Sed
3238 1837 3302 1884 ut
3321 1828 3501 1883 verius
3516 1827 3698 1898 eloquar,

2185 1945 2295 1984 non
2323 1927 2643 1999 appenditii,
2671 1926 2764 1981 sed
2793 1924 3072 1979 naturales
3117 1921 3326 1976 milites
3347 1920 3405 1975 in
3430 1920 3601 1975 dandis
3617 1921 3703 1976 icti-

2183 2024 2288 2079 bus
2317 2031 2372 2078 et
2396 2019 2810 2092 prosternendis
2842 2017 3095 2074 hostibus
3141 2013 3348 2086 singuli
3397 2013 3602 2084 singulis
3616 2029 3704 2083 pro-

2188 2121 2369 2184 desse,
2396 2134 2463 2174 ex
2489 2133 2549 2172 re
2573 2114 2781 2171 Christi
2826 2114 3028 2170 milites
3069 2110 3189 2168 ﬁeri
3238 2109 3565 2180 satagebant.
3598 2107 3710 2163 Multi

2187 2222 2368 2268 tamen
2395 2211 2575 2267 vocati
2608 2209 2663 2264 in
2690 2208 2788 2263 illo
2827 2206 3106 2272 conﬂictu,
3166 2219 3279 2259 non
3326 2211 3540 2259 strenue
3574 2202 3710 2257 decer-

2185 2305 2373 2372 taudo,
2403 2303 2497 2359 sed
2527 2310 2664 2357 nutu
2688 2297 2784 2356 Dei
2805 2299 3134 2365 resistendo,
3162 2293 3713 2353 convaluerunt.an

2185 2413 2338 2464 vero,
2393 2395 2640 2467 ejusdem
2695 2401 2856 2459 nutu,
2919 2407 3030 2447 non
3081 2391 3324 2446 ferentes
3383 2387 3713 2444 immanitatem

2186 2492 2451 2558 hostium,
2476 2489 2592 2546 sole
2616 2497 2872 2560 vergente
2919 2487 2988 2541 ad
3018 2499 3300 2550 occasum,
3328 2482 3554 2554 quisque
3573 2478 3716 2535 tamin

2185 2593 2368 2640 castro
2382 2598 2548 2654 quam
2569 2590 2623 2637 et
2648 2581 2800 2647 alibi,
2818 2578 3014 2634 affectu
3048 2577 3221 2632 nimio
3243 2576 3445 2647 quaerit
3463 2571 3721 2645 quiescendi

2186 2678 2414 2743 aditum,
2444 2675 2588 2730 haud
2621 2671 2932 2738 immerito;
2983 2670 3060 2726 ibi
3089 2670 3237 2725 enim
3285 2669 3475 2723 minus
3493 2668 3720 2728 damnum,

2185 2770 2367 2841 majus
2397 2767 2593 2838 majori
2618 2767 2823 2822 damno
2866 2763 3096 2820 exstitit.
3148 2761 3324 2833 Magis
3353 2759 3549 2816 etenim
3575 2772 3728 2830 paupe-

2185 2880 2276 2919 res
2297 2879 2363 2918 ex
2395 2861 2626 2917 minimo
2647 2874 2812 2930 quam
2856 2857 3053 2912 divites
3083 2871 3151 2911 ex
3199 2854 3444 2910 maximo
3489 2852 3600 2907 laedi
3639 2864 3726 2905 cre-

2187 2957 2411 3011 duntur.
2441 2953 2522 3009 Ex
2571 2953 2658 3008 his
2685 2953 2872 3022 itaque
2904 2951 2959 3005 in
2991 2957 3176 3005 castro
3227 2947 3454 3019 quidam
3496 2943 3730 3016 hospitati,

2188 3049 2410 3120 quidam
2444 3047 2499 3101 in
2527 3046 2772 3102 exercitu
2803 3058 2929 3100 sero
2958 3041 3162 3098 reversi
3210 3038 3732 3110 sunt.-_Referuntque

2189 3141 2496 3197 curialibus
2511 3147 2632 3194 acta
2651 3137 2757 3194 diei
2780 3136 3070 3208 praeteritae
3096 3135 3310 3189 militiae
3331 3133 3592 3196 illuxisse,
3607 3131 3735 3192 unde,

2114 3253 2160 3314 ο
2188 3239 2251 3287 ut
2299 3247 2421 3288 mos
2465 3230 2702 3285 militum
2755 3228 2999 3293 inolevit,
3046 3227 3283 3298 quisque
3315 3225 3657 3296 conqueritur
3680 3222 3734 3276 ibi

2190 3337 2301 3376 non
2328 3320 2519 3376 fuisse.
2546 3318 2666 3386 Quo
2690 3317 2898 3384 audito,
2943 3317 3200 3387 princeps
3229 3316 3505 3372 citissime
3531 3327 3741 3386 proceres

2192 3413 2260 3468 ad
2306 3427 2366 3468 se
2413 3411 2674 3466 accersiri
2717 3409 2895 3480 jubet,
2929 3418 2991 3464 ut
3040 3424 3207 3478 super
3233 3408 3549 3463 imminenti
3570 3405 3742 3475 negotio

2191 3522 2291 3578 pro
2315 3505 2581 3562 relatione
2606 3505 2662 3558 in
2686 3503 2946 3559 conflictu
2977 3501 3359 3568 existentium,
3416 3516 3546 3556 cum
3589 3499 3659 3555 eis
3676 3497 3747 3550 de-

2190 3606 2381 3655 cernat
2406 3596 2541 3668 quid
2569 3597 2758 3652 eadem
2785 3603 2946 3651 nocte
2988 3596 3076 3651 vel
3100 3610 3263 3650 mane
3293 3594 3418 3650 fieri
3443 3593 3644 3649 deceat.
3669 3588 3749 3642 Vo-

2192 3691 2299 3747 cati
2327 3691 2561 3757 adsunt,
2605 3689 2788 3760 agitur
2825 3703 2993 3743 causa
3026 3687 3326 3758 praalibata.
3354 3685 3581 3741 Auditis
3598 3684 3756 3739 relato—

2192 3785 2368 3850 ribus,
2401 3792 2462 3838 ut
2507 3783 2666 3838 decet
2694 3781 2927 3836 militem
2971 3780 3140 3836 animi
3182 3779 3585 3842 strenuissimi,
3613 3774 3755 3831 domi-

2194 3893 2299 3933 nus
2324 3876 2476 3947 prior
2505 3875 2682 3946 inquit
2708 3893 2720 3929 :
2755 3894 2774 3926 ι
2805 3873 3147 3930 Accedamus
3178 3887 3345 3927 mane
3395 3871 3472 3926 ad
3499 3870 3759 3938 Ccrepum;

2193 3969 2520 4024 accedamus
2559 3967 2814 4022 vicinius.
2854 3965 2977 4033 Quo
3003 3965 3048 4020 si
3093 3962 3376 4029 venerint,
3417 3960 3704 4018 strenuitas
3725 3965 3761 4009 et

2193 4076 2348 4115 amor
2377 4059 2472 4114 Dei
2495 4058 2722 4126 militia},
2739 4059 2944 4129 quibus
2967 4056 3204 4128 promoti
3238 4056 3450 4110 ulcisci
3483 4052 3765 4124 sanguinein

2195 4169 2483 4211 servorum
2514 4168 2744 4208 suorum
2791 4151 3067 4217 venimus,
3093 4149 3338 4220 perfidia:
3391 4145 3764 4204 multitudinem

2196 4264 2306 4303 non
2364 4247 2641 4312 formidet,
2707 4244 2803 4301 sed
2845 4253 3069 4300 strenue
3117 4242 3493 4309 decertando,
3549 4249 3770 4311 tyranno-

2197 4356 2317 4396 rum
2356 4339 2566 4395 nitatur
2625 4337 2853 4408 perdere
2901 4335 3198 4391 feritatem.
3255 4333 3431 4401 Quod
3489 4333 3597 4388 nisi
3645 4342 3772 4382 vene-

2197 4434 2326 4499 rint,
2358 4439 2580 4502 sumpto
2607 4429 2844 4486 consilio
2864 4428 3115 4500 sequenti
3140 4427 3229 4482 die
3253 4427 3326 4482 ad
3376 4427 3615 4482 illorum
3634 4430 3775 4477 teuto-

2199 4527 2278 4580 ria
2308 4525 2412 4580 iter
2439 4523 2766 4594 dirigamus.
2806 4540 2825 4574 ι

2799 4612 3030 4670 CAPUT
3089 4612 3153 4666 IV

2271 4708 2368 4764 His
2405 4709 2590 4765 verbis
2641 4724 2771 4779 pars
2801 4723 3090 4778 procerum
3138 4704 3472 4761 resistendo
3516 4703 3785 4756 inbm‘rel

2199 4817 2326 4871 pars
2375 4809 2556 4855 autem
2602 4800 2672 4854 ab
2701 4799 2796 4853 illo
2834 4799 2956 4853 loco
2997 4795 3317 4867 retrograde
3372 4793 3629 4850 tentoria
3662 4789 3786 4861 jum‘

2199 4908 2388 4963 rupem
2422 4892 2644 4963 provehi
2675 4892 3024 4946 consuluere.
3050 4889 3185 4943 Pars
3207 4888 3496 4958 equidem
3529 4882 3786 4941 consilium

2199 4985 2406 5039 domini
2460 4985 2679 5039 salubre
2707 4982 2970 5050 decrevit,
2996 4991 3048 5037 et
3093 4982 3142 5035 ei
3168 4980 3497 5035 favendum
3525 4972 3786 5034 consulunt

2202 5077 2294 5131 Sic
2319 5076 2443 5130 facti
2497 5075 2765 5129 volvendo
2793 5084 2846 5129 ct
2877 5072 3207 5129 revolvendo
3251 5070 3406 5140 quid
3436 5070 3667 5128 decens.
3691 5057 3786 5132 quid

2199 5168 2480 5230 indecens,
2525 5166 2657 5235 quid
2717 5165 3032 5232 honestum,
3065 5164 3196 5235 quid
3249 5163 3665 5222 inhonestum,
3693 5147 3786 5227 (μιὶά

2200 5260 2334 5313 utile
2360 5259 2564 5329 quidve
2595 5258 2789 5313 inutile
2838 5258 2996 5313 ocius
3042 5257 3159 5312 fieri
3216 5266 3407 5326 queat
3459 5273 3536 5311 an
3571 5272 3696 5315 non,
3725 5255 3786 5318 pri

2196 5353 2450 5421 praesenti
2493 5345 2712 5422 negotio
2738 5351 2930 5405 utilius
2955 5356 3314 5404 autumantes
3371 5349 3606 5422 eligunt
3639 5343 3786 5403 eadem

2202 5454 2379 5510 recte,
2405 5453 2460 5498 et
2489 5445 2689 5499 milites
2738 5452 2793 5498 et
2842 5443 3053 5513 pedites
3100 5441 3167 5496 ad
3216 5440 3544 5511 pmfatum
3589 5443 3786 5495 casti-ua

2203 5536 2597 5592 transmittere.
2631 5535 3052 5605 Decernuntque
3100 5532 3431 5604 Malgerum
3472 5535 3550 5591 de
3580 5519 3786 5592 Altaviui

2201 5645 2328 5685 cum
2352 5629 2716 5700 quadraginta
2739 5627 3008 5682 militibus
3025 5641 3246 5682 summo
3259 5641 3458 5684 mane
3485 5629 3632 5682 ultra
3654 5623 3786 5680 distri

2201 5731 2288 5777 cta
2321 5722 2579 5789 militare,
2601 5729 2657 5776 et
2684 5721 2870 5776 decem
2925 5719 3129 5775 milites
3172 5721 3592 5789 speculatores
3622 5720 3686 5775 ad
3712 5723 3786 5772 turl

2204 5829 2316 5867 rem
2366 5813 2421 5868 in
2471 5813 2762 5868 cacumine
2813 5811 3022 5867 montis
3069 5811 3314 5882 positam
3381 5813 3663 5885 dirigere,
3696 5795 3786 5864 utsi

2203 5908 2391 5963 hostes
2415 5909 2480 5964 ad
2512 5907 2802 5979 Cereptum
2842 5907 3040 5964 iterum
3068 5904 3357 5978 venerint,
3406 5909 3598 5968 veloci
3620 5909 3785 5981 cipiat!
