3816 6306
88 411 212 482 1on

744 413 1071 475 GALTERII
1109 417 1573 474 CANCELLARII
1611 415 1834 471 BELLA
1873 415 2200 474 ANTIOCII.
2239 447 2313 460 —-
2337 417 2530 512 .PABS
2563 415 2624 473 ll.

3121 478 3126 483 .
3170 422 3308 477 mli.

83 548 236 599 astuto
267 535 428 591 milite
467 533 700 605 principi
745 535 1050 590 nuntietur.
1079 536 1395 605 Actumque‘
1415 542 1523 602 est,
1551 532 1614 588 P.
1649 535 1694 596 Α
1726 533 1848 588 viva
1876 533 2124 603 pontiﬁci
2149 533 2440 591 confessus
2487 540 2592 600 est,
2635 538 2965 603 acceptaque
2993 534 3307 604 paenitentia

79 627 450 700 archiepiscopo
472 625 788 696 Apamtensi
812 628 1156 695 consulente,
1171 636 1235 683 ut
1268 643 1466 684 omnes
1481 643 1614 695 una,

79 724 198 778 facto
215 721 382 776 edicto
409 713 504 790 per
531 721 856 787 exercitum,
886 718 1014 775 ante
1041 721 1220 776 lucem
1258 721 1329 776 ad
1351 720 1613 791 capellam

77 812 385 878 conveniant,
415 819 686 882 quatenus
715 811 790 866 ibi
816 811 928 866 vita
967 821 1023 868 et
1047 813 1294 870 moribus
1317 811 1614 879 emendati,

77 906 178 960 cibo
201 912 429 974 potuque
475 902 684 958 caelesti
713 901 921 971 refecti,
955 904 1010 959 in
1051 903 1150 960 Dei
1192 903 1439 972 servitio,
1474 903 1615 960 etin

77 994 261 1051 nomine
296 995 431 1065 ejus,
454 1003 520 1049 ut
564 995 722 1050 decet
749 995 975 1064 milites,
1011 997 1196 1053 vivere
1216 997 1302 1052 vel
1345 995 1488 1052 mori
1517 1011 1616 1052 va-

75 1088 210 1141 leant.
254 1085 440 1157 Fitque
468 1087 710 1142 ediaum
751 1087 919 1144 illico.
972 1087 1112 1144 Dum
1161 1090 1278 1146 haec
1302 1100 1613 1161 agerentur,

74 1175 198 1231 aluit
211 1185 350 1232 extra
372 1175 566 1232 mulier
592 1178 856 1246 lunatica,
871 1194 976 1235 usa
1003 1179 1093 1236 his
1113 1181 1372 1237 vocibus:
1395 1201 1414 1234 ι
1437 1182 1614 1254 Agite,
1636 1200 1638 1202 '

72 1269 214 1337 agite;
236 1283 328 1323 nec
355 1269 448 1324 diu
479 1269 692 1341 utique.
729 1269 874 1326 Cras
896 1272 1051 1327 enim
1072 1288 1240 1328 manu
1261 1272 1448 1330 hestili
1477 1292 1617 1346 prae-

74 1360 268 1426 valente,
290 1363 584 1431 amputatis
627 1365 922 1434 capitibus,
969 1381 1098 1436 quae
1132 1366 1400 1423 hactenus
1425 1367 1634 1423 abstu-

73 1453 206 1519 Iisiis,
233 1469 344 1508 mea
369 1454 507 1508 mihi
559 1457 828 1528 regimina
869 1458 1176 1514 dimittetis.
1218 1477 1236 1510 ι
1283 1458 1417 1526 Quae
1449 1462 1640 1518 verba

70 1546 251 1616 spiritui
300 1548 602 1618 prophetiae
644 1565 950 1620 cong:uere
991 1552 1062 1606 ab
1091 1551 1288 1608 eﬂ'ectu
1333 1556 1617 1624 sequentis

68 1639 152 1693 diei
177 1641 569 1710 perpendimus.
624 1640 666 1695 ll
679 1643 726 1699 is
755 1644 979 1712 auditis,
1003 1645 1229 1716 quidam
1276 1646 1450 1704 risere
1477 1664 1614 1704 con-

68 1731 256 1786 sternati
279 1724 738 1804 animo,'qnidam
765 1737 958 1793 utilius
1001 1747 1350 1809 reputavere,
1383 1741 1528 1811 apud
1554 1758 1614 1798 se

65 1823 266 1880 admissa
287 1825 423 1880 mala
449 1825 654 1882 dellere
669 1829 834 1883 serio.
866 1828 1009 1895 Quid
1024 1830 1272 1901 singula?
1296 1830 1614 1889 Lieentiatis

68 1915 322 1974 barenibus
347 1919 528 1975 noctis
556 1920 744 1990 quiete
777 1923 1036 1990 recreari,
1067 1923 1279 1980 vocatis
1299 1923 1617 1982 domesticis

66 2008 278 2080 princeps
298 2010 552 2080 imperat,
583 2022 642 2067 ut
670 2029 701 2067 a
729 2013 945 2084 signato
975 2015 1214 2071 termino
1236 2015 1490 2086 expedite
1521 2017 1618 2072 ﬁat

65 2101 169 2168 quid
191 2101 558 2170 decreverant,
588 2114 968 2176 monstratque
1011 2107 1093 2162 eis
1122 2107 1258 2177 quid
1309 2117 1366 2162 et
1411 2107 1526 2176 ubi,
1561 2118 1619 2165 et

63 2193 298 2260 quomodo
321 2195 391 2250 sit
413 2197 712 2266 agendum.
749 2196 1066 2270 Vocatoque
1103 2199 1372 2257 secretius
1399 2202 1618 2258 cancel-

65 2284 192 2350 lario,
216 2303 332 2341 cum
353 2303 419 2342 eo
435 2287 710 2345 discernit
737 2291 868 2362 quid
911 2307 1014 2361 pro
1043 2291 1354 2348 imminenti
1397 2294 1617 2365 negotio

67 2375 159 2428 lieri
202 2378 488 2433 conveniat
543 2395 709 2450 super
763 2381 850 2438 his
897 2398 1021 2454 quae
1074 2383 1432 2441 bellaturibus
1460 2385 1617 2442 oneri

63 2466 360 2524 videbantur.
410 2469 557 2526 Hinc
598 2473 786 2544 itaque
829 2483 886 2530 et
933 2475 1058 2531 inde
1105 2477 1402 2533 eventilata
1446 2494 1616 2535 causa

65 2561 351 2631 necessaria,
373 2573 576 2620 vocato
603 2567 934 2636 camerario,
979 2569 1300 2640 vocatisque
1325 2569 1615 2626 familiari-

63 2651 162 2719 bus,
183 2664 350 2712 actum
383 2667 447 2714 ut
469 2673 606 2714 vasa
637 2660 875 2730 pretiosa
921 2671 977 2718 et
1003 2664 1184 2719 omnis
1202 2664 1458 2734 ‘supellex
1483 2680 1617 2720 one-

63 2755 181 2809 rosa,
206 2758 355 2805 nocte
392 2751 464 2806 ad
517 2758 730 2807 turrem
786 2751 1012 2821 Artesii,
1053 2753 1311 2826 episcopo
1333 2772 1616 2814 commen-

61 2834 205 2892 danda
231 2838 592 2898 deferrentur.
636 2840 920 2914 Sequitur,
972 2854 1243 2901 vocantur
1292 2846 1613 2919 Turcopuli,

61 2939 288 2987 vocantur
322 2943 373 2989 et
413 2933 645 3004 famuli;
673 2935 774 2992 his'
811 2937 866 2992 id
918 2937 1039 2994 ﬁeri
1085 2938 1319 3009 imperat
1357 2940 1616 2999 dominus

61 3020 227 3090 subito,
254 3027 422 3094 parati
447 3027 671 3084 eminus
690 3038 884 3098 parent
906 3029 1158 3101 imperio.

641 3117 877 3175 CAPUT
922 3119 987 3176 ν.

1720 627 1948 698 praefato
1986 628 2156 684 simili
2212 628 2417 684 viatico
2473 625 2688 682 Domini
2751 636 3054 698 vegetatus,
3095 628 3307 694 abiens,

1719 729 1846 776 ante
1876 720 2098 786 tentorii
2147 721 2466 794 ingressum
2509 719 2843 790 pauperibus
2879 719 3109 786 Christi,
3142 719 3212 775 ab
3242 735 3312 776 eo

1717 811 2038 868 alimoniam
2067 813 2413 884 petentibus,"
2443 810 2664 883 propria
2709 827 2875 866 manu
2932 828 3136 868 munus
3160 811 3312 884 prin—

1717 903 1894 975 cipale
1917 905 2038 960 auri
2065 905 2310 975 pondera
2327 903 2653 962 cbaritative
2680 904 2958 977 erogavit;
2980 915 3314 977 paratusque

1719 1011 1873 1053 more
1901 997 2072 1054 solito
2100 1007 2263 1062 mane
2289 997 2540 1069 spatiari,
2563 1001 2766 1067 equum
2805 997 3070 1068 ascendit.
3117 997 3314 1055 Allatis

1718 1089 1826 1146 sibi
1880 1089 2097 1158 avibus,
2127 1090 2313 1146 allatis
2339 1091 2525 1161 parvis
2573 1089 2824 1156 canibus,
2871 1089 3119 1146 adductis
3165 1090 3310 1156 aliis,

1725 1182 1966 1252 sumptis
1993 1181 2297 1250 venabulis,
2325 1181 2628 1253 prmussis
2653 1181 2839 1252 pueris
2879 1197 3003 1236 cum
3033 1183 3310 1238 venatori-

1720 1273 1845 1340 bus,
1902 1284 1962 1330 ut
2004 1273 2169 1329 decet
2221 1273 2547 1345 principem,
2604 1274 2721 1344 ipse
2763 1272 3151 1345 subsequitur;
3181 1274 3314 1331 hinc

1718 1381 1884 1438 agros
1911 1374 1968 1422 et
2010 1366 2182 1422 valles
2208 1375 2483 1438 peragrat,
2511 1365 2637 1422 inde
2675 1375 2890 1422 montes
2920 1375 2976 1436 et
3001 1367 3170 1436 colles
3199 1366 3310 1422 cir-

1719 1459 1861 1524 cuit,
1907 1457 2039 1514 binc
2059 1474 2190 1513 aves
2220 1457 2366 1528 capit
2403 1457 2620 1526 avibus,
2671 1457 2798 1514 inde
2843 1457 2990 1514 feras
3015 1459 3314 1530 prosternit

1717 1550 1972 1607 canibus.
2035 1548 2234 1606 Subito
2279 1559 2464 1606 autem
2513 1558 2700 1606 motus
2746 1551 2934 1606 animo
2985 1550 3169 1607 futura
3205 1551 3312 1608 sibi

1717 1651 2096 1715 praetentante,
2119 1643 2436 1715 speculandi
2465 1659 2634 1700 causa
2655 1643 2899 1702 dimissis
2929 1644 3076 1701 ludis
3097 1646 3166 1701 ad
3197 1654 3314 1701 tur-

1717 1753 1836 1794 rem
1865 1737 1969 1794 iter
1995 1737 2200 1809 dirigit.
2233 1736 2358 1804 Quo
2386 1737 2644 1806 abeunte,
2671 1736 2827 1793 adest
2859 1738 2910 1792 ei
2940 1737 3167 1794 nuntius
3183 1736 3314 1806 equi

1718 1843 1887 1884 cursu
1904 1825 2312 1895 velocissimus,
2332 1828 2421 1884 cui
2443 1828 2707 1885 dominus
2725 1847 2738 1883 :
2763 1847 2782 1880 ι
2803 1825 2946 1894 Quid
2971 1842 3073 1898 pro
3089 1827 3267 1884 serio?
3284 1846 3307 1880 ι

1651 1895 1700 1950 Β
1719 1919 1778 1976 1d
1802 1921 1858 1978 ei
1886 1921 2120 1978 nuntius
2148 1940 2162 1978 :
2193 1939 2212 1976 ι
2249 1920 2415 1979 Hisce
2445 1921 2622 1978 oculis
2671 1921 2914 1978 hostium
2963 1895 3176 1977 turmas
3223 1919 3312 1976 in-

1719 2020 1904 2078 tuens,
1949 2001 2046 2081 per
2103 2012 2336 2082 abrupta
2387 2011 2660 2067 montium
2713 2020 2767 2067 et
2815 2011 3112 2082 devallium
3168 2011 3310 2078 loea,

1716 2103 1964 2174 inquam,
1977 2103 2144 2159 etiam
2165 2103 2408 2159 ferarum
2451 2104 2736 2176 gressibus
2749 2118 3031 2174 nunquam
3044 2103 3310 2174 patentia,

1717 2209 1785 2251 ex
1813 2196 1990 2251 tribus
2019 2195 2269 2266 partibus
2299 2195 2500 2265 triplici
2545 2195 2688 2250 bello
2715 2195 2986 2266 expedite.
3010 2195 3068 2250 in
3098 2209 3198 2264 nos
3221 2209 3313 2250 ac-

1717 2285 1912 2341 cedere
1948 2300 2049 2356 pro
2095 2301 2227 2340 vero
2256 2285 2472 2340 nuntio.
2519 2273 2952 2356 Innumerasque
2997 2286 3147 2343 acies
3200 2294 3314 2342 tam

1717 2377 1935 2434 vexillis
1955 2393 2124 2450 quam
2146 2387 2201 2434 et
2221 2378 2346 2433 aliis
2379 2376 2680 2446 Zifeorum,
2709 2377 2816 2434 hoc
2855 2385 2944 2434 est
2969 2378 3177 2435 mundo
3213 2378 3313 2434 ﬁo-

1719 2479 1924 2538 rentes,
1954 2471 2168 2541 pompis
2199 2471 2507 2536 decoratas,
2535 2469 2745 2540 priores
2790 2469 3056 2542 subsequi
3083 2470 3314 2526 ﬁrmiter

1717 2576 1926 2618 assero.
1969 2581 1988 2614 ι
2024 2561 2108 2617 Ad
2138 2562 2257 2617 haec
2278 2561 2535 2632 princeps
2567 2579 2582 2616 :
2620 2580 2638 2613 ι
2676 2558 2845 2618 Nobis
2886 2561 3076 2618 datum
3102 2570 3190 2618 est
3214 2577 3309 2632 pro

1717 2654 1938 2712 Christo
1955 2670 2068 2711 non
2096 2654 2276 2712 solum
2293 2663 2354 2711 ut
2377 2654 2432 2708 in
2449 2670 2578 2710 eum
2599 2653 2890 2711 credamus
2907 2696 2924 2723 ,
2942 2669 3132 2711 verum
3147 2655 3306 2711 etiam

1716 2760 1778 2804 ut
1818 2764 1919 2828 pro
1951 2749 2046 2805 illo
2087 2748 2361 2819 patiamur
2388 2748 2559 2820 (Phil.
2591 2765 2632 2817 ι,
2673 2748 2789 2818 ‘29),
2821 2759 2876 2805 et
2901 2750 2948 2805 ei
2975 2750 3124 2820 quod
3148 2749 3306 2806 debe-

1715 2853 1842 2894 mus
1890 2837 2135 2894 debitum
2175 2837 2292 2908 jam
2346 2837 2676 2906 reddamus,
2719 2838 2972 2895 videlicet
3021 2849 3084 2896 ut
3131 2839 3317 2896 omnis
3391 2867 3396 2900 ξ

1714 2939 1903 2986 nostra
1953 2929 2240 2987 rationalis
2286 2931 2542 3002 voluntas
2589 2931 2711 3002 ejus
2753 2931 3023 2988 voluntati
3067 2931 3313 3001 subjecta

1714 3031 2060 3093 permaneat,
2091 3029 2147 3078 et
2167 3022 2264 3093 qui
2301 3023 2571 3078 honorem
2613 3023 2764 3080 illius
2808 3024 2866 3079 in
2894 3023 3054 3081 nobis
3082 3023 3320 3080 violavi-

1715 3127 1862 3180 mus,
1917 3113 2226 3169 secundum
2283 3113 2700 3186 exhortationis
2738 3112 2966 3171 factam'
3002 3114 3313 3180 molestiam

117 3203 372 3266 Exercitus
393 3225 533 3266 vero
553 3210 702 3266 haud
728 3212 936 3269 oblitus
955 3213 1141 3283 edicti,
1173 3224 1300 3274 ante
1327 3215 1505 3273 lucem
1537 3217 1604 3274 ad
1634 3253 1680 3316 ο
1711 3205 1888 3262 cidem
1913 3203 2184 3262 salvatori
2205 3215 2419 3276 nostro.
2447 3221 2550 3286 nos
2577 3206 2749 3278 ipsos.
2789 3221 2917 3264 cu
2951 3207 3128 3279 ipsius
3151 3207 3313 3278 adia-

59 3295 302 3354 ecclesiam
331 3302 694 3370 conveniunt,
742 3303 837 3359 ubi
883 3303 996 3361 Deo
1043 3307 1324 3363 altissimo.
1354 3309 1530 3364 (πω-(ιε’
1553 3319 1609 3365 ει
1634 3295 1690 3316 “‘
1714 3299 1876 3368 torio,
1899 3313 2010 3356 non
2033 3307 2356 3369 peccaturos
2381 3297 2768 3355 rcstituamus.
2787 3295 2931 3354 aliis
2946 3296 3314 3354 ﬁnitisacCer-

56 3401 136 3441 ore
152 3392 530 3461 supplicantes,
554 3395 846 3453 matutinis
871 3397 1131 3456 laudibus
1155 3399 1460 3473 invigilant.
1475 3400 1612 3468 Qui-

61 3475 325 3550 buslinitis,
347 3483 807 3557 archiepiscopus
827 3486 884 3542 in
920 3498 1151 3561 utraque
1180 3491 1374 3548 militia
1399 3492 1483 3548 vir
1501 3493 1612 3549 ele-

57 3570 392 3646 gantissimus,
425 3574 488 3633 et
514 3577 602 3634 de~
627 3579 840 3636 cmlesti
885 3593 940 3637 et
991 3581 1060 3639 de
1109 3584 1355 3640 terrestri
1399 3599 1612 3640 sermo-

57 3657 273 3732 cinando,
333 3686 358 3719 ιΔ
408 3668 496 3725 sic
536 3668 916 3726 inluerendum
970 3674 1214 3728 terrestri
1262 3673 1630 3732 Christianus,

56 3750 229 3824 docuit,
251 3768 308 3815 ut
332 3759 387 3816 in
413 3761 650 3830 ctelesti,
679 3763 919 3834 gratuita
941 3764 1146 3835 pietate
1178 3764 1306 3834 Dei,
1327 3781 1609 3822 mereren-

58 3853 130 3899 tur
152 3847 310 3920 ipsius
335 3854 546 3910 milites
563 3856 840 3911 coronari.
872 3875 892 3909 ι
935 3858 939 3860 ’

621 3943 854 4001 CAPUT
913 3944 1001 4002 Vl.

115 4025 250 4086 Mane
280 4041 464 4090 autem
493 4033 660 4104 facto,
675 4036 863 4092 divino
877 4037 1056 4095 cilicio
1080 4038 1378 4108 celebrato,
1393 4039 1610 4111 publica

56 4116 386 4192 confessione,
414 4124 642 4195 publica
665 4126 1082 4198 lamentatione,
1114 4145 1308 4189 omnes
1339 4148 1400 4188 se
1420 4141 1612 4188 contra

58 4207 204 4281 legem
226 4212 314 4271 Dei
345 4233 608 4287 peccasse
629 4220 1112 4292 voceproﬁtentur
1141 4225 1452 4283 unanimes.
1481 4225 1612 4282 Sina

58 4302 245 4375 gulique
293 4309 511 4366 delictis
572 4313 830 4370 omnibus
891 4314 1096 4385 quibus
1153 4315 1338 4374 infecti
1395 4317 1626 4376 fuerant.

57 4394 482 4472 abrenuntiando,
509 4405 840 4475 conﬁtendo,
871 4405 985 4463 Deo
1014 4420 1070 4464 et
1097 4397 1630 4484 pontilici.devoti_s-'

57 4485 172 4543 sime
191 4494 560 4561 promiserunt
583 4497 730 4568 quod
762 4498 819 4553 in
843 4499 957 4567 illa,
999 4501 1172 4556 autin
1200 4501 1286 4559 bis
1313 4503 1610 4572 similibus,

1714 3393 1822 3450 sito
1839 3407 2110 3464 agosone,
2121 3391 2406 3448 accersitis
2416 3391 2767 3463 praeconibus
2795 3391 3032 3463 imperat
3052 3390 3314 3464 dominus

1713 3493 1890 3540 totum
1943 3484 2246 3542 exercitum
2295 3483 2470 3540 armis
2519 3483 2711 3554 parari
2757 3482 3016 3550 eminus,
3068 3482 3314 3553 libetque

1714 3576 2015 3647 praeconari
2043 3591 2176 3632 voce
2204 3577 2492 3648 propatula
2520 3583 2581 3631 ut
2602 3575 2872 3642 universi,
2918 3575 3109 3631 audito
3132 3573 3316 3646 primo

1715 3670 1896 3725 sonitu
1929 3669 2172 3742 gracilis,
2199 3668 2464 3726 festinent
2496 3667 2708 3725 bellicis
2735 3667 2910 3736 indui,
2951 3675 3008 3724 et
3047 3668 3312 3736 secunda,

1715 3762 1912 3832 parati,
1943 3762 2168 3818 aciebus
2191 3761 2314 3818 sibi.
2339 3760 2726 3834 praeordinatis
2755 3769 2868 3816 tam
2917 3761 3120 3818 milites
3143 3777 3312 3833 quam

1714 3863 1770 3910 et
1791 3855 1998 3926 pedites
2026 3854 2205 3926 parati
2230 3854 2410 3926 juncti
2431 3853 2783 3921 conveniant,
2813 3861 2870 3909 et
2891 3862 2954 3910 ut
2985 3853 3175 3909 audito
3202 3862 3314 3910 ter-

1717 3949 1814 4015 tio,
1845 3945 2076 4019 singulae
2101 3946 2547 4018 aciesproinOtte
2588 3942 2984 4016 signiferorum
3011 3944 3184 4000 ductu
3219 3960 3314 4001 ac-

1715 4038 1989 4108 cedentes,
2019 4055 2207 4096 coratn
2235 4038 2394 4111 signo
2415 4037 2600 4096 crucis
2623 4036 2844 4092 Domini
2873 4052 2934 4093 se
2956 4046 3308 4108 praesentem.

1715 4134 1826 4192 Nec
1854 4149 2046 4202 mora;
2100 4135 2250 4190 ﬁunt
2286 4133 2577 4206 praeconia»
2614 4131 2846 4204 imperio
2889 4132 3124 4202 domini,
3159 4148 3313 4203 voce

1715 4229 2025 4302 propatula,
2070 4229 2310 4300 ipseque
2327 4236 2522 4284 vectus
2545 4241 2692 4298 equo
2713 4225 3051 4295 eelerh'anle
3077 4225 3313 4282 tentoria

1716 4339 1868 4378 asina
1897 4323 2091 4378 bellica
2115 4335 2245 4378 ante
2284 4319 2354 4378 se
2380 4319 2626 4392 praecipit
2665 4318 2885 4376 advehi.
2911 4318 3036 4388 Quo
3064 4328 3310 4390 peracto,

1716 4424 1984 4486 praesente
2011 4413 2184 4485 priori
2223 4413 2445 4482 nuntio,
2475 4413 2638 4469 adest
2680 4421 2735 4468 et
2787 4411 2931 4468 alius
2957 4412 3150 4468 eadem
3181 4411 3311 4467 belli

1718 4506 1918 4564 indicia
1957 4521 2230 4562 asserens.
2266 4504 2438 4561 verbo
2467 4503 2772 4573 dissimili;
2824 4503 2903 4559 ait
2931 4503 3081 4560 enim
3105 4501 3258 4559 Ellos
3295 4521 3308 4557 :

56 4583 202 4676 ὅξθίίει
225 4584 316 4642 Dei
347 4598 682 4661 cooperante
713 4601 766 4647 et
797 4601 1137 4665 protegente,
1165 4611 1448 4666 nunquam
1492 4612 1613 4652 am-
1642 4616 1691 4676 ο
1723 4618 1742 4651 ι
1769 4598 1929 4654 Citra
1944 4607 2160 4655 montes
2181 4597 2429 4668 citraque
2449 4595 2697 4652 districta
2740 4595 2963 4661 adsunt,
2990 4593 3248 4652 vicimus.
3280 4613 3299 4645 ι

55 4670 174 4740 plius
217 4678 532 4738 inciderent.
587 4684 710 4751 Quo
764 4686 973 4757 audito,
1015 4689 1227 4759 praesul-
1271 4698 1624 4748 memoratus.

55 4763 246 4826 intuens
293 4773 452 4832 bonae
487 4777 786 4834 voluntatis
827 4778 1108 4848 allectum,
1158 4782 1383 4838 nomine
1415 4790 1472 4840 et
1505 4784 1613 4840 sub

55 4856 254 4915 Obtentu-
281 4880 420 4922 verae
441 4869 777 4939 paenitentiae
813 4869 1052 4942 iniunxit
1103 4873 1326 4944 cuique,
1360 4873 1408 4929 si
1431 4874 1612 4930 conti-

55 4946 200 5014 gissct
242 4965 432 5012 contra
478 4958 716 5029 perﬁdos
745 4970 1020 5018 certamen
1069 4962 1302 5036 ingredi,
1347 4979 1461 5020 non
1493 4965 1613 5021 suis

55 5038 238 5100 viribus
253 5053 636 5116 praesumendo
647 5053 788 5110 bene
809 5071 994 5127 agere,
1016 5065 1070 5112 et
1095 5057 1315 5112 illorum
1340 5057 1456 5114 sive
1469 5057 1632 5118 mori.

56 5131 154 5188 sive
175 5138 347 5198 vivere
371 5151 545 5200 totum
579 5145 692 5202 Deo
730 5150 1096 5205 committere.
1147 5149 1244 5206 llis
1269 5151 1454 5222 itaque
1479 5167 1625 5207 con--

57 5221 312 5288 ﬁrmati'et
339 5238 638 5306 pontiﬁcali
661 5239 1042 5298 benedictione
1065 5242 1285 5314 signati,
1309 5221 1538 5314 corpore
1559 5251 1616 5298 et

57 5322 296 5406 sanguine
321 5325 537 5384 Domini
565 5330 776 5400 refecti,
801 5332 888 5390 bis
917 5334 1090 5391 armis
1123 5335 1248 5392 ﬁdei
1276 5335 1611 5406 praemuniti,

57 5405 232 5468 bellum
271 5418 447 5476 adhuc
492 5421 837 5495 ignorantes,
873 5425 929 5479 in
970 5442 1071 5482 sua
1107 5405 1345 5499 quisque
1369 5422 1609 5484 tentoria

57 5507 310 5562 remeavit.
358 5508 622 5584 Princeps
671 5531 804 5572 vero
858 5516 1116 5574 suffultus
1153 5519 1341 5574 divino
1381 5517 1610 5590 Spiritu,

57 5600 164 5648 ante
187 5597 351 5656 altare
375 5601 512 5662 fusis
527 5606 786 5679 lacrymis
813 5624 915 5680 pro
939 5609 1199 5666 omnibus
1215 5626 1339 5681 qua:
1368 5610 1423 5666 in
1437 5610 1610 5666 Deum

56 5683 178 5788 iisti,
225 5695 431 5788 auditu,
467 5711 654 5773 gustu,
705 5703 938 5760 odoratu
977 5713 1033 5761 et
1085 5713 1231 5761 tactu
1283 5705 1612 5777 deliquerat,

54 5775 230 5882 (ξίξξηπ
267 5787 535 5860 maiestati
565 5812 626 5853 se
653 5811 810 5853 reum
843 5798 1087 5866 tradidit,
1135 5775 1461 5872 singulaque
1512 5775 1614 5858 sua

53 5865 229 5933 delicta
251 5894 349 5952 pro
374 5887 635 5954 qualitate
659 5889 744 5944 vel
773 5865 1081 5960 quantitate
1135 5865 1447 5965 existentia,
1479 5909 1629 5954 voce,

1715 4689 1979 4762 Princeps
2027 4691 2214 4762 itaque
2250 4688 2508 4761 praecipiti
2529 4689 2822 4745 universos
2871 4687 3100 4742 moneri
3127 4686 3312 4742 sonitu

1715 4781 1956 4853 gracilis.
1999 4780 2112 4838 Nec
2155 4795 2351 4847 mora;
2396 4781 2577 4851 primo
2607 4780 3014 4846 admoventur,
3068 4779 3313 4834 secundo

1714 4852 2002 4947 parantur,
2049 4874 2212 4932 tertio
2260 4873 2636 4940 conveniunt;
2698 4881 2826 4928 ante
2877 4872 3166 4944 capellam,
3217 4872 3311 4927 ubi
3381 4852 3406 4939 ἶ,

1715 4983 1854 5025 crux
1877 4977 2017 5036 erat,
2077 4965 2316 5024 Domino
2343 4964 2660 5036 praesentati
2705 4964 3060 5020 conveniunt.
3102 4962 3312 5020 Prmsul

1716 5060 1906 5130 itaque
1929 5075 2152 5116 crucem
2197 5057 2420 5112 Domini
2446 5055 2855 5112 venerabilibus
2878 5065 3102 5128 gestans
3127 5055 3309 5111 mani-

1715 5151 1843 5217 bus,
1897 5150 2123 5221 inquit:
2161 5168 2181 5202 ‹
2219 5148 2362 5216 Quid
2385 5147 2569 5204 ultra?
2607 5145 2794 5203 Armis
2822 5145 2958 5202 ﬁdei.
2973 5145 3308 5217 praemuniti,

1716 5242 1824 5299 hoc
1853 5243 2014 5315 signo
2055 5241 2353 5299 salutiferae
2399 5239 2588 5297 crucis
2631 5238 2990 5310 praecedente,
3022 5254 3125 5295 nec
3150 5237 3310 5294 veriti

1717 5336 2050 5406 perﬁdorum
2097 5333 2428 5392 sententiam
2482 5342 2816 5405 permutare,
2871 5333 3204 5405 prodeamus
3251 5333 3308 5389 in
3368 5320 3370 5322 ’

1717 5427 1982 5484 medium.
2005 5447 2024 5480 ι
2042 5427 2111 5484 Et
2126 5428 2231 5484 hoc
2243 5427 2412 5495 dicto,
2437 5427 2692 5498 princeps
2713 5427 2930 5498 publice
2947 5427 3198 5499 corporis
3219 5427 3308 5483 sui

1713 5519 2129 5592 voluptatibus,
2179 5520 2507 5590 praeteritis,
2567 5518 2933 5590 praesentibus
2988 5525 3045 5574 et
3103 5517 3307 5573 futuris

1716 5612 2177 5679 abrenuntiando,
2226 5610 2358 5679 Deo,
2395 5620 2449 5668 et
2487 5610 2746 5682 episcopo
2775 5626 2876 5682 pro
2922 5609 3040 5680 lege
3071 5607 3304 5670 .Domini

1716 5707 2070 5776 moriturum,
2117 5705 2200 5761 uti
2251 5703 2409 5760 decet
2451 5702 2852 5770 Christianum,
2897 5702 3106 5764 eisdem
3138 5699 3308 5772 galea

1717 5815 1832 5857 suae
1859 5799 2072 5872 laqueis
2102 5815 2162 5879 se
2188 5815 2408 5856 servum
2435 5797 2682 5854 tradidit.
2709 5796 2901 5863 Quem‘
2929 5792 3303 5862 archiepisco-

1717 5910 1820 5964 pus
1843 5892 1962 5949 vice
2007 5891 2153 5954 bcati
2182 5889 2329 5949 Petri
2354 5889 2682 5962 incipiens,
2711 5889 2780 5947 ab
2807 5886 3082 5948 omnibus
3103 5897 3298 5959 pecca-
