3812 6312
503 417 644 472 1015

1064 416 1158 470 AD
1199 414 1647 474 GODEFRIDUM
1682 413 1975 471 APPEND.
2017 413 2082 470 ll.
2120 443 2192 454 -—
2225 414 2502 473 MONUM.
2538 412 2628 468 DE
2665 409 2887 466 BELLO
2924 408 3171 468 SACRO.

3604 413 3690 472 l016

502 535 573 589 tis
604 532 984 598 absolutums,
1028 532 1085 586 in
1133 534 1355 589 nomine
1402 531 1644 598 Domini,
1673 532 1822 587 et.in
1867 501 2089 586 nomine
2117 536 2161 592 Α
2193 530 2324 588 hinc
2349 539 2404 586 et
2437 531 2564 586 inde
2583 529 2651 585 de
2691 528 2914 584 aciebus
2941 525 3008 582 ad
3036 524 3208 589 acies,
3229 523 3471 580 volatiles
3492 531 3583 581 tam
3602 531 3689 586 telo.

499 641 646 682 vera:
671 625 1006 697 pcenitentiae
1045 625 1296 695 praacipit
1328 625 1530 680 bellum
1574 639 1820 695 praesens
1841 623 2083 694 aggredi,

500 728 556 775 et
576 734 738 790 agere
774 718 857 772 vel
889 717 1134 788 recipere
1160 717 1306 787 quod
1338 717 1540 772 divinae
1591 715 1864 787 maiestati
1909 716 2090 786 place-

501 819 606 877 ret,
631 809 772 864 mori
807 809 896 864 vel
935 808 1136 863 vivere.
1193 807 1376 864 Lattus
1420 808 1606 879 itaque
1640 815 1696 864 et
1728 807 2088 873 exhilaratus,

501 900 760 956 manibus
784 897 1086 956 sacerdotis
1133 899 1353 970 signum
1409 897 1710 954 Dominicze
1753 898 1934 954 crucis
1963 905 2092 968 ante

503 1009 565 1049 se
607 992 718 1064 geri
765 990 1028 1063 postulat,
1075 996 1137 1045 ut
1168 989 1222 1045 ei
1266 989 1556 1062 supplicet.
1599 989 1797 1060 Fitque
1829 1005 1929 1061 pro
1963 997 2092 1046 voto

502 1086 668 1141 illico.
1626 1101 1636 1108 ν

1097 1170 1330 1228 CAPUT
1370 1171 1482 1228 Vll.

568 1265 791 1320 Interim
815 1263 1102 1321 Albericus
1130 1264 1249 1322 vice
1273 1265 1507 1337 dapifer,
1537 1281 1646 1321 non
1679 1281 1834 1322 more
1877 1264 2092 1338 fugien-

499 1358 596 1426 tis,
636 1359 731 1415 sed
786 1357 1101 1430 impotentis
1156 1358 1372 1426 militis,
1438 1373 1735 1430 percussus
1783 1359 1972 1415 lancea
2034 1359 2090 1415 in

501 1451 703 1515 faciem
753 1459 808 1509 et
857 1451 1054 1509 afﬁxus
1101 1452 1300 1524 sagitta
1327 1452 1498 1508 ferme
1543 1451 1612 1506 ad
1658 1452 1872 1520 oculos,
1900 1461 1960 1507 ut
1987 1467 2091 1507 no-

497 1552 647 1600 stros
707 1544 1076 1615 praemuniat,
1138 1544 1370 1600 nuntius
1431 1544 1642 1600 exstitit
1709 1545 1940 1612 tertius;
2002 1545 2092 1600 hic

497 1636 679 1707 primo
729 1636 1101 1709 interrogatus
1147 1652 1216 1693 ex
1249 1635 1551 1706 praemissis
1590 1636 1956 1707 quadraginta
1989 1634 2092 1691 mi-

497 1727 689 1784 litibus
740 1742 869 1783 cum
925 1727 1129 1798 quibus
1183 1727 1344 1795 ierat,
1405 1727 1692 1798 respondit
1745 1746 1758 1781 :
1810 1726 2091 1794 Quosdam

499 1818 799 1890 amputatis
851 1818 1158 1890 capitibus,
1220 1819 1470 1876 videlicet
1528 1817 1830 1874 Jordanum
1893 1815 2091 1874 Jorda-

499 1912 708 1981 nidem,
759 1921 816 1970 et
865 1912 1113 1969 Udonem
1162 1913 1230 1969 de
1283 1913 1496 1970 Forcsti
1550 1914 1936 1982 monasterio,
1962 1914 2088 1986 plu-

500 2021 700 2078 resque
749 2007 911 2075 alios,
967 2007 1082 2080 jam
1129 2007 1197 2066 de
1229 2008 1421 2064 mundi
1453 2007 1691 2064 ludibrio
1726 2008 1840 2064 Deo
1857 2008 2090 2065 militas-

501 2111 582 2163 se,
605 2094 1034 2169 Malgeriumque
1052 2097 1107 2152 vi
1126 2106 1378 2153 coactum
1407 2095 1737 2152 intolerabili
1765 2105 2089 2167 praesentem

500 2190 727 2259 adesse;
758 2191 928 2263 ﬁtque
951 2191 1160 2258 subito,
1190 2189 1347 2246 adest
1373 2189 1664 2262 Malgerus.
1698 2191 1869 2247 Adest
1896 2199 2090 2246 contra

497 2288 733 2348 ventus;
758 2281 960 2337 horum
987 2280 1114 2353 equi
1138 2280 1354 2352 sagittis
1375 2280 1542 2348 aﬁixi,
1561 2281 1860 2352 plumbatis
1883 2281 2087 2350 obruti,

499 2385 768 2429 corruunt
813 2373 1040 2429 mortui.
1080 2373 1387 2446 Statimque
1441 2375 1678 2445 sumptis
1730 2376 1854 2432 aliis
1899 2390 2089 2433 coram

495 2465 816 2533 baronibus,
847 2465 1106 2538 inquiunt
1129 2466 1396 2538 principi:
1420 2486 1439 2518 ι
1463 2465 1639 2538 Super
1662 2467 1748 2524 his
1776 2484 1901 2540 quae
1927 2469 2089 2525 nobis

498 2557 788 2614 imminent
806 2559 1058 2615 consulto
1083 2573 1222 2632 opus
1237 2566 1344 2626 est,
1361 2560 1684 2616 utcousulto
1697 2577 1927 2631 propere
1941 2561 2083 2632 (sic).

495 2647 678 2706 Parati
706 2651 955 2719 veniunt,
984 2659 1207 2707 strenue
1235 2651 1412 2722 agite;
1442 2651 1607 2708 divisi
1650 2653 1851 2708 etenim
1889 2667 1958 2709 ex
1986 2653 2087 2709 tri-

495 2741 602 2797 bus
637 2741 910 2812 partibus,
944 2741 1144 2813 triplici
1170 2742 1314 2799 bello
1338 2751 1597 2814 quaerunt
1630 2759 1732 2800 nos
1775 2743 2021 2814 perdere.
2062 2762 2082 2797 ι

495 2832 652 2890 Unde
678 2843 790 2890 tam
812 2850 1103 2905 procerum
1131 2851 1299 2906 quam
1321 2843 1376 2891 et
1394 2836 1628 2891 aliorum
1648 2836 1870 2907 quidam
1898 2851 2090 2894 assen-

496 2926 695 2984 tientes
731 2928 940 2983 salubri
978 2927 1214 2983 consilio
1244 2937 1304 2984 ut
1347 2929 1667 2999 putabatur,
1724 2929 2091 2986 laudaverunt

495 3026 718 3074 nostros
742 3034 936 3075 omnes
957 3036 1089 3087 una,
1105 3028 1167 3075 ut
1188 3027 1366 3087 erant,
1393 3021 1661 3076 ordinatis
1687 3021 1912 3078 aciebus
1939 3022 2088 3079 circa

495 3111 734 3168 tentoria
753 3111 896 3179 sisti,
927 3128 1093 3169 manu
1121 3113 1359 3185 pedestri
1381 3114 1812 3185 circumquaque
1841 3123 1966 3170 ante
1988 3130 2089 3185 po-

494 3203 621 3278 sita.
653 3201 856 3274 Sicque
881 3202 1110 3261 ferendo
1156 3205 1553 3262 immanitatem
1600 3206 1866 3274 hostium,
1913 3207 2086 3264 levius

493 3295 880 3368 salubriusque
920 3313 1083 3368 posse
1123 3298 1428 3369 praestolari
1475 3308 1855 3355 asseruerunt.
1909 3301 2086 3372 Super

495 3387 584 3443 his
617 3388 894 3459 equidem,
927 3390 1212 3445 hominum
1234 3400 1372 3459 erat,
1399 3391 1623 3461 provisu
1663 3407 1875 3460 eorum,
1907 3393 2083 3465 loqui,

493 3482 764 3551 tractareﬁ;
804 3481 898 3538 Dei
922 3491 1128 3550 autem,
1159 3501 1178 3534 ι
1202 3482 1294 3538 cui
1318 3498 1482 3538 omne
1509 3497 1606 3538 cor
1627 3492 1794 3554 patet,
1817 3493 1873 3540 et
1901 3485 2084 3543 omnis

490 3573 745 3630 voluntas
787 3575 1050 3646 loquitur,
1087 3593 1106 3627 ι
1139 3585 1259 3632 erat
1303 3575 1575 3648 judicare.
1602 3576 1745 3644 Quid
1773 3580 1948 3650 ergo?
1978 3579 2085 3636 Su-

383 3683 394 3694 ί
490 3665 608 3722 bito
651 3668 987 3738 perﬁdorum
1019 3667 1218 3723 vexilla
1271 3677 1327 3724 et
1371 3669 1651 3724 standaria
1702 3685 1769 3725 ex
1818 3671 2086 3730 lateribus

490 3760 763 3817 montiuu
796 3760 940 3816 inter
958 3761 1158 3817 oliveta
1197 3761 1507 3832 prodeunt;
1536 3761 1739 3833 quibus
1751 3763 1910 3831 visis,
1933 3765 2085 3834 prin-

491 3867 620 3923 ceps
645 3852 751 3908 hoe
777 3853 944 3908 modo
977 3852 1198 3908 intulit:
1239 3848 1425 3908 (Eia!
1476 3853 1679 3911 milites
1718 3854 1946 3924 Christi,
1970 3871 2082 3914 non

493 3957 598 4001 nos
621 3945 895 4000 deterreat
921 3953 1197 4000 certamen
1222 3944 1507 4014 multiplex
1549 3954 1956 4017 pugnatorum;
1986 3948 2083 4004 sed

489 4036 604 4107 jam
633 4045 886 4094 exerceat
927 4053 1040 4108 quo
1080 4036 1264 4108 vigere
1301 4036 1566 4094 debemus
1602 4037 1793 4094 militis
1820 4037 2081 4105 cilicium,

493 4134 554 4182 ut
577 4126 675 4198 qui
697 4128 964 4184 hactenus
994 4126 1203 4184 mundo
1239 4126 1619 4194 militavimus,
1653 4127 1817 4184 hodie
1847 4129 1917 4184 ab
1950 4128 2083 4184 aﬁ‘e—

492 4228 585 4275 ctu
620 4219 973 4287 decertando,
999 4220 1114 4277 sive
1137 4219 1246 4275 vivi
1289 4219 1404 4276 sive
1447 4220 1674 4285 mortui,
1723 4219 1835 4276 Deo
1883 4220 2083 4276 milite-

491 4327 636 4368 mus.
671 4330 690 4363 ι
719 4310 818 4368 His
843 4311 1006 4368 dictis
1027 4312 1260 4382 imperat
1286 4310 1613 4367 Rainaldum
1638 4309 1954 4366 Masucrum
1979 4313 2080 4368 tri-

491 4405 618 4476 plici
645 4407 872 4462 cohorte
903 4405 1221 4478 praemuniri
1256 4405 1546 4470 citissime,
1571 4413 1633 4461 ut
1678 4405 1948 4462 intrantes
1983 4422 2084 4477 per

492 4500 742 4557 districta
773 4499 1086 4556 Samartani
1139 4499 1282 4555 bello
1330 4498 1604 4569 percutiat
1650 4498 2079 4568 evidentissime,

2191 641 2311 680 rum
2346 639 2512 695 quam
2547 630 2604 678 et
2633 621 2978 694 sagittarum,
3005 626 3069 674 ut
3101 632 3224 674 mos
3248 616 3549 672 bellantium
3567 621 3690 694 exigit,

2190 718 2484 773 mittuntur
2536 713 2884 771 internuntii.
2941 712 3102 768 Acies
3146 711 3331 781 itaque
3381 709 3517 766 beati
3553 709 3692 773 Petri:

2189 811 2398 866 dextris
2422 808 2774 875 antecedens,
2802 804 3127 876 cujnsjuris
3169 813 3254 860 est
3277 811 3334 858 et
3359 803 3695 875 antecedere,et

2190 903 2432 973 primum
2478 902 2665 957 hostes
2717 906 3024 970 percutere,
3069 896 3214 952 laxis
3259 894 3502 961 habenis,
3535 897 3694 969 palpatis

2191 994 2418 1060 lanceis,
2447 992 2752 1064 impetuose
2781 1006 2846 1046 ac
2873 999 3099 1047 strenue
3125 989 3407 1046 cohortem
3433 987 3528 1043 sibi
3547 989 3696 1050 obviam

2191 1094 2474 1157 percutere
2498 1083 2816 1152 maturavit,
2839 1083 3153 1152 multosque
3181 1079 3508 1151 perﬁdorum
3527 1092 3697 1150 proster.

2192 1177 2392 1244 uendo,
2422 1190 2560 1247 pene
2594 1183 2770 1231 totam
2815 1172 3123 1245 dissipavit.
3160 1170 3284 1238 Quo
3321 1171 3443 1226 viso
3479 1169 3701 1234 Gauiridus

2189 1267 2498 1324 monachus
2517 1265 2720 1338 insigni
2743 1265 2861 1322 acie
2881 1264 3196 1330 comitatus,
3218 1261 3363 1317 virili
3382 1260 3540 1318 fretus
3555 1265 3698 1335 animo,

2191 1361 2472 1416 cohortem
2498 1359 2833 1430 perﬁdorum
2857 1358 2926 1414 ad
2957 1357 3143 1413 minus
3171 1355 3362 1412 decem
3393 1356 3604 1414 millibus
3632 1359 3703 1414 mi-

2189 1456 2347 1512 litum
2397 1454 2762 1525 constipatam
2821 1451 3056 1523 impetiit
3085 1459 3140 1506 et
3180 1448 3470 1520 percussit,
3511 1448 3574 1503 ita
3602 1452 3701 1521 quod

2189 1561 2327 1616 pene
2352 1545 2621 1612 eamdem,
2649 1551 2700 1598 et
2730 1551 2954 1598 caeteras
2982 1555 3150 1612 prope
3173 1538 3471 1596 existentes
3506 1538 3552 1593 in
3575 1538 3704 1612 iugam

2190 1648 2246 1694 et
2278 1635 2745 1693 disconfecturam
2769 1633 3006 1705 impulit.

2261 1729 2374 1788 Nec
2391 1730 2599 1797 minus,
2627 1737 2896 1799 quantum
2925 1726 2993 1782 ad
3020 1741 3102 1794 se,
3124 1725 3276 1796 acies
3315 1722 3586 1782 Guidouus
3612 1725 3706 1784 Fre-

2193 1823 2323 1879 nelli
2350 1837 2476 1878 cum
2502 1836 2605 1878 suo
2625 1835 2808 1892 posse,
2833 1821 3018 1876 hostes
3043 1817 3247 1874 invasit
3260 1827 3318 1872 et
3347 1818 3626 1884 concussit;
3643 1821 3708 1874 sed

2191 1916 2322 1988 quia
2350 1915 2525 1972 nostri
2563 1915 2836 1970 instanter
2870 1911 3162 1982 persistere
3190 1909 3494 1975 desierunt,
3520 1918 3573 1964 ut
3601 1927 3701 1981 opus

2188 2015 2356 2074 esset,
2383 2015 2437 2062 et
2482 2005 2540 2062 hi
2579 2015 2634 2061 et
2673 2003 2765 2060 alii
2809 2004 2994 2074 plures
3025 2002 3172 2072 passi
3202 2010 3335 2056 sunt
3352 2001 3700 2056 exterminium.

2189 2099 2388 2156 Perﬁdi
2427 2113 2706 2169 namque,
2755 2105 2894 2152 nutu
2941 2093 3158 2150 Domini
3205 2093 3502 2163 resumptis
3538 2094 3711 2160 viribus,

2189 2199 2410 2248 nostros
2438 2188 2658 2261 aggredi
2699 2203 2809 2244 non
2835 2195 3184 2253 metuerunt;
3228 2183 3326 2240 sed
3365 2184 3503 2252 telis,
3542 2183 3714 2248 lanceis,

2190 2283 2426 2358 sagittis,
2464 2281 2764 2354 plumbatis
2817 2279 3058 2346 ferratis,
3109 2287 3164 2334 et
3215 2276 3429 2333 crebris
3473 2276 3712 2348 gladiorum

2189 2377 2390 2434 ictibus
2438 2373 2806 2432 reinvadendo
2849 2372 3117 2429 acerrime
3160 2377 3566 2442 percusserunt,
3606 2379 3717 2423 utro-

2188 2485 2424 2540 rumque
2452 2479 2745 2526 attestante
2772 2469 2951 2525 eﬁ‘uso
2979 2467 3267 2540 sanguine.
3318 2463 3536 2520 Interim
3570 2464 3719 2520 cohors

2190 2565 2438 2622 Rotberti
2458 2566 2526 2621 de
2564 2563 2768 2620 Sancto
2807 2562 3017 2628 Laudo,
3046 2576 3172 2616 cum
3212 2557 3539 2630 Turcopulis
3567 2573 3595 2612 a
3622 2557 3721 2612 sini-

2187 2659 2319 2715 stris
2347 2656 2696 2724 antecedens,
2733 2671 2862 2712 cum
2888 2661 3171 2725 percutere
3214 2652 3515 2718 debuisset,
3549 2649 3723 2705 sinistro

2191 2749 2378 2806 omine
2402 2747 2736 2820 Turcopulis
2756 2747 2936 2818 primo
2965 2745 3304 2818 fugientibus
3333 2760 3448 2799 non
3475 2743 3640 2798 valens
3660 2756 3725 2794 re-

2188 2845 2404 2912 sistere,
2435 2843 2680 2915 ipsorum
2709 2841 2869 2913 pulsa
2901 2839 3109 2910 impetu
3131 2845 3188 2894 et
3208 2836 3546 2909 perﬁdorum
3568 2834 3727 2890 clamo-

2189 2939 2361 3005 ribus,
2386 2935 2525 2993 aciei
2555 2933 2820 3008 principis
2845 2941 3038 2989 contra
3070 2931 3182 2986 vim
3221 2929 3584 2985 nefandorum
3608 2925 3729 2996 equi.

2187 3031 2347 3098 tanti,
2375 3029 2606 3096 obstitit,
2636 3037 2690 3083 et
2718 3027 2788 3082 ab
2817 3025 3025 3096 impetu
3047 3021 3311 3095 fugiendi,
3343 3035 3464 3075 non
3486 3018 3627 3083 loris,
3649 3031 3728 3070 non

2191 3123 2382 3191 frenis,
2413 3139 2522 3180 non
2571 3121 2817 3188 funibus,
2842 3119 2939 3174 sed
2978 3131 3080 3173 nec
3113 3116 3224 3171 ulla
3259 3112 3441 3169 animi
3490 3111 3734 3169 securitate

2190 3214 2438 3272 revocari
2461 3214 2658 3286 potuit.
2689 3211 2826 3268 Nam
2855 3219 2911 3268 et
2933 3209 3080 3282 quod
3110 3207 3355 3266 deterius
3381 3203 3608 3268 exstitit,
3633 3219 3731 3273 par-

2188 3316 2297 3363 tem
2323 3305 2537 3363 cohorti
2564 3303 2828 3376 principis
2850 3317 3039 3359 secum
3079 3299 3136 3354 in
3175 3295 3532 3368 dispersione
3552 3292 3738 3363 depulit.

2188 3400 2344 3457 Tunc
2367 3413 2609 3471 quoque,
2643 3405 2757 3452 uta
2788 3395 2936 3450 malo
2977 3391 3183 3448 indicio
3221 3389 3387 3461 pejus
3440 3393 3737 3456 sequeretur,

2188 3493 2348 3551 turbo
2370 3494 2439 3549 ab
2464 3491 2722 3563 aquilone
2763 3487 3044 3561 prodiens,
3097 3485 3152 3540 in
3195 3481 3384 3540 medio
3425 3479 3557 3536 belli
3588 3491 3743 3545 campo

2186 3583 2404 3640 cunctis
2428 3581 2803 3646 cernentibus,
2836 3579 2997 3635 haesit
3018 3575 3194 3643 humi,
3216 3574 3494 3645 humique
3523 3566 3745 3644 serpendo

2187 3675 2466 3747 pulverem
2509 3671 2724 3744 rapuit;
2751 3671 2847 3742 qui
2899 3668 3220 3726 bellantium
3268 3664 3477 3720 oculos
3508 3675 3576 3716 ne
3591 3652 3746 3714 bellari

2188 3774 2432 3838 possent,
2463 3764 2695 3820 infectos
2725 3761 2919 3828 tenuit,
2943 3772 2998 3817 et
3027 3775 3087 3816 se
3111 3774 3207 3831 per
3235 3772 3444 3830 gyrum
3470 3747 3747 3809 deducendo

2187 3859 2243 3914 in
2291 3858 2515 3915 modum
2567 3856 2700 3912 dolii
2756 3853 3073 3926 sulphureis
3131 3852 3361 3924 ignibus
3427 3840 3749 3906 concremari.

2185 3950 2346 4023 quasi
2374 3950 2443 4005 ad
2464 3957 2612 4005 astra
2639 3948 2852 4004 extulit.
2884 3945 3007 4014 Quo
3033 3945 3174 4010 viso,
3203 3943 3272 3998 ab
3301 3939 3591 3998 universis
3615 3935 3748 3992 socie.

2184 4053 2429 4100 ratorum
2467 4042 2718 4113 partibus
2740 4040 2917 4096 oritur
2943 4039 3153 4096 clamor
3178 4037 3507 4090 immensus
3533 4039 3586 4087 et
3608 4024 3752 4084 horri'

2185 4137 2332 4194 bilis.
2360 4135 2624 4207 Princeps
2647 4144 2832 4190 tamen
2868 4129 3145 4188 constanti
3172 4128 3372 4184 animo
3409 4127 3470 4181 in
3497 4119 3754 4180 certamine

2184 4244 2564 4303 perseverans,
2619 4227 2738 4283 suis
2794 4225 3037 4295 undique
3083 4219 3388 4292 prostratis
3460 4223 3520 4272 et
3571 4208 3754 4269 occisis.

2185 4336 2468 4391 nunquam
2497 4331 2802 4374 retrorsum
2833 4315 2968 4370 abiit
3010 4328 3113 4368 nec
3161 4308 3441 4380 respexit,
3475 4305 3572 4362 sed
3597 4312 3758 4373 parens

2185 4411 2417 4482 imperio
2448 4409 2666 4464 Domini
2700 4417 2754 4463 et
2792 4404 3088 4479 pontiﬁcis,
3117 4400 3312 4474 paucis
3345 4400 3530 4456 etiam
3562 4393 3754 4452 comita-

2184 4515 2298 4571 tus,
2328 4512 2521 4560 contra
2543 4504 2656 4558 vim
2685 4501 2853 4557 totius
2872 4499 2998 4555 belli
3023 4505 3246 4553 strenue
3265 4491 3639 4551 decertando,
3659 4497 3759 4541 ense

491 4609 661 4666 seque
693 4594 934 4650 asseruit
956 4593 1065 4647 vim
1095 4590 1460 4648 nefandorum
1483 4591 2083 4662 principum,q.uocun-
2119 4604 2164 4660 ι)
2191 4597 2384 4652 militis
2415 4611 2712 4668 percussus
2736 4608 2831 4665 per
2867 4591 3109 4648 medium
3159 4588 3277 4645 nasi
3317 4588 3570 4644 cerebro
3611 4592 3757 4641 tenus,

490 4699 599 4754 que
645 4691 735 4739 eat
791 4683 878 4738 vel
932 4682 1026 4736 ubi
1060 4681 1367 4748 consistat,
1397 4689 1585 4736 monte
1633 4682 1718 4737 vel
1753 4681 1938 4752 plano,
1963 4697 2090 4737 cum

490 4775 586 4831 Dei
627 4774 944 4847 juvamine,
967 4772 1236 4829 acerrime
1261 4787 1674 4842 percussurum.
1703 4771 1842 4840 Quid
1887 4773 2087 4829 horum

493 4867 760 4941 singula?
794 4866 951 4922 Sicut
996 4863 1198 4934 smpius
1242 4872 1370 4920 ante
1395 4862 1747 4937 disposuerat
1782 4865 1928 4921 acies
1969 4865 2085 4922 sin-

492 4961 650 5032 gulas
679 4959 915 5032 singulis
937 4955 1226 5014 ordinibus
1252 4955 1525 5024 incedere,
1566 4965 1698 5013 tunc
1723 4973 1944 5028 quoque
1975 4957 2080 5012 im-

485 5053 716 5121 peravit,
747 5051 845 5107 sed
879 5049 1052 5106 multo
1083 5049 1304 5106 melius.
1343 5050 1435 5105 Ait
1467 5051 1613 5107 enim
1645 5070 1658 5105 :
1695 5070 1713 5102 ι
1751 5050 1811 5106 in
1859 5052 2081 5107 nomine

488 5143 707 5201 Domini
731 5141 902 5198 nostri
931 5140 1060 5198 Jesu
1089 5141 1314 5209 Christi,
1347 5151 1402 5198 ut
1426 5143 1583 5200 decet
1611 5144 1814 5200 milites
1839 5159 1937 5214 pro
1961 5145 2079 5216 lege

489 5237 586 5292 Dei
617 5235 840 5300 tuenda,
869 5234 970 5290 iter
996 5234 1243 5306 arripitc,
1287 5245 1340 5290 et
1375 5251 1502 5291 cum
1545 5236 1700 5292 locus
1739 5237 2080 5307 percutiendi

489 5327 730 5396 aﬁuerit,
751 5326 896 5383 haud
927 5327 1082 5384 obliti
1125 5344 1410 5384 servorum
1449 5327 1544 5383 Dei
1572 5328 1730 5385 eﬁ‘usi
1767 5329 2080 5402 sanguinis,

485 5417 699 5473 crebris
747 5416 948 5473 ictibus
1003 5418 1348 5488 insistendo,
1391 5419 1708 5491 iniquorum
1761 5420 2077 5492 superbiam

488 5518 860 5583 prosternere,
893 5519 948 5568 et
995 5511 1216 5569 illorum
1267 5512 1594 5586 sanguinem
1639 5511 1922 5569 eﬂ‘undere
1957 5527 2075 5569 me-

487 5615 749 5666 mentote.
791 5631 810 5663 ι
841 5610 940 5670 llis
961 5613 1144 5682 dictis,
1171 5613 1400 5669 adorato
1434 5612 1594 5683 signo
1636 5619 1841 5668 sanctae
1866 5611 2072 5678 crucis,

482 5701 677 5758 eodem
708 5705 1149 5762 reverentissime
1170 5704 1439 5771 osculato,
1469 5703 1672 5775 singuli
1692 5703 1890 5757 erectis
1909 5703 2079 5756 vexil-

481 5790 552 5847 lis
579 5794 774 5850 ordine
814 5797 1100 5868 assignato
1128 5794 1382 5867 profecti,
1411 5793 1708 5865 gracilibus
1737 5792 1888 5848 tibiis
1928 5793 2075 5848 tubis

483 5887 881 5960 clingcutibus.
916 5890 972 5945 in
994 5888 1088 5945 Dei
1122 5889 1378 5954 nomine,
1415 5889 1514 5944 iter
1547 5885 1835 5958 arripiunt.
1856 5885 2073 5940 Interim

2189 4691 2245 4745 in
2275 4688 2498 4744 nomine
2525 4685 2742 4742 Domini
2789 4684 2952 4740 morti
2985 4682 3249 4738 tributum
3284 4675 3664 4749 persolvendo
3692 4671 3761 4724 de-

2187 4781 2386 4848 bitum,
2411 4794 2598 4836 coram
2630 4778 2789 4849 signo
2819 4784 3024 4832 sancta:
3053 4773 3237 4830 crucis
3274 4786 3505 4842 corpus
3537 4776 3702 4829 terrae,
3723 4767 3762 4814 tt

2186 4872 2427 4929 animam
2454 4869 2597 4927 caelo
2641 4867 2893 4925 reddidit.
2928 4865 3042 4921 Hac
3081 4864 3329 4919 illatione
3365 4861 3549 4927 facta,
3587 4870 3762 4930 penem-

2185 4973 2278 5036 pto
2307 4963 2592 5021 sacerdote
2620 4960 2868 5016 eamdem
2909 4972 3130 5014 crucem
3175 4955 3457 5010 manibus
3501 4951 3761 5010 deferenlt.

2183 5055 2370 5127 plures
2403 5053 2567 5111 etiam
2613 5051 2947 5123 perﬁdorum
2991 5047 3295 5104 ambitione
3334 5045 3476 5102 auri
3529 5043 3762 5117 pretioso-

2187 5165 2421 5220 rumque
2445 5147 2686 5218 lapidum
2715 5143 2880 5214 capti,
2903 5143 3014 5197 vim
3036 5141 3259 5196 virtutis
3289 5139 3405 5196 Dei
3439 5141 3500 5195 in
3531 5151 3685 5194 cruce
3703 5132 3763 5184 h-

2187 5242 2352 5298 tentis
2377 5241 2713 5312 ignorantes,
2743 5237 2944 5292 ibidem
2986 5235 3128 5290 inter
3156 5249 3218 5289 se
3247 5233 3413 5290 datis
3445 5233 3658 5290 crebris
3678 5226 3766 5283 icti-

2183 5333 2288 5388 bus
2335 5331 2486 5386 necis
2523 5328 2755 5384 materia
2800 5326 2997 5392 effecti,
3028 5325 3109 5396 ‘ad
3157 5323 3404 5392 inferos,
3457 5323 3763 5379 infernarum

2183 5425 2400 5497 ignibus
2433 5420 2848 5487 concremandi,
2887 5435 2998 5475 non
3032 5418 3261 5476 redituri
3282 5419 3483 5490 elapsi
3506 5427 3652 5474 sunt.
3672 5415 3765 5470 Sta-

2179 5518 2388 5588 timque
2419 5530 2614 5571 omnes
2639 5530 2773 5582 una,
2806 5524 2868 5571 ut
2890 5523 3046 5570 erant
3080 5522 3304 5569 centum
3360 5513 3559 5569 millia
3592 5523 3764 5585 pugna-

2178 5616 2384 5672 torum,
2414 5605 2677 5677 assiyiati
2708 5622 2738 5660 a
2761 5612 3000 5675 quatuor
3021 5603 3211 5658 mundi
3239 5603 3546 5672 partibus,
3573 5599 3764 5660 atrocis-

2177 5698 2315 5753 sime
2344 5697 2398 5750 in
2426 5704 2645 5751 nostros
2672 5695 2971 5752 irruerunt.
3003 5692 3186 5751 Nostri
3227 5692 3442 5765 itaque
3469 5705 3613 5751 nutu
3640 5707 3760 5748 sum-

2179 5791 2255 5847 mi
2275 5789 2507 5856 Judicis,
2529 5789 2713 5846 divina
2743 5789 2949 5846 ultione
2977 5787 3215 5852 subacti,
3246 5795 3320 5841 ut
3363 5796 3542 5845 erant
3588 5790 3763 5859 septin—

2180 5882 2324 5953 genti
2358 5881 2576 5948 milites,
2609 5891 2660 5937 ct
2685 5883 2786 5937 tria
2815 5882 2984 5938 millia
3013 5880 3254 5952 peditum
3287 5892 3676 5954 pugnatorum
3701 5895 3761 5932 re
