3816 6306
51 367 168 423 l0”

711 364 1039 423 GALTERII
1076 365 1536 424 CANCELLARII
1579 365 1802 421 BELLA
1837 365 2163 424 ANTIOCH.
2207 398 2274 410 -
2309 367 2490 423 PARS
2527 365 2589 423 ﬂ.

3164 373 3302 431 £018

49 481 221 555 lmtati,
252 496 380 537 cum
433 479 613 537 multis
657 480 782 535 aliis
815 482 911 552 qui
956 481 1024 538 ad
1072 481 1387 538 conflictum
1439 497 1608 537 causa
1640 487 1684 544 Α
1715 497 1911 538 norum
1941 481 2188 549 secundi,
2214 481 2426 552 plebem
2473 480 2829 538 Antiochenze
2867 482 3169 556 dignitatis,
3207 502 3306 543 va-

50 573 275 640 mercati,
302 573 390 628 vel
421 586 518 642 pro
551 571 854 629 ambitione
881 572 1101 629 hostilis
1126 572 1269 628 lucri
1299 572 1497 638 ierant,
1526 571 1613 626 in~

48 665 434 724 valescentibus
461 664 656 720 iterum
695 673 860 736 atque
906 665 1108 720 iterum
1147 663 1479 736 perfidorum
1511 663 1617 719 cla-

49 758 298 823 moribus,
324 765 384 811 et
412 755 594 813 hostili
616 757 800 829 gladio
839 758 1187 827 praevalente,
1223 757 1448 828 quidam
1489 771 1617 812 sau-

48 852 179 917 ciati,
207 851 436 922 quidam
485 848 632 917 caesi,
655 858 710 905 et
751 849 978 920 quidam
1015 849 1251 906 diversis
1281 849 1617 905 illationibus

47 943 360 1010 obtruncati,
389 941 584 998 eodem
615 941 671 996 in
702 956 898 1012 campo
940 941 1080 998 citra
1126 941 1194 998 ad
1224 941 1616 997 exterminium

48 1032 246 1090 deducti
278 1040 432 1096 sunt,
464 1041 520 1088 et
548 1031 772 1102 quidam
813 1031 1126 1088 miserrime
1173 1031 1508 1103 captivitatis
1539 1033 1618 1087 la-

47 1140 216 1192 queos,
228 1123 380 1194 justo
411 1121 506 1179 Dei
532 1123 762 1194 judicio,
782 1123 1118 1179 inciderunt.
1131 1122 1434 1180 Rainaldus
1452 1123 1616 1178 etiam

50 1213 368 1281 llansuerus,
399 1214 533 1270 dum
569 1215 686 1271 hac
735 1215 880 1286 apud
921 1231 1022 1271 nos
1061 1223 1374 1287 agerentur,
1399 1229 1464 1270 ex
1517 1229 1618 1270 sua

51 1317 182 1376 parte
208 1307 442 1362 viriliter
471 1307 619 1362 bello
667 1307 960 1364 decertans
1006 1307 1250 1363 hostium
1298 1307 1618 1363 intrantium

51 1415 132 1469 per
160 1399 405 1455 districta
461 1399 800 1468 Samartani,
833 1416 945 1456 non
982 1400 1266 1456 minimam
1310 1401 1620 1456 multitudi-

53 1509 156 1546 nem
185 1493 479 1563 prostravit
519 1502 574 1549 et
614 1494 834 1562 devicit,
872 1493 948 1549 ita
988 1503 1048 1550 ut
1089 1509 1190 1564 pro
1215 1493 1621 1550 existimatione

52 1595 384 1657 utrorumque
410 1586 754 1654 bellantium,
782 1587 956 1643 nostri
980 1587 1217 1644 victores
1241 1595 1295 1643 ct
1315 1587 1504 1644 hostes
1539 1585 1621 1642 vi-

53 1677 112 1732 cti
158 1687 560 1748 reputarentur.
587 1677 798 1734 Placuit
835 1689 1020 1735 autem
1069 1677 1280 1735 Divina:
1321 1678 1616 1750 majestati,

53 1771 127 1827 cui
153 1787 253 1826 non
277 1771 486 1842 placuit
517 1771 628 1827 nisi
660 1771 806 1842 quod
833 1771 990 1828 decet
1019 1781 1074 1827 et
1104 1770 1343 1841 expedit,
1367 1779 1429 1826 ut
1466 1769 1616 1838 victi,

55 1865 315 1936 resumptis
336 1865 576 1932 viribus,
616 1865 854 1923 victores
907 1865 1260 1932 haberentur,
1304 1873 1360 1921 et
1407 1873 1622 1922 nostro-

55 1971 154 2010 rum
178 1955 324 2026 prior
345 1971 552 2027 pompa
597 1972 708 2013 non
749 1971 918 2012 manu
962 1955 1150 2012 hostili
1193 1957 1288 2013 sed
1333 1954 1429 2013 Dei
1458 1972 1620 2012 exer-

58 2056 188 2103 cente
205 2049 468 2119 potentia,
505 2049 800 2105 haberetur
829 2049 1042 2104 ultima.
1091 2048 1360 2107 Prostrati
1395 2049 1540 2105 enim
1566 2058 1622 2106 et

58 2142 255 2210 devicti,
276 2144 506 2214 quidam
548 2144 750 2200 ibidem
789 2145 1068 2199 hominem
1099 2155 1382 2211 exuentes,
1415 2153 1468 2199 et
1491 2143 1620 2214 qni-

60 2234 160 2289 dam
192 2234 324 2308 fugae
368 2236 582 2307 impetu
645 2237 971 2306 evadentes,
1028 2235 1221 2293 eodem
1266 2251 1379 2308 quo
1425 2245 1482 2291 et
1527 2234 1620 2290 alii

60 2327 175 2396 plt-xi
203 2337 324 2384 sunt
340 2329 696 2386 exterminio.

116 2416 332 2490 Contigit
357 2428 547 2475 autem
581 2419 906 2475 Rainaldum
942 2418 1278 2486 Masuerum,
1306 2419 1457 2493 gravi
1496 2418 1620 2474 vul-

63 2525 169 2564 nere
189 2511 463 2578 alllictum,
497 2528 624 2568 cum
654 2512 843 2583 paucis
872 2528 1101 2569 suorum
1126 2521 1333 2568 turrem
1382 2513 1622 2570 intrasse

65 2597 333 2656 Samartani
351 2643 369 2670 ,
401 2613 466 2657 ut
489 2617 635 2668 eam,
663 2601 734 2657 ob
759 2601 1032 2674 refugium
1061 2603 1146 2658 sui
1168 2611 1223 2658 et
1243 2603 1475 2659 aliorum
1499 2619 1624 2658 eva-

64 2689 270 2747 dentium
299 2693 598 2760 obtineret,
628 2702 703 2762 et,
736 2694 782 2750 si
825 2703 1032 2765 posset,
1057 2696 1256 2751 ibidem
1289 2695 1618 2752 Balduinum

65 2796 215 2851 regem
242 2781 750 2857 Hierosolymorum
778 2785 848 2840 ad
879 2800 1207 2842 succursum
1239 2785 1624 2844 Christianita-

68 2875 123 2928 tis
145 2886 513 2947 properantem
549 2886 894 2950 exspectaret
919 2897 933 2947 ;
960 2879 1058 2935 sed
1085 2877 1342 2936 debilitas
1379 2879 1546 2936 turris
1565 2889 1622 2937 et

68 2965 214 3021 victus
233 2967 553 3040 indigentia,
582 2968 822 3024 maxime
845 2977 1030 3026 autem
1071 2969 1262 3043 Algazi
1293 2971 1426 3028 illuc
1451 2971 1619 3028 adve-

69 3058 216 3126 niens,
240 3061 479 3120 efﬁciens
511 3079 678 3119 causa
710 3063 922 3120 exstitit
967 3073 1027 3120 ut
1063 3064 1137 3120 ibi
1181 3081 1468 3123 remanere
1508 3081 1619 3123 non

1713 577 1900 635 stitate
1921 577 2106 632 hostili
2139 591 2275 647 pene
2300 576 2742 644 exterminatam,
2769 577 2838 634 de
2863 593 2961 636 ore
2992 580 3212 638 leonum
3238 584 3306 640 li-

1715 669 2010 735 beraverit,
2041 679 2096 724 et
2124 669 2400 740 quomodo
2423 668 2753 740 triumphale
2772 685 2974 728 nomen
3005 672 3148 730 bello
3161 675 3308 746 prin-

1717 761 1881 832 cipali
1910 760 2202 828 amissum,
2233 760 2414 816 eidem
2443 760 2585 828 plebi
2621 761 2822 819 virtute
2854 764 3048 822 crucis-
3071 766 3310 826 sanctis-

1719 854 1896 922 simae,
1918 853 2065 910 bello
2100 853 2271 925 regali
2301 853 2510 910 exstitit
2538 865 2870 926 reparatum.
2906 855 3170 915 Revertar
3206 859 3310 932 igi-

1719 955 1810 1003 tur
1831 946 2014 1004 ordini
2035 945 2372 1002 inhterendo.
2405 945 2684 1017 Sequitur.

2319 1036 2550 1094 CAPUT
2586 1037 2720 1094 VIII.

1792 1130 2132 1202 lnterempto
2157 1128 2404 1202 principe
2446 1130 2501 1186 in
2522 1147 2740 1203 campo,
2776 1141 3166 1206 peremptaque
3196 1152 3307 1193 non

1720 1221 1952 1279 minima
2007 1223 2359 1279 multitudine
2393 1239 2425 1278 a
2453 1233 2690 1296 quatuor
2729 1226 2920 1282 mundi
2957 1227 3206 1298 partibus
3241 1230 3310 1284 de

1723 1315 2058 1382 forinsecus,
2082 1324 2279 1386 prwter
2302 1315 2423 1372 illos
2450 1317 2546 1386 qui
2585 1317 2735 1374 intus
2772 1319 2827 1372 in
2855 1327 3077 1375 nostros
3121 1321 3310 1378 saavie-

1719 1408 1853 1464 bant
1884 1407 2102 1480 gladiis,
2147 1406 2286 1462 adeo
2313 1406 2440 1463 belli
2473 1424 2668 1480 campo
2699 1409 2972 1466 clauditur
3014 1413 3310 1482 montium,

1718 1499 2055 1570 valliumque
2066 1498 2271 1566 aditus,
2281 1500 2579 1555 escaramis
2593 1501 2655 1571 t?)
2669 1502 3195 1576 obfuscantur,quod
3209 1522 3311 1561 nec

1721 1607 1867 1648 unus
1904 1590 2234 1664 fugientium
2273 1591 2518 1648 illibatus
2545 1596 2881 1664 pet-transire
2905 1599 3100 1668 potuit.
3129 1596 3310 1655 Nostri

1724 1683 1934 1755 itaque,
1963 1693 2238 1756 quotquot
2274 1683 2330 1739 in
2372 1700 2569 1756 campo
2606 1686 2927 1756 superfuere
2951 1689 3168 1759 gladiis,
3216 1707 3314 1761 spe

1722 1776 2003 1847 pugnandi
2028 1775 2099 1831 ad
2131 1776 2386 1844 tentoria,
2417 1776 2501 1832 vel
2530 1776 2746 1833 fruendi
2785 1787 2946 1834 caute
2974 1779 3101 1851 fuga
3127 1791 3314 1851 stupe-

1722 1867 1853 1925 facti
1895 1868 2212 1925 deveniunt.
2254 1867 2360 1925 Scd
2408 1870 2525 1925 haec
2558 1870 2672 1941 jam
2713 1872 2971 1927 manibus
3018 1872 3312 1944 impiorum

1719 1969 2020 2032 asportata,
2043 1977 2156 2016 non
2198 1960 2503 2028 inveniunt,
2531 1962 2773 2033 exceptis
2815 1963 3080 2034 principis
3117 1972 3173 2020 et
3209 1979 3302 2042 ca-

1720 2053 1876 2124 pellae
1903 2053 2175 2120 tentoriis,
2201 2053 2257 2108 in
2288 2052 2491 2125 quibus
2515 2053 2897 2111 nefandissimi
2918 2056 3168 2112 certatim
3194 2057 3314 2112 auri

1720 2157 1776 2205 et
1811 2149 2023 2221 argenti
2053 2160 2618 2219 ornamentorumque
2641 2150 3028 2220 principalium
3057 2151 3316 2221 cupidine

1721 2239 1890 2311 capti,
1924 2239 2154 2296 ensibus
2184 2239 2609 2296 contendebant.
2640 2238 2763 2307 Quo
2790 2240 2911 2298 viso
2932 2241 3088 2297 adest
3118 2241 3318 2296 Euter-

1720 2330 1845 2401 pius
1867 2331 1922 2385 in
1948 2329 2248 2386 certamine
2280 2329 2532 2400 corporis
2578 2337 2634 2385 et
2681 2330 2880 2386 animae
2925 2331 3084 2387 miles
3118 2333 3320 2402 proba-

1722 2420 1996 2485 tissimus,
2037 2418 2295 2490 inquiens
2328 2419 2414 2475 bis
2441 2419 2538 2490 qui
2569 2427 2696 2475 ante
2727 2419 2991 2490 capellam
3021 2420 3319 2476 contende-

1721 2512 1875 2582 bant,
1912 2522 1969 2568 ct
1999 2512 2199 2569 ictibus
2222 2512 2577 2569 decertabant
2606 2530 2619 2568 :
2656 2532 2674 2565 ι
2713 2511 2848 2580 Qua:
2885 2513 3122 2569 societas
3149 2512 3315 2568 Chri-

1722 2605 1792 2662 sti
1846 2603 1915 2660 ad
1963 2603 2134 2659 Belial
2195 2602 2285 2675 (II
2319 2603 2446 2660 Cor.
2495 2620 2571 2672 vt,
2608 2601 2887 2673 15)?Vos
2915 2602 3177 2670 dividitis,
3223 2603 3318 2659 scd

1721 2711 1833 2751 non
1869 2703 1956 2751 est
1982 2709 2141 2766 aaqua
2170 2695 2372 2766 portio.
2414 2713 2433 2746 ι
2461 2693 2600 2750 Cum
2638 2693 2726 2751 his
2772 2694 2952 2751 verbis
2979 2694 3312 2750 amiraldum

1720 2803 1854 2844 aure
1878 2796 2090 2843 textum
2141 2795 2270 2842 ante
2313 2787 2520 2843 ostium
2549 2788 2772 2858 capella:
2799 2788 2990 2844 lancea
3031 2788 3196 2844 corde
3233 2797 3318 2844 te-

1721 2897 1828 2938 nus
1852 2879 2172 2954 perforavit.
2200 2879 2553 2952 Caeterosque
2575 2881 2903 2949 invadenda,
2931 2883 2987 2938 in
3017 2883 3320 2939 constituto

1720 2973 1820 3030 Dei
1848 2974 2106 3043 termino,
2129 2989 2295 3045 quem
2325 2973 2609 3045 pratcrirc
2643 2990 2754 3030 non
2795 2975 2994 3046 potuit,
3028 2976 3317 3048 martyrio,

1721 3068 2002 3125 hominem
2037 3067 2292 3124 exuendo
2316 3067 2386 3123 ad
2415 3067 2617 3139 quietis
2645 3067 3040 3124 beatitudinem
3085 3067 3323 3124 feliciter

70 3163 242 3222 posset,
264 3164 316 3212 et
345 3172 405 3214 se
434 3156 717 3228 captivum
753 3156 1113 3228 triumphanti
1140 3157 1428 3224 redderet;
1466 3165 1620 3212 astu-
1646 3183 1692 3242 ο
1723 3160 2155 3234 transmigravit.
2189 3158 2316 3217 llaec
2347 3159 2489 3216 inter
2510 3159 2850 3228 discrimina,
2882 3169 3186 3232 conventus
3220 3175 3322 3216 no-

71 3243 129 3297 tia
163 3246 291 3301 enim
331 3247 721 3319 praemunitus,
755 3249 915 3320 quasi
957 3249 1011 3303 in
1048 3258 1198 3305 turre
1235 3263 1294 3306 se
1327 3247 1620 3306 defendere

72 3347 242 3404 posset,
269 3350 422 3398 caute
469 3343 694 3399 locutus
741 3351 826 3398 est
857 3329 870 3398 ξ
901 3342 993 3398 Ait
1016 3342 1163 3398 enim
1211 3343 1571 3416 triumphanti
1603 3361 1618 3400 :

77 3444 91 3475 ι
121 3426 189 3482 Me
221 3447 562 3504 nequaquam
593 3433 690 3488 tibi
732 3435 977 3502 reddam,
1008 3434 1115 3490 nisi
1147 3443 1200 3490 te
1229 3435 1386 3506 prius
1425 3436 1533 3492 fide
1567 3445 1624 3492 et

74 3533 372 3580 sacramento
398 3536 513 3582 tuae
533 3526 671 3598 legis
701 3526 836 3582 mihi
863 3543 1082 3583 asseras
1115 3529 1406 3598 praesentis
1441 3529 1623 3585 tutelae

74 3615 414 3685 patrocinium,
445 3627 506 3673 et
533 3617 800 3674 evadendi
858 3619 1189 3676 subsidium.
1227 3639 1246 3673 ι
1276 3621 1473 3678 Astuto
1515 3623 1621 3678 ita-

76 3716 160 3769 que
205 3709 495 3778 respondet
536 3710 819 3765 astutior:
864 3729 883 3762 ι
913 3709 1157 3778 Quidni?
1187 3710 1328 3766 Dum
1375 3712 1431 3767 in
1476 3713 1621 3769 bello

79 3790 248 3862 fuistis,
274 3798 325 3852 in
356 3807 408 3855 te
431 3807 495 3854 et
527 3799 580 3854 in
613 3801 752 3856 alios
781 3802 1052 3872 agendum
1081 3811 1202 3861 erat
1237 3812 1300 3858 ut
1323 3804 1376 3858 in
1408 3803 1619 3862 hostes.

75 3882 200 3942 Nunc
236 3901 407 3949 autem
459 3893 781 3950 humanitus
829 3895 1093 3963 sentiens,
1130 3897 1314 3952 recolo
1353 3913 1452 3954 vos
1500 3913 1624 3955 esse

82 3976 314 4051 homines,
337 3995 391 4042 et
415 4002 490 4042 ne
518 4003 606 4042 me
635 3995 954 4058 suspectum
996 3989 1224 4058 habeas,
1255 3990 1360 4045 sub
1394 3990 1620 4047 obtentu

83 4084 190 4127 mue
209 4075 319 4132 fidei
342 4088 396 4134 et
415 4089 768 4138 sacramento
789 4081 962 4137 beatae
978 4081 1114 4152 legis
1135 4090 1338 4138 nostra:
1358 4083 1622 4138 annulum

79 4178 227 4222 meum
255 4173 521 4245 suscipias
546 4214 562 4241 ,
593 4183 655 4230 ut
684 4173 790 4232 hoc
814 4175 974 4247 signo
992 4217 1008 4243 ,
1044 4175 1200 4232 linito
1225 4175 1390 4232 unius
1415 4177 1624 4234 mensis

79 4261 272 4317 termino
295 4280 323 4318 a
350 4283 440 4323 me
469 4267 775 4324 libertatem
813 4269 1069 4340 recipias.
1110 4287 1130 4321 ι
1169 4268 1292 4340 lpse
1314 4269 1500 4340 itaque
1525 4270 1622 4340 qui

82 4361 160 4403 nec
191 4353 340 4414 unius
382 4358 491 4414 diei
535 4359 715 4430 spatio
756 4375 816 4416 se
858 4375 1025 4432 posse
1061 4361 1245 4416 vivere
1287 4360 1620 4429 intendebat,

81 4441 234 4499 audito
256 4451 462 4506 mensis
485 4451 717 4506 termino
745 4451 896 4508 intus
918 4452 1092 4509 tristis
1115 4451 1376 4520 existens,
1399 4463 1622 4524 accepto

1723 3253 1823 3311 stri
1851 3253 2094 3310 harnesii
2113 3269 2240 3309 cum
2257 3252 2427 3308 totius
2445 3251 2719 3309 exercitus
2741 3252 3087 3324 supellectili,
3101 3252 3156 3308 in
3176 3269 3319 3324 quo-

1722 3344 1851 3400 dam
1873 3352 2059 3401 monte
2089 3359 2260 3416 prope
2301 3345 2574 3401 existente
2618 3360 2680 3400 se
2729 3345 2947 3413 locavit,
2993 3345 3324 3402 existimans

1724 3435 1797 3491 ibi
1841 3450 2007 3507 posse
2065 3437 2372 3507 przestolari
2440 3445 2538 3492 aut
2604 3437 3011 3492 advenientium
3074 3439 3314 3494 militum

1723 3528 2035 3584 subsidium
2057 3569 2073 3595 ,
2111 3535 2208 3582 aut
2245 3528 2432 3598 aliquo
2462 3527 2626 3583 modo
2665 3527 2791 3583 inde
2820 3544 3044 3599 carpere
3060 3527 3326 3584 evadendi

1722 3615 2018 3690 refugium.
2048 3616 2190 3684 Quid
2219 3619 2385 3689 ergo?
2409 3616 2529 3672 Non
2558 3618 2733 3672 multo
2765 3627 2886 3688 post
2914 3633 2944 3673 a
2971 3633 3166 3688 campo
3190 3635 3322 3674 eva-

1723 3709 1945 3778 dentes,
1977 3709 2114 3766 visis
2136 3708 2346 3765 nostris
2380 3709 2435 3763 in
2471 3717 2660 3764 monte
2692 3709 3008 3777 collocatis,
3037 3709 3132 3765 ubi
3173 3724 3326 3766 mors

1722 3811 1841 3858 erat
1859 3801 2119 3870 vicinior,
2145 3800 2517 3858 exstimabant
2537 3808 2593 3856 et
2613 3801 2930 3872 quaerebant
2945 3801 3162 3857 vivendi
3179 3802 3328 3856 sola-

1723 3895 1882 3950 tium.
1917 3893 2088 3951 Cassa
2127 3909 2367 3964 namque
2405 3908 2501 3963 spe
2532 3892 2767 3963 decepti,
2799 3893 2927 3950 hinc
2948 3904 3003 3950 et
3027 3893 3156 3948 inde
3183 3910 3321 3949 cou-

1725 3986 1954 4043 fluentes
1974 3987 2151 4043 monti
2171 3983 2836 4053 adhazrcbantinculcato;
2857 3986 2951 4056 qui
2974 3986 3030 4041 in
3047 3996 3330 4043 momento

1724 4083 1794 4139 ab
1826 4082 2012 4154 impiis
2049 4081 2130 4139 sic
2161 4080 2426 4138 obsessus
2453 4077 2694 4146 exstitit,
2746 4086 2806 4134 ut
2845 4079 3058 4136 obsessi
3101 4080 3330 4137 mallent

1725 4175 1877 4231 brevi
1907 4183 2084 4230 morte
2105 4173 2248 4230 mori
2275 4187 2441 4244 quam
2467 4171 2688 4226 illorum
2724 4169 2830 4225 tela
2869 4171 3020 4240 pati:
3045 4171 3174 4242 jure
3201 4171 3330 4241 qui-

1725 4267 1883 4334 dem;
1908 4273 2096 4321 tantus
2131 4264 2340 4321 etenim
2375 4271 2496 4320 erat
2525 4261 2770 4333 undique
2805 4262 3040 4320 telorum
3069 4278 3134 4318 ac
3161 4264 3330 4334 sagit-

1724 4365 1908 4413 tarum
1937 4357 2208 4428 impetus,
2239 4355 2385 4427 quod
2419 4370 2487 4411 ex
2523 4353 2746 4410 illorum
2782 4353 3068 4412 collisione
3112 4363 3327 4423 mutua,

1727 4449 2090 4506 reverberatis
2120 4448 2348 4516 ictibus,
2381 4447 2549 4504 etiam
2586 4446 2780 4519 perfidi
2813 4447 3112 4504 existentes
3151 4444 3320 4503 forin-

84 4541 233 4593 tamen
261 4545 482 4611 annulo,
510 4543 671 4615 quasi
721 4545 879 4601 lactus
923 4543 1256 4614 forinsecus,
1299 4560 1359 4602 se
1399 4556 1619 4616 captum
1653 4546 1699 4602 D
1725 4558 1917 4610 secus,
1944 4541 2212 4598 acerrime
2239 4541 2643 4612 plectebantur;
2677 4540 2856 4597 nostri
2886 4555 3019 4597 vero
3042 4541 3215 4595 multo
3241 4539 3326 4595 fe-

84 4626 296 4686 reddidit.
319 4631 576 4690 Nonnulli
606 4643 788 4692 autem
819 4651 1130 4708 procerum,
1161 4636 1257 4708 qui
1304 4637 1626 4695 strenuitate

83 4725 126 4769 et
150 4718 360 4793 ingenio,
387 4743 455 4784 ac
487 4729 704 4800 generis
727 4729 1009 4786 nobilitate
1029 4729 1238 4800 pollere
1277 4729 1624 4800 videbantur,

85 4809 217 4865 etiam
245 4818 442 4885 primos
470 4821 612 4876 ictus
636 4837 747 4876 non
778 4821 1124 4889 sufferentes,
1145 4821 1377 4880 dimisso
1400 4823 1455 4878 in
1478 4838 1629 4878 cam-

87 4913 142 4966 PO
164 4905 271 4962 Vivo
295 4911 555 4983 principe,
583 4913 831 4969 dimissis
861 4915 1181 4985 parentibus
1201 4925 1256 4970 et
1283 4915 1499 4984 amicis,
1531 4932 1631 4971 an-

89 5001 268 5061 "Vluam
293 5002 412 5059 belli
447 5022 677 5079 campus
701 5015 755 5062 et
786 5008 1056 5064 montium
1086 5007 1346 5066 introitus
1373 5007 1631 5066 immani-

73 5091 178 5178 2tate
204 5089 424 5152 hostium
461 5099 828 5166 clauderetur,
869 5101 1015 5156 haud
1056 5101 1202 5157 lente
1229 5101 1482 5172 profecti,
1511 5103 1632 5160 vice

71 5181 229 5273 έςψιλιὶ
255 5195 452 5256 portus,
482 5189 830 5246 Antiochiam
861 5192 1118 5247 subeunt.
1158 5191 1301 5248 Ante
1326 5207 1424 5248 eos
1447 5201 1629 5248 tamen

69 5259 285 5357 'if‘gfessi
307 5291 429 5337 sunt
450 5284 561 5350 alii,
589 5299 740 5339 more
769 5285 952 5352 solito,
983 5304 1003 5338 ι
1054 5284 1110 5340 in
1161 5285 1335 5357 portis
1362 5285 1548 5356 primi,
1574 5285 1630 5341 in

97 5352 224 5415 bellis
247 5369 429 5428 ultimi.
469 5395 488 5428 ι
520 5375 599 5432 Ne
627 5385 810 5432 autem
844 5377 1120 5449 loquendo
1148 5352 1216 5434 de
1245 5352 1473 5450 illis—qui
1503 5394 1628 5434 eva-

95 5460 278 5526 serunt,
311 5463 473 5523 nimia
507 5469 847 5540 digressione
882 5469 989 5525 frui
1024 5469 1230 5540 videar,
1263 5471 1331 5528 de
1370 5471 1538 5543 gestis
1574 5471 1631 5526 in

99 5550 258 5635 cauipo
283 5554 426 5622 prius
451 5560 748 5618 edisseram
789 5569 851 5619 ut
885 5562 1152 5635 gradatim
1174 5563 1484 5620 enarranda
1505 5579 1632 5634 par-

102 5634 186 5728 ιξῖῐιι
211 5643 455 5706 malorum
487 5653 631 5710 inter
652 5653 762 5710 duo
783 5634 923 5711 bella
951 5657 1240 5714 existentia
1286 5657 1364 5728 ad,
1395 5655 1449 5712 id
1490 5672 1622 5713 con-

102 5719 402 5823 flesccndam,
447 5755 499 5801 et
544 5762 800 5803 enarrem
836 5749 1114 5820 quomodo
1157 5749 1362 5805 Auctor
1400 5765 1630 5806 summa:

101 5823 288 5885 iustitia:
312 5849 466 5894 manu
486 5837 742 5897 Bal-Juini
767 5838 1268 5917 Hierosolymorum
1297 5842 1442 5917 regis
1476 5841 1627 5899 Lati-

1727 4633 1936 4690 rocius.
1967 4631 2105 4687 Nam
2147 4639 2210 4688 ut
2245 4647 2414 4700 aura,
2451 4631 2602 4688 brevi
2633 4631 2770 4687 hora
2801 4630 3015 4702 magnis
3049 4630 3192 4685 cedit
3224 4629 3299 4684 im

1729 4726 1920 4783 bribus
1936 4733 2020 4794 ;et
2045 4734 2106 4781 ut
2133 4723 2319 4780 fenum
2346 4724 2683 4780 exsiccatum
2706 4723 2923 4780 laeditur
2948 4721 3330 4792 grandinibus,

1729 4817 1810 4877 sic
1835 4835 1970 4892 gens
1998 4828 2185 4876 nostra
2207 4818 2318 4874 cito
2343 4817 2471 4873 laesa
2504 4815 2672 4873 cessit
2695 4814 2904 4872 crebris
2927 4813 3128 4869 ictibus
3155 4831 3170 4880 ;
3201 4813 3330 4869 inde

1732 4922 1918 4968 tamen
1962 4927 2091 4982 pars
2129 4911 2323 4978 evasit,
2365 4910 2535 4966 ductu
2571 4907 2777 4965 summi
2817 4905 3058 4972 Iudicis;
3101 4913 3156 4960 et
3200 4921 3331 4976 pars

1733 5015 1924 5076 capta,
1957 5014 2103 5060 sorte
2141 5003 2316 5069 mala,
2345 5000 2567 5056 addicta
2591 4998 2906 5071 suppliciis,
2938 4997 3100 5053 ducta
3129 4997 3236 5052 fuit
3260 4997 3330 5055 ad

1735 5099 1987 5155 standale
2020 5096 2382 5154 nefandorum
2407 5092 2692 5165 principis.

1811 5189 2074 5262 Sequitur
2094 5203 2258 5260 paena
2287 5184 2651 5257 peccantium.
2683 5182 2762 5239 lbi
2791 5182 2991 5239 etenim
3015 5181 3172 5253 juxta
3201 5181 3330 5240 belli

1737 5299 2021 5354 campum,
2044 5280 2242 5352 captivi
2267 5277 2552 5350 quingenti
2574 5276 2662 5332 vel
2685 5277 2890 5346 plures,
2917 5291 2949 5332 a
2973 5284 3123 5349 tergo
3152 5285 3331 5332 retor-

1735 5377 1805 5433 tis
1856 5374 2144 5442 manibus,
2193 5380 2250 5428 et
2293 5370 2530 5427 vinculis
2575 5368 2769 5426 ferreis
2795 5368 3033 5426 astrictis
3077 5369 3329 5440 pedibus,

1739 5484 1868 5525 cum
1893 5465 2110 5523 caeteris
2139 5463 2318 5536 pomis
2345 5461 2724 5532 strictissime,
2755 5461 2824 5518 de
2849 5476 3002 5517 more
3033 5475 3232 5516 canum
3254 5500 3269 5526 ,
3294 5473 3330 5515 ι

1737 5562 1880 5619 collo
1909 5559 2025 5616 bini
2057 5567 2113 5614 et
2139 5558 2252 5614 bini
2289 5556 2534 5628 copulati
2569 5555 2825 5623 funibus,
2852 5569 3039 5611 coram
3064 5552 3329 5624 magistro

1737 5653 1964 5712 sceleris
2001 5650 2289 5723 capitalem
2333 5648 2662 5706 sententiam
2701 5647 2890 5704 subire
2927 5645 3328 5716 praestolantes.

1737 5749 1791 5804 in
1821 5761 1957 5820 gyro
1994 5743 2148 5800 humi
2171 5744 2350 5812 versi,
2381 5741 2728 5800 tenebantur.
2761 5740 2968 5811 Impius
2995 5745 3176 5794 autem
3207 5735 3325 5791 cxi-

1737 5841 1852 5896 tiali
1882 5839 2026 5896 furia
2059 5837 2336 5905 invectus,
2368 5833 2637 5893 ministris
2661 5833 2826 5891 ctndis
2861 5832 3114 5902 imperat,
3141 5828 3326 5889 letbali
