3812 6312
531 400 672 471 ιρις)

1096 406 1189 461 AD
1223 403 1673 463 GODEFRIDUM
1711 400 2007 458 APPEND.
2044 400 2108 457 ll.
2149 432 2213 441 ——-
2258 396 2533 456 MONUM.
2577 397 2666 453 DE
2703 390 3218 454 BELLO'SACRO.

3628 404 3716 463 H16

526 518 673 574 tenta
702 518 1043 590 captivorum
1078 517 1303 573 vulnera
1343 515 1631 583 intentari,
1659 522 1714 571 et
1743 514 1970 571 amictos
1995 514 2115 569 vul-
2143 521 2189 584 Α
2217 511 2649 568 cruciaminibus
2676 512 3022 569 mulcebatur
3047 513 3251 586 impius
3269 553 3285 581 ,
3313 521 3367 569 et
3387 515 3535 584 quasi
3554 517 3716 579 ηῐεαιη

524 612 748 667 net-ibus
773 612 1033 683 gravibus
1053 610 1205 679 virga
1228 608 1440 677 capillis
1470 607 1627 674 illita,
1660 604 1808 661 foras
1837 605 1905 661 ad
1931 606 2114 661 decol-

522 703 747 759 laudum
783 704 1026 767 extrahi,
1073 710 1409 771 ceterosque
1454 708 1728 756 nocturno
1776 699 2113 756 cruciamine

520 795 939 869 aﬂ‘ectos,ca3di
966 794 1219 851 crastina;
1255 792 1553 860 reservari;
1588 791 1742 863 impii
1773 790 1958 863 itaque
1986 791 2112 848 laeto

519 890 738 955 animo,
767 890 1033 946 scelerato
1056 888 1263 943 domini
1291 888 1377 943 sui
1408 895 1602 957 parent
1630 886 1879 957 imperio.
1912 885 2109 958 Sequi-

519 990 610 1038 tur
650 990 833 1038 autem
879 997 949 1037 ex
991 980 1206 1037 scelesti
1248 979 1480 1050 imperio
1524 979 1750 1036 ell‘eclus
1805 980 2105 1037 scelestior.

516 1072 676 1129 Ducti
697 1073 897 1129 etenim
924 1073 991 1128 ad
1022 1072 1426 1139 decollandum,
1449 1071 1543 1128 alii
1567 1080 1622 1128 et
1643 1072 1755 1140 alii,
1787 1088 1897 1129 non
1926 1073 2110 1130 solum

513 1165 812 1236 amputatis
864 1165 1136 1235 capitibus
1176 1165 1438 1222 manibus
1480 1165 1773 1237 impiorum
1818 1176 2105 1236 corruunt,

513 1273 702 1313 verum
743 1259 907 1314 etiam
951 1260 1226 1315 abstracta
1263 1270 1387 1316 cute
1428 1260 1537 1315 vivi
1569 1259 1883 1331 capitis,'et
1924 1260 2108 1317 medio

510 1358 671 1407 tenus
716 1351 1061 1419 detruncati,
1093 1352 1226 1408 dirae
1267 1353 1463 1409 mortis
1506 1352 1801 1409 discidium
1847 1354 2100 1410 subeunt.

512 1442 736 1500 Residui
779 1460 1001 1516 quoque
1046 1444 1195 1500 illato
1253 1442 1358 1499 sibi
1403 1443 1679 1515 promisso
1726 1444 2101 1514 cruciamine,

506 1554 635 1595 cum
681 1540 1032 1595 contumeliis
1074 1547 1129 1595 et
1165 1538 1469 1594 terroribus
1512 1545 1728 1593 noctem
1764 1538 1910 1594 illam
1953 1548 2103 1596 tene-

507 1632 729 1688 brosam
755 1631 1107 1699 deducentes,
1142 1631 1419 1687 mentibus
1451 1631 1693 1699 obstant,
1716 1632 1898 1687 verbis
1919 1631 2102 1688 incre-

508 1733 639 1793 pant
681 1734 937 1792 mortem,
982 1740 1125 1795 saepe
1159 1733 1407 1779 vocatam
1436 1732 1492 1779 et
1541 1731 1850 1780 revocatam
1892 1723 2099 1780 eisdem

507 1814 723 1871 mmstis
757 1831 866 1871 non
898 1814 1103 1870 venire.
1142 1813 1394 1870 Vicissim
1434 1821 1616 1869 tamen
1657 1812 1803 1884 apud
1835 1828 1895 1870 se
1931 1830 2095 1885 repu-

2215 604 2413 662 oblatis
2438 602 2660 660 ferculis
2682 646 2697 673 ,
2727 618 2842 660 suae
2875 604 3185 661 crudelitati
3214 603 3538 675 arridebant;
3564 624 3639 666 nec
3658 621 3717 669 ta-

2213 713 2338 753 men
2360 697 2415 753 id
2441 697 2493 753 ei
2516 696 2717 753 sullicit
2740 697 3056 754 crudeliora
3080 698 3365 771 cogitanti.
3397 696 3601 770 Imperat
3618 705 3715 763 enin

2211 807 2402 848 omnes
2427 790 2592 847 simul
2613 799 2888 864 quotquot
2912 790 3154 861 fuerunt,
3167 791 3225 848 in
3247 791 3427 850 medio
3443 808 3608 866 campo
3620 796 3718 868 sisti,

2210 893 2271 940 ut
2305 884 2397 942 cui
2451 885 2676 958 sanguis
2721 885 3003 957 singultim
3054 884 3265 942 etl‘usus
3312 884 3718 957 ﬂoccipeudehatur

2209 977 2276 1032 ad
2322 976 2704 1034 suﬁicientiam
2746 978 3093 1047 exterminii,
3134 979 3329 1036 saltem
3355 980 3638 1038 universalis
3660 986 3715 1040 vi-

2208 1068 2373 1125 ctima
2400 1085 2624 1142 quoquo
2665 1071 2829 1128 modo
2854 1070 3153 1142 placuisset
3196 1072 3267 1129 ad
3303 1075 3716 1144 augmentationem

2207 1162 2293 1219 sui
2332 1164 2536 1236 gaudii.
2572 1163 2761 1237 Itaque
2795 1164 3069 1222 sistuntur
3106 1166 3167 1221 in
3201 1165 3402 1222 medio.
3441 1165 3718 1240 Hujusiussu

2204 1246 2470 1327 parantur
2513 1257 2662 1314 mille
2710 1258 2933 1327 milites,
2980 1258 3065 1314 vel
3111 1258 3323 1330 plures,
3359 1274 3515 1316 enses
3553 1263 3719 1320 nudatos

2206 1349 2461 1408 manibus
2496 1348 2825 1420 deterentes,
2866 1359 2928 1407 ut
2967 1350 3134 1407 simul
3163 1350 3310 1408 datis
3357 1350 3561 1420 ictibus,
3583 1355 3720 1411 ethos

2203 1442 2506 1499 dilacerare
2547 1452 2604 1500 et
2649 1443 2941 1515 profanum
2981 1444 3293 1500 exhilarare
3324 1445 3546 1500 valeant.
3568 1444 3720 1502 Parati:

2203 1536 2471 1593 militibus
2511 1536 2722 1593 irruere
2755 1553 2882 1593 cum
2919 1537 3149 1610 impetu,
3186 1536 3343 1594 adest
3370 1536 3576 1609 quidam
3598 1539 3718 1594 admi-

2200 1628 2480 1685 raldorum
2513 1630 2958 1701 potentissimus,
2982 1630 3268 1686 dominum
3303 1631 3469 1687 caedis
3499 1630 3574 1688 bis
3593 1632 3721 1688 verbis

2200 1722 2491 1779 allocutus.
2523 1741 2542 1775 ι
2569 1721 2699 1778 Eia!
2728 1723 2863 1796 legis
2888 1723 3065 1790 stella,
3093 1724 3226 1795 quid
3252 1724 3481 1796 deponis
3508 1733 3600 1780 tam
3615 1726 3720 1782 brevi

2200 1827 2364 1883 super
2412 1813 2499 1869 his
2550 1812 2693 1868 [iniri
2738 1823 2831 1870 tua
2881 1814 3117 1886 gaudia?
3160 1814 3257 1871 His
3298 1816 3597 1887 peremptis,
3629 1818 3723 1887 quid

506 1915 653 1974 tant,
680 1908 965 1978 praesentis
1000 1908 1124 1963 vitae
1150 1907 1361 1963 meritis
1398 1907 1741 1979 exigentibus
1770 1908 1822 1963 id
1849 1908 1932 1965 eis
1964 1924 2097 1965 eon-
2129 1893 2170 1951 Β
2201 1904 2463 1975 triumphi
2488 1906 2692 1963 exteris
2720 1906 2941 1978 regibus
2974 1916 3027 1963 et
3059 1907 3405 1979 principibus
3436 1910 3723 1981 nostralegis

506 1999 727 2071 tigisse;
764 1998 1113 2072 fatenturque
1153 2000 1302 2072 juste
1337 2009 1393 2056 et
1432 2001 1629 2056 merito
1668 2001 1941 2057 deteriora
1989 2002 2093 2058 sibi

505 2092 812 2160 imminere,
836 2102 890 2149 et
912 2094 1027 2149 haec
1052 2094 1179 2149 talia
1202 2094 1399 2165 hisque
1427 2093 1650 2161 similia,
1676 2109 1785 2149 non
1806 2093 1873 2149 ad
1898 2110 2093 2165 puram

504 2185 600 2241 sed
635 2186 702 2242 ad
735 2195 1051 2257 corruptam
1088 2186 1326 2242 hominis
1365 2195 1619 2241 naturam
1664 2187 1957 2257 pertinere.
2002 2186 2095 2241 Ai-

502 2285 618 2334 tera
644 2278 813 2345 enim,
845 2279 987 2333 valet
1016 2279 1082 2334 ad
1112 2278 1425 2346 miseriam;
1462 2288 1517 2334 et
1543 2279 1734 2347 altera,
1767 2279 1833 2334 ad
1859 2278 2095 2335 beatitu-

501 2369 706 2426 dinem.
756 2370 941 2427 Pressi
987 2372 1172 2443 itaque
1219 2380 1332 2428 tota
1368 2381 1529 2428 nocte
1576 2381 1631 2428 et
1675 2372 1959 2429 constricti
2005 2388 2095 2429 se-

500 2460 687 2530 quenti
707 2459 814 2516 diei
835 2469 957 2517 orto
980 2476 1086 2516 una
1110 2461 1247 2528 sole,
1273 2461 1409 2530 sole,
1434 2461 1684 2533 inquam,
1706 2462 1911 2519 eisdem
1932 2473 2093 2520 nocte

500 2553 788 2609 tenebrosa
816 2555 1213 2624 tenebrosiore,
1242 2556 1383 2628 jussi
1413 2565 1542 2614 sunt
1571 2557 1691 2613 sisti
1728 2558 1783 2613 in
1815 2560 2089 2628 tentoriis,

494 2660 787 2718 quousque
835 2648 1093 2705 decernat
1138 2649 1392 2722 princeps
1440 2652 1659 2709 sceleris
1705 2652 1838 2723 quid
1889 2652 1957 2709 de
2009 2653 2091 2710 eis

495 2739 682 2796 animo
711 2756 813 2797 suo
836 2740 1166 2798 suilieienter
1195 2742 1313 2799 ﬁeri
1343 2744 1538 2799 valeat.
1570 2742 1738 2816 quue
1762 2745 1967 2817 placuit
1994 2761 2091 2803 ne-

495 2831 661 2889 fando
693 2835 947 2907 principi.
986 2835 1132 2892 Hora
1172 2837 1280 2893 diei
1317 2838 1507 2906 tertia,
1537 2839 1738 2911 captivi
1780 2840 1944 2909 nudi,
1982 2840 2089 2897 du-

493 2926 639 2980 centi
690 2927 773 2983 vel
823 2928 1071 2997 trecenti,
1117 2945 1149 2985 a
1198 2929 1430 2986 collibus
1473 2932 1638 2988 simul
1686 2931 1917 3005 religati,
1960 2950 2087 2991 cum

493 3014 690 3086 gladiis
721 3027 774 3073 et
802 3017 1070 3087 fustibus,
1109 3019 1337 3093 ﬂagellis
1374 3030 1431 3077 et
1464 3021 1704 3079 restibus
1736 3039 1834 3095 per
1862 3040 2087 3096 campos

493 3108 737 3164 milliarii
772 3110 950 3181 spatio
976 3112 1287 3193 cardonetis
1311 3122 1367 3170 et
1393 3114 1651 3186 vepribus
1680 3116 1877 3174 insitos
1896 3160 1911 3186 ,
1936 3117 2086 3175 ducti

493 3200 717 3289 suntin
755 3202 989 3271 vineam,
1028 3203 1186 3275 juxta
1228 3203 1605 3262 Samartinum
1655 3208 1868 3265 noviter
1892 3211 2084 3267 excul-
2111 3247 2156 3309 ο

490 3284 641 3363 tam,
673 3294 767 3352 ubi
810 3294 985 3366 pietas
1025 3297 1270 3354 humana
1307 3299 1545 3355 naturali
1578 3300 1705 3371 jure
1749 3304 1993 3373 privata,
2025 3304 2081 3362 in

488 3382 732 3442 furorem
748 3388 1072 3461 sacrilegum
1099 3406 1363 3448 conversa
1386 3393 1614 3460 exstitit,
1639 3401 1873 3467 tyranno
1894 3397 2083 3470 Algazi

489 3479 833 3551 tyrannidem
862 3479 918 3535 in
946 3480 1305 3540 Christicolas
1336 3484 1533 3541 ibidem
1561 3497 1869 3556 exercente,
1893 3499 1948 3545 et
1976 3490 2083 3549 hoc

488 3567 653 3627 modo
685 3587 699 3624 :
741 3568 934 3626 Estus
958 3572 1159 3644 quippe
1191 3582 1310 3629 erat
1341 3590 1451 3631 non
1494 3577 1673 3634 solum
1705 3579 1932 3650 captivis
1961 3582 2083 3637 vul-

487 3660 693 3716 neratis
741 3669 797 3717 et
829 3663 1081 3733 aegrotis,
1121 3679 1313 3719 verum
1355 3666 1519 3721 etiam
1560 3668 1711 3724 sanis
1747 3669 2000 3727 hostibus
2027 3680 2082 3728 et

485 3747 673 3808 liberis
695 3752 988 3810 admodum
1014 3754 1397 3825 intolerabilis,
1422 3757 1495 3813 ita
1517 3759 1662 3830 quod
1686 3761 1885 3834 singuli
1908 3762 2081 3834 capti-

483 3858 702 3911 vorum,
731 3860 832 3916 pro
857 3846 1027 3904 calice
1056 3863 1213 3920 aqua:
1240 3847 1453 3921 frigidae
1476 3867 1585 3907 non
1617 3855 1930 3911 renuissent
1950 3871 2080 3927 por-

484 3935 718 4006 rigenti,
760 3937 924 3997 etiam
974 3940 1221 3995 membra
1252 3941 1520 4013 singula,
1559 3944 1644 3999 vel
1690 3944 1866 4016 ipsam
1908 3947 2076 4003 vitam

483 4025 633 4082 dare.
667 4026 744 4083 lbi
766 4029 988 4101 quidem
1013 4031 1213 4103 captivi
1246 4033 1380 4091 visis
1401 4034 1576 4092 betris
1601 4037 1772 4093 vinem
1804 4039 1958 4094 humi
1987 4040 2075 4096 in-

485 4116 819 4175 haerentibus
866 4121 1119 4177 certatim
1173 4138 1340 4194 super
1385 4139 1481 4181 eos
1519 4129 1680 4196 proni
1732 4127 2073 4198 incidentes,

483 4219 742 4282 gypsatos
774 4213 941 4269 etiam
993 4231 1090 4271 ore
1140 4218 1438 4288 carpebant
1486 4219 1647 4275 avido
1671 4262 1686 4288 ,
1738 4221 2076 4293 pedibusque

393 4308 396 4312 ‘
481 4305 833 4362 conculcatos
855 4348 869 4374 ,
906 4323 1143 4379 quorum
1173 4308 1355 4380 liquor
1381 4310 1452 4365 ab
1482 4326 1577 4367 ore
1610 4313 1907 4382 prementis
1931 4330 2073 4383 quo-

421 4443 425 4446 .
479 4407 593 4463 quo
615 4395 780 4451 modo
800 4405 948 4452 esset
967 4398 1208 4469 elapsus,
1232 4415 1328 4455 ore
1351 4400 1581 4458 alterius
1609 4402 2070 4473 suscipiebantur,

479 4486 788 4558 saepiusque
817 4497 1070 4559 putantes
1098 4489 1345 4563 elapsum
1378 4492 1649 4563 liquorem
1685 4493 1918 4550 retinere
1935 4538 1951 4563 ,
1979 4513 2070 4552 ar-

2197 1995 2595 2065 prmsentabis?
2621 1995 2819 2053 Desine
2846 1998 2952 2054 hoc
2980 1997 3149 2054 modo
3179 1999 3319 2055 istos
3346 1999 3508 2055 morti
3536 2000 3723 2065 tradere;

2197 2087 2461 2159 mihique,
2505 2087 2574 2143 ad
2623 2090 2889 2146 honorem
2938 2091 3035 2146 tibi
3077 2093 3413 2161 consulenti,
3442 2109 3544 2149 non
3579 2109 3724 2149 renuas

2196 2180 2439 2235 credere.
2468 2179 2615 2236 Nihil
2649 2183 2795 2238 enim
2824 2184 3111 2239 consulam
3141 2185 3251 2240 nisi
3280 2186 3431 2255 quod
3462 2195 3633 2241 nostra:
3654 2186 3724 2258 legi

2196 2272 2436 2342 suppetit
2454 2282 2508 2329 et
2534 2281 2629 2329 tuo
2653 2274 2849 2331 honori
2870 2277 3147 2349 congruit.
3177 2276 3372 2333 Laudo
3398 2279 3571 2351 itaque
3588 2288 3631 2334 et
3652 2288 3726 2334 tua

2196 2363 2559 2435 magnitudini
2604 2368 2859 2434 consulo,
2903 2376 2967 2424 ut
3011 2384 3079 2424 ex
3128 2368 3216 2425 bis
3260 2372 3493 2428 canibus
3537 2373 3729 2439 ditiores,

2193 2454 2453 2524 potiores,
2479 2456 3120 2533 generosioresquejeligi
3151 2462 3447 2534 praecipias
3475 2466 3726 2535 separatim,

2193 2545 2289 2617 qui
2319 2556 2414 2603 aut
2441 2547 2820 2621 redemptione
2858 2552 3058 2624 capitis
3098 2556 3358 2623 evasuri,
3385 2568 3481 2612 ant
3508 2558 3635 2613 intus
3664 2575 3728 2615 so-

2192 2637 2565 2697 lemnitatibus
2601 2643 2993 2713 mathemacis,
3017 2646 3254 2704 diversis
3283 2650 3729 2704 tormentorum'ﬂ-

2191 2728 2492 2787 lationibus
2533 2733 2956 2801 exterminandi,
3004 2735 3102 2791 tibi
3148 2746 3523 2793 reserventur.
3570 2736 3626 2793 Et
3664 2739 3729 2808 qui

2191 2820 2348 2876 missi
2384 2821 2614 2878 soldano
2643 2824 2965 2897 ueterisque
2989 2826 3233 2883 dominis
3260 2840 3314 2884 et
3347 2828 3651 2898 primatibus
3671 2829 3730 2882 in-

2190 2914 2332 2987 clyta
2358 2917 2631 2987 praeconia
2658 2918 2738 2973 tui
2767 2920 3007 2976 nominis
3032 2929 3084 2975 ct
3110 2920 3460 2992 triumphum
3482 2936 3586 2993 quo
3604 2920 3731 2992 viges,

2190 3025 2323 3066 voce
2341 3009 2463 3067 viva
2496 3020 2890 3083 repraesentem
2914 3022 2970 3069 ct
3004 3014 3089 3070 bis
3119 3016 3416 3085 separatis,
3449 3015 3633 3072 residui
3654 3014 3733 3069 tuis

2188 3102 2417 3160 ensibus
2447 3105 2795 3161 membratim
2823 3105 2971 3173 czesi,
3008 3107 3248 3163 sentiant
3269 3108 3409 3179 quid
3436 3117 3491 3164 et
3521 3119 3734 3180 quantum

2192 3195 2243 3248 hi
2278 3210 2580 3269 eorumque
2622 3210 2875 3270 parentes
2917 3207 2973 3256 et
2993 3201 3378 3271 compatriotae
3420 3202 3478 3257 in

2188 3301 2333 3340 mam
2358 3286 2532 3359 legem
2561 3298 2808 3345 nostram
2838 3289 3208 3363 deliquerunt.
3247 3312 3266 3344 ι
3294 3291 3462 3360 Quod
3497 3293 3737 3349 consilium

2186 3379 2443 3449 sceleris,
2494 3381 2761 3438 scelerato
2820 3383 3057 3453 placuit,
3103 3392 3161 3440 et
3210 3385 3293 3441 sic
3342 3385 3469 3441 ﬁeri
3513 3388 3735 3457 pracepit.

2186 3470 2352 3527 Electi
2398 3472 2565 3544 igitur
2593 3483 2922 3545 separantur
2958 3475 3026 3530 ad
3069 3484 3452 3545 tormentum;
3485 3476 3669 3534 residui
3696 3476 3738 3532 in

2182 3577 2378 3635 campo
2404 3563 2473 3618 ad
2502 3580 2745 3633 praesens
2774 3566 3183 3622 exterminium.
3220 3567 3312 3623 Ait
3340 3570 3497 3626 enim

2183 3670 2327 3713 inus.
2358 3674 2378 3708 ι
2422 3654 2551 3711 Eia!
2582 3656 2817 3725 milites,
2848 3658 2985 3730 legis
3022 3660 3241 3716 eximia:
3270 3669 3494 3719 tutores
3518 3672 3571 3717 et
3594 3670 3741 3717 ando-

2180 3761 2298 3813 res,
2323 3746 2480 3802 adest
2509 3762 2708 3803 canum
2741 3748 2964 3805 victima
2998 3752 3198 3807 vestris
3237 3753 3481 3809 ensibus
3516 3768 3740 3823 prepara-

2180 3846 2253 3892 la.
2292 3857 2310 3890 ι
2350 3836 2803 3911 Exclamavitque
2844 3858 2857 3894 :
2903 3861 2922 3893 ι
2971 3840 3155 3898 Ehoe!
3199 3842 3389 3901 Ehoe!
3438 3854 3668 3916 prompte
3697 3857 3744 3899 as

2180 3938 2401 3985 strenue
2426 3931 2481 3986 in
2510 3946 2605 3987 cos
2636 3932 2847 3988 irruite.
2883 3952 2902 3985 ι
2937 3932 3092 4005 lmpii
3122 3934 3348 4007 itaque,
3383 3954 3517 3994 cum
3544 3955 3643 3992 uno
3671 3939 3744 3991 int-

2178 4028 2304 4091 petu
2341 4021 2546 4078 feriunt
2588 4024 2785 4094 gladiis
2828 4026 2983 4082 necis
3027 4029 3275 4085 materiei
3322 4030 3745 4103 deputatus;nec
3788 4050 3789 4055 η

2140 4150 2161 4175 ,
2176 4112 2384 4168 medere
2404 4112 2685 4182 desinunt,
2709 4131 3001 4188 quousque
3024 4119 3377 4190 captivorum
3406 4123 3639 4194 partium
3656 4136 3745 4191 par-

2176 4215 2259 4259 tes
2286 4205 2527 4277 integras
2547 4222 2659 4262 non
2683 4208 2987 4266 inveniunt.
3014 4209 3204 4282 Ibique
3227 4212 3281 4267 in
3307 4214 3502 4271 eﬂ'uso
3524 4212 3746 4285 sanguine

2175 4298 2471 4367 provoluti,
2521 4308 2582 4354 ut
2625 4316 2721 4356 sus
2761 4302 2815 4357 in
2869 4303 3161 4360 volutabra
3193 4305 3317 4373 luti,
3368 4306 3611 4363 necdum
3636 4304 3748 4361 caede
3786 4350 3787 4361 χ

2176 4391 2415 4445 virorum
2444 4392 2650 4460 satiati,
2682 4394 2837 4450 ﬂexis
2869 4396 3099 4467 genibus
3130 4398 3405 4468 potentiae
3434 4399 3631 4471 iudicis
3649 4412 3759 4467 sup~
3784 4440 3785 4469 ξ

2173 4484 2394 4554 plicant,
2421 4497 2712 4544 exorantes
2739 4497 2798 4543 ut
2821 4489 2986 4543 simili
3013 4490 3161 4546 caede
3184 4491 3403 4549 electos
3435 4494 3609 4565 ipsius
3624 4494 3749 4563 jussu
3784 4484 3785 4565 ξ

477 4578 610 4634 dore
633 4581 811 4636 coacti
831 4581 1048 4655 linguas
1074 4584 1314 4655 propriis
1338 4585 1597 4642 dentibus
1620 4586 1981 4657 corrodebant

2245 4578 2537 4634 terminare
2564 4581 2802 4636 valeant.
2850 4579 3038 4637 Noluit
3071 4592 3254 4638 autem
3290 4584 3495 4640 divina
3534 4586 3748 4656 maiestas

477 4669 711 4726 aliorum
737 4671 927 4729 barbis
954 4675 1077 4729 aliis
1114 4675 1444 4732 inhaerentes
1464 4718 1479 4745 ,
1508 4678 1628 4733 visa
1662 4679 1893 4749 liquoris
1930 4682 2072 4738 stilla

475 4760 784 4819 miserrime
818 4766 1145 4834 saeviebant,
1187 4767 1482 4838 pluresque
1521 4770 1681 4826 urina
1717 4773 1906 4842 potiti,
1940 4782 2072 4832 tunc

474 4854 713 4922 primum
733 4857 1009 4935 sitiebant.
1026 4858 1141 4915 Hoc
1159 4869 1341 4915 autem
1365 4861 1617 4921 minister
1636 4867 1802 4924 aedis
1826 4869 2067 4940 intuens,

390 4943 393 4946 ’
471 4953 527 4999 et
553 4945 784 5017 ipsemet
808 4948 1007 5020 frigido
1040 4960 1171 5021 potu
1203 4950 1454 5023 indigens
1473 4996 1487 5023 ,
1512 4970 1542 5009 a
1570 4958 1795 5013 remotis
1819 4961 2066 5031 partibus

472 5051 672 5107 aquam
690 5040 859 5110 equis
879 5041 1167 5098 vectilibus
1190 5044 1445 5114 prmeepit
1477 5046 1670 5103 advehi
1698 5067 1711 5103 :
1735 5048 1853 5116 Qua
1881 5051 2065 5120 allata,

469 5127 711 5196 priorem
738 5138 949 5201 partem
977 5133 1080 5187 sibi
1112 5134 1521 5206 suisquejussit
1543 5141 1834 5209 reservari,
1859 5141 2065 5199 fecem-

468 5232 578 5286 qne
617 5218 747 5286 luti,
779 5220 1008 5289 captivis
1030 5225 1268 5297 porrigi,
1294 5227 1622 5299 statuitque,
1649 5240 1710 5287 ut
1731 5231 1845 5291 bini
1872 5242 1928 5289 et
1949 5234 2065 5290 bini

468 5306 541 5360 ad
567 5316 719 5364 utres
748 5309 1101 5382 ducerentur,
1125 5323 1182 5371 et
1217 5317 1263 5371 si
1282 5320 1411 5388 quis
1444 5323 1747 5389 accedam,
1777 5338 1889 5379 non
1924 5339 2061 5380 con-

468 5396 689 5466 ductus,
717 5400 896 5470 ipsum
926 5403 1071 5462 illico
1095 5394 1299 5478 privari
1333 5414 1511 5483 capite
1539 5414 1861 5485 imperabat.
1902 5416 2058 5488 Aqua

469 5488 632 5544 allata
664 5491 719 5544 in
750 5492 1023 5564 medium,
1047 5499 1214 5554 vitam
1244 5517 1342 5571 pro
1378 5504 1494 5559 solo
1531 5514 1693 5577 gustu
1718 5516 2060 5564 commutare

467 5581 919 5655 cupientes,non
951 5588 1013 5671 id
1034 5592 1362 5662 respiciunt,
1395 5597 1489 5652 sed
1518 5599 1703 5668 plures
1728 5613 1853 5655 cum
1886 5601 2059 5671 pluri-

468 5671 575 5728 bus
604 5688 700 5745 per
732 5678 939 5735 medios
971 5670 1131 5740 enses
1161 5685 1230 5740 ad
1260 5701 1460 5757 aquam
1490 5698 1775 5746 corruunt.
1812 5670 1903 5747 lbi,
1928 5693 2055 5763 qui-

466 5765 593 5821 dam
622 5765 895 5839 lapidibus
915 5773 1117 5844 obruti,
1133 5777 1357 5849 quidam
1380 5781 1503 5836 telis
1518 5782 1801 5853 perforati,
1822 5795 1876 5841 et
1894 5786 2055 5842 ‘multi

466 5866 597 5914 sunt
653 5858 868 5918 liversis
911 5864 1089 5921 modis
1129 5867 1454 5928 detruncati.
1502 5872 1601 5932 llis
1641 5876 1809 5949 visis,
1856 5878 2052 5936 horum

2174 4678 2237 4723 ut
2257 4685 2353 4740 per
2378 4671 2562 4727 omnia
2594 4674 2912 4742 prasvaleret
2944 4674 3119 4745 ipsius
3146 4675 3516 4735 crudelitatis
3538 4678 3751 4733 immani-

2172 4771 2276 4817 tas.
2326 4762 2587 4835 Prreccpit
2637 4765 2803 4837 igitur
2826 4766 3029 4823 electos
3061 4767 3201 4822 tradi
3244 4785 3358 4825 suo
3404 4770 3545 4837 lilio,
3572 4769 3750 4841 quieos

2170 4869 2444 4917 tormenta
2491 4862 2776 4920 inferendo
2826 4866 2882 4919 in
2933 4866 3308 4937 captivitatem
3364 4866 3615 4942 Halapia:
3658 4848 3765 4938 νοτυς

2170 4954 2437 5011 duxisset.
2474 4955 2584 5012 Nec
2619 4957 2798 5012 caruit
2838 4957 3031 5014 ell'ectu
3081 4959 3340 5015 scelerati
3391 4962 3573 5033 patris
3609 4960 3749 5030 impe-

2168 5045 2333 5101 rium.
2359 5045 2573 5103 Eleetos
2596 5047 2744 5103 enim
2771 5048 3017 5119 captivos
3045 5049 3267 5120 recepit,
3281 5066 3515 5123 eosque
3540 5052 3591 5107 in
3610 5052 3683 5122 pri

2171 5148 2331 5194 nocte
2372 5139 2645 5210 lapidibus
2684 5150 2739 5196 et
2779 5142 2955 5212 spinis
2986 5140 3455 5215 cardonibnsqne
3486 5145 3574 5200 his
3600 5142 3725 5198 immi

2169 5232 2270 5289 sus
2294 5232 2538 5304 hospites
2564 5234 2805 5290 tradidit.
2842 5233 2938 5291 His
2965 5251 3186 5307 quoque
3206 5278 3222 5302 ,
3251 5252 3365 5307 pro
3396 5240 3531 5296 cibo
3559 5240 3735 5295 scilicet

2165 5336 2220 5383 et
2248 5341 2348 5397 pro
2377 5336 2507 5398 potu
2538 5327 2709 5385 duros
2735 5329 2877 5386 ictus
2905 5330 3169 5396 contulit,
3194 5345 3298 5401 pro
3337 5331 3496 5389 lecto
3515 5376 3531 5399 ,
3557 5334 3609 5387 in
3630 5332 3728 5404 pedi

2163 5422 2269 5477 bus
2298 5429 2351 5476 et
2387 5422 2443 5475 in
2474 5422 2633 5477 collis
2675 5422 2904 5493 laqueos
2937 5423 3195 5479 astrictos
3233 5424 3460 5481 intulit.
3494 5426 3635 5492 Heu,
3667 5442 3724 5479 no

2163 5513 2253 5568 illa
2290 5514 2433 5568 inter
2463 5512 2757 5572 infernales
2790 5514 3031 5573 deterior
3055 5521 3273 5577 exstitit
3303 5534 3660 5597 computata.

2162 5606 2351 5674 quenti
2375 5621 2506 5663 vero
2537 5607 2625 5663 die
2654 5606 2939 5680 Halapiam
2975 5611 3124 5667 ducti
3156 5623 3289 5670 sunt
3321 5617 3401 5672 ad
3438 5618 3721 5689 patibulum

2162 5694 2254 5750 ubi
2285 5697 2495 5754 crebris
2526 5690 2814 5755 ictibuslct
2845 5699 3077 5757 diversis
3113 5710 3543 5766 tormentorum
3570 5707 3728 5781 generi

2160 5790 2265 5843 bus
2312 5791 2458 5860 passi
2502 5801 2631 5847 sunt
2678 5792 2899 5864 quidam
2949 5796 3389 5866 exterminium;
3438 5811 3497 5858 et
3535 5802 3729 5873 quidam

2158 5881 2488 5953 propitiante
2526 5883 2668 5954 Deo,
2694 5884 2955 5957 redempti
2982 5895 3140 5957 sunt,
3169 5888 3317 5947 sicut
3351 5892 3413 5948 ir.
3451 5894 3561 5951 line
3587 5906 3749 5949 nam.

3749 4706 3784 5072 l

3717 5289 3780 5528 il
