3816 6306
34 403 144 460 lilii

713 395 1037 454 GALTEllll
1073 390 1536 453 CANCEILARII
1575 388 1798 446 BELLA
1839 387 2164 447 ANTlOCH.
2205 387 2478 450 ——-.PARS
2515 387 2578 444 ll.

3137 385 3157 441 ί
3167 386 3276 442 0⁵29.

33 518 177 574 tionis
204 515 402 587 regalis
437 513 554 568 belli
587 511 924 581 edisseram;
961 521 1014 568 et
1041 521 1127 598 est
1151 512 1313 567 ratio.
1352 503 1594 580 COntigit
1620 509 1668 568 Α
1701 506 1994 562 admodum
2044 521 2272 578 gravare
2301 505 2586 576 potuisset.
2613 501 2931 558 Patriarcha
2959 517 3086 557 vero
3111 519 3278 572 super

32 608 158 663 enim
183 621 248 661 ex
282 603 558 676 regalibus
587 603 804 674 plures,
831 611 980 659 sorte
1012 603 1322 659 miserrima
1357 618 1484 659 cum
1508 602 1594 658 his

34 697 330 765 admisceri,
355 697 425 756 de
457 695 657 766 quibus
681 695 907 766 provisu
941 703 996 750 et
1031 695 1220 750 auditu
1247 710 1373 749 rara
1407 695 1560 750 discu
1581 725 1594 737 -

35 791 166 846 tiam.
203 787 308 843 Sed
347 804 419 844 ne
455 788 683 858 inceptae
723 786 1059 842 narrationis
1087 787 1338 843 ordinem
1373 795 1598 858 praster-

35 899 165 949 eam,
190 881 255 937 ad
282 881 335 936 id
373 880 519 950 quod
553 879 820 946 vicinius,
845 878 1031 951 Algazi
1062 888 1186 949 post
1228 879 1431 934 bellum
1465 879 1594 950 egit,

35 983 332 1031 narraturus
357 975 534 1045 ipsius
563 973 907 1047 tyrannidem
933 974 1388 1031 condescendam.

618 1066 850 1124 CAPUT
886 1066 978 1123 IX.

98 1161 214 1218 Viso
252 1177 374 1217 esse
404 1159 599 1232 Cerepi
635 1177 758 1217 cum
792 1161 1034 1217 exercitu
1072 1159 1388 1216 Artensium
1419 1158 1600 1231 profe-

40 1267 142 1312 ctus
165 1264 261 1310 est.
295 1252 402 1309 Ubi
436 1262 644 1310 turrem
675 1254 1040 1325 episcopalem
1080 1253 1226 1310 facto
1247 1253 1462 1324 placido
1493 1251 1597 1308 sibi

39 1347 348 1418 swhjugavit,
381 1347 490 1404 hoc
521 1349 713 1415 modo,
744 1348 892 1418 quod
915 1348 1230 1419 episcopum
1259 1364 1384 1404 cum
1417 1347 1598 1402 omni-

41 1440 127 1495 bus
152 1440 280 1507 suis,
304 1450 416 1495 tam
445 1439 661 1496 clericis
685 1455 852 1510 quam
885 1447 942 1495 et
970 1439 1124 1507 aliis,
1148 1439 1402 1507 liberum,
1431 1441 1598 1495 abso-

41 1531 208 1595 lutum,
253 1541 308 1586 et
351 1531 606 1602 quietum
657 1531 1004 1587 Antiochiam
1047 1532 1200 1588 adire
1241 1532 1596 1602 permitteret.

43 1619 172 1688 Quod
198 1623 250 1678 in
273 1634 428 1694 parte
465 1624 786 1696 complevit,
809 1633 866 1680 et
900 1625 955 1679 in
986 1633 1140 1696 parte
1166 1624 1441 1695 promisso
1467 1639 1602 1681 con-

44 1716 216 1770 trarius
237 1717 468 1772 exstitit.
503 1715 778 1788 Quidquid
817 1717 965 1773 enim
1005 1717 1125 1772 auri
1153 1727 1208 1772 et
1234 1718 1476 1788 argenti,
1510 1733 1602 1772 or-

45 1816 508 1879 namentorumque
532 1810 761 1867 clericos
785 1809 998 1865 deferre
1023 1809 1328 1880 comperiit,
1352 1810 1602 1865 vicecon-

43 1900 294 1956 ductorum
328 1903 526 1958 missis
560 1904 876 1974 raptoribus
906 1912 1078 1960 totum
1118 1903 1343 1959 abstulit
1377 1921 1391 1955 :
1419 1919 1602 1960 sacer-

45 1994 212 2050 dotalia
258 1995 803 2064 verodndumenta,
855 2005 917 2052 ut
965 1997 1053 2051 his
1095 1997 1394 2068 nequitiam
1447 2012 1602 2054 suam

47 2095 195 2156 tegere
219 2086 518 2155 potuisset,
545 2087 724 2157 palam
751 2087 990 2143 reddidit
1014 2095 1069 2142 et
1095 2095 1218 2158 post
1250 2071 1606 2143 illosabeun-

49 2189 112 2234 tes
131 2179 296 2236 ablata
323 2181 575 2248 remisit,
601 2181 786 2253 ibique
817 2191 944 2238 ante
965 2180 1244 2238 Artesium
1275 2183 1400 2240 ﬁxis
1424 2191 1598 2239 tento-

51 2272 127 2326 riis
150 2273 542 2343 perhendinare
566 2274 872 2346 disposuit,
903 2282 964 2330 ut
992 2275 1148 2346 prius
1174 2285 1336 2347 capto
1367 2275 1604 2342 Artesio,

51 2361 150 2417 inde
173 2363 443 2433 profectus
492 2366 838 2422 Antiochiam
877 2375 1231 2439 expugnaret.
1267 2365 1481 2422 Placuit
1509 2383 1609 2423 au-

54 2465 137 2510 tem
157 2457 338 2514 divinae
356 2459 736 2530 dispositioni,
762 2469 820 2516 ut
844 2461 919 2516 ibi
945 2461 1283 2517 detineretur
1303 2462 1485 2518 verbis
1509 2478 1574 2518 cu
1593 2492 1609 2503 -

49 2546 229 2615 jusdam
251 2550 518 2617 hominis,
541 2552 766 2608 nomine
792 2551 1016 2624 Ioseph,
1040 2554 1144 2608 viri
1170 2553 1607 2625 prudentissimi,

53 2641 151 2709 qui.
173 2657 287 2698 eum
327 2643 444 2714 ipse
491 2644 677 2716 Algazi
709 2653 978 2716 quareret
1011 2653 1253 2702 castrum
1295 2647 1398 2702 sibi
1433 2647 1609 2716 reddi,

52 2729 216 2803 Ioseph
262 2736 469 2791 astutia
509 2728 892 2806 prtemunitus,
941 2753 1052 2792 non
1093 2739 1473 2810 repugnando,
1516 2739 1613 2794 sed

55 2827 183 2893 quasi
204 2830 572 2896 assentiendo,
605 2830 910 2887 hoc'modo
939 2831 1223 2902 respondit
1253 2851 1265 2886 :
1300 2851 1316 2884 ι
1349 2831 1614 2889 Novimus

55 2919 158 2987 quia
182 2921 285 2977 tuis
309 2923 546 2978 ensibus
575 2932 629 2978 et
654 2931 752 2979 tuo
787 2924 1034 2979 dominio
1065 2923 1314 2995 subjacet
1349 2925 1614 2997 quidquid

58 3013 101 3066 in
125 3014 216 3071 hoc
226 3015 532 3088 principatu
552 3026 703 3072 extra
718 3016 1064 3073 Antiochiam
1085 3017 1415 3074 continetur.
1437 3017 1613 3088 Ipsam

61 3105 212 3175 itaque
234 3107 278 3162 si
297 3108 648 3179 acquisieris,
669 3124 796 3165 eum
821 3125 882 3163 ea
909 3117 962 3164 et
991 3109 1114 3178 hoc,
1145 3117 1199 3165 et
1218 3121 1413 3166 caetera
1436 3118 1617 3166 castra

64 3197 107 3250 in
129 3209 381 3256 momento
407 3211 577 3257 erunt
605 3201 703 3257 tibi
737 3201 983 3268 subdita,
1012 3210 1064 3256 et
1095 3217 1163 3256 ne
1192 3203 1385 3258 credas
1411 3212 1464 3258 te
1489 3218 1614 3258 ver-
1643 3227 1688 3286 ο

65 3287 132 3343 his
155 3291 276 3348 meis
308 3291 481 3348 illudi.
528 3289 751 3347 Interim
781 3292 1075 3362 quemdam
1105 3302 1329 3349 tuorum
1370 3293 1618 3350 Sahenas

65 3379 174 3434 mihi
195 3383 482 3450 attribuas,
512 3383 610 3454 qui
642 3383 761 3439 vice
802 3384 882 3439 tui
914 3399 1130 3439 mecum
1158 3399 1247 3440 res
1276 3395 1400 3440 tuas
1432 3393 1622 3441 custo«

65 3472 248 3541 diat,et
272 3476 451 3532 locum
487 3475 629 3531 tanti
668 3475 878 3531 domini
907 3474 1214 3546 possideat;
1253 3483 1306 3531 te
1347 3475 1525 3546 ipsum
1549 3483 1628 3530 et-

67 3564 184 3621 enim
209 3568 251 3622 si
276 3569 420 3626 intus
445 3569 774 3648 receperim,
803 3566 1182 3638 proculdubio
1211 3568 1314 3622 hoc
1340 3567 1527 3622 audito
1557 3567 1623 3621 ﬁ-

67 3655 153 3713 lius
201 3674 346 3715 meus
394 3658 708 3715 Antiochia:
757 3658 1001 3714 existens
1067 3666 1246 3713 morte
1305 3656 1624 3727 turpissima

68 3749 351 3819 perimetur;
389 3760 446 3809 et
487 3766 593 3822 ego
630 3765 797 3807 senex
833 3759 888 3806 et
927 3750 1120 3821 plenus
1155 3750 1398 3816 dierum,
1430 3749 1477 3806 si
1521 3749 1626 3804 hoc

69 3856 201 3910 egero
217 3885 232 3910 ,
253 3859 348 3914 pro
379 3843 729 3916 nequissimo
752 3843 1060 3914 proditore,
1092 3842 1237 3913 quod
1263 3841 1435 3896 absit!
1463 3856 1627 3912 repu-

73 3932 228 4000 tabor;
249 3944 299 3991 et
323 3935 610 3992 decentius
631 3943 735 4001 est,
764 3942 824 3989 ut
850 3949 938 3989 me
965 3933 1250 3988 innoxium
1274 3947 1440 4002 quam
1470 3945 1623 3986 reum

74 4024 253 4082 habeat.
286 4047 305 4080 ι
337 4027 434 4085 llis
462 4028 651 4084 verbis
687 4027 950 4097 deceptus
973 4034 1214 4081 castrum
1245 4025 1509 4079 intactum
1543 4023 1627 4078 di-

74 4117 212 4186 misit,
232 4130 283 4176 et
303 4122 504 4179 ibidem
533 4121 782 4176 Sahenas
805 4119 1098 4190 quemdam
1122 4117 1327 4188 posuit;
1357 4116 1474 4186 ipse
1497 4132 1625 4171 vero

76 4215 403 4278 potationibus
429 4216 698 4280 intentus,
725 4221 781 4268 et
801 4221 937 4267 nutu
963 4209 1058 4266 Dei
1078 4210 1282 4265 oblitus
1301 4207 1624 4274 Antiochiae,

75 4317 152 4370 per
171 4317 336 4375 partes
362 4316 585 4364 exteras
610 4315 664 4362 et
693 4306 1029 4377 propinquas
1056 4287 1256 4374 saepius
1287 4302 1457 4356 millia
1484 4301 1628 4356 mili-

78 4404 170 4450 tum
191 4401 604 4472 transmittebat.
636 4399 740 4466 Qui
771 4399 838 4455 de
871 4397 960 4452 die
989 4397 1044 4452 in
1075 4395 1217 4451 diem
1242 4437 1256 4462 ,
1287 4393 1486 4466 praedis
1518 4402 1628 4448 tam

78 4490 324 4548 tominum
357 4509 525 4566 quam
563 4493 798 4548 aliorum
830 4490 1051 4557 refecti,
1081 4489 1148 4545 ad
1183 4483 1362 4558 ipsum
1390 4495 1630 4544 reverte-

1697 600 1784 655 his
1830 609 1883 656 et
1937 599 2059 656 aliis
2089 599 2315 670 provide
2345 613 2535 669 agens,
2569 595 2778 652 vocatis
2826 594 2892 650 ad
2927 611 2986 650 sc
3025 593 3272 662 Francis,

1698 691 1794 747 Dei
1831 694 2032 748 virtute
2074 692 2485 759 corroboratur,
2537 691 2731 760 suique
2787 689 2918 745 clcri
2973 689 3276 744 munimine

1697 781 1841 854 frugi
1865 793 2072 854 septus,
2099 798 2226 838 cum
2251 782 2332 838 eis
2361 797 2527 852 super
2553 781 2660 837 hoc
2699 780 2942 836 decernit
2970 790 3028 835 ut
3049 795 3202 852 gens,
3226 778 3276 835 si

1696 873 1845 941 velit,
1874 874 2185 944 proditione
2202 889 2362 946 agere
2393 883 2651 944 nequeat,
2673 880 2807 928 etut
2831 872 2946 943 ipse
2969 871 3279 928 custodiam

1697 960 1936 1016 civitatis
1963 960 2130 1018 totius
2158 961 2262 1016 sibi
2291 970 2345 1016 et
2376 961 2525 1017 clero
2546 977 2672 1017 cum
2703 960 2932 1016 Francis
2954 963 3282 1014 tantummo-

1699 1049 1770 1105 do
1822 1059 2098 1119 assumat;
2131 1051 2430 1121 statuitque
2473 1060 2534 1106 ut
2562 1051 2874 1122 ubicunque
2911 1059 2966 1106 et
2999 1050 3280 1106 undecun-

1699 1157 1806 1212 que
1843 1142 1954 1198 sint
2001 1143 2058 1197 in
2087 1143 2307 1199 civitate
2352 1143 2692 1200 diversarum
2738 1143 3023 1198 nationum
3070 1141 3280 1214 populi,

1701 1235 1943 1306 exceptis
1978 1235 2227 1303 Francis,
2255 1251 2448 1292 omnes
2497 1237 2734 1293 inermes
2769 1236 3028 1303 existant,
3051 1244 3107 1290 et
3136 1251 3280 1290 nun-

1700 1344 1865 1399 quam
1905 1345 1936 1384 a
1962 1329 2217 1386 domibus
2241 1330 2358 1385 suis
2381 1338 2542 1386 nocte
2569 1330 2687 1385 sine
2713 1329 2920 1384 lumine
2939 1326 3123 1400 egredi
3143 1331 3284 1396 pra:-

1702 1430 1944 1477 sumant.
1984 1420 2150 1491 quue
2183 1430 2367 1477 actum
2397 1431 2502 1489 est,
2535 1430 2604 1486 ut,
2647 1422 2802 1477 nullo
2830 1422 2994 1476 modo
3015 1417 3281 1490 proditio-

1706 1517 1795 1572 nis
1818 1515 2040 1587 ingenio
2067 1513 2255 1572 infecti
2274 1515 2610 1581 viderentur,
2635 1524 2690 1570 et
2716 1523 2776 1570 ut
2791 1514 3104 1569 nullatenus
3118 1513 3284 1567 etiam

1706 1608 1945 1679 suspecti
1993 1607 2185 1663 haberi
2216 1608 2545 1678 potuissent.
2579 1605 2780 1663 Statuit
2807 1616 2867 1662 ut
2891 1605 2990 1660 ubi
3015 1605 3182 1660 totius
3210 1603 3289 1658 ci-

1703 1701 1888 1758 vitatis
1940 1700 2172 1757 infcrior
2219 1700 2440 1771 patebat
2465 1700 2738 1770 debilitas,
2790 1699 2865 1754 ibi
2905 1697 3138 1754 tentoria
3187 1707 3288 1752 sua

1703 1795 2031 1866 preteetioni
2059 1793 2493 1850 Christianitatis
2516 1793 2826 1850 necessaria
2854 1798 3206 1862 ponerentur,
3235 1795 3292 1842 et

1705 1895 1766 1942 ut
1786 1885 2014 1957 singulae
2038 1893 2219 1940 turres
2247 1893 2516 1956 quotquot
2534 1893 2740 1950 essent,
2765 1883 3050 1938 monachis
3079 1897 3145 1952 ac
3175 1880 3290 1935 cle-

1706 1978 1836 2034 ricis
1885 1977 2092 2032 mistim
2147 1993 2272 2032 cum
2327 1975 2502 2042 laicis,
2549 1993 2649 2046 pro
2691 1991 2852 2046 posse
2901 1983 2957 2029 et
2989 1972 3293 2043 quantitate

1705 2069 2158 2126 Christicolarum
2194 2069 2410 2124 eminus
2443 2068 2811 2122 munirentur.
2839 2065 3014 2137 Hujus
3040 2065 3214 2136 patris
3237 2072 3295 2118 et

1707 2161 1950 2218 doctoris
1974 2160 2389 2230 prudentissimi
2427 2175 2620 2214 omnes
2654 2174 2762 2214 una
2786 2159 3072 2229 diligenter
3102 2165 3297 2226 parent

1709 2251 1958 2324 imperio.
1992 2251 2219 2307 Munitis
2255 2252 2440 2322 itaque
2475 2251 2740 2317 turribus,
2777 2249 3060 2305 intrinseci
3106 2257 3160 2302 et
3195 2263 3294 2302 ex-

1711 2347 1931 2416 trinseci
1959 2345 2290 2402 adhibentur
2312 2344 2570 2400 custodes
2591 2359 2718 2399 cum
2747 2343 3085 2398 custodibus.
3114 2339 3296 2394 ldcmo

1710 2456 1818 2511 que
1846 2437 2182 2511 patriarcha,
2210 2438 2388 2509 magis
2414 2437 2670 2508 precibus
2693 2451 2860 2506 quam
2884 2433 3053 2490 armis
3083 2447 3264 2502 pugna
3293 2457 3296 2461 -

1711 2544 1893 2600 turus,
1917 2547 2016 2602 pro
2041 2532 2218 2587 salute
2239 2545 2308 2587 ac
2336 2529 2654 2586 defensione
2674 2526 2974 2584 Christiani
2999 2523 3186 2596 pepuli
3214 2523 3299 2578 in—

1712 2635 1994 2684 cessanter
2029 2623 2141 2680 Deo
2195 2623 2538 2694 supplicabat
2579 2621 2915 2676 medullitus.
2965 2617 3076 2672 Nec
3113 2626 3298 2672 tamen

1712 2721 1900 2788 desiit,
1957 2719 2112 2776 horis
2136 2708 2594 2789 competentibus,
2649 2723 2810 2772 nocte
2842 2729 2907 2769 ac
2933 2713 3021 2768 die
3059 2727 3184 2767 eum
3211 2725 3274 2765 ar

1714 2821 1863 2869 mato
1889 2826 1992 2866 suo
2014 2811 2162 2867 clero
2181 2819 2235 2866 et
2267 2808 2552 2875 militibus,
2585 2822 2739 2862 more
2759 2812 3148 2877 pugnatorum,
3167 2817 3299 2872 por»

1717 2915 1820 2974 tas,
1853 2904 2077 2971 mmnia,
2128 2897 2184 2959 et
2236 2913 2441 2968 turres,
2485 2915 2786 2970 murosque
2831 2896 3213 2962 circumcirca,
3246 2901 3306 2950 et

1717 3001 1960 3071 ipsorum
2012 2997 2270 3054 custodes
2327 2995 2570 3051 vicissim
2621 2994 2866 3060 visitare,
2920 2989 3219 3056 consolari,
3246 2996 3304 3044 et

1718 3093 1946 3148 incitare
1976 3100 2036 3146 ut
2080 3089 2325 3162 vigilanti
2362 3088 2548 3143 animo
2577 3086 2905 3142 Christianae
2949 3081 3306 3154 protectionis

1719 3200 1907 3241 curam
1933 3183 2272 3248 adhiberent,
2297 3189 2352 3236 et
2380 3181 2598 3250 incepto
2619 3178 2764 3233 bono
2788 3176 2932 3231 nulla
2963 3173 3151 3230 hostili
3181 3187 3306 3243 per-

1721 3277 2036 3333 turbatione
2075 3276 2422 3332 desisterent.
2460 3272 2605 3340 Quid
2649 3272 2904 3344 singula?
2955 3271 3146 3326 Clerus
3176 3284 3304 3323 cum

1722 3371 1934 3428 caeteris
1968 3369 2219 3425 ﬁdelibus
2268 3367 2496 3438 provide
2517 3375 2572 3420 et
2591 3374 2834 3431 strenue,
2875 3363 3021 3417 intus
3049 3371 3103 3416 et
3126 3361 3304 3428 extra,

1723 3461 1978 3518 militaris
2030 3460 2192 3516 cilicii
2223 3457 2586 3524 vicei‘unctus,
2624 3473 2750 3512 cum
2795 3455 2889 3511 Dei
2916 3456 3135 3519 virtute,
3166 3451 3306 3508 civi-

1724 3565 1892 3613 tatem
1919 3555 1990 3610 ab
2011 3555 2264 3611 hostibus
2285 3553 2545 3607 intactam
2573 3549 2840 3606 Balduino
2861 3547 2976 3618 regi
3003 3547 3096 3602 diu
3121 3552 3310 3616 optato

1724 3649 2112 3720 protegendam
2147 3644 2468 3702 reservavit.
2699 3675 2704 3678 -

2353 3733 2584 3792 CAPUT
2619 3732 2691 3788 Χ.

1725 3869 1728 3871 λ
1797 3831 1944 3887 Inter
1987 3831 2105 3886 hac
2138 3828 2463 3886 discrimina
2487 3827 2633 3882 sicut
2655 3823 2822 3881 certis
2854 3820 3206 3878 internuntiis
3233 3819 3314 3874 dl-

1725 3925 1987 3991 dicimus,
2013 3923 2242 3977 auribus
2269 3919 2458 3991 Algazi
2485 3918 2732 3974 insonuit
2757 3930 2940 3986 regem
2963 3913 3312 3981 Balduinum,

1723 4016 2090 4085 Pontiumque
2115 4013 2370 4069 comitem
2404 4009 2805 4080 Tripolitanum
2849 4025 2977 4064 cum
3006 4005 3073 4062 eo
3101 4006 3166 4061 ad
3198 4005 3312 4058 An-

1727 4113 1987 4170 tiochiam
2011 4109 2140 4166 citis
2168 4107 2452 4180 gressibus
2494 4105 2779 4162 festinare.
2821 4103 2980 4159 Unde
3008 4101 3156 4157 illico
3193 4110 3314 4155 sta-

1729 4207 1831 4263 tuit
1851 4213 2040 4262 contra
2066 4218 2164 4258 eos
2193 4202 2379 4256 decem
2428 4199 2598 4254 millia
2627 4199 2863 4253 militum
2916 4193 3312 4257 transmittere,

1726 4309 1782 4356 et
1827 4306 1952 4369 post
1995 4297 2118 4351 illos
2155 4294 2379 4349 totidem
2401 4292 2488 4348 vel
2525 4291 2707 4362 plures
2731 4299 2826 4345 aut
2863 4290 3012 4345 lente
3050 4285 3316 4354 subsequi

1729 4389 2036 4462 imperavit.
2069 4387 2346 4456 Factaque
2389 4384 2654 4440 electione
2681 4398 2822 4454 quos
2868 4380 3225 4443 transmittat,
3264 4385 3320 4432 et

1731 4499 1874 4556 quos
1904 4497 2091 4539 secum
2121 4481 2381 4546 retineat,
2407 4478 2665 4533 euntibus
2687 4474 2924 4546 iniunxit
2943 4473 3088 4544 regis
3118 4469 3322 4525 adven-

77 4584 249 4640 bantur
284 4560 513 4643 one-rati.
563 4585 786 4642 Interim
825 4600 991 4655 super
1020 4584 1180 4638 malis
1217 4592 1270 4639 et
1314 4580 1634 4637 infortuniis
1667 4575 1712 4636 ί)
1742 4575 1817 4631 tui
1849 4573 2083 4630 sollicite
2126 4569 2486 4636 insitliari,'et
2520 4567 2944 4655 quihuscunque
2985 4560 3322 4655 modispos-

79 4689 180 4742 qua:
197 4695 256 4734 ex
280 4681 530 4750 proximo
553 4677 715 4745 facta,
738 4687 834 4733 etc
851 4677 1100 4747 proximo
1124 4674 1409 4730 amissioni
1436 4673 1632 4729 civita-

82 4769 142 4824 tis
157 4772 434 4830 Antiochiaa
453 4773 742 4829 imminere
760 4771 1142 4838 cernebantur,
1169 4769 1432 4840 quidquid
1465 4782 1630 4833 cum,

86 4861 274 4934 laboris,
286 4867 516 4936 timoris,
531 4866 816 4934 metus,vel
828 4863 1415 4920 damniChristianitati
1427 4862 1636 4918 contin-

88 4969 192 5022 gere
207 4969 421 5029 poterat,
427 4962 551 5036 jam
572 4959 834 5016 destituto
850 4957 1069 5012 militari
1091 4955 1290 5022 cilicio,
1302 4964 1355 5011 et
1367 4956 1480 5026 jam
1497 4970 1634 5025 pene

89 5053 185 5100 toto
213 5052 404 5108 amisso
451 5053 792 5108 Francorum
828 5049 1029 5104 civium
1074 5047 1300 5113 auxilio,
1329 5063 1390 5102 ea
1418 5044 1536 5100 vice
1578 5047 1632 5100 in

94 5139 268 5196 clerum
308 5147 615 5201 necessario
642 5153 816 5199 totum
854 5143 1135 5197 redactum
1165 5139 1393 5206 exstitit,
1423 5138 1520 5205 ita,
1546 5139 1633 5192 in-

95 5245 253 5302 (luam,
276 5246 333 5293 ut
356 5240 524 5294 multo
547 5238 732 5294 acrius
762 5236 1016 5292 timerent
1040 5233 1360 5288 interiorum
1391 5230 1633 5285 hostium

99 5324 370 5387 proditione
417 5329 550 5398 falli,
577 5344 744 5400 quam
787 5326 840 5381 vi
865 5333 1180 5382 exterarum
1209 5323 1318 5377 ullo
1353 5321 1516 5376 modo
1545 5321 1632 5374 in-

102 5415 336 5477 trinsecus
373 5439 531 5492 posse
563 5420 875 5492 comprimi.
902 5417 1016 5474 Nec
1045 5418 1097 5472 id
1125 5417 1360 5480 mirum;
1387 5429 1520 5485 gens
1551 5423 1632 5468 et-

106 5508 225 5563 enim
239 5512 580 5581 Antiochcna,
603 5515 655 5570 vi
682 5524 736 5571 et
767 5529 938 5584 pravo
963 5511 1182 5582 ingenio
1204 5508 1382 5580 gentis
1410 5513 1632 5571 nostrae,

107 5599 284 5665 Privata
333 5607 446 5662 suis
483 5608 716 5662 bonis'et
744 5605 959 5660 addicta
1008 5615 1189 5672 pravae
1231 5593 1637 5660 consuetudini,

113 5691 281 5758 δλτνῖιιδ
323 5708 546 5754 mmmre
573 5711 864 5764 concussa,
918 5695 986 5759 si,
1019 5692 1162 5764 quod
1193 5699 1280 5746 est
1324 5687 1643 5744 vicissitudo

114 5773 322 5849 justitite,
348 5786 540 5842 malum
563 5803 664 5858 pro
688 5785 834 5840 man
855 5783 1080 5839 reddere
1101 5780 1388 5844 voluisset,
1417 5793 1483 5833 eo
1509 5785 1664 5831 tem—v

119 5869 247 5933 poris
291 5873 556 5937 intervallo
593 5887 812 5936 nostros
847 5874 1177 5947 proditione,
1215 5872 1298 5928 vel
1329 5871 1436 5926 alio
1461 5868 1642 5934 modo,

1739 4675 1861 4725 seut
1895 4663 2328 4722 Christianitatis
2353 4660 2638 4731 invigilare
2663 4654 3024 4714 exterminiis.
3058 4649 3187 4704 Moti
3211 4649 3319 4703 ita-

1737 4777 1845 4832 que
1865 4758 2038 4829 impii,
2058 4757 2218 4828 jussu
2245 4754 2332 4810 sui
2355 4752 2563 4807 domini
2595 4751 2663 4806 de
2688 4763 2844 4804 more
2863 4746 3026 4802 solito
3051 4739 3323 4798 ordinatis

1738 4830 1984 4915 aciebus,
2035 4861 2230 4902 versus
2259 4841 2570 4898 Laodiciam
2623 4849 2678 4895 et
2715 4839 2783 4894 ad
2820 4843 3078 4891 montana
3123 4830 3333 4887 montis

1738 4938 1958 5006 Palerii,
1993 4951 2104 5009 quo
2150 4944 2205 4992 et
2230 4933 2485 5006 praedari,
2508 4941 2564 4986 et
2586 4930 2730 5001 regis
2753 4924 3022 4997 equitatui
3069 4921 3322 4978 insidiari

1741 5035 1978 5099 valeant,
2010 5037 2170 5087 nocte
2224 5025 2452 5099 profecti
2495 5032 2643 5080 sunt.
2695 5021 2778 5076 Ad
2813 5033 2952 5090 quas
2986 5024 3168 5086 partes
3193 5029 3320 5069 cum

1739 5126 2106 5187 devenissent,
2122 5121 2288 5178 divisi
2300 5128 2448 5184 sunt,
2473 5115 2634 5171 factis
2654 5114 2829 5169 tribus
2851 5109 3118 5182 partibus,
3133 5107 3325 5178 utqui-

1737 5221 1864 5275 dam
1893 5217 2127 5272 tendant
2173 5211 2287 5282 regi
2335 5210 2584 5275 obviam,
2635 5216 2690 5262 et
2738 5204 2963 5276 quidam
2993 5199 3193 5272 praedis
3239 5213 3327 5252 ca-

1741 5309 1956 5382 piendis
2000 5306 2283 5368 insistant,
2305 5300 2485 5357 caeteri
2519 5314 2650 5354 vero
2675 5298 2742 5352 ad
2773 5305 2990 5368 portum
3029 5292 3212 5348 Sancti
3239 5289 3326 5345 Si-

1743 5401 1956 5458 meonis
2013 5413 2179 5468 supra
2211 5411 2362 5450 mare
2385 5393 2492 5448 iter
2531 5391 2786 5462 dirigant.
2842 5386 3108 5443 Proiectis
3135 5392 3326 5440 contra

1743 5509 1926 5564 regem
1975 5492 2091 5561 ipse
2121 5489 2264 5544 idem
2309 5487 2378 5542 ad
2414 5493 2656 5541 montem
2685 5481 2984 5554 ﬂingronis
3021 5495 3089 5534 ex
3121 5479 3328 5546 impro-

1747 5588 1866 5641 viso
1891 5583 2094 5641 obviat.
2133 5579 2246 5636 Hos
2272 5577 2457 5656 itaque
2505 5585 2728 5634 strenue
2752 5571 3325 5639 invadendoproster-

1749 5681 1907 5746 nit,ct
1927 5692 2022 5748 per
2036 5676 2264 5744 abrupta
2291 5670 2558 5728 montium
2586 5670 2658 5724 ita
2681 5668 2912 5736 dissipat
2937 5673 2998 5718 ut
3022 5675 3120 5717 nec
3143 5656 3329 5714 socius

1751 5774 1984 5838 socium,
2013 5783 2114 5825 nec
2164 5783 2264 5838 par
2293 5781 2479 5837 parem
2513 5763 2621 5819 sibi
2675 5759 3022 5831 profuturum
3066 5749 3325 5806 inveniat.

1766 5868 1886 5934 Quo
1907 5872 2148 5936 peracto,
2174 5878 2268 5917 rex
2291 5867 2416 5916 ante
2439 5858 2676 5913 latorum
2709 5845 3088 5910 castrametari
3106 5843 3324 5918 jubet,c
