3812 6312
560 375 702 432 {0‘13

1128 374 1221 429 AD
1257 373 1707 432 CODEFIUDUM
1746 375 2039 432 APPEND.
2083 376 2147 432 ll.
2188 409 2259 418 -—
2296 375 2565 435 MONUM.
2605 377 2692 433 DE
2730 377 2954 436 BELLO
2993 379 3241 437 SACRO.
3589 404 3667 466 ,(τῇ

559 491 688 546 inde
728 505 889 546 mane
926 487 1229 560 profectus,
1281 505 1340 545 se
1393 490 1572 560 ipsum
1634 504 2056 560 prmcessurum,
2091 496 2152 545 ut
2179 498 2225 555 Α
2259 490 2408 545 omni
2440 490 2644 561 populo
2677 489 2993 548 Christiano
3021 492 3402 564 exspectatione
3420 515 3669 575 magnae“.

560 583 803 653 primum
855 582 1042 638 hostes
1099 581 1360 647 inveniat,
1397 582 1689 652 disponere
1719 582 1952 648 curavit,
1979 581 2154 637 comi-

561 684 783 746 temque
833 690 959 731 cum
1002 673 1438 729 Provincialibus
1486 673 1802 745 retrograde
1847 674 2152 730 custoditu-

559 790 708 840 rum,
735 772 998 842 subsequi
1049 771 1358 841 imperavit,
1389 778 1447 825 ut
1477 779 1533 825 et
1557 770 1694 840 ipse,
1726 769 1774 826 si
1803 768 1943 825 forte
1966 771 2152 826 hostes

559 867 776 933 viderit,
805 865 919 936 regi
945 865 1056 920 cito
1079 864 1271 919 nuntio
1292 863 1346 918 id
1374 864 1637 931 insinuet,
1666 872 1721 918 et
1743 879 1840 920 eos
1867 874 2154 934 percutere

559 975 671 1013 non
706 967 920 1013 renuat.
973 956 1173 1027 Sicque
1216 956 1304 1012 his
1352 955 1545 1012 ordine
1575 955 1982 1024 incedentibus,
2019 973 2153 1014 con-

559 1051 683 1122 tigit
731 1049 1106 1108 Provinciales
1154 1049 1356 1104 vidisse
1401 1056 1611 1119 partem
1670 1048 1914 1105 hostium
1943 1059 2153 1106 antesc

560 1143 800 1212 praedam
853 1142 1150 1197 maximam
1183 1142 1562 1213 eil'ugantium,
1608 1159 1750 1214 quos
1796 1143 2062 1200 citissime
2086 1159 2152 1200 ac

558 1233 791 1288 viriliter
848 1241 1135 1304 percutere
1184 1248 1294 1287 non
1341 1232 1620 1301 diﬁerunt,
1675 1233 1749 1288 ita
1790 1233 1939 1304 qnod
1973 1235 2150 1304 ipsam

559 1328 798 1396 praedam
855 1327 925 1382 ab
969 1327 1051 1382 eis
1094 1324 1400 1381 excutiunt.
1441 1325 1600 1381 Sorte
1651 1340 1782 1396 ergo
1840 1325 2149 1382 miserrima

558 1419 784 1490 perfidi,
817 1419 1116 1488 resumptis
1149 1417 1378 1484 viribus,
1436 1415 1813 1473 Provinciales
1844 1417 2150 1476 invadendo

558 1511 626 1566 ad
682 1511 786 1566 hoc
832 1509 1159 1580 perducunt,
1189 1508 1335 1579 quod
1374 1509 1442 1562 ad
1492 1524 1674 1579 regem
1708 1509 1799 1562 illa
1828 1509 1915 1565 die
1952 1511 2149 1566 reverti

558 1616 860 1676 nequeunt.
890 1605 1231 1672 Quibusdam
1259 1605 1462 1660 ctenim
1495 1606 1814 1676 peremptis,
1846 1614 1901 1660 et
1923 1607 2151 1676 quibus-

559 1701 686 1754 dam
719 1715 814 1768 per
837 1707 1099 1753 montana
1154 1698 1458 1768 dissipatis,
1490 1698 1672 1753 caateri
1705 1699 1950 1769 vagando
2003 1700 2150 1755 ince-

557 1793 770 1858 dentes,
792 1792 906 1862 jam
941 1801 1102 1848 nocte
1123 1793 1266 1862 apud
1295 1793 1491 1846 Casam
1535 1792 1731 1846 bellam
1758 1807 1940 1863 regem
1965 1793 2150 1864 hospi-

2253 592 2419 638 ventu
2447 583 2645 654 major,
2677 585 3020 655 protectione
3055 585 3340 642 maximus.
3368 588 3450 657 Qui
3471 611 3559 654 etim
3578 602 3673 664 inici.

2252 675 2478 731 texisset
2491 675 2826 747 perﬁdorum
2849 678 3193 750 tyrannidem
3219 679 3274 734 in
3297 693 3486 754 nostros,
3505 690 3600 750 infra
3617 715 3674 755 cu.

2256 775 2364 823 tem
2387 779 2442 824 et
2469 784 2714 837 carnem,
2737 785 2805 827 ac
2847 772 3164 829 medullitus
3195 775 3460 845 exarsisse,
3499 799 3572 840 nec
3591 790 3679 860 ipso;

2255 860 2365 917 alio
2392 870 2632 919 retentos
2668 863 2842 920 milite
2872 865 2979 921 nisi
3013 866 3184 922 maris
3221 867 3354 922 unda
3375 870 3679 944 dehiscentem-

2252 963 2375 1010 ctus
2399 954 2590 1012 dolore
2621 956 2812 1024 nimio,
2849 958 3040 1013 urbem
3071 959 3276 1015 intrare
3299 959 3543 1034 festinavit;
3564 987 3682 1032 nonut

2252 1047 2583 1117 quiesceret,
2607 1050 2702 1105 sed
2733 1059 2792 1105 ut
2825 1051 3064 1121 primum
3086 1066 3313 1124 regnum
3339 1053 3418 1111 Dei
3437 1074 3636 1132 quaereret,
3654 1081 3683 1124 et

2253 1140 2396 1212 ipse,
2419 1157 2520 1212 pro
2550 1143 2725 1213 patria
2757 1154 3123 1215 pugnaturus,
3155 1147 3212 1202 in
3237 1148 3440 1206 ecclesia
3471 1153 3685 1228 beatii’eri,

2255 1242 2317 1288 ut
2337 1231 2569 1288 decebat
2601 1249 2805 1305 regem,
2827 1235 3183 1293 devotissime
3222 1237 3330 1294 Deo
3349 1243 3599 1312 supplicaret
3609 1268 3684 1320 qua.

2253 1333 2412 1380 tenus
2444 1325 2570 1382 inde
2602 1326 2794 1394 libere,
2834 1336 2892 1384 et
2932 1328 3187 1386 absoluto
3213 1331 3535 1392 ecclesiastico
3548 1344 3690 1401 oonsilio

2252 1422 2566 1491 roboratus,
2598 1422 2703 1479 iter
2749 1425 3004 1495 sequenti
3052 1426 3290 1496 perﬁdos
3336 1429 3480 1486 tutius
3514 1449 3690 1494 assume

2252 1516 2542 1584 potuisset.
2571 1514 2683 1571 Nec
2702 1516 2756 1571 id
2777 1516 3010 1584 distulit,
3035 1519 3128 1574 sed
3157 1517 3297 1574 facta
3320 1522 3526 1578 oratione
3543 1535 3583 1581 et
3596 1544 3692 1598 vege-

2256 1616 2402 1664 tatus
2429 1608 2782 1679 patriarcbali
2819 1610 3074 1677 consilio,
3118 1619 3300 1667 motus
3323 1614 3463 1668 etiam
3487 1618 3692 1674 ardoredn-

2255 1701 2405 1770 plici,
2457 1702 2812 1769 intrinsecus,
2843 1703 3016 1757 animi
3061 1703 3362 1760 anhelantis
3391 1707 3449 1762 ad
3488 1709 3695 1777 vindictam,

2257 1802 2310 1848 et
2339 1793 2705 1860 extrinsecus,
2751 1793 3007 1850 militaris
3052 1793 3215 1849 oilicii
3271 1794 3582 1853 incitantisad
3612 1803 3696 1855 mili-

559 1899 734 1943 tatum
766 1889 1068 1944 inveniunt.
1115 1887 1253 1943 Huic
1283 1888 1526 1944 sicutcis
1556 1889 1862 1958 contigerat
1883 1887 2147 1943 referunt.
2183 1871 2226 1926 Β
2255 1873 2407 1955 tiam,
2456 1885 2758 1956 prazmissis
2807 1887 3270 1956 speculatoribus,
3322 1887 3384 1942 ad
3424 1888 3699 1961 insequendum

562 1981 639 2036 lbi
661 1982 884 2052 quidem
917 1999 1013 2036 rex
1043 1982 1284 2036 hostium
1315 1990 1462 2036 certa
1486 1981 1693 2036 invenit
1714 1981 1934 2044 indicia.
1959 1981 2149 2038 Castra

561 2074 765 2128 ctenim
796 2079 1036 2144 quatuor
1064 2073 1296 2127 millium
1327 2073 1562 2127 militum
1601 2073 1859 2142 patebant
1913 2075 2151 2130 recentia

562 2179 640 2218 nt
658 2162 798 2218 “tuis
824 2163 1138 2218 hominibus
1161 2172 1217 2218 et
1241 2163 1503 2219 membris
1539 2163 1880 2231 animalium,
1903 2181 2027 2236 qua
2054 2183 2150 2222 co-

559 2272 589 2308 ι
617 2254 805 2309 ederat
839 2255 1020 2312 adhuc
1053 2257 1286 2327 turpiter
1331 2256 1552 2313 infecta.
1587 2257 1702 2314 Rex
1727 2269 1910 2314 autem
1939 2261 2026 2316 his
2048 2277 2150 2315 au-

557 2347 708 2415 ditis,
746 2349 1032 2405 :estimans
1070 2366 1168 2406 eos
1194 2367 1358 2421 posse
1390 2355 1631 2424 assequi,
1657 2364 1718 2410 ut
1750 2356 1860 2423 ille,
1883 2357 1976 2427 qui
1999 2372 2147 2412 com-

559 2439 866 2507 patiebatur
915 2442 1238 2510 praeteritis,
1282 2446 1644 2512 praesentibus
1690 2445 2064 2518 interemptis,
2097 2457 2152 2504 et

557 2531 718 2601 cujus
743 2531 888 2602 juris
930 2541 1051 2588 erat
1078 2535 1216 2588 tueri
1256 2537 1514 2606 patriam,
1563 2539 1720 2594 valde
1770 2541 2148 2610 conqueritur,

557 2643 684 2681 cum
713 2627 928 2698 ignoret
951 2645 1062 2698 quo
1089 2630 1298 2684 certius
1319 2646 1414 2686 eos
1450 2633 1604 2702 sequi
1635 2633 1924 2704 potuisset,
1963 2649 2149 2690 secum

559 2729 744 2776 tamen
788 2731 1005 2793 reputat
1035 2723 1226 2778 utilius
1269 2713 1614 2781 Antiochiam
1657 2725 1828 2793 adire,
1850 2743 2016 2782 causa
2055 2743 2150 2797 ge-

564 2815 733 2881 mina,
765 2816 1019 2871 videlicet
1045 2825 1105 2870 ut
1133 2827 1188 2871 et
1213 2817 1489 2875 desolatos
1530 2819 1835 2875 Antiochia:
1854 2821 2148 2888 consolari,

557 2916 614 2961 ct
632 2908 702 2962 ibi
719 2908 921 2964 auditis
935 2910 1272 2977 rumoribus,
1298 2921 1516 2981 sumpto
1541 2928 1665 2966 cum
1690 2913 1999 2983 patriarcha
2021 2929 2152 2967 con-

558 2999 707 3065 silio,
741 2999 926 3056 hostes
956 3001 1111 3072 sequi
1135 3002 1328 3056 valeat.
1359 3001 1577 3057 Interim
1600 3005 1702 3058 tria
1734 3003 1903 3058 millia
1928 3004 2010 3058 vel
2033 3005 2152 3074 plu-

561 3107 652 3146 res
673 3098 832 3145 nocte
874 3090 942 3145 ad
974 3101 1194 3162 portum
1227 3092 1412 3148 Sancti
1458 3093 1732 3150 Simeonis
1761 3094 2011 3164 profecti,
2048 3110 2150 3149 au-

563 3197 691 3236 rora
723 3191 1021 3252 apparente
1051 3185 1233 3240 subito
1262 3196 1552 3256 soporatos
1611 3195 2000 3258 percusserunt
2038 3187 2152 3258 gla-

564 3275 690 3340 dio;
741 3276 923 3332 caueri
967 3292 1098 3332 vero
1134 3289 1429 3334 evaserunt
1475 3280 1713 3352 navigio.
1763 3279 1919 3351 lmpii
1945 3291 2148 3348 autem,

566 3369 850 3424 hominum
889 3379 944 3426 et
971 3371 1202 3426 aliarum
1233 3387 1416 3428 rerum
1444 3357 1682 3444 praedam
1705 3373 2041 3445 colligentes,
2057 3389 2153 3445 per

563 3457 799 3528 abrupta
849 3459 1121 3516 montium
1167 3463 1362 3533 elapsi,
1392 3474 1542 3520 moto
1591 3463 1708 3534 jam
1746 3465 1860 3520 sole
1889 3464 2152 3520 horarum

559 3550 795 3606 duarum
837 3554 1040 3624 spatio,
1085 3570 1196 3610 non
1233 3555 1394 3626 longe
1417 3557 1487 3610 ab
1518 3557 1812 3614 Antiochia
1834 3556 2033 3613 erectis
2059 3573 2154 3612 ve-

560 3643 706 3700 xillis
731 3656 1124 3716 apparuerunt.
1159 3645 1315 3703 Unde
1363 3648 1500 3705 visis
1531 3649 1807 3718 hostibus,
1846 3649 2009 3705 sicuti
2031 3665 2154 3706 mos

562 3736 849 3792 hominum
869 3738 1059 3810 exigit,
1089 3737 1450 3796 circumcirca
1479 3741 1688 3797 clamor
1711 3742 2016 3798 immensus
2037 3743 2152 3798 ori-

561 3837 670 3883 tur.
707 3828 978 3896 Quocirca
1019 3832 1202 3888 clerus
1231 3842 1286 3888 et
1313 3833 1537 3902 milites,
1563 3835 1659 3906 qui
1681 3835 1748 3891 de
1783 3835 1925 3892 bello
1953 3836 2152 3892 Antio-

563 3921 746 3977 chiam
774 3932 1059 3992 venerant,
1084 3932 1139 3980 et
1167 3924 1336 3994 cives,
1365 3935 1422 3986 ut
1443 3936 1715 3998 quotquot
1740 3927 1977 3995 fuerant,
2001 3944 2154 3983 sum-

562 4013 673 4082 ptis
721 4015 890 4069 armis
929 4015 1089 4085 quasi
1123 4017 1416 4087 pugnaturi
1448 4028 1671 4085 exeunt,
1695 4027 1750 4073 et
1770 4019 1954 4074 statim
1985 4033 2155 4088 quos-

561 4108 689 4160 «tam
720 4122 787 4162 ex
834 4108 920 4165 his
954 4109 1009 4163 in
1050 4109 1237 4166 hostes
1267 4110 1515 4182 dirigunt
1559 4120 1902 4168 scrutaturos
1949 4121 2153 4182 quanta

562 4198 729 4254 fuerit
757 4215 885 4270 pars
906 4210 961 4256 et
1001 4201 1086 4257 vis
1109 4202 1332 4258 illorum
1379 4204 1641 4259 hostium.
1683 4203 1928 4276 Contigit
1969 4213 2152 4259 autem

560 4309 628 4347 ex
669 4292 776 4349 illis
822 4293 1027 4361 missis,
1054 4294 1197 4351 duos
1229 4296 1284 4351 in
1333 4297 1546 4367 campis
1572 4296 1789 4367 perimi,
1826 4305 1882 4351 et
1901 4306 2150 4364 caeteros,

559 4383 770 4454 impetu
820 4385 1065 4442 hostium
1119 4387 1411 4458 impulsos,
1462 4388 1712 4442 celeriter
1768 4387 2002 4458 regredi.
2031 4387 2152 4455 Quo

555 4477 697 4546 viso,
753 4479 931 4536 nostri
979 4495 1090 4536 non
1125 4481 1286 4552 longe
1311 4481 1382 4535 ab
1427 4481 1563 4535 urbe
1606 4479 2005 4550 praestolantes,
2034 4480 2153 4536 visa

2251 1980 2377 2036 citis
2399 1980 2682 2050 gressibus
2707 1989 2760 2036 et
2786 1980 3056 2036 ordinatis
3081 1981 3307 2037 aciebus
3328 1981 3419 2038 iter
3442 1985 3627 2055 arripuit.
3642 1989 3702 2054 Qui

2252 2088 2380 2128 cum
2409 2073 2735 2127 nuntiorum
2775 2073 2948 2128 relatu
2981 2073 3338 2142 persensisset
3365 2090 3448 2130 eos
3480 2091 3573 2132 esse
3592 2095 3702 2135 remo-

2250 2174 2308 2220 to
2339 2207 2353 2231 ,
2379 2173 2436 2220 et
2458 2180 2731 2235 nusquam
2754 2175 2904 2221 certo
2936 2165 3058 2220 loco
3084 2176 3393 2236 pausantes,
3419 2168 3498 2222 sed
3527 2170 3705 2225 citiusso-

2252 2259 2402 2327 litos,
2423 2258 2584 2331 quasi
2621 2258 2821 2315 timore
2869 2259 3083 2316 subacti
3124 2259 3442 2330 equitantes,
3480 2278 3650 2332 suosque
3668 2281 3705 2318 τι

2253 2351 2451 2406 itinere
2480 2349 2737 2422 fatigatos
2765 2339 3164 2420 conspexisset,
3199 2350 3358 2406 laude
3396 2350 3508 2407 cieri
3530 2352 3708 2421 totiustue

2251 2444 2465 2500 ordinis
2486 2452 2828 2510 senatorum,
2853 2443 3198 2499 considerata
3226 2443 3446 2508 ratione,
3473 2442 3707 2498 Antiochiam

2251 2552 2506 2592 reversus
2531 2547 2634 2592 est.
2677 2535 2802 2601 Ubi,
2829 2534 2940 2590 Deo
2983 2543 3238 2599 vocante,
3271 2545 3324 2589 et
3349 2534 3500 2604 ipsius
3518 2535 3709 2604 donopro-

2252 2639 2456 2695 motus,
2482 2629 2824 2699 principatus
2852 2628 3173 2699 dignitatem
3197 2626 3422 2698 adeptus
3439 2637 3522 2692 est,
3538 2627 3624 2697 jure
3641 2630 3711 2697 qui-

2251 2722 2397 2777 dem.
2427 2720 2605 2792 }lujus
2629 2721 2834 2776 etenim
2871 2737 3060 2786 manu,
3086 2720 3274 2775 divina
3312 2720 3611 2792 providentia,
3628 2721 3715 2775 cites

2252 2817 2550 2883 mmnibus,
2582 2825 2638 2871 et
2670 2815 2862 2871 urbem
2905 2815 3140 2881 civibus,
3174 2815 3378 2885 quibus
3407 2815 3611 2870 destituta
3628 2823 3716 2868 sorte

2254 2908 2560 2965 miserrima
2595 2906 2793 2974 fuerat,
2840 2907 3066 2961 reddere
3112 2906 3349 2961 curavit.
3389 2905 3629 2960 Eventilata
3660 2905 3719 2957 iu-

2251 3018 2360 3072 que
2403 3017 2572 3058 causa
2617 3015 2720 3071 pro
2750 2999 3056 3054 imminenti
3101 2999 3326 3068 negotio
3353 2997 3719 3060 necessariarum

2253 3094 2441 3150 hostes
2471 3094 2582 3150 sint
2602 3091 2809 3163 copiosi
2844 3090 3033 3157 fortes,
3072 3091 3297 3160 sintque
3325 3099 3542 3161 potentes
3566 3090 3604 3142 in
3627 3089 3721 3142 mali-

2257 3189 2352 3256 tia,
2403 3187 2718 3259 patriarcha
2759 3194 2816 3241 et
2857 3185 2994 3240 ordo
3041 3183 3338 3251 clericalis,
3388 3183 3528 3252 cujus
3545 3182 3647 3251 juris
3675 3188 3724 3232 et

2257 3284 2398 3337 bona
2433 3296 2678 3347 monere,
2722 3278 2903 3334 facere
2941 3284 2997 3332 et
3018 3276 3239 3344 docere,
3277 3277 3329 3332 vi
3361 3272 3727 3331 iuterion'shomi-

2256 3373 2342 3429 nis
2390 3372 2621 3437 sufl‘ulti,
2653 3371 2911 3440 inquiunt
2941 3366 3181 3439 perﬁdos
3226 3376 3285 3422 et
3325 3365 3597 3421 incredulos
3616 3380 3660 3416 ex
3681 3362 3726 3412 f2-

2253 3463 2346 3518 cili
2371 3477 2534 3534 posse
2571 3459 2714 3517 ﬁecti
2736 3469 2792 3515 et
2825 3457 3124 3530 prosterni,
3152 3457 3324 3512 etiam
3355 3469 3612 3526 paucorum
3633 3449 3732 3504 Chri-

2256 3553 2580 3609 sticolarum
2608 3551 2886 3617 manibus,
2911 3550 2980 3616 si,
3012 3565 3142 3606 vera
3174 3547 3394 3619 iustitia
3421 3561 3532 3602 cum
3553 3543 3615 3599 eis
3628 3541 3732 3596 uimi-

2258 3655 2426 3713 tante,
2441 3645 2680 3716 legitime
2701 3642 3085 3715 pugnaverint,
3113 3649 3169 3696 et
3195 3633 3258 3696 ut
3281 3641 3388 3696 hoc
3411 3638 3515 3705 flat,
3536 3654 3610 3692 rex
3625 3645 3662 3689 et
3679 3649 3739 3687 ra-

2257 3741 2378 3807 teri,
2417 3755 2602 3796 mores
2629 3738 2906 3809 corrigere
2945 3737 3144 3792 horum
3174 3735 3432 3800 consilio,
3453 3743 3502 3788 et
3523 3730 3621 3785 aliis
3643 3726 3738 3780 bonis

2255 3833 2540 3905 invigilare
2563 3839 2840 3903 satagunt.
2873 3829 3091 3884 Statuto
3117 3829 3310 3899 itaque
3338 3824 3575 3890 consilio,
3588 3824 3632 3878 in
3650 3820 3742 3875 cuna

2253 3928 2400 3985 beati
2460 3925 2606 3982 Petri
2652 3925 2865 3981 ratione
2904 3924 3324 3995 pernecessaria
3375 3922 3743 3978 decretumestul

2256 4033 2374 4084 rex,
2423 4016 2512 4072 cui
2559 4031 2752 4086 aequus
2791 4023 2848 4070 et
2875 4030 3128 4070 summus
3164 4013 3391 4070 Arbiter
3428 4011 3533 4068 lere
3553 4019 3746 4066 orauere

2255 4123 2424 4178 gnum
2474 4105 2825 4162 orientalium
2879 4105 3346 4161 Christicolarum
3384 4104 3748 4166 subdideratpro

2256 4201 2452 4255 affectu
2490 4199 2720 4270 iustitia:
2758 4207 2813 4254 et
2839 4213 2941 4269 pro
2968 4198 3254 4254 communi
3284 4197 3517 4253 utilitate
3560 4194 3649 4250 lilio
3666 4191 3750 4244 Bur-

2256 4290 2469 4356 ruundi,
2499 4290 2659 4360 cujus
2676 4289 2820 4359 juris
2832 4297 2970 4355 erat,
2999 4288 3374 4359 principatum
3396 4284 3750 4341 Antiochiam!

2255 4382 2365 4438 filia
2419 4398 2520 4439 sua
2572 4381 2833 4448 traderet,
2873 4381 2920 4437 si
2960 4381 3128 4436 etiam
3184 4381 3485 4447 ducturus,
3528 4385 3575 4434 et
3604 4384 3753 4435 ternm.

2256 4475 2620 4546 principatus,
2675 4475 2850 4546 ipsius
2902 4475 3135 4530 consilio
3157 4482 3213 4530 et
3245 4475 3458 4530 auxilio
3502 4474 3753 4544 protectum

558 4571 760 4627 inermi
800 4573 957 4643 plebe
1009 4572 1252 4644 fugiente
1297 4588 1421 4644 qua:
1441 4589 1569 4628 cum
1601 4572 1736 4643 ipsis
1778 4572 1936 4642 ierat,
1971 4590 2152 4644 cmpe-
2184 4593 2228 4647 D
2256 4566 2560 4622 adveniret.
2601 4565 2716 4622 Hoc
2753 4566 2918 4622 etiam
2966 4566 3322 4622 considerato
3369 4558 3690 4622 moderamine
3707 4553 3754 4623 ili‘

556 4674 685 4722 runt
717 4666 928 4722 moveri
952 4674 1007 4722 et
1041 4666 1287 4723 titillare.
1320 4663 1431 4722 Nec
1474 4681 1626 4720 mora
1661 4683 1675 4722 :
1713 4666 1901 4722 hostes
1941 4667 2035 4738 qui
2066 4683 2154 4724 se-

554 4758 875 4829 quebantur
929 4760 1163 4832 primos,
1200 4775 1309 4815 non
1358 4759 1586 4814 retentis
1619 4758 1774 4826 loris,
1807 4760 1903 4815 sui
1946 4761 2153 4832 pressis

552 4855 720 4923 equis
743 4853 1072 4921 calcaribus,
1104 4851 1270 4908 simul
1295 4851 1348 4904 in
1375 4858 1596 4906 nostros
1627 4851 1864 4920 irruunt,
1898 4853 1971 4908 ita
2003 4853 2152 4924 quod

555 4946 830 5016 quosdam
872 4945 1039 5002 etiam
1073 4943 1334 4999 loricatos
1367 4943 1422 4997 in
1457 4943 1687 4998 flumine
1720 4944 1892 5015 mergi
1923 4944 2149 5013 faciunt,

559 5046 901 5108 ceterosque
933 5035 1139 5091 mistim
1185 5035 1559 5106 percutiendo,
1598 5052 1774 5108 usque
1815 5053 1982 5108 super
2009 5053 2150 5108 pon-

561 5137 670 5184 tem
697 5125 915 5197 insequi
941 5141 1051 5180 non
1071 5126 1360 5182 desistant.
1385 5127 1466 5182 Ex
1492 5143 1604 5199 quo
1632 5128 1836 5200 impetu
1865 5129 1934 5184 ‘57
1954 5145 2020 5184 ex
2051 5144 2123 5184 no

561 5221 698 5276 stris
723 5217 994 5289 perempti
1020 5227 1167 5274 sunt.
1193 5217 1375 5274 Nostri
1402 5229 1585 5276 tamen
1618 5221 1672 5275 in
1704 5227 1868 5291 ponte
1889 5219 2152 5275 resisten-

563 5320 668 5378 tes,
709 5309 956 5368 dimissis
983 5311 1142 5383 equis
1169 5322 1222 5369 et
1251 5314 1511 5370 extractis
1531 5313 1780 5381 ensibus,
1819 5313 2151 5384 pedetentim

561 5404 710 5458 vires
731 5404 1083 5471 resumendo,
1108 5405 1295 5462 hostes
1321 5406 1628 5461 eliminant.
1658 5405 1938 5460 Eliminati
1969 5406 2154 5476 itaque

562 5511 629 5554 ac
655 5496 868 5553 caneris
901 5498 1098 5567 praedis
1132 5500 1344 5555 onerati
1387 5501 1553 5557 simul
1589 5501 1933 5566 incedentes,
2003 5499 2147 5556 ultra

561 5589 876 5644 Corbanam
923 5590 1066 5645 inter
1123 5592 1262 5648 duas
1311 5610 1488 5664 aquas
1549 5594 1829 5665 paulisper
1873 5594 2148 5650 accubue-

565 5689 713 5740 runt.

1174 5775 1404 5831 CAPUT
1440 5775 1534 5830 XI.

634 5862 748 5922 Nec
792 5866 966 5923 multo
1010 5874 1136 5937 post
1164 5869 1315 5924 adest
1344 5868 1645 5925 Balduinus
1668 5883 1763 5954 rex
1791 5880 2149 5938 memoratus,

2255 4659 2440 4728 stitiae,
2486 4659 2765 4715 decretum
2802 4668 2887 4715 est
2927 4668 2989 4714 ut
3032 4660 3110 4714 illi
3145 4660 3242 4730 qui
3287 4659 3348 4714 in
3379 4667 3521 4714 terra
3547 4654 3754 4712 alienat!

2255 4753 2402 4810 dono
2427 4753 2796 4821 dominorum,
2845 4754 3114 4825 multique
3141 4753 3502 4810 contumeliis
3534 4758 3582 4808 et
3604 4743 3754 4803 terrori-

2255 4848 2380 4916 bus,
2403 4847 2669 4904 effusione
2691 4849 2854 4902 etiam
2886 4847 3172 4919 sanguinis
3203 4849 3295 4904 sui
3324 4859 3380 4905 et
3404 4854 3657 4919 parentum
3679 4852 3754 4892 suo

2255 4956 2400 5007 rum,
2434 4940 2487 4994 in
2511 4939 2830 4994 defensione
2853 4937 3293 4994 Christianitatis
3340 4948 3515 4994 terras
3532 4943 3580 4990 et
3602 4933 3754 4987 honore

2256 5031 2654 5101 acquisierunt,
2692 5029 2840 5083 nulla
2889 5030 3196 5085 mutatione
3239 5028 3572 5085 Christiana:
3588 5019 3753 5078 domina

2253 5127 2423 5182 tionis
2449 5125 2633 5180 habita
2663 5133 2717 5180 et
2741 5139 2999 5195 possessa
3028 5124 3377 5191 amitterent,
3410 5121 3502 5179 sed
3528 5120 3632 5192 jure
3649 5114 3754 5168 lim

2253 5221 2455 5276 ditario
2490 5216 2853 5290 possiderent.
2880 5215 3046 5288 quue
3069 5217 3249 5273 verbis
3275 5225 3335 5272 et
3366 5231 3528 5272 manu
3552 5210 3668 5281 regia
3685 5217 3753 5260 san

2255 5313 2424 5368 citum
2452 5320 2506 5366 et
2532 5311 2917 5367 conﬁrmatum
2940 5309 3170 5365 exstitit.

2856 5401 3090 5458 CAPUT
3129 5402 3247 5458 XII.

2328 5495 2425 5551 His
2459 5493 2716 5566 peractis,
2754 5510 2847 5550 rex
2905 5494 3209 5553 Antiochia:
3247 5497 3499 5553 existens
3525 5491 3585 5548 de
3612 5479 3753 5544 remuli

2251 5589 2518 5660 partibus,
2565 5597 2621 5642 et
2653 5587 2942 5658 proximis,
2995 5597 3050 5644 et
3093 5591 3473 5660 undecunque
3513 5592 3677 5657 potest,
3705 5591 3752 5628 υο

2252 5682 2403 5737 mine
2428 5681 2555 5737 belli
2585 5689 2799 5752 gentem
2836 5679 3107 5736 citissime
3127 5688 3471 5752 congregat;
3501 5687 3646 5746 seque
3663 5677 3753 5725 suos

2249 5789 2358 5845 que
2383 5773 2554 5829 armis
2607 5772 2836 5839 bellicis,
2882 5781 3191 5844 catteroque
3232 5771 3443 5828 bellico
3476 5771 3752 5841 apparatu."

2254 5869 2479 5926 decebat
2527 5882 2730 5940 regem,
2764 5867 2982 5924 munire
3013 5866 3235 5938 satagit.
3282 5865 3408 5924 lloc
3452 5863 3620 5921 audito
3642 5856 3752 5923 Algal
