3816 6306
13 421 127 476 Ill-25

673 404 1000 465 GALTERII
1037 405 1502 463 CANCELLARII
1543 404 1768 460 BELLA
1804 402 2126 460 ANTIOCII.
2169 436 2239 444 —
2277 405 2462 460 PARS
2497 405 2561 461 ll.

3110 409 3250 470 1026

9 534 207 590 dimisso
222 531 427 585 intacto
447 535 625 583 castro
645 525 881 581 Arthesii
905 533 962 580 et
983 523 1197 592 Emine,
1221 523 1290 580 ab
1309 523 1560 579 obsiden-
1590 531 1633 586 Λ
1664 522 1906 592 pretioso
1932 537 2036 578 suo
2071 522 2338 593 sanguine
2372 521 2621 590 redemit,
2669 523 2784 594 ipse
2818 524 2891 578 sit
2929 525 3170 584 clemens
3195 538 3254 585 et

9 633 116 684 dum
135 627 395 695 Cerepum
423 621 698 695 prolectus
717 630 822 678 est.
849 621 1111 676 Audierat
1134 637 1393 692 namque,
1413 619 1557 675 fama

11 721 270 775 multorum
293 723 606 780 enarrante,
633 713 868 770 Alanum
892 713 1040 770 illius
1058 713 1224 770 castri
1252 713 1556 778 dominum,

9 828 112 866 cum
141 809 253 868 suis
271 807 555 873 militibus,
595 805 906 866 Edessanos
945 805 1113 861 etiam
1159 804 1361 860 milites
1406 820 1470 860 ac
1492 804 1561 859 dc

11 905 110 960 aliis
133 900 321 958 castris
351 898 466 954 fere
488 913 700 965 omnes,
722 897 882 968 jussu
914 897 1066 968 regio
1093 896 1440 952 Antiochiam
1466 897 1562 952 ad-

11 995 184 1059 venire,
218 1001 276 1047 ut
325 991 454 1046 inde
493 989 750 1061 promoti,
797 989 978 1060 ipsum
1036 989 1110 1044 ibi
1151 989 1235 1044 vel
1275 988 1405 1043 alibi
1443 987 1561 1042 exi-

13 1093 177 1150 stente,
222 1083 364 1139 bello
408 1081 735 1152 percutiant.
780 1079 893 1137 Nec
927 1079 1122 1135 etl'ectu
1172 1079 1371 1147 caruit,
1397 1095 1562 1150 super

13 1178 98 1230 hoc
118 1185 167 1230 et
206 1190 371 1246 super
427 1174 572 1242 aliis,
604 1173 754 1246 quod
800 1173 916 1229 Rex
956 1173 1082 1230 (εωιί
1129 1181 1184 1229 et
1229 1181 1390 1229 terra:
1443 1172 1562 1228 ﬁeri

13 1268 170 1322 voluit.
215 1266 400 1337 Algazi
448 1279 603 1333 vero,
646 1280 773 1321 cum
809 1279 1039 1320 suorum
1073 1264 1284 1320 assultu
1319 1272 1562 1320 castrum

11 1381 173 1435 capere
211 1374 466 1434 nequeat,
513 1380 583 1419 ex
630 1363 864 1420 diversis
911 1364 1161 1434 partibus
1209 1362 1354 1419 facto
1396 1379 1562 1434 specu

14 1459 330 1513 subterraneo
380 1456 711 1512 infodientes
762 1457 930 1513 mittit
975 1457 1247 1522 homines,
1273 1455 1562 1526 igniferos-

15 1566 99 1620 que
139 1558 284 1620 parat
317 1565 520 1605 currus
561 1547 725 1605 siccis
759 1548 922 1620 lignis
969 1549 1166 1606 insitos
1190 1591 1206 1616 ,
1233 1557 1294 1605 ut
1323 1564 1450 1606 cum
1495 1549 1564 1605 ad

17 1654 160 1700 turres
189 1646 538 1716 pervenerint
563 1644 668 1702 sub
693 1643 929 1714 podiatze
956 1645 1210 1715 postibus
1227 1645 1432 1700 eisdem
1456 1645 1564 1701 im-

17 1739 167 1795 missis
187 1738 398 1810 ignibus
423 1748 713 1794 corruant.
747 1737 952 1794 Prteter
972 1739 1089 1794 hac
1122 1737 1192 1792 de
1218 1738 1307 1793 die
1332 1737 1386 1792 in
1418 1739 1564 1794 diem

17 1842 80 1887 ter
98 1831 170 1887 vel
194 1840 383 1903 quater
423 1830 685 1902 petrariis
725 1830 1182 1900 diversorumquc
1216 1829 1562 1904 ingeniorum

1661 615 1930 685 propitius
1971 616 2082 672 dux
2120 616 2354 683 itineris,
2395 625 2452 673 et
2490 617 2743 688 provisor
2795 617 3070 686 utilitatis,
3110 631 3170 676 ut
3195 629 3256 680 et

1656 717 1851 764 euntes
1879 717 1934 765 et
1959 717 2303 766 remanentcs
2327 725 2355 764 a
2388 710 2628 781 peccatis
2678 711 2936 778 absoluti,
2988 713 3161 769 libere
3192 724 3252 771 et

1658 801 1908 857 absolute
1931 801 2108 857 eidem
2149 800 2408 857 famulari
2437 801 2519 858 sic
2552 803 2800 867 valeatis,
2829 813 3103 876 quatenus
3131 807 3254 878 ejus

1652 893 1804 949 dono
1829 893 2228 950 consolationis
2276 901 2332 950 et
2361 893 2608 950 victorize
2653 895 2931 966 triumpho
2970 897 3151 966 potiti,
3195 896 3254 954 in

1661 986 1781 1058 ipso
1809 995 1863 1042 et
1907 1002 2004 1057 per
2055 987 2236 1058 ipsum
2288 987 2590 1060 gaudeatis.
2633 1008 2651 1041 ›
2692 987 2788 1045 His
2825 989 3008 1058 dictis,
3044 991 3172 1047 hinc
3201 1003 3258 1049 et

1661 1080 1786 1136 inde
1808 1079 1948 1137 fusis
1977 1081 2254 1153 lacrymis,
2285 1082 2625 1153 praecedente
2659 1083 2816 1154 signo
2844 1093 3047 1141 sanctae
3067 1087 3254 1141 crucis

1662 1187 1756 1227 rex
1788 1171 1856 1226 ad
1885 1172 2110 1238 bellum,
2149 1173 2332 1228 clerus
2357 1172 2425 1228 ad
2463 1171 2775 1239 ecclesiam,
2818 1175 3051 1243 populus
3075 1175 3128 1228 in
3155 1191 3254 1230 sua

1661 1263 1926 1320 remeavit
1950 1281 1964 1317 :
1984 1270 2277 1319 exorantcs
2303 1271 2359 1318 et
2385 1263 2760 1334 deprecantes,
2788 1272 2848 1319 ut
2873 1263 3081 1319 Auctor
3103 1279 3258 1320 sum-

1662 1371 1766 1410 ma:
1793 1355 2044 1425 iustitia},
2073 1355 2169 1426 qui
2197 1355 2268 1410 ab
2293 1355 2450 1410 initio
2481 1355 2620 1412 bella
2653 1356 2908 1423 conterit,
2952 1357 3022 1413 ab
3048 1356 3256 1428 impetu

1663 1446 1849 1516 populi
1876 1446 1963 1502 sui
2014 1461 2118 1502 suo
2169 1446 2377 1502 nomini
2437 1447 2655 1504 laudem
2705 1447 2975 1516 tribuens,
3007 1456 3258 1505 conterat

1664 1537 2032 1596 adversarios.

1967 1689 1970 1692 .
2259 1629 2490 1686 CAPUT
2519 1629 2659 1687 Xlll.

1735 1721 1940 1778 Eodem
1979 1738 2109 1778 vero
2133 1723 2221 1778 die
2238 1730 2293 1778 et
2321 1725 2573 1794 sequenti
2601 1734 2783 1792 nocte,
2843 1726 2960 1797 regi
2987 1727 3258 1798 equitanti

1667 1813 1735 1868 ad
1757 1814 2031 1885 Cerepum
2077 1815 2284 1870 adsunt
2321 1817 2398 1870 illi
2419 1815 2659 1883 obviam,
2701 1817 2797 1888 qui
2841 1827 3066 1889 cogente
3111 1829 3261 1876 sorte

19 1895 374 1991 insuumémis’
405 1895 540 1978 gum
580 1921 792 1979 assultu
839 1895 1178 1977 armatorhm
1217 1895 1419 1976 ὀιῖἀίηθ
1468 1921 1566 1976 ιη,
1596 1895 1639 1956 Β
1669 1905 1975 1962 miserrima
2007 1907 2260 1964 hostibus
2288 1918 2530 1964 castrum
2561 1908 2902 1966 dimiserant.
2931 1909 3144 1977 Quibus
3171 1913 3258 1969 vi-

17 2016 115 2085 plici
133 2015 519 2082 invadentium,
545 2015 810 2071 immissis
833 2013 1046 2086 sagittis
1072 2029 1198 2070 cum
1225 2013 1565 2072 immanitate

19 2109 230 2175 telorum,
253 2117 306 2164 et
339 2116 528 2164 turres
571 2107 998 2180 propugnaculis
1032 2106 1343 2177 privabant,
1377 2115 1432 2163 et
1471 2107 1566 2163 de-

19 2198 213 2255 lessores
232 2200 389 2257 saevis
414 2200 624 2258 ictibus
650 2199 1094 2272 prosternebant.
1137 2197 1380 2256 Tandem
1409 2199 1566 2271 oppi-

20 2291 135 2356 dani,
153 2293 338 2362 partim
366 2293 458 2349 his
496 2293 694 2360 territi,
717 2302 773 2348 et
801 2291 1002 2364 partim
1053 2291 1414 2348 subterraneo
1441 2293 1567 2365 igne

21 2382 219 2438 turribus
269 2383 526 2439 immisso
564 2383 772 2451 coacti,
821 2382 1089 2439 malentes
1139 2381 1320 2438 adhuc
1359 2383 1566 2440 mundo

20 2473 164 2528 virere
201 2491 359 2545 quam
403 2475 463 2530 in
519 2483 703 2531 castro
744 2475 1005 2530 diuturno
1055 2473 1253 2530 timore
1279 2473 1438 2542 edici,
1480 2476 1568 2532 vel

22 2566 235 2636 martyrio
262 2567 546 2634 coronari,
592 2565 800 2633 infelix,
824 2576 878 2622 et
893 2565 1148 2636 pudendo
1176 2565 1321 2624 facto
1343 2567 1564 2638 placito,

21 2663 66 2708 ut
89 2655 243 2710 securi
263 2656 368 2712 vivi
416 2665 652 2728 possent
693 2656 943 2722 evadere,
995 2666 1211 2728 sumpta
1233 2658 1566 2727 perfidorum

22 2745 196 2812 ﬁducia,
222 2755 460 2803 castrum
499 2745 803 2813 reddidere,
837 2753 894 2802 et
945 2745 1069 2801 inde
1105 2745 1311 2804 ﬂebiles
1335 2756 1390 2802 et
1417 2747 1570 2818 pudi-

21 2836 152 2892 bundi
176 2837 236 2892 ad
267 2854 444 2910 regem
483 2837 584 2894 iter
625 2845 928 2893 extorsere.
969 2835 1170 2892 Perﬁdi
1204 2853 1334 2894 vero
1366 2839 1565 2894 ibidem

23 2927 167 2984 missis
191 2930 539 2996 custodibus,
568 2938 624 2985 et
671 2928 796 2986 aliis
829 2928 1124 2984 munitioni
1168 2930 1335 2986 castri
1377 2947 1565 2987 neces-

22 3017 227 3085 sariis,ad
238 3019 608 3078 obsidendum
635 3019 912 3076 Sardonas
927 3019 1156 3092 profecti
1169 3031 1317 3077 sunt.
1342 3022 1564 3080 Interim

21 3123 89 3162 rer
110 3111 364 3170 estimans
386 3111 643 3169 nefarios
663 3113 808 3182 apud
828 3111 1098 3183 Cerepum
1120 3129 1282 3184 posse
1309 3113 1562 3182 inveniri,

19 3201 182 3266 paratis
223 3204 508 3272 omnibus,
539 3219 662 3275 quae
705 3218 768 3258 ea
804 3203 924 3259 vice
973 3203 1026 3259 in
1077 3204 1395 3261 hominibus
1442 3206 1565 3261 aliis

24 3286 120 3342 belli
151 3293 467 3350 necessariis
517 3293 723 3349 habere
755 3301 988 3364 poterat,
1026 3293 1080 3348 in
1115 3294 1310 3365 spiritu
1343 3295 1566 3351 humili-

27 3382 124 3436 tatis
143 3384 261 3439 etin
283 3386 467 3441 animo
493 3385 757 3452 contrito,
780 3387 941 3442 laneo
966 3386 1190 3443 indutus
1215 3388 1427 3455 habitu,
1464 3405 1566 3443 nu—

28 3471 180 3544 disque
204 3477 450 3534 iucedens
477 3478 714 3550 pedibus
740 3479 796 3533 in
817 3479 1103 3534 beatorum
1135 3479 1564 3538 intercessorum

27 3567 246 3636 ecclesiis,
278 3569 756 3645 Cunctipotenlem
778 3587 1027 3640 exorare,
1062 3575 1222 3644 eique
1247 3575 1566 3632 medullitus

28 3659 283 3732 supplicare
307 3663 630 3730 maturavit,
648 3673 707 3719 ut
731 3663 889 3735 cujus
915 3675 1048 3722 nutu
1076 3676 1392 3739 susceperat
1415 3669 1566 3741 regni

28 3751 360 3826 gubernacula,
392 3757 517 3831 ipso
551 3757 845 3814 inchoante
866 3768 921 3815 et
952 3772 1263 3832 peragente,
1288 3762 1356 3817 ad
1388 3763 1564 3819 hono-

27 3855 116 3897 rem
133 3856 178 3900 et
199 3847 400 3904 laudem
451 3849 547 3906 sui
581 3850 843 3918 nominis,
881 3859 1145 3924 tyrannos
1178 3863 1234 3909 et
1277 3853 1565 3927 impugna-

28 3941 142 3991 tores
164 3935 607 4009 Christianitatis,
638 3939 707 3997 ab
743 3942 984 4000 elatione
1013 3955 1474 4016 praesumptuosa,
1511 3956 1566 4004 et

28 4041 50 4079 α
69 4030 160 4084 suis
184 4032 405 4102 viribus,
425 4034 634 4107 quibus
660 4050 718 4092 se
754 4035 1092 4107 triumphare
1119 4039 1403 4108 putabant,
1429 4040 1564 4095 nihil

29 4117 240 4192 triumphi
261 4126 343 4181 vel
364 4125 533 4182 inane
561 4126 740 4182 laudis
769 4127 875 4183 sibi
900 4129 1238 4199 usurpando,
1263 4131 1359 4187 sed
1391 4140 1562 4188 totum

31 4206 523 4287 Deoconimittendo,
555 4218 758 4276 virtute
800 4230 1003 4276 sanctae
1045 4223 1248 4290 crucis,
1293 4224 1566 4296 deponere

29 4309 69 4356 et
89 4317 399 4375 prosternere
427 4313 718 4385 potuisset.
769 4312 1010 4374 Tandem
1042 4327 1370 4390 congregato
1396 4320 1565 4376 totius

31 4395 218 4456 civitatis
238 4404 377 4460 clero
400 4415 454 4461 et
497 4405 700 4476 populo
732 4405 788 4460 in
833 4406 1064 4462 ecclesia
1095 4408 1239 4464 beati
1268 4407 1436 4477 Petri,
1467 4427 1565 4482 pa-

31 4488 222 4549 triarcha
266 4498 538 4554 celebrato
575 4499 762 4554 divino
799 4499 999 4566 ollicio,
1058 4510 1118 4556 ut
1157 4503 1313 4558 decet
1350 4513 1561 4574 patrem

1667 1998 1744 2054 sis
1771 2007 1827 2054 et
1853 1999 2074 2066 auditis,
2106 2015 2203 2055 rex
2253 2001 2470 2056 interno
2515 2017 2751 2058 mmrore
2793 2017 3120 2072 concussus,
3139 2014 3260 2062 stu-

1666 2099 1758 2162 pet
1805 2098 1862 2147 et
1917 2091 2291 2148 contristatur.
2339 2092 2658 2150 lntuebatur
2705 2095 2852 2151 enim
2907 2096 3027 2167 ipso
3064 2097 3256 2155 eodem

1666 2190 1976 2251 attestante,
2005 2199 2068 2240 ex
2097 2186 2405 2242 re'lditione
2426 2187 2595 2246 castri
2649 2188 2995 2245 Christicolis
3021 2206 3262 2260 praesen-

1667 2276 1815 2331 tibus
1834 2283 1888 2332 et
1913 2275 2138 2344 futuris,
2180 2277 2292 2334 duo
2315 2278 2583 2335 damnosa
2614 2279 2904 2338 imminere
2933 2283 3210 2339 contraria
3240 2303 3278 2338 ε.

1667 2369 1898 2424 alterum
1921 2369 1990 2426 ad
2027 2378 2262 2441 tempus,
2288 2370 2402 2428 Deo
2444 2381 2720 2428 annuente
2761 2375 3135 2446 recuperabile
3160 2393 3176 2443 ;
3203 2385 3262 2431 et

1666 2462 1899 2518 alterum
1924 2477 2204 2532 nunquam
2233 2463 2639 2532 recuperabile;
2675 2467 3048 2536 recuperabile
3091 2466 3261 2524 castri

1665 2554 1928 2608 damnum
1959 2595 1975 2620 ,
2023 2553 2446 2625 irrecuperabile
2492 2555 2818 2612 redditionis
2875 2559 3258 2629 Opprobrium.

1667 2644 1764 2702 llis
1785 2646 1971 2716 itaque
1990 2661 2257 2702 accensus
2279 2646 2610 2715 animosius,
2640 2657 2859 2719 sumpto
2881 2651 2991 2706 cito
3005 2652 3259 2721 consilio,

1666 2739 1735 2794 ad
1773 2737 2020 2794 Rubeam
2050 2738 2153 2794 iter
2173 2739 2380 2810 dirigit,
2409 2748 2470 2794 ut
2498 2739 2626 2796 inde
2666 2741 3087 2814 equitando,per
3116 2742 3256 2815 Hap,

1665 2831 1734 2887 ad
1763 2841 2028 2899 montem,
2061 2832 2283 2888 nomine
2318 2831 2510 2899 Dauiz,
2541 2834 2920 2888 castrametari
2951 2835 3148 2890 valeat.
3181 2834 3260 2890 lbi

1664 2924 1813 2980 enim
1870 2924 2127 2994 sperabat
2149 2940 2208 2979 se
2250 2941 2412 2994 posse
2466 2925 2658 2980 auditu
2707 2926 2790 2980 vel
2831 2927 2950 2981 visu
2981 2936 3132 2982 certa
3160 2927 3263 2983 ho-

1666 3018 1832 3074 stium
1882 3017 2082 3072 indicia
2130 3018 2429 3088 percipere.
2469 3016 2582 3073 Nec
2643 3017 2838 3074 eﬂ‘eetu
2887 3019 3085 3085 caruit,
3110 3019 3259 3090 quod

1666 3108 2022 3180 praetentabat
2051 3108 2234 3163 habitu
2278 3108 2364 3164 sui
2390 3109 2580 3164 animi.
2628 3109 2752 3180 Ipso
2805 3110 3006 3166 etenim
3029 3110 3118 3167 die
3147 3125 3259 3182 quo

1669 3202 1724 3255 in
1751 3209 1937 3256 monte
1981 3200 2103 3256 ﬁxis
2147 3201 2345 3257 castris
2393 3202 2668 3270 accubuit,
2731 3204 2918 3260 hostes
2947 3220 3060 3259 non
3097 3203 3260 3274 longe

1669 3310 1792 3350 esse
1863 3303 2102 3349 remotos
2161 3294 2326 3348 certis
2381 3294 2597 3349 indiciis
2670 3297 2995 3366 comperuit.
3065 3295 3260 3352 eralu

1670 3401 1905 3456 namque
1931 3386 2266 3442 audientium
2289 3395 2344 3440 et
2371 3386 2671 3440 videntium
2715 3387 2952 3457 perﬁdos
2981 3387 3264 3443 Sardonas

1669 3478 1949 3534 obsedisse
1979 3478 2156 3533 lucide
2186 3478 2488 3545 intellexit;
2521 3489 2576 3534 et
2625 3479 2770 3550 quod
2814 3479 3004 3534 eodem
3033 3479 3142 3547 die,
3173 3483 3260 3534 vel

1670 3585 1850 3637 mane,
1879 3585 1947 3624 ex
1978 3569 2111 3640 ipsis
2141 3569 2410 3640 quosdam
2449 3569 2678 3636 videret,
2709 3578 2858 3625 certo
2900 3569 3094 3626 nuntio
3120 3569 3262 3625 didi-

1669 3663 1762 3719 cit.
1791 3662 2034 3732 Contigit
2071 3678 2309 3732 namque
2357 3662 2412 3716 in
2449 3663 2693 3716 crastino
2719 3677 2938 3718 summo
2983 3678 3144 3718 mane
3183 3663 3262 3720 le-

1666 3757 1848 3811 viores
1896 3754 2304 3825 habilioresquc
2351 3755 2558 3810 militia:
2617 3755 2853 3826 sparsim
2905 3755 3260 3826 praeludendo

1667 3851 2097 3920 circumquaque
2151 3847 2368 3904 emissis
2417 3848 2631 3920 sagittis
2683 3858 2904 3906 nostros
2975 3848 3258 3920 impetere.

1670 3949 1868 4022 Sicque
1885 3949 2029 4003 diem
2052 3945 2383 4002 deducentes
2411 3944 2526 4000 bini
2547 3952 2602 3999 ct
2621 3943 2757 4010 bini,
2783 3943 2941 4018 pauci
2971 3960 3098 4005 cum
3127 3965 3278 4019 pan-.

1668 4043 1769 4110 cis,
1801 4043 1983 4114 plures
2036 4055 2160 4096 cum
2191 4038 2464 4111 pluribus,
2515 4036 2645 4095 hinc
2693 4050 2747 4096 ct
2780 4039 2937 4107 inde,
2983 4040 3160 4098 cauda
3205 4049 3265 4097 et

1667 4145 1833 4208 caput
1873 4135 2243 4191 moliebantur
2271 4142 2480 4206 partem
2516 4135 2693 4190 nostri
2726 4135 3002 4191 exercitus
3031 4145 3259 4192 contur-

1667 4227 1820 4294 bare,
1851 4227 1933 4281 vel
1959 4241 2183 4298 quoquo
2238 4225 2404 4282 modo
2453 4225 2752 4296 impellere.
2809 4226 2922 4284 Rex
2963 4237 3147 4286 autem
3169 4228 3256 4284 vi-

1667 4313 1796 4392 gore
1822 4319 1998 4374 virilis
2031 4319 2335 4389 prudentiae
2379 4318 2574 4384 fretus,
2620 4335 2748 4375 cu'n
2793 4320 3124 4392 inspexisset
3159 4336 3262 4379 eos

1666 4429 1774 4468 non
1821 4427 1977 4469 more
2020 4421 2387 4483 pugnatorum
2441 4427 2500 4467 se
2542 4411 2744 4468 habere
2768 4453 2784 4478 ,
2832 4428 2932 4469 nec
2987 4415 3260 4470 ordinatis

1666 4505 1888 4561 aciebus
1911 4504 2184 4571 incedere,
2233 4504 2486 4560 hortatur
2511 4519 2666 4572 suos,
2704 4503 3047 4576 imperatque
3070 4507 3252 4562 omni-

32 4576 142 4638 ﬁlios
161 4599 277 4643 suos
299 4587 474 4646 ituros
503 4589 573 4646 ad
604 4590 829 4658 bellum,
859 4599 914 4648 et
941 4592 1091 4648 domi
1122 4594 1177 4650 in
1207 4594 1302 4650 Dei
1340 4598 1564 4653 servitio
1599 4613 1640 4666 ι)
1665 4596 1770 4652 bus
1798 4612 1898 4668 pro
1925 4597 2124 4653 castris
2146 4596 2264 4652 suis
2302 4597 2606 4667 prudenter
2644 4597 2902 4664 existere,
2953 4599 3258 4654 constanti-

29 4685 350 4749 remansuros,
373 4683 662 4754 praeceptis
699 4682 1001 4741 Dominicis
1031 4685 1308 4756 instruxit,
1349 4693 1564 4749 monuit

29 4769 70 4814 et
86 4769 304 4838 armavit,
333 4773 663 4845 cmlitusque
687 4774 1066 4834 benedictione
1111 4777 1366 4850 signavit.
1401 4781 1564 4839 Sum-

31 4853 113 4920 ptis
147 4865 496 4928 processionis
543 4864 842 4937 mysteriis,
891 4881 1083 4926 omnes
1137 4885 1244 4926 una
1287 4871 1564 4931 inclinatis

32 4951 254 5019 capitibus
283 4959 349 5014 ad
384 4961 576 5029 altare,
621 4978 748 5018 cum
786 4979 1069 5020 sacrarum
1099 4963 1454 5035 reliquiarum
1484 4966 1564 5023 fe-

33 5044 162 5100 retris
201 5059 248 5105 et
282 5052 470 5123 signis,
517 5056 857 5126 praecedente
901 5071 1067 5114 cruce
1105 5056 1340 5127 Domini,
1370 5059 1562 5116 ordine

33 5131 136 5190 cleri
173 5143 525 5206 eccl¢siastica
573 5147 920 5206 institutione
982 5148 1260 5218 decorate,
1302 5151 1561 5224 omnique

35 5227 198 5294 Populo
219 5234 593 5307 subsequente,
623 5253 752 5294 cum
775 5239 1117 5308 humanitate
1159 5249 1216 5299 et
1245 5251 1561 5298 mansuetu-

35 5311 134 5411 dine
168 5319 356 5383 litaniis
401 5337 456 5384 et
495 5330 620 5386 aliis
653 5331 909 5402 precibus
949 5331 1058 5389 Deo
1099 5333 1557 5405 supplicantibus,

160 5412 219 5468 ad
243 5414 434 5476 benum
455 5429 508 5476 θῑ
530 5421 680 5489 domi.
703 5425 952 5480 mansuri
994 5425 1228 5499 siugulis
1265 5425 1437 5486 laneis
1467 5428 1555 5484 in-

37 5491 163 5597 (ξξιῑξη
193 5512 244 5597 et
271 5509 427 5567 nudis
458 5513 686 5583 pedibus
723 5515 973 5588 profecti,
1011 5491 1166 5575 extra
1193 5518 1468 5576 civitatem
1489 5521 1560 5578 ad

38 5582 274 5686 divisionis
295 5582 488 5657 metam
519 5582 1084 5678 devote—perveniunt.
1119 5609 1199 5674 lbi
1231 5610 1432 5667 iterum
1461 5627 1559 5684 pa-

37 5681 231 5778 triarcha
275 5704 481 5750 sacram
522 5711 742 5754 crucem
791 5701 1027 5778 sacratis
1064 5719 1352 5762 assumens
1381 5681 1558 5762 mani-

39 5763 138 5838 δυδ,
159 5774 336 5838 iterum
366 5786 562 5846 virtute
589 5789 761 5860 ipsius
785 5775 977 5850 omnes
1003 5795 1257 5866 signavit,
1294 5795 1556 5852 Domino-

43 5872 128 5929 ‘llte
149 5875 434 5940 medullitus
454 5882 558 5944 hoc
575 5885 740 5946 modo
768 5888 1172 5947 commendavit
1196 5908 1211 5947 ;
1261 5908 1280 5942 ι
1316 5888 1422 5959 Qui
1450 5905 1553 5948 nos

1669 4704 1776 4760 que
1804 4688 1990 4742 animo
2014 4687 2149 4759 pati,
2175 4696 2231 4744 et
2255 4687 2524 4758 inspicere
2552 4703 2843 4759 quousque
2885 4688 3008 4744 loco
3029 4702 3257 4759 congre-

1669 4788 1843 4852 gatos,
1873 4779 1958 4835 vel
1979 4779 2146 4836 simul
2186 4779 2500 4836 incedentes
2534 4788 2722 4851 posset
2753 4795 2850 4838 eos
2889 4781 3252 4850 comprehen-

1667 4872 1814 4928 dere.
1843 4871 1952 4944 lpsi
1985 4887 2116 4928 vero
2143 4872 2334 4928 dolosa
2347 4873 2644 4928 calliditate
2671 4871 2838 4943 pleni,
2865 4871 2920 4927 in
2945 4887 3070 4928 sero
3087 4871 3256 4928 etiam

1665 4964 1913 5020 vitabant
1959 4964 2124 5020 simul
2167 4964 2455 5036 hospitari,
2505 4965 2600 5021 sed
2629 4965 2686 5019 in
2725 4965 2904 5020 noctis
2929 4965 3258 5034 crepusculo

1666 5057 1814 5113 circa
1842 5057 2146 5114 exercitum
2193 5057 2452 5128 hospitati
2481 5055 2741 5128 sparsim,
2784 5064 3035 5112 tenentes
3079 5071 3256 5127 equos

1666 5149 1921 5206 manibus
1943 5149 1997 5206 in
2027 5149 2258 5222 singulis
2303 5167 2316 5204 :
2351 5165 2414 5205 ea
2463 5157 2622 5204 nocte
2667 5147 2771 5204 fuit
2813 5146 2957 5204 idem
2983 5163 3176 5208 servus
3199 5158 3258 5208 et

1663 5238 1943 5295 dominus.

2249 5330 2480 5388 CAl‘UT
2518 5330 2659 5387 XIV.
2757 5372 2760 5374 η

1734 5423 1956 5480 Interim
2000 5438 2127 5480 cum
2160 5422 2348 5497 Algazi
2394 5424 2642 5495 petiisset
2682 5433 2928 5484 castrum
2978 5425 3256 5488 Sardonas

1660 5517 1766 5573 sibi
1789 5516 1940 5572 reddi
1975 5515 2162 5584 minis,
2191 5525 2247 5573 ct
2272 5517 2574 5589 blanditiis,
2617 5519 2943 5591 terroribus,
2971 5523 3250 5593 pollicitis,

1658 5623 1759 5664 nec
1780 5607 1981 5663 habere
2002 5607 2289 5678 potuisset,
2303 5610 2515 5667 assultu
2542 5618 2599 5666 ct
2634 5610 2856 5683 ingenio
2875 5613 3044 5684 priori
3059 5615 3251 5682 simili,

1657 5704 1962 5777 impetuose
2007 5703 2094 5760 bis
2141 5704 2226 5761 vel
2275 5713 2356 5760 ter
2379 5705 2437 5762 in
2477 5707 2767 5776 die,nocte
2810 5709 2973 5764 etiam
3009 5721 3252 5764 castrum

1656 5799 1874 5870 aggredi
1905 5814 2014 5855 non
2038 5799 2291 5856 desistit:
2332 5799 2448 5869 ubi
2477 5810 2658 5858 autem
2701 5801 3080 5858 deﬁcientibus
3119 5801 3251 5856 lier-

1655 5891 1740 5949 bis
1752 5901 1804 5948 et
1827 5892 2124 5966 segetibus,
2142 5891 2298 5966 aquis
2315 5892 2480 5949 etiam
2497 5893 2782 5952 hominum
2801 5902 2855 5951 et
2876 5905 3144 5965 equorum
3167 5890 3250 5949 vi:
