3812 6312
570 382 713 439 40⁵27

1165 378 1256 433 Al)
1295 372 1741 435 GOD‘FFRIDUM
1782 369 2070 428 APPEND.
2112 370 2176 425 ll.
2215 402 2279 410 -—
2318 364 2586 423 MONUM.
2631 363 2718 419 DE
2757 359 2981 418 BELLO
3018 357 3267 419 SACRO.

3602 377 3687 436 im

572 504 684 560 ctui
710 500 1059 567 necessariis,
1083 500 1186 554 sub
1230 498 1411 569 specie
1459 495 1807 566 acquirendae
1842 494 2162 549 munitionis
2197 500 2236 555 Α
2268 492 2438 546 misso
2464 492 2621 561 signo
2648 486 2955 553 salutifero,
2993 499 3190 542 novem
3230 483 3421 540 aciebus
3452 486 3569 556 jussu
3597 496 3687 565 regis

573 605 629 652 et
675 593 954 666 stipendii,
1002 590 1194 663 perﬁdi
1243 588 1509 662 gregatim
1548 587 2055 658 Turcomagnorum
2103 595 2157 641 et

572 688 816 743 Arabum
840 684 1001 740 factis
1040 682 1302 748 millibus,
1331 696 1429 751 per
1456 680 1702 736 diversas
1740 688 1923 749 partes
1954 678 2157 749 quibus

574 777 900 834 incedebant
923 775 991 830 de
1025 788 1175 829 more
1196 773 1451 842 luporum
1483 770 1787 841 rapacium,
1819 769 2042 839 perﬁdis
2074 769 2158 823 in-

575 868 835 925 haerendo
890 875 943 922 et
997 863 1306 920 devorando
1373 876 1671 933 secumque
1702 860 2046 916 abducendo
2093 875 2159 916 ex

575 971 734 1032 rapto
761 958 1025 1032 quidquid
1049 964 1319 1027 poterant,
1350 955 1649 1026 repatriare
1672 953 2011 1025 satagebant.
2037 953 2162 1023 Ipse

575 1052 741 1108 etiam
778 1066 875 1106 rex
916 1048 1180 1114 Arabum,
1228 1045 1452 1101 nomine
1508 1044 1727 1113 Debeis,
1772 1043 2163 1115 Bocardusque

574 1144 829 1213 princeps
884 1155 1000 1197 suae
1049 1139 1226 1211 gentis
1284 1137 1764 1193 nominatissimus
1790 1179 1805 1204 ,
1867 1146 1923 1192 et
1976 1136 2165 1207 plures

575 1235 903 1304 principum,
925 1232 1021 1303 qui
1051 1247 1178 1287 cum
1215 1231 1403 1302 Algazi
1449 1230 1511 1285 in
1539 1229 1794 1286 conﬂictu
1817 1229 2161 1295 eXStiterant,

575 1334 699 1396 post
722 1324 931 1396 primos
980 1324 1297 1380 recedentes
1350 1323 1518 1379 simili
1562 1323 1726 1378 modo
1752 1321 1977 1393 profecti
2011 1331 2159 1377 sunt.

573 1415 695 1486 Quo
718 1417 857 1484 viso,
873 1416 1081 1488 Algazi,
1103 1423 1400 1486 antequam
1426 1431 1520 1471 rex
1544 1415 1818 1483 adveniat,
1843 1414 1910 1470 ad
1938 1415 2165 1487 capien-

573 1509 706 1564 dum
753 1517 994 1564 castrum
1040 1506 1245 1563 insistit
1286 1506 1404 1562 suis
1447 1505 1698 1573 viribus;
1754 1506 1932 1578 magis
1982 1514 2164 1561 autem

576 1602 777 1657 astutia
820 1599 1027 1656 fallenti
1085 1598 1392 1670 oppidanos
1444 1597 1634 1654 fallere
1685 1598 1898 1654 nititur.
1946 1597 2164 1655 Eisdem

575 1692 777 1747 etenim
825 1691 1121 1763 spopondit
1160 1690 1266 1745 ﬁde
1308 1697 1365 1745 et
1404 1682 1749 1746 sacramento
1779 1705 1894 1747 sua:
1931 1690 2088 1763 legis,
2120 1691 2166 1747 si

577 1785 937 1840 munitionem
978 1799 1092 1840 sua:
1140 1782 1500 1839 dominationi
1528 1783 1843 1850 subderent,
1880 1798 1974 1839 eos
2002 1797 2168 1840 sanos

2259 583 2562 654 dispositis,
2600 580 2713 637 Deo
2739 590 2794 636 et
2813 574 3017 634 virtute
3058 585 3267 634 sancta:
3304 572 3454 635 crucis
3484 578 3690 642 Christicoli

2259 672 2650 739 commendati,
2677 686 2831 727 more
2853 669 3179 727 bellatorum
3204 667 3392 738 passim
3417 668 3498 725 iter
3518 674 3693 745 arripiunt

2261 768 2367 823 hoc
2391 764 2585 821 ordine
2629 764 2979 820 incedentes:
3005 762 3187 819 tribus
3212 760 3413 816 aciebus
3443 772 3542 820 ante
3559 767 3693 837 positis,

2262 875 2460 915 manus
2489 857 2758 929 pedestris
2798 867 2860 912 ut
2894 857 2999 912 hos
3024 862 3275 927 protegat
3290 863 3341 911 et
3373 855 3430 910 ab
3446 855 3516 911 his
3534 869 3694 932 ρι-οιερ.

2263 961 2373 1020 tur,
2401 961 2550 1008 retro
2573 953 2824 1019 sistitur;
2868 951 3043 1006 virtus
3069 963 3203 1005 vero
3226 948 3365 1019 regia
3395 948 3550 1005 harum
3567 955 3699 1009 etalio-

2264 1059 2389 1099 rum
2437 1043 2778 1114 protectione
2818 1048 3030 1112 parata,
3076 1036 3301 1094 incessit
3342 1037 3501 1093 ordine
3538 1043 3699 1100 omnibus

2265 1134 2580 1193 necessario
2628 1155 2643 1192 :
2682 1136 2806 1191 'acie
2845 1124 3063 1190 comitis
3110 1126 3416 1201 Tripolitani
3451 1132 3594 1189 militis
3619 1146 3702 1191 stre

2264 1228 2519 1285 nuissimi
2550 1244 2580 1284 a
2611 1227 2820 1284 dextris
2842 1225 3054 1297 posita;
3086 1223 3306 1279 aciebus
3343 1221 3563 1279 baronum
3582 1241 3604 1280 a
3623 1227 3702 1281 sini-

2265 1321 2396 1378 stris
2415 1329 2633 1392 etpost,
2652 1319 2813 1391 jussu
2838 1317 2986 1391 regis
3015 1316 3325 1389 quibusque
3356 1329 3443 1372 suo
3463 1316 3558 1372 loco
3571 1319 3703 1387 positis

2268 1413 2465 1472 Hostes
2484 1430 2616 1470 vero
2637 1414 2693 1469 in
2729 1412 2838 1469 diei
2865 1409 3193 1483 crepusculo
3229 1408 3592 1479 circumquaque
3608 1412 3706 1479 positi

2267 1520 2655 1583 tympanorum
2695 1522 2762 1563 ac
2812 1504 3177 1562 buccinarum
3244 1500 3476 1556 emittunt
3506 1501 3709 1571 stropham,
3762 1538 3763 1541 η

2268 1602 2396 1660 cum
2426 1601 2743 1672 strepitibus
2761 1600 3052 1665 clamores,
3084 1611 3210 1653 cum
3250 1594 3538 1651 clamoribus
3555 1593 3708 1657 latratus,

2270 1694 2398 1753 cum
2443 1695 2732 1751 latratibus
2789 1691 3095 1748 audaciam.
3123 1688 3191 1744 Et
3217 1688 3345 1759 quia
3384 1686 3459 1742 his
3491 1686 3546 1741 ab
3566 1687 3711 1757 incepto
3762 1732 3763 1763 ι

2272 1802 2462 1859 gressu
2510 1783 2872 1841 Christicolas
2920 1794 3225 1846 removere,
3277 1787 3329 1832 et
3352 1776 3405 1831 in
3441 1776 3713 1847 dispersiooeu
3762 1824 3763 1835 ξ

576 1886 633 1931 et
671 1876 929 1943 intactos,
982 1890 1085 1933 suo
1125 1875 1363 1930 deductu
1409 1875 1640 1942 salubri,
1684 1875 1752 1930 ad
1792 1883 1995 1930 metam
2041 1885 2172 1931 tutae
2206 1863 2246 1918 Β
2269 1877 2616 1935 aestimabant
2696 1872 3023 1945 compellere
3049 1912 3068 1939 ,
3150 1867 3433 1940 duplicatis
3498 1865 3715 1922 clamoribus

577 1967 853 2024 evasionis
877 1967 1123 2039 provehi,
1156 1966 1321 2022 rebus
1350 1967 1607 2023 omnibus
1645 1967 1811 2023 salvis
1847 1977 1902 2023 et
1928 1967 2167 2023 intactis.

578 2057 675 2116 llis
708 2059 951 2127 auditis,
982 2061 1183 2131 partim
1232 2061 1409 2117 coacti
1463 2059 1820 2127 vulneribus,
1863 2074 1930 2115 ex
1974 2059 2172 2115 inertia

577 2153 827 2222 corporis
877 2153 1072 2222 privati
1123 2153 1334 2209 viribus
1359 2193 1377 2220 ,
1424 2160 1643 2222 sumpta
1701 2152 1967 2223 principis
2014 2152 2172 2223 quasi

578 2241 799 2310 ﬁducia,
827 2243 1079 2314 petitioni
1107 2242 1517 2301 nefandissima:
1539 2245 1647 2300 hoc
1670 2238 1832 2315 pacto
1863 2259 2168 2309 assensere,

577 2335 897 2406 omissoque
927 2335 1149 2407 oppido,
1170 2335 1332 2407 jussu
1360 2334 1580 2407 profani
1609 2334 1893 2406 principis,
1935 2350 2038 2405 pro
2066 2335 2170 2390 du-

577 2426 735 2482 cibus
775 2427 1150 2483 conductoriis
1224 2442 1286 2485 se
1347 2427 1500 2499 ipsos
1550 2427 1806 2484 manibus
1851 2427 2171 2483 'earniticum

579 2518 895 2590 ignoranter
918 2519 1208 2576 tradidere.
1242 2512 1424 2578 Laetus
1467 2521 1672 2593 itaque,
1715 2522 1839 2578 laeto
1866 2522 2054 2577 animo
2080 2535 2177 2592 op-

579 2610 769 2682 pidum
800 2616 1063 2684 suscepit.
1092 2613 1262 2669 Multo
1285 2629 1415 2671 vero
1439 2614 1635 2671 laetiori
1663 2615 1895 2687 imperat
1920 2615 2174 2670 manibus

580 2719 811 2760 suorum
878 2705 1142 2762 abeuntes
1211 2706 1570 2764 Christicolas
1625 2708 1943 2764 saevissima1
2010 2708 2198 2763 mortii

582 2796 744 2851 tradi.
782 2795 925 2879 Quid
974 2799 1169 2854 horum
1212 2799 1470 2871 singula?
1516 2814 1655 2871 pene
1681 2815 1875 2858 omnes
1909 2814 2018 2857 uno
2050 2816 2174 2856 mo-

583 2898 771 2945 mento
796 2888 925 2945 facti
950 2898 1084 2955 sunt
1110 2892 1263 2947 necis
1299 2891 1502 2962 praeda.

1191 2996 1423 3054 CAPUT
1460 2997 1579 3055 XV.

660 3084 912 3141 Nondum
945 3096 1128 3143 autem
1160 3088 1227 3143 ad
1261 3105 1423 3145 aures
1451 3089 1597 3162 regis
1644 3089 1698 3146 id
1732 3100 2070 3163 pervenerat.
2097 3092 2173 3149 Ea

586 3193 719 3234 vero
745 3188 922 3246 nocte,
949 3196 1057 3255 qua
1099 3180 1243 3251 apud
1293 3180 1464 3237 Daniz
1497 3192 1917 3240 castrametatus
1944 3193 2049 3251 est,
2083 3202 2171 3242 re-

587 3271 702 3327 latu
734 3272 1018 3343 cujusdam
1044 3276 1221 3331 curati
1246 3275 1495 3333 Rotberti
1519 3277 1769 3335 Fulchoii
1801 3281 1881 3335 sic
1911 3280 2176 3336 accidisse

591 3366 876 3422 intellexit.
904 3365 1014 3423 Nec
1042 3375 1173 3424 tunc
1211 3370 1523 3427 mirandum
1581 3372 1706 3440 fuit,
1743 3372 1791 3429 si
1820 3389 1937 3442 rex,
1966 3374 2059 3445 qui
2087 3389 2179 3431 so-

589 3459 677 3514 lus
700 3468 824 3530 post
849 3459 1165 3529 Dominum,
1199 3462 1458 3520 dominus
1482 3472 1537 3519 et
1568 3462 1826 3521 defensor
1860 3464 2182 3522 Christiani-

589 3550 716 3605 tatis
743 3550 974 3619 exstitit,
1002 3566 1066 3606 ea
1099 3552 1220 3609 vice
1243 3553 1444 3610 iterum
1481 3555 1811 3611 detrimento
1845 3567 1900 3613 et
1931 3546 2181 3615 dedecori

587 3640 1041 3700 Christicolarum
1072 3647 1375 3715 condoluit,
1406 3637 1722 3707 consolatus
1764 3658 1946 3707 tamen
1981 3652 2184 3711 virtute

590 3744 794 3793 sanctae
815 3737 1018 3806 crucis,
1050 3755 1109 3795 se
1134 3740 1187 3795 in
1206 3756 1366 3798 mane
1387 3752 1758 3815 pugnaturum
1782 3752 1975 3801 contra
1997 3745 2184 3802 hostes

589 3828 916 3898 praeparavit
965 3829 1214 3887 viriliter.
1252 3831 1438 3906 Algazi
1468 3850 1596 3892 vero
1626 3834 1741 3906 jam
1793 3836 1975 3892 sciens
1999 3853 2183 3909 regem

590 3917 735 3986 apud
764 3916 934 3973 Dauiz
961 3918 1264 3988 immorari,
1288 3923 1462 3978 relatu
1489 3924 1707 3981 illorum
1730 3925 1824 3997 qui
1853 3925 1998 3982 circa
2029 3942 2187 3983 exer-

592 4008 762 4065 citum
783 4019 1033 4069 nostrum
1057 4013 1421 4083 prailudentes
1447 4017 1790 4086 exstiterant,
1814 4019 2029 4075 munito
2056 4017 2188 4075 Sar-

592 4100 790 4170 donas,
817 4102 934 4172 ipse
955 4110 1010 4158 et
1056 4103 1407 4163 Dodechinus
1454 4123 1581 4163 cum
1628 4109 1779 4164 omni
1811 4109 2055 4166 exercitu
2085 4126 2187 4166 suo

594 4190 652 4247 in
679 4208 826 4264 sero,
851 4192 1117 4253 militibus
1154 4198 1263 4254 illis
1292 4216 1434 4271 quos
1475 4212 1600 4259 ante
1622 4204 2019 4274 prtemiserant,
2040 4205 2189 4260 circa

595 4294 815 4343 nostros
856 4284 1260 4346 exsultantibus
1301 4301 1356 4347 et
1396 4293 1787 4350 insidiantibus
1830 4296 2007 4366 juncti
2035 4304 2185 4363 sunt,

596 4384 660 4432 ut
681 4392 843 4434 mane
896 4380 1078 4436 subito
1122 4395 1412 4454 soporatos
1458 4386 1713 4442 invadere
1752 4388 2102 4458 potuissent;
2134 4389 2189 4445 id

596 4486 836 4544 namque
856 4488 999 4545 saepe
1027 4476 1214 4533 multis
1240 4476 1463 4548 profuit.
1495 4474 1610 4533 Rex
1637 4486 1819 4534 autem
1851 4494 2046 4535 somno
2072 4481 2191 4537 len—

597 4573 707 4631 tus,
736 4564 831 4620 sed
862 4567 1113 4635 provisor
1134 4569 1411 4636 utilitatis,
1434 4578 1490 4625 et
1515 4571 1761 4627 munitus
1785 4571 1943 4643 signo
1963 4572 2190 4628 veneraé-

597 4653 691 4708 bili
725 4669 837 4725 quo
861 4665 915 4712 et
954 4673 1110 4729 reges
1156 4668 1389 4731 regnant
1416 4668 1473 4715 et
1501 4660 1691 4716 hostes
1720 4661 2038 4730 vincuntur,
2066 4663 2187 4734 ipso

594 4750 762 4805 etiam
800 4751 889 4815 die
936 4768 1050 4823 quo
1099 4752 1313 4825 priores
1362 4764 1645 4823 venerant,
1696 4755 1939 4827 provide,
1989 4765 2049 4812 ut
2074 4756 2185 4826 ille,

594 4841 691 4913 qui
717 4841 920 4913 saepius
964 4844 1210 4901 hostium
1256 4860 1381 4902 esse
1423 4854 1479 4901 et
1524 4846 1665 4903 bella
1709 4855 1967 4920 expertus
2002 4846 2205 4918 fuerit,

595 4948 724 4990 cum
772 4936 1191 5009 archiepiscopo
1239 4936 1570 4996 Caesariensi
1611 4949 1667 4996 et
1705 4941 1830 4998 aliis
1878 4956 2021 4998 verae
2063 4942 2190 4999 ﬁdei

596 5027 922 5097 cultoribus,
950 5029 1223 5101 disposuit
1252 5038 1413 5086 nocte
1440 5018 1683 5088 tentoria?
1705 5048 1805 5089 sua
1859 5032 2060 5105 colligi,
2087 5033 2192 5089 mi-

587 5118 723 5203 lites
755 5121 960 5190 parari,
1009 5132 1068 5178 et
1098 5122 1286 5179 omnia
1333 5123 1694 5182 bellatoribus
1746 5128 2056 5184 necessaria
2109 5128 2191 5186 sic

599 5210 852 5280 decerni;
881 5214 1028 5284 quod
1059 5214 1106 5270 si
1132 5214 1319 5272 hostes
1342 5215 1511 5271 subiti
1526 5216 1582 5271 in
1609 5232 1706 5274 eos
1730 5217 2022 5288 irruerent,
2054 5219 2191 5276 nihil

602 5303 840 5372 pigrum,
886 5306 1133 5377 nihilque
1186 5306 1560 5364 inordinatum
1615 5308 1934 5383 inveniant;
1998 5312 2096 5367 sed
2134 5312 2191 5367 in

602 5399 746 5455 datis
774 5396 977 5455 ictibus
1000 5409 1057 5457 et
1090 5402 1380 5473 prostratis
1428 5402 1680 5460 hostibus
1731 5402 2077 5461 Christianos
2100 5404 2193 5461 Dei

601 5492 805 5548 virtute
833 5502 888 5548 et
904 5494 1028 5564 ejus
1057 5495 1214 5568 signo
1234 5495 1418 5568 vigere
1453 5497 1834 5568 comperiant;
1874 5497 1961 5553 sin
1987 5506 2190 5565 autem,

603 5595 667 5643 ut
692 5602 788 5643 eos
811 5576 1074 5661 gregatim
1106 5590 1294 5660 pusset
1319 5591 1805 5661 comprehendere,
1840 5588 2111 5662 disposuit
2136 5606 2195 5647 se

602 5695 728 5737 cum
760 5680 876 5736 toto
922 5682 1166 5737 exercitu
1210 5683 1495 5739 ordinatis
1521 5676 1745 5740 aciebus
1774 5683 1863 5740 die
1893 5673 2221 5740 terris3illa-'

605 5774 785 5840 bente,
808 5784 1011 5829 versus
1031 5771 1150 5845 Hap
1178 5775 1447 5846 equitare.
1500 5775 1582 5832 Eo
1619 5776 1822 5832 etenim
1866 5776 2028 5831 modo
2050 5774 2225 5831 aasti-'

606 5868 1046 5940 mabatbellum,
1068 5868 1256 5940 etfuit,
1289 5869 1620 5927 inevitabile.
1656 5870 2019 5943 Mancitaquc
2052 5887 2185 5943 prm-

2203 3225 2245 3281 C

2221 4586 2267 4641 ι)
2292 4538 2426 4636 gitta
2452 4568 2771 4635 percussus,
2804 4538 2993 4616 multis
3040 4557 3457 4622 attestantibus,
3484 4538 3764 4641 permansitij

2276 4928 2513 5002 ,noStros
2544 4930 2879 4986 invalescere
2904 4928 3293 5000 persensisset,
3325 4927 3384 4982 in
3413 4940 3506 4982 eos
3531 4922 3660 4977 versa

2272 1970 2535 2027 insistunt
2574 1967 2958 2025 vehementius
2975 2006 2992 2034 ,
3040 1964 3174 2019 hinc
3220 1970 3279 2018 et
3323 1960 3438 2016 inde
3490 1960 3635 2031 sepius
3666 1976 3717 2014 sa-

2272 2064 2531 2137 gittarum
2607 2071 2663 2118 et
2729 2061 2963 2116 telorum
3038 2054 3310 2114 immissis
3386 2054 3521 2109 suis
3583 2053 3763 2108 m1

2272 2157 2378 2226 Qui
2407 2172 2535 2215 cum
2568 2155 2676 2213 hoc
2716 2153 2883 2210 modo
2913 2151 3063 2224 quod
3110 2149 3462 2205 moliebantur
3490 2145 3644 2203 enim
3667 2161 3723 2200 ne

2271 2249 2602 2322 quivissent,
2626 2256 2681 2304 et
2716 2244 2940 2301 nostros
2978 2241 3244 2298 audacter
3268 2237 3496 2293 incedere
3515 2244 3558 2291 et

2273 2342 2535 2401 resistere
2578 2336 3002 2411 persensissent,
3037 2349 3105 2389 ex
3135 2329 3440 2403 arrogantia
3477 2327 3725 2384 multitudinis

2272 2440 2642 2506 pugnatorum
2688 2427 2977 2484 audaciam
3010 2431 3378 2489 assumentes,
3414 2420 3629 2475 ambitiosi
3658 2434 3719 2471 ua-

2274 2542 2407 2583 num
2435 2523 2744 2597 pedestrem
2790 2527 3166 2592 prosternere,
3205 2515 3318 2588 qua
3354 2513 3547 2586 gravius
3576 2510 3728 2566 refrena-

2273 2621 2505 2685 bantur;
2531 2631 2660 2673 cum
2701 2616 2846 2671 hanc
2887 2608 3326 2683 praecedentibus
3351 2605 3559 2671 aciebus,
3583 2612 3623 2658 et
3644 2604 3728 2657 acies

2274 2714 2380 2770 hoc
2402 2709 2614 2783 protegi
2641 2707 2898 2774 viderint,
2924 2705 2980 2761 vi
3008 2702 3255 2759 maxima
3284 2698 3505 2765 accensi,
3535 2696 3733 2752 animosius

2274 2818 2400 2880 post
2430 2807 2573 2863 ictus
2615 2803 2820 2868 illatos,
2862 2799 3072 2855 lanceis
3110 2804 3167 2853 et
3207 2792 3439 2867 sagittis,
3478 2789 3654 2847 arcubus
3676 2788 3732 2841 im-

2276 2897 2463 2954 missis
2515 2893 2776 2960 brachiis,
2825 2888 3093 2959 exemptis
3140 2885 3370 2943 ensibus
3408 2891 3738 2970 nostrospem-

2278 2991 2438 3047 tiunt.
2483 2988 2671 3060 Itaque
2700 2985 2816 3057 jam
2858 2972 3110 3054 pluribus
3146 2977 3445 3050 dissipatis,
3479 2976 3615 3046 ipsam
3639 2971 3736 3026 etiam

2277 3082 2498 3140 comitis
2527 3080 2701 3136 aciem
2725 3074 3232 3148 splendidissimum
3258 3072 3315 3126 in
3346 3068 3498 3142 regali
3530 3064 3621 3122 acie
3638 3060 3742 3132 mergi

2279 3176 2509 3232 faciunt.
2536 3171 2617 3228 lbi
2641 3158 2863 3243 quidem
2891 3154 3145 3240 apparuit
3171 3166 3310 3238 quia
3345 3164 3404 3247 in
3434 3160 3599 3218 comite
3622 3168 3741 3213 natura

2279 3270 2489 3328 militiae
2520 3266 2655 3324 nihil
2685 3264 2930 3331 exaruit;
2951 3262 3184 3333 sparsis
3207 3259 3377 3316 etiam
3417 3256 3521 3313 suis
3547 3262 3591 3310 et
3612 3251 3763 3337 penitus

2279 3361 2552 3434 eﬁ‘ugatis,
2584 3357 2903 3430 sparsisque
2942 3354 3122 3410 tribus
3152 3352 3399 3419 aciebus,
3439 3349 3542 3420 ipse
3571 3344 3676 3400 solus
3700 3337 3763 3393 vel

2280 3469 2407 3512 cum
2434 3451 2622 3525 paucis
2666 3444 2922 3506 militarie
2962 3447 3174 3520 agendo
3220 3444 3465 3502 vicissim
3500 3439 3615 3499 datis
3642 3446 3679 3493 et

2281 3544 2473 3602 cissim
2509 3540 2779 3612 susceptis
2834 3540 3058 3608 ictibus,
3081 3535 3343 3595 hostibus
3380 3532 3695 3594 resistebant?!
3718 3538 3751 3578 se

2282 3635 2559 3694 constanti
2588 3635 2776 3690 animo
2804 3648 2931 3689 cum
2965 3646 3131 3687 cruce
3153 3629 3378 3687 Domini
3403 3635 3457 3684 et
3475 3612 3755 3697 regemorird

2283 3730 2466 3787 vivere
2503 3727 2786 3800 applicuit.
2814 3724 3037 3782 Interim
3071 3722 3322 3796 praefatis
3358 3720 3560 3777 aciebus
3579 3709 3754 3782 erum

2285 3823 2464 3895 major
2517 3837 2644 3893 pars
2697 3828 2903 3876 nostra:
2950 3810 3149 3874 manus
3189 3815 3481 3888 pedestris,
3512 3805 3759 3883 permissu

2287 3912 2504 3970 Domini
2539 3924 2831 3977 concussa,
2864 3908 3107 3965 hostium
3157 3907 3346 3978 gladio
3395 3902 3596 3961 corruit.
3622 3896 3745 3952 Statim

2287 4023 2395 4080 que
2422 4012 2453 4062 a
2474 4005 2684 4062 dextris
2710 4012 2765 4062 et
2790 4018 2819 4059 a
2847 4002 3109 4069 sinistris,
3138 4016 3170 4056 a
3200 4000 3384 4057 cauda
3407 4006 3460 4055 et
3482 4012 3512 4053 a
3533 3993 3682 4065 capite.
3705 3987 3764 4080 hei

2288 4072 2401 4158 stes
2423 4099 2573 4173 gravi
2598 4099 2805 4169 impetu
2821 4103 3045 4152 nostros
3069 4093 3409 4166 percutiunt.
3432 4090 3487 4145 1n
3501 4072 3764 4173 hocme

2289 4193 2737 4263 archiepiscopus
2793 4187 3174 4255 Caesariensis,
3204 4185 3295 4241 vir
3345 4184 3470 4240 vitae
3516 4172 3764 4319 venerabili

2290 4285 2513 4319 nnmlnn
2555 4284 2895 4319 πιιτηπιοιηιιι
2943 4295 3053 4319 nnn
3080 4280 3251 4319 ins-inn
3306 4276 3404 4319 and
3432 4266 3695 4319 cumrde

2290 4285 2513 4341 nomine
2555 4284 2918 4351 Euzomerus,
2943 4295 3055 4337 non
3080 4280 3277 4346 lorica,
3306 4276 3405 4334 sed
3432 4266 3695 4332 sacerdotali

2290 4376 2607 4450 perpellicio
2635 4376 2860 4432 indutus
2877 4416 2894 4442 ,
2942 4388 3161 4431 crucem
3208 4370 3438 4429 Domini
3478 4358 3706 4423 venerabili

2293 4471 2541 4544 gestabat
2563 4469 2851 4536 manibus;
2889 4466 3050 4539 cujus
3074 4465 3426 4538 protectione
3452 4462 3558 4532 ipse
3587 4457 3705 4512 etiam

2289 4624 2473 4721 laesus;
2518 4653 2635 4710 sola
2665 4624 2816 4724 gutta
2844 4650 3129 4722 sanguinis
3170 4649 3250 4705 illi
3295 4649 3356 4703 in
3405 4624 3676 4701 testimonio
3701 4624 3764 4724 uti

2290 4712 2472 4802 nente.
2490 4712 2848 4818 lbiquevregis
2867 4712 3046 4815 equus
3066 4742 3124 4819 in
3144 4742 3292 4798 collo
3314 4738 3522 4797 exstitit
3539 4712 3764 4819 vulnerami

2290 4837 2449 4906 Quod
2496 4854 2624 4896 cum
2661 4837 3109 4908 archiepiscopus
3139 4835 3523 4906 comperisset,
3554 4838 3600 4884 et
3629 4819 3764 4908 ματεδῆ

3666 4916 3764 5224 ᾖ

3756 5438 3764 5599 1

3757 5599 3764 5706 l

3690 5706 3764 5913 ﬂ

2291 5023 2511 5080 Domini
2539 5024 2884 5096 apertissime
2929 5022 3110 5094 inquit
3141 5040 3155 5077 :
3190 5040 3209 5074 ε
3242 5020 3433 5093 Hujus
3468 5019 3642 5073 virtute

2291 5118 2506 5174 tissima
2546 5115 2994 5173 anathematizati
3025 5115 3169 5197 sitis,
3201 5110 3579 5181 nefandissimi
3599 5115 3643 5162 et
3672 5096 3742 5197 diti

2292 5211 2502 5267 ultione
2528 5211 2586 5266 in
2611 5208 2955 5282 diapersione
2993 5194 3538 5281 eﬁ‘ugati,‘citissime
3566 5194 3751 5272 parilis.

2295 5302 2408 5358 Rex
2439 5302 2623 5374 itaque
2644 5301 2791 5358 virili
2828 5299 3057 5357 audacia
3086 5299 3285 5368 fretus,
3333 5308 3446 5371 qua
3469 5303 3608 5369 parte
3630 5284 3731 5343 hosti

2293 5404 2506 5451 turmas
2524 5396 2969 5468 vi‘pugnatorum
2991 5394 3047 5448 in
3072 5402 3298 5449 nostros
3329 5391 3508 5463 magis
3531 5387 3679 5457 vigere

2292 5488 2494 5559 peruit,
2535 5488 2647 5545 illic
2684 5486 3043 5545 exclamando
3079 5484 3135 5541 S.
3180 5485 3375 5541 crucis
3420 5478 3743 5555 protectioﬁfini

2296 5581 2583 5649 auxilium,
2613 5570 2959 5638 velocissime
2989 5578 3175 5646 irruit;
3216 5577 3471 5648 perﬁdos

2295 5675 2350 5731 in
2374 5674 2773 5745 dispersionem
2802 5672 3163 5751 impulit,'ita,
3190 5660 3452 5743 inquam,
3480 5662 3612 5739 quod
3632 5656 3706 5712 ﬁci

2295 5770 2622 5838 anteriores,
2649 5757 2705 5827 et
2734 5760 3343 5849 vicissim‘posteriores
3377 5753 3690 5835 persedendo

2297 5866 2461 5940 gavit.
2490 5866 2690 5936 Sicque
2716 5873 2900 5922 actum
2919 5871 3004 5920 est
3031 5873 3088 5919 ut
3110 5861 3165 5917 in
3188 5860 3286 5916 illo
3310 5858 3478 5924 bello,
3498 5850 3655 5910 divina
