3812 6312
535 385 664 442 “BI

1098 373 1189 433 sn
1223 374 1672 435 consrmnun
1710 375 2004 432 APPEND.
2046 372 2112 429 ιι.
2153 404 2222 415 ρ-
2261 370 2530 428 nomen.
2575 369 2663 425 DE
2704 366 2929 425 BELLO
2964 326 3211 427 saeuo.
3583 386 3669 447 ,με

526 496 672 554 ditiis
700 510 767 550 ac
792 490 1000 549 doloris
1030 498 1189 545 antea
1218 490 1367 561 passi
1403 489 1640 556 fuerant,
1672 490 1778 546 hoc
1811 489 1999 545 audito
2030 496 2113 543 ιο·
2145 495 2186 547 Α
2218 486 2378 551 fario,
2406 496 2466 542 ut
2494 487 2641 541 hunc
2670 482 3028 551 Doldcchino,
3051 483 3376 554 quuisitori
3415 496 3457 543 et
3496 490 3666 558 invenior;

529 593 643 640 tum
668 581 722 637 in
748 578 906 636 dulce
927 592 1250 635 conversum
1279 585 1554 648 reputant,
1583 576 1743 647 eique
1771 592 1803 631 a
1832 592 1942 647 quo
1973 577 2114 631 bona

526 681 724 731 cuncta
764 670 1084 744 procedunt,
1112 669 1304 723 devote
1342 683 1407 723 ac
1438 668 1562 739 puri
1603 668 1784 725 cordis
1832 668 2115 725 affectibus

528 766 838 839 supplicare
863 778 972 819 non
1015 768 1250 817 cessant.
1286 758 1401 817 Hoc
1437 760 1637 832 gaudio
1667 759 1856 816 refecti
1898 761 1986 816 die
2022 767 2117 815 de-

528 859 790 915 ducentcs
837 865 892 910 et
916 854 983 909 ad
1016 853 1193 909 noctis
1236 861 1447 923 partem
1495 853 1708 908 tertiam
1760 853 1841 908 vel
1880 852 2114 909 mediam

527 946 836 1014 exhilarati,
869 953 1033 1001 certae
1056 942 1172 1014 spei
1206 942 1447 998 victoria
1473 942 1899 1015 congaudentes,
1930 958 1995 999 ex
2028 943 2116 998 in-

534 1046 745 1110 sperato
770 1034 999 1091 audiunt
1032 1042 1085 1088 et
1112 1032 1344 1088 diversis
1388 1034 1636 1104 partibus
1681 1034 1965 1089 hominum
2006 1034 2119 1089 cla-

532 1146 708 1185 mores
736 1126 1012 1199 prioribus
1039 1124 1358 1193 dissimiles,
1400 1125 1601 1195 gaudia
1648 1127 1861 1183 caeteris
1900 1127 2114 1195 altiora,

528 1230 909 1289 instrumenta,
938 1220 1344 1293 tympanistria,
1382 1219 1618 1279 ferocius
1650 1231 1777 1277 ante
1823 1220 1982 1279 tactis
2023 1237 2116 1278 so-

527 1312 672 1367 nitus
699 1329 763 1368 ac
792 1312 1060 1368 tumultus
1089 1312 1412 1369 emittentia.
1438 1310 1707 1368 Mirantur
1722 1312 1905 1384 itaque
1919 1313 2118 1385 captivi

527 1412 578 1459 et
601 1405 965 1472 admirantur,
1011 1405 1142 1476 quid
1173 1405 1301 1461 novi
1350 1405 1546 1461 horum
1582 1406 1815 1462 mutatio
1857 1406 2117 1474 insinuet,

527 1506 579 1554 et
620 1499 751 1569 quid
792 1499 1076 1555 insolitum
1123 1499 1361 1571 populus
1411 1500 1580 1556 totius
1625 1498 1863 1555 civitatis
1890 1498 2124 1555 circum-

532 1606 747 1662 quaque
793 1591 1042 1646 accensis
1071 1589 1440 1647 luminaribus
1480 1606 1605 1645 cum
1637 1590 1761 1646 altis
1787 1590 2121 1647 clamoribus

536 1685 807 1753 prredicet.
834 1681 1149 1754 Contigerat
1173 1691 1354 1738 autem
1393 1680 1765 1738 Dodecltinum
1789 1691 1843 1738 et
1868 1680 2053 1755 Algazi
2089 1697 2121 1738 a

538 1774 678 1828 bello
698 1773 754 1827 in
777 1781 960 1844 partes
976 1771 1175 1829 Berl-im
1197 1771 1432 1845 fugatos,
1451 1773 1690 1829 inermes
1709 1783 1763 1829 et
1776 1772 2117 1845 dcfatigatos,

2214 579 2558 634 diversorum
2615 585 3035 641 tormentorum,
3074 576 3143 631 ad
3190 576 3494 646 puniendum
3531 585 3671 662 dirigat.

2216 669 2446 725 Mittitur
2477 670 2662 741 itaque
2694 678 2750 725 et
2770 684 2800 724 a
2825 667 2967 725 collo
2996 677 3051 723 et
3087 683 3119 723 a
3147 668 3398 723 manibus
3422 671 3592 737 vinculis
3608 682 3671 739 fer.

2216 760 2327 817 rcis
2370 760 2717 816 strictissime
2760 758 3041 830 religatus.
3098 759 3221 826 Quo
3268 759 3384 814 viso
3426 761 3678 832 Doldccliinus

2216 850 2335 907 vice
2385 851 2569 924 gaudii
2607 849 2897 922 prtetcndit
2943 865 3007 906 os
3064 850 3209 906 rictu
3262 848 3426 907 ferino
3468 854 3674 920 dilautum.

2217 944 2447 1001 Miratur
2470 946 2654 1017 itaque
2677 955 2835 1001 torvo
2883 945 3093 1002 lumine
3142 945 3324 1016 ipsum
3372 948 3682 1027 militemut)“

2218 1050 2386 1089 manu
2410 1043 2467 1091 et
2498 1035 2720 1107 ingenio
2746 1051 2871 1092 cum
2913 1035 3126 1090 cazteris
3155 1034 3417 1101 ﬁdelibus,
3445 1042 3594 1110 sepius
3619 1047 3679 1101 sibi

2219 1127 2560 1198 contigerant
2590 1143 2774 1183 rerum
2822 1140 3049 1183 suarum
3097 1127 3413 1197 dispendia,
3437 1132 3585 1202 suique
3608 1153 3684 1191 rer.

2219 1220 2368 1290 poris
2401 1219 2623 1292 eﬂ‘ugati
2657 1220 2815 1291 plura
2844 1219 3213 1275 incommoda.
3252 1218 3392 1287 Quid
3428 1222 3568 1279 ultra?
3598 1245 3685 1298 pne-

2219 1318 2491 1365 sentatum
2544 1310 2803 1381 suscepit,
2860 1316 3177 1381 susceptum
3216 1308 3443 1379 inspicit,
3478 1312 3687 1385 inspectum

2220 1406 2554 1469 contemnit,
2624 1410 2999 1473 contemptum
3048 1401 3118 1457 ad
3166 1402 3391 1456 exitium
3435 1419 3527 1474 quo
3565 1408 3691 1480 dignus

2222 1494 2402 1551 fuerat
2420 1494 2669 1552 evenisse
2687 1494 2952 1561 decernit,
2980 1494 3085 1549 hoc
3106 1493 3268 1548 modo
3296 1493 3548 1564 inquiens:
3576 1518 3589 1550 ι
3610 1498 3691 1555 Eia!

2222 1585 2500 1651 Rotberte,
2545 1586 2662 1643 eia!
2717 1585 2928 1657 inspice
2974 1585 3107 1656 quid
3174 1584 3421 1643 utilitatis
3464 1589 3533 1644 lex
3576 1603 3696 1647 nostra

2221 1677 2455 1746 confert,
2505 1694 2618 1750 quo
2659 1693 2761 1735 vos
2811 1693 2969 1735 error
3015 1686 3071 1733 et
3120 1677 3462 1736 incredulitas
3491 1684 3696 1753 compellit

2225 1771 2380 1829 Unde
2423 1772 2493 1830 ad
2528 1772 2636 1829 hoc
2668 1772 2936 1829 ducimini
2986 1770 3135 1844 quod
3182 1771 3359 1843 legem
3398 1783 3597 1830 nostram
3629 1774 3703 1847 ﬁge

533 1878 654 1918 eum
686 1864 877 1934 paucis
905 1863 1151 1935 Alapiam
1182 1878 1488 1930 remeasse;
1516 1871 1571 1919 et
1598 1863 1724 1919 inde
1751 1862 1975 1935 praefata
2000 1863 2120 1920 lau-
2153 1834 2195 1894 Β
2222 1875 2404 1922 vestra
2445 1874 2502 1922 et
2539 1865 2797 1923 omnibus
2824 1864 2948 1922 aliis
2999 1862 3285 1920 meliorem
3333 1875 3593 1934 pervertere
3620 1868 3701 1922 niti-

531 1953 658 2008 dum
687 1956 958 2025 praeconia
999 1955 1147 2012 intus
1179 1964 1234 2010 et
1266 1964 1419 2010 extra
1451 1953 1592 2010 inter
1618 1954 1917 2026 Alapenses
1939 1954 2118 2010 admi-

536 2046 707 2101 rative
750 2046 1075 2103 excrevisse.
1102 2042 1257 2102 Tunc
1286 2047 1506 2113 iterum,
1539 2046 1683 2118 quod
1733 2046 1962 2119 captivis
1995 2063 2120 2119 gra-

537 2153 647 2192 tum
678 2135 856 2192 fuerat
879 2150 929 2192 et
972 2137 1150 2205 dulce,
1183 2137 1288 2193 hoc
1326 2137 1598 2193 intellecto
1628 2144 1777 2192 sorte
1811 2136 2117 2193 miserrima

531 2227 695 2284 cessit
730 2229 783 2284 in
815 2227 1121 2297 contraria;
1172 2242 1391 2284 summo
1419 2227 1622 2284 etenim
1664 2243 1827 2285 mane
1855 2228 1987 2285 dum
2020 2244 2117 2285 va-

528 2330 716 2376 carent
759 2319 1121 2389 orationibus,
1144 2320 1535 2377 sccleratorum
1579 2320 1890 2392 principum
1921 2320 2122 2377 adsunt

530 2412 873 2479 internuntii,
919 2419 974 2468 et
1014 2427 1141 2469 cum
1186 2412 1322 2483 ipsis
1361 2411 1524 2469 turba
1569 2411 1952 2485 praedictorum
2006 2427 2120 2469 non

530 2503 756 2559 minima
778 2547 794 2572 ,
825 2503 1112 2561 afferentes
1139 2512 1345 2575 septem
1374 2504 1612 2560 militum
1637 2504 1839 2577 capita,
1867 2519 1994 2561 cum
2019 2520 2122 2560 nu-

529 2595 672 2652 datis
698 2594 926 2650 ensibus
947 2593 1210 2652 ferratum
1237 2594 1544 2668 impetuose
1573 2597 1811 2653 carceris
1838 2596 2121 2668 pulsantes

528 2696 584 2741 et
618 2686 955 2758 impellentes
985 2688 1188 2743 ostium
1209 2730 1225 2756 ,
1258 2687 1327 2745 de
1357 2704 1513 2745 more
1547 2689 1710 2746 solito
1737 2705 1848 2762 quo
1876 2689 2121 2763 captivos

528 2780 597 2834 de
619 2778 707 2834 die
728 2779 784 2834 in
814 2779 957 2835 diem
995 2780 1064 2836 ad
1085 2780 1467 2839 decollandum
1492 2784 1782 2840 extrahere
1815 2798 2119 2841 consueve-

531 2874 684 2935 rant;
733 2866 1048 2941 intrantque
1093 2886 1369 2929 carcerem
1416 2873 1507 2930 usi
1549 2873 1638 2932 his
1677 2874 1942 2932 vocibus:
1989 2894 2008 2928 ι
2040 2873 2121 2931 Ex

529 2965 685 3027 parte
705 2958 927 3018 victoris
947 2962 1135 3034 Algazi
1156 2963 1590 3023 nuntiumlvobis
1611 2965 1911 3035 aﬂ‘crimus,
1935 2981 2119 3040 regem

530 3061 776 3109 vestrum
807 3054 1197 3128 residuumque
1222 3056 1522 3115 Christiani
1551 3059 1772 3132 popelli,
1805 3059 1980 3133 ipsius
2003 3062 2121 3135 gla-

540 3141 622 3199 Iio
650 3145 704 3200 in
729 3146 872 3203 bello
901 3149 1197 3220 corruisse,
1234 3170 1254 3203 ι
1302 3161 1356 3208 et
1389 3152 1589 3211 oblatis
1615 3153 1908 3225 capitibus,
1945 3153 2121 3226 capti-

540 3235 617 3294 vis
667 3238 960 3310 inquiunt:
995 3259 1015 3294 ι
1042 3239 1170 3300 Haec
1192 3241 1403 3300 fercula
1428 3254 1489 3301 ut
1516 3245 1629 3302 sint
1655 3246 1812 3303 vobis
1834 3245 1891 3302 in
1913 3260 2119 3317 escam,

535 3353 642 3394 nuc
671 3338 854 3413 dirigit
890 3339 1010 3411 ipsa
1033 3339 1170 3416 legis
1200 3344 1375 3400 stella;
1427 3342 1540 3400 Nec
1583 3345 1757 3402 multo
1796 3352 1923 3416 post
1949 3344 2126 3417 ipsius

530 3431 698 3486 vestri
721 3432 865 3505 regis
898 3433 1018 3490 viso
1041 3435 1219 3507 capite
1248 3445 1303 3492 et
1333 3435 1555 3505 vexillo,
1584 3437 1839 3512 equidem
1876 3435 2125 3494 sentietis

531 3538 655 3594 qua:
693 3531 748 3580 et
781 3534 988 3596 quanta
1030 3526 1105 3584 sit
1142 3526 1319 3586 virtus
1343 3527 1558 3585 eximite
1598 3537 1801 3587 nostras
1843 3526 2000 3603 legis,
2035 3529 2127 3587 cui

532 3614 732 3671 amodo
756 3618 1129 3675 contradicere
1146 3635 1254 3676 non
1275 3619 1506 3677 habetis.
1531 3641 1549 3674 ι
1570 3620 1660 3676 Sic
1674 3619 1802 3677 facti
1824 3621 1901 3678 rei
1928 3621 2125 3679 seriem

531 3707 870 3764 occultantes
893 3710 1053 3778 quasi
1097 3710 1204 3765 laeti
1232 3710 1301 3766 ad
1341 3709 1596 3768 dominos
1636 3720 1793 3768 extra
1821 3721 2036 3785 portatu
2068 3715 2126 3772 in

533 3800 783 3856 tentoriis
821 3801 1174 3871 accubantes,
1216 3802 1437 3859 illorum
1466 3802 1703 3861 dedecus
1742 3813 1800 3861 et
1825 3804 2126 3863 detrimen-

531 3897 649 3946 tum
673 3892 785 3948 vini
808 3894 1185 3965 potationibus
1208 3895 1535 3965 revelantes,
1552 3896 1733 3953 nuntii
1754 3903 2124 3955 revertuntur.

534 3983 747 4056 Captivi
799 3993 982 4042 autem
1021 3986 1089 4043 ad
1126 3987 1353 4059 parietis
1394 3987 1678 4060 rimulam,
1720 3987 1816 4045 ubi
1862 3988 2128 4048 relatione

539 4073 776 4131 ﬁdelium
802 4084 923 4133 acta
948 4077 1341 4135 sceleratorum
1376 4078 1687 4152 principum
1717 4077 1919 4154 saepius
1946 4078 2128 4138 inten-

536 4167 738 4223 debant
759 4210 774 4236 ,
823 4179 956 4226 tunc
1008 4186 1230 4244 quoque
1287 4171 1432 4229 serio
1478 4170 1865 4229 intellexerunt
1910 4174 2129 4247 utrique

543 4259 680 4330 parti
732 4260 1014 4332 dispendia
1076 4263 1374 4335 contigisse
1424 4265 1816 4336 pmmaxima,
1869 4264 1975 4335 ita,
2036 4266 2126 4324 in-

539 4368 727 4425 quam,
775 4355 923 4426 quod
976 4354 1216 4428 profani,
1266 4355 1402 4413 foris
1448 4356 1709 4414 simulato
1756 4356 1976 4427 gaudio,
2025 4372 2127 4429 pro

539 4446 836 4503 amissione
908 4449 1171 4522 triumphi
1247 4450 1399 4507 intus
1471 4448 1864 4509 cruciabantur
1916 4451 2122 4508 animo.

2219 1958 2393 2015 mini?
2442 1966 2505 2015 ut
2564 1957 2697 2030 quid
2779 1973 2979 2015 manus
3033 1966 3239 2025 vestra,
3290 1972 3496 2025 manus,
3539 1959 3708 2031 inquam,

2217 2049 2504 2122 quantula,
2533 2049 2589 2105 in
2617 2049 2919 2122 potentiam
2950 2056 3005 2106 et
3024 2047 3336 2105 dominium
3364 2050 3536 2117 nostri,
3562 2060 3608 2106 ut
3629 2068 3707 2108 ver-

2218 2144 2325 2198 mis
2349 2141 2502 2198 humi
2527 2142 2796 2212 serpendo
2836 2155 2897 2198 se
2939 2140 3185 2199 extollit?
3212 2140 3358 2197 Ecce
3385 2141 3608 2199 hactenus
3644 2144 3714 2198 luo

2218 2240 2410 2291 nostro
2432 2233 2703 2304 exigente,
2739 2230 2985 2289 cadendo
3021 2240 3075 2286 et
3101 2232 3436 2303 resurgendo
3458 2232 3711 2288 incessimus.

2217 2323 2381 2382 Modo
2400 2339 2531 2381 vero
2557 2324 2750 2380 eodem
2778 2330 3089 2395 permutato
3109 2321 3203 2393 jus
3225 2331 3470 2378 vestrum
3495 2324 3544 2378 in
3573 2339 3647 2378 nos
3664 2340 3719 2378 rc-

2218 2418 2462 2486 dactum,
2486 2433 2555 2473 ex
2582 2431 2810 2473 munere
2848 2411 2983 2470 DEI
3034 2415 3342 2471 credimus.
3375 2412 3449 2471 Te
3489 2425 3632 2470 autem
3662 2431 3719 2470 re,

2219 2514 2363 2583 colo,
2396 2512 2532 2568 mihi
2554 2511 2623 2568 de
2660 2519 2757 2567 tuo
2797 2509 3058 2567 tribuisse
3081 2508 3198 2580 jam
3232 2509 3294 2563 in
3327 2508 3606 2580 przeterito;
3631 2509 3725 2563 unde

2219 2615 2283 2663 ut
2305 2615 2357 2664 te
2379 2604 2704 2662 interﬁciam
2751 2602 2895 2676 apud
2942 2617 3032 2659 me
3060 2602 3165 2659 hac
3212 2601 3340 2657 vice
3381 2617 3484 2657 non
3512 2601 3721 2656 inveniet

2220 2699 2560 2770 Remisitque
2581 2712 2709 2754 eum
2739 2696 2809 2753 ad
2846 2693 3059 2766 Algazi,
3093 2693 3362 2766 inquiens
3411 2692 3573 2751 verbis
3611 2692 3729 2746 inter
3794 2720 3795 2765 ι

2218 2791 2434 2849 nuntii:
2472 2810 2492 2845 ι
2512 2788 2656 2846 Malo
2680 2789 2829 2846 hunc
2866 2797 2964 2845 tuo
2988 2803 3156 2860 quam
3185 2801 3322 2843 meo
3350 2787 3521 2858 perire
3542 2784 3690 2857 gladio.
3715 2801 3727 2834 ι

2217 2880 2330 2939 Nec
2358 2880 2430 2938 ob
2454 2879 2604 2936 aliud
2628 2887 2861 2935 mortem
2880 2876 3083 2935 inferre
3100 2877 3344 2947 distulit,
3366 2875 3545 2934 nisiut
3562 2873 3737 2931 vicissim
3794 2920 3795 2927 η

2220 2974 2416 3032 illusus
2445 2972 2515 3029 ab
2539 2981 2795 3044 utroque,
2826 2967 3026 3026 sentiat
3058 2968 3193 3041 quid
3230 2969 3526 3041 utriusque
3543 2975 3679 3024 terror
3704 2975 3740 3018 et

2219 3064 2463 3139 potentia
2487 3063 2544 3122 in
2570 3079 2699 3120 eum
2729 3076 2987 3120 exercere
3008 3062 3205 3118 valeat.
3238 3059 3309 3118 In
3329 3059 3601 3133 praesentia
3616 3059 3745 3129 itaque

2220 3158 2408 3232 Algazi
2456 3157 2674 3231 illusus,
2701 3153 2929 3228 praefato
2981 3170 3222 3228 nequam
3284 3153 3575 3211 Botbertus
3606 3152 3743 3206 iterum

2223 3259 2607 3324 pratsentatur,
2629 3249 2742 3318 cui,
2768 3256 2988 3320 arrepto
3019 3245 3220 3320 gladio,
3253 3245 3595 3303 Dodecbinus
3607 3242 3749 3313 inquit;

2229 3362 2251 3397 ι
2285 3342 2623 3401 Abrenuntia
2648 3342 2753 3414 legi
2781 3350 2908 3410 tuas,
2944 3339 3030 3398 vel
3070 3354 3321 3396 morere.
3362 3358 3383 3393 ι
3418 3339 3499 3395 Ad
3532 3339 3630 3393 hac
3658 3335 3750 3389 Rot-

2224 3433 2441 3491 bertus:
2473 3430 2743 3489 Omnibus
2777 3431 3039 3504 operibus
3076 3429 3310 3488 Satanae
3355 3439 3418 3487 et
3459 3427 3650 3502 pompis
3675 3425 3755 3496 eius

2225 3525 2552 3583 abrenuntio
2571 3542 2587 3593 ;
2609 3539 2713 3597 pro
2736 3523 2958 3580 Christo
2970 3537 3101 3579 vero
3120 3536 3239 3578 non
3263 3537 3473 3579 renuo.
3492 3541 3510 3574 ι
3527 3518 3613 3576 His
3632 3517 3759 3573 verbis

2225 3616 2493 3692 profanus
2552 3615 2740 3675 furore
2802 3622 3079 3688 arreptus,
3140 3614 3413 3671 illatione
3455 3612 3610 3688 gladii
3650 3617 3762 3681 caput

2223 3707 2582 3766 Christiania
2623 3721 2854 3779 corpore
2910 3705 3206 3778 separavit.
3266 3705 3441 3774 Quod
3486 3702 3764 3761 deferendam

2225 3800 2463 3874 publice,
2485 3799 2783 3874 iudiciaria
2806 3797 3045 3872 praeconi
3087 3798 3365 3869 tradidit,
3392 3813 3591 3872 corpus
3606 3790 3768 3874 veroat

2224 3892 2632 3951 dilacerandum
2650 3891 2816 3965 vulgo
2835 3890 3225 3963 proclamanti,
3245 3908 3469 3948 munus
3487 3898 3771 3963 pmoptainn

2227 3984 2481 4044 contulit.
2511 3981 2655 4053 Quid
2689 3983 2893 4056 igitur?
2926 3981 3094 4038 Lator
3132 3983 3353 4054 capitis
3384 3999 3488 4055 per
3529 3980 3775 4055 plateaset

2225 4078 2380 4135 vicos
2406 4075 2643 4135 civitatis
2671 4076 2779 4133 hoc
2822 4083 3046 4132 ostenso
3076 4083 3132 4131 et
3158 4075 3456 4132 divitibus
3500 4080 3777 4146 pascam.

2226 4169 2541 4245 quingentis
2567 4168 2944 4243 bysantiishet
2963 4168 3196 4225 diversis
3251 4169 3593 4226 muneribus
3628 4161 3777 4221 exhila-

2226 4271 2402 4331 ratus,
2432 4261 2503 4319 ad
2551 4258 2845 4333 profanum
2875 4258 3072 4329 rediit;
3119 4258 3338 4332 eisque
3387 4276 3495 4332 pro
3544 4259 3676 4314 illato
3713 4248 3781 4308 siti

2225 4353 2491 4411 beneﬁcio
2535 4352 2741 4427 gratias
2790 4366 2978 4424 agens,
3024 4350 3179 4407 flexis
3220 4352 3483 4424 genibus
3534 4346 3781 4407 medullitus

2228 4446 2575 4520 supplicavit,
2601 4453 2767 4517 caput
2798 4460 2922 4517 quas
2939 4443 3195 4500 reddidit.
3226 4442 3411 4502 Unde
3438 4445 3633 4517 impius
3656 4441 3723 4496 ille
3742 4430 3789 4491 ab

539 4641 685 4688 certa
727 4642 782 4689 et
821 4633 1061 4705 perfecta
1108 4634 1421 4706 gaudebant
1465 4635 1716 4691 victoria.
1764 4632 1969 4701 Quinto
1992 4651 2126 4693 vero
2158 4631 2188 4634 ⁷
2227 4636 2450 4694 rissimo
2487 4633 2844 4708 gemmisquae
2903 4631 3162 4703 pretiosis
3228 4648 3311 4689 ac
3359 4633 3603 4688 miriﬁco

542 4538 841 4597 Christiani
894 4556 1027 4598 vero
1077 4551 1399 4613 recuperato
1444 4541 1744 4614 triumpho,
1800 4541 1855 4599 in
1903 4540 2126 4600 Christo
2157 4576 2204 4634 Β
2228 4542 2438 4601 artifice
2462 4542 2598 4599 artis
2631 4540 2811 4613 impiae
2834 4556 2934 4596 vas
2955 4538 3060 4596 sibi
3089 4538 3157 4594 ad
3190 4540 3531 4611 potandum
3570 4550 3688 4593 auro
3720 4538 3795 4605 ιιιέ

542 4641 685 4688 certa
727 4642 782 4689 et
821 4633 1061 4705 perfecta
1108 4634 1421 4706 gaudebant
1465 4635 1716 4691 victoria.
1764 4632 1969 4701 Quinto
1992 4651 2126 4693 vero
2227 4636 2450 4694 rissimo
2487 4633 2844 4708 gemmisquae
2903 4631 3162 4703 pretiosis
3228 4648 3311 4689 ac
3359 4633 3603 4688 miriﬁco
3651 4560 3796 4791 «ruﬁ

542 4723 644 4791 die,
662 4722 958 4780 Rotbertus
973 4722 1283 4791 Fulcoides,
1299 4725 1555 4781 manibus
1576 4723 1869 4791 impiorum
1882 4726 2129 4784 abstrac-
2226 4736 2625 4791 constructum,
2659 4724 2927 4781 citissime
2953 4723 3072 4780 ﬁeri
3110 4723 3460 4791 imperavit,
3487 4739 3597 4791 quo
3621 4720 3707 4778 sibi

537 4723 644 4792 die,
662 4722 958 4780 Rotbertus
973 4722 1283 4793 Fulcoides,
1299 4725 1555 4781 manibus
1576 4723 1869 4796 impiorum
1882 4726 2129 4784 abstrac-

537 4823 625 4869 tus
651 4823 705 4870 et
726 4815 1042 4883 dilaniatus,
1071 4813 1279 4886 Alapiae
1315 4814 1502 4886 Algazi
1540 4824 1922 4886 praesentatur.
1968 4815 2125 4873 Unde

536 4905 812 4977 geminata
859 4907 1047 4964 laetitia
1109 4913 1164 4963 Et
1215 4907 1475 4964 inauditis
1530 4907 1758 4965 laudum
1809 4910 2121 4981 praeconiis,

535 5014 728 5055 omnes
752 5015 863 5055 una
885 4998 1207 5072 plaudentes
1232 4999 1507 5069 manibus,
1546 5001 1615 5057 ad
1651 5001 1830 5074 ipsum
1852 5003 2013 5074 quasi
2050 5003 2121 5060 ad

538 5099 847 5148 monstrum
879 5091 1164 5149 conﬂuunt
1209 5107 1319 5148 non
1348 5101 1462 5149 uta
1491 5094 1671 5165 poenis
1713 5094 2123 5164 redimant,-sed

538 5191 600 5237 ut
628 5183 777 5239 hunc
811 5182 1131 5240 admirando
1174 5184 1420 5253 illudere,
1454 5184 1733 5241 illudendo
1776 5186 2045 5255 cruciare,
2070 5195 2125 5243 et

539 5274 840 5331 cruciando
893 5276 1237 5332 membratim
1292 5277 1510 5334 valeant
1542 5278 1875 5350 discerpere,
1917 5287 1973 5335 et
2018 5279 2124 5336 hoc

538 5370 687 5423 δεεὐο
714 5366 964 5425 vindictae
986 5379 1200 5441 genere,
1215 5368 1459 5426 dolorem
1492 5386 1655 5427 suum
1683 5371 1753 5426 ab
1776 5370 1895 5441 ipso
1917 5370 2122 5428 eisdem

538 5474 609 5518 ex
641 5459 815 5532 longo.
839 5461 1081 5533 tempore
1123 5462 1332 5519 illatum
1368 5464 1642 5536 gaudeant
1688 5463 1954 5520 minuere.
2008 5464 2119 5520 Do-

539 5552 690 5610 mino
705 5568 832 5609 vero
843 5554 1183 5625 prohibente,
1206 5571 1318 5611 non
1340 5555 1540 5611 audent
1558 5571 1685 5611 eum
1708 5563 1950 5628 tangere.
1981 5556 2125 5625 Quid

538 5640 670 5722 ergo
689 5663 855 5720 super
881 5648 1022 5703 hoc?
1052 5646 1190 5703 Cum
1216 5649 1453 5720 populus
1482 5647 1536 5703 id
1562 5646 1779 5704 efﬁcere
1809 5659 2045 5721 nequeat
2068 5651 2126 5706 in

537 5744 805 5815 Seipsum,
847 5750 901 5797 et
950 5740 1273 5811 capillorum
1316 5748 1372 5796 et
1406 5740 1705 5797 barbarum
1751 5743 2126 5800 evellationcm

536 5844 856 5907 retorquere
889 5848 1002 5887 non
1050 5840 1230 5888 cessat
1289 5831 1503 5890 Placuit
1548 5840 1730 5887 autem
1775 5825 2007 5909 principi
2037 5852 2132 5891 ne-

2226 4736 2625 4794 constructum,
2659 4724 2927 4781 citissime
2953 4723 3072 4780 ﬁeri
3110 4723 3460 4794 imperavit,
3487 4739 3597 4797 quo
3621 4720 3707 4778 sibi

2223 4821 2357 4877 tanti
2393 4821 2451 4876 in
2479 4816 2688 4876 festivis
2719 4814 3159 4871 solemnitatibus
3204 4814 3348 4872 suis
3381 4815 3621 4886 posteris
3638 4804 3796 4884 signﬁ

2221 4910 2466 4968 audacia:
2492 4918 2547 4966 et
2580 4905 2826 4963 victoria:
2863 4903 3225 4976 repaesentari
3303 4907 3525 4962 valeat.
3560 4903 3794 4973 Statim!

2222 5002 2571 5062 Dodecbinus
2595 5041 2611 5069 ,
2652 4997 2841 5056 electis
2875 5010 2990 5053 sua:
3036 4993 3227 5064 gentis
3286 4998 3637 5068 primatibus
3680 4997 3791 5069 inite

2223 5092 2642 5165 nuntiis'Algazi
2667 5087 2975 5160 requisivit,
2998 5097 3059 5142 ut
3084 5102 3188 5157 pro
3220 5090 3689 5147 remuneratione

2221 5186 2495 5253 amicitiae,
2509 5183 2746 5256 acceptis
2762 5181 2833 5238 ab
2849 5197 2916 5238 eo
2929 5180 3344 5253 bysantiorum
3373 5181 3775 5249 Sari-acetiam

2223 5279 2295 5335 60
2326 5278 2589 5346 millibus,
2635 5261 2979 5347 promisisset
3012 5286 3136 5329 eum
3177 5289 3503 5332 carcerem
3533 5275 3775 5353 Francorq

2223 5369 2455 5444 ingredi,
2474 5377 2537 5426 ut
2554 5369 2812 5425 omnibus
2833 5364 2926 5439 qui
2948 5366 3002 5422 in
3015 5380 3259 5423 carcere
3277 5369 3391 5426 illo
3407 5381 3575 5427 erant
3590 5381 3731 5425 manu

2219 5463 2441 5536 propria
2451 5461 2937 5532 detruncatis,ipsc
2965 5462 3020 5516 in
3043 5458 3239 5517 eﬁuso
3259 5464 3560 5536 sanguine
3574 5461 3680 5517 vice

2226 5559 2403 5615 balnei
2443 5557 2712 5629 potuisset
2732 5554 2989 5623 recreari,
3020 5561 3074 5609 et
3102 5561 3173 5609 ut
3220 5560 3442 5629 aquila
3473 5559 3679 5614 vivente

2225 5653 2366 5733 vari.
2403 5651 2591 5723 Algazi
2615 5666 2745 5707 vero
2795 5657 3017 5720 accepto
3060 5649 3361 5719 consilio,
3388 5650 3708 5724 primatibus

2230 5746 2396 5802 modo
2432 5743 2747 5815 respondit:
2787 5762 2804 5795 ι
2832 5741 3161 5803 Petitionem
3196 5747 3367 5802 tanti
3404 5747 3516 5803 viri
3572 5753 3743 5801 rectam

2230 5836 2591 5907 iustissimam
2622 5850 2743 5891 esse
2773 5833 2965 5890 fateor.
2991 5830 3086 5889 Est
3108 5845 3341 5893 autem
3372 5837 3537 5895 aliud
3565 5830 3783 5911 «ιιιοάμῦ

3723 5012 3796 5107 Ἣ

3669 5107 3796 5324 EE

3669 5205 3674 5235 ι
3758 5234 3775 5249 1

3686 5324 3775 5353 "I

3686 5324 3792 5647 Ξ
