3812 6312
105 377 198 436 i055

693 364 1015 421 GALTERII
1047 366 1509 424 CANCELLARII
1545 369 1768 425 BELLA
1806 372 2128 430 ANTIOCII.
2165 403 2235 413 —-
2268 373 2450 429 PARS
2488 372 2555 429 II.

3098 377 3236 433 1036

101 487 286 562 agendum
303 483 503 544 intueor,
531 479 634 550 legi
660 487 712 534 et
731 480 951 536 utilitati
971 489 1171 537 nostra:
1186 483 1555 552 profuturum,
1590 486 1632 543 Α
1660 485 1866 555 periido
1900 504 2064 558 super
2089 487 2461 559 pavimentum
2508 488 2772 543 acerrime
2812 489 3042 560 religati,
3081 490 3174 544 ubi
3205 507 3234 547 a
3269 481 3280 506 '

97 597 170 652 quo
187 582 370 648 peracto,
395 579 442 626 et
467 570 523 625 in
540 570 626 626 his
652 580 706 626 et
733 571 786 625 in
804 571 926 628 aliis
950 573 1085 627 tanti
1107 574 1269 629 amici
1293 574 1556 630 voluntati

95 686 130 730 et
146 667 341 732 dominio,
369 663 598 718 funditus
619 663 1048 720 obseeundabor.
1073 663 1152 721 Ne
1174 675 1356 722 autem
1373 683 1472 724 vos
1501 675 1557 723 et

95 767 216 835 ipsum
238 757 418 814 euectus
449 753 554 809 mei
591 754 804 810 consilii
839 756 1022 824 lateat,
1055 757 1160 813 hoc
1188 759 1346 815 vobis
1375 768 1555 815 atten-

91 852 273 914 dendum,
294 856 338 903 et
367 845 410 900 ei
453 843 795 900 referendum
846 846 1134 916 prudentia
1192 859 1376 905 vestra
1421 865 1554 906 con-

89 944 213 1014 cipiat.
243 940 454 995 Castrum
478 936 644 1006 Hasa,
667 940 814 1010 quod
840 949 993 1012 porta
1020 941 1280 1001 introitus
1301 954 1355 1000 et
1373 945 1554 1003 exitus

86 1032 254 1103 Halapite
273 1039 542 1101 reputatur,
594 1032 835 1087 nendum
865 1032 1063 1090 habere
1090 1049 1406 1106 possumus.
1441 1036 1554 1094 Hoc

85 1126 182 1180 enim
204 1122 317 1193 quod
332 1120 510 1176 Franci
533 1123 828 1194 resumptis
859 1123 1068 1180 viribus
1108 1125 1163 1180 in
1207 1141 1310 1183 nos
1354 1141 1552 1183 conva-

81 1217 251 1280 luerunt,
274 1213 416 1268 nimis
439 1213 686 1284 impedit,
708 1202 762 1269 ét
782 1214 1067 1286 praefatum
1115 1229 1457 1289 recuperare,
1498 1230 1552 1277 et

75 1312 153 1379 jam
173 1313 435 1376 recuperata
461 1311 647 1360 castra
671 1305 740 1362 ab
760 1321 952 1363 eorum
977 1307 1196 1380 ingenio
1223 1317 1278 1365 et
1308 1311 1549 1381 potentia

76 1403 218 1455 intacta
239 1412 547 1454 conservare.
578 1397 734 1465 Quod
764 1399 810 1454 si
841 1399 1084 1471 captivos
1113 1416 1254 1472 quos
1285 1403 1551 1458 habemus

76 1509 117 1546 ex
139 1506 284 1546 eorum
318 1504 496 1561 genere
550 1491 762 1547 nobiles
803 1501 856 1548 et
897 1493 1181 1564 ignobiles,
1230 1495 1336 1551 hoc
1387 1496 1552 1551 modo

69 1581 333 1638 exterminari
346 1581 769 1652 permiserimus,
793 1593 848 1639 et
867 1575 921 1640 in
945 1587 1142 1643 castris
1161 1587 1550 1658 recuperandis

69 1683 104 1728 et
137 1675 176 1728 in
197 1673 294 1729 aliis
337 1673 615 1744 dispendia
635 1675 817 1738 Tsolito
863 1677 1110 1748 graviora
1165 1677 1412 1749 profecto
1453 1695 1550 1750 pa-

65 1767 217 1820 tiemur.
261 1764 318 1820 Et
342 1775 418 1821 est
449 1765 612 1822 nobis
649 1767 960 1834 consilium,
994 1770 1176 1824 moliri
1225 1778 1409 1826 utrum
1453 1786 1544 1827 ca-

65 1857 259 1926 ptivorum
283 1858 698 1915 mmmutatione
747 1861 1137 1932 quoquomodo
1177 1861 1434 1917 simulata
1454 1877 1549 1917 va-

61 1950 222 2014 leamus,
243 1948 313 2003 vel
334 1948 383 2004 in
412 1949 716 2007 redditione
749 1953 935 2018 castri,
967 1954 1051 2008 vel
1076 1953 1130 2008 in
1155 1953 1277 2008 aliis
1306 1961 1547 2010 astutum

60 2041 339 2113 aptatia-um
359 2041 598 2113 ipsarum
630 2058 807 2115 regem
854 2042 1056 2100 fallere.
1089 2043 1168 2100 Eo
1222 2046 1423 2101 etenim
1467 2046 1550 2100 vi-

57 2145 178 2198 rente,
202 2143 310 2204 puta
337 2133 564 2199 dictum,
593 2148 696 2187 nos
721 2132 1033 2189 nullatenus
1084 2135 1216 2190 illud
1261 2143 1501 2191 castrum
1531 2152 1546 2202 ;

56 2226 115 2279 sed
137 2242 213 2281 nec
236 2225 510 2296 quidquam
548 2234 712 2281 teme
740 2241 854 2282 suae
889 2225 1250 2282 dominationi
1295 2227 1548 2294 subditae,

53 2317 121 2372 nisi
131 2318 169 2372 vi
184 2327 263 2372 aut
281 2318 486 2389 ingenio
507 2325 675 2387 posse
691 2318 909 2374 habere.
935 2317 1240 2375 Ferendum
1263 2329 1348 2375 est
1370 2320 1552 2390 itaque

51 2408 224 2477 captivos
239 2408 400 2464 adhuc
425 2409 632 2474 vivere,
657 2417 719 2464 ut
746 2409 900 2480 prius
924 2409 1102 2465 ultrici
1124 2425 1290 2465 manu
1313 2412 1551 2482 gravatis

47 2498 182 2553 borum
205 2500 519 2570 principibus
539 2515 611 2556 ac
630 2499 1088 2567 dominatorihus,
1105 2511 1292 2572 postea
1319 2501 1372 2556 in
1401 2502 1551 2572 ipsos

45 2587 122 2657 ipse
140 2590 442 2647 Dodechinus
466 2593 862 2664 retorquendo,
885 2592 1148 2664 quidquid
1173 2593 1326 2648 oblat
1345 2593 1550 2649 sitienti

43 2680 171 2737 animo
196 2683 494 2740 satisfaciat.
535 2703 556 2736 ι
595 2683 710 2741 Hoc
740 2685 948 2752 audito,
979 2685 1185 2741 reversi
1221 2684 1420 2753 nuntii,
1453 2701 1553 2742 au-

43 2774 112 2828 rlita
152 2791 234 2830 suo
273 2777 508 2833 referunt
561 2779 802 2834 domino.
857 2778 1214 2850 Laudantque
1258 2778 1458 2836 decens
1499 2789 1553 2836 et

43 2863 131 2917 utile
151 2865 258 2921 illud
285 2867 394 2923 lieri
433 2868 593 2939 quod
628 2869 763 2940 legis
808 2869 961 2924 stella
1007 2869 1265 2926 consulit.
1321 2869 1416 2925 liis
1455 2885 1552 2926 au-

44 2956 139 3024 litis,
181 2958 530 3028 Dodechinus,
597 2962 724 3019 licet
773 2963 1000 3030 invitus,
1065 2961 1210 3019 favet
1271 2973 1454 3020 tamen
1499 2972 1554 3019 et

43 3050 195 3106 utitur.
218 3051 442 3127 Uterque
487 3064 681 3110 autem
718 3056 943 3112 territus
969 3054 1096 3129 fuga
1127 3066 1182 3112 et
1229 3057 1553 3113 exterminio

1657 577 2140 635 circumstantibus
2207 579 2376 645 illusi,
2434 579 2781 635 contumeliis
2831 588 2886 634 et
2937 580 3235 636 terroribus

1657 666 1856 735 atl‘ecti,
1909 669 2206 740 multisque
2252 669 2445 740 alapis,
2499 677 2554 728 et
2600 668 2944 726 miseriarum
2999 669 3236 725 stimulis

1656 758 1896 827 impulsi,
1921 761 2216 816 barbarum
2248 767 2303 816 et
2330 761 2650 832 capillorum
2695 761 3110 818 evellationibus
3137 761 3235 818 de-

1655 850 1877 918 turpati,
1930 851 2246 920 pudibunda
2304 853 2551 910 nuditate
2587 853 2783 925 pressi,
2823 853 3054 911 strident
3098 855 3235 910 den-

1655 940 1820 1006 tibus,
1868 950 2105 998 tremunt
2144 945 2466 1010 visceribus,
2513 945 2727 1000 inhiant
2771 945 3106 1001 caelestibus.
3159 943 3237 1002 Ea

1653 1032 1771 1088 vice
1817 1034 1869 1088 in
1916 1034 2121 1090 mundo
2149 1035 2283 1090 nihil
2311 1033 2393 1092 eis
2421 1037 2625 1093 certius
2663 1052 2828 1109 quam
2884 1037 3025 1092 ictus
3069 1035 3235 1108 gladii

1655 1125 2020 1193 imminentes,
2058 1136 2238 1183 mente
2278 1136 2333 1182 et
2363 1143 2592 1198 corpore
2649 1129 2984 1196 cruciantur,
3032 1128 3234 1201 singuli

1652 1218 1852 1273 etenim
1898 1233 2042 1274 unus
2068 1226 2192 1288 post
2217 1235 2408 1286 unum,
2439 1235 2625 1276 coram
2662 1221 2829 1292 impio
2863 1221 3133 1288 advocati,
3163 1222 3234 1277 ab

1654 1305 1774 1379 ipso
1802 1305 1982 1364 verbis
2007 1309 2326 1363 internuntii
2357 1311 2748 1380 requiruntur:
2788 1332 2804 1364 ι
2835 1311 2978 1378 Quid
3018 1312 3231 1377 maluit,

1653 1410 1747 1456 aut
1775 1400 2228 1456 Christicolarum
2268 1401 2371 1473 legi
2401 1402 2820 1468 abrenuntiare,
2852 1411 2947 1458 aut
2992 1403 3233 1459 illatione

1652 1495 1735 1549 sui
1769 1494 1930 1566 gladii
1956 1495 2012 1549 in
2047 1503 2326 1548 momento
2374 1494 2636 1549 acerrime
2675 1495 2947 1550 truncari?
2980 1515 2998 1547 ι
3028 1495 3110 1549 Ab
3152 1495 3234 1550 eis

1651 1596 1855 1653 autem,
1906 1599 2050 1642 vera:
2104 1582 2229 1641 ﬁdei
2279 1584 2613 1641 contrarium
2662 1586 2798 1640 nihil
2850 1586 3052 1652 verbis,
3090 1585 3228 1641 nihil

1651 1679 1832 1749 operis
1854 1689 2182 1748 extorquere
2212 1678 2406 1748 potuit.
2436 1676 2632 1732 Audita
2665 1677 2844 1747 itaque
2878 1677 3232 1747 responsione

1653 1779 1966 1842 procerum,
2016 1769 2162 1838 tidei,
2188 1769 2325 1841 spei,
2371 1785 2436 1825 ac
2481 1769 2767 1825 charitatis
2813 1768 2993 1839 plena,
3021 1784 3147 1824 cum
3180 1776 3237 1824 et

1655 1863 1834 1919 minas
1860 1863 2054 1932 ipsius,
2085 1869 2140 1918 et
2168 1870 2400 1919 mortem
2437 1875 2538 1932 pro
2565 1859 2787 1916 Christo
2817 1859 2928 1929 pati
2958 1874 3067 1914 non
3120 1857 3234 1914 for-

1651 1953 1890 2010 midante
1905 1953 2163 2025 assurgit,
2183 1961 2400 2023 arrepto
2414 1952 2592 2024 gladio
2611 1949 2886 2020 proiectus
2903 1950 2956 2004 in
2977 1950 3236 2015 medium,

1653 2045 1707 2100 in
1730 2061 1922 2118 gyrum
1944 2045 2366 2111 deambulando,
2387 2052 2441 2100 et
2461 2044 2632 2099 torvis
2654 2042 2954 2098 luminibus
2975 2041 3236 2096 intuendo

1653 2139 1898 2210 singulos
1920 2138 2200 2195 aestimans
2219 2138 2556 2194 sacerdotem
2576 2153 2719 2204 esse,
2749 2138 2985 2207 quicum
3008 2136 3238 2207 captivis

1652 2233 1859 2298 aderat,
1891 2233 2181 2303 quemdam
2213 2231 2439 2287 militem
2472 2231 2630 2300 jubet
2664 2230 2852 2300 arripi,
2877 2231 3036 2300 cujus
3075 2239 3238 2299 caput

1653 2325 1768 2396 ipse
1799 2324 1940 2380 idem
1966 2337 2130 2379 manu
2165 2322 2385 2393 propria
2411 2321 2592 2394 gladio
2631 2322 2884 2377 succidit.
2933 2320 3236 2376 Reversus-

1652 2432 1758 2487 que
1788 2417 1840 2471 in
1871 2431 2087 2489 gyrum,
2119 2416 2174 2470 in
2214 2414 2397 2470 medio
2441 2413 2803 2484 captivorum,
2845 2428 3031 2470 ensem
3063 2412 3236 2468 dedu-

1653 2509 1826 2564 cendo
1849 2519 1974 2564 ante
1999 2523 2094 2564 ora
2121 2507 2482 2580 singulorum,
2517 2506 2742 2578 expetiit
2782 2505 3063 2577 hysantios
3088 2503 3240 2559 citis-

1654 2601 1791 2655 sime
1821 2599 1924 2656 sibi
1949 2599 2176 2670 porrigi,
2204 2614 2314 2653 non
2345 2606 2405 2653 ut
2429 2598 2590 2653 vellet
2615 2612 2712 2654 eos
2747 2597 2940 2652 redimi
2987 2611 3051 2650 ea
3096 2595 3249 2660 vice,

1653 2691 1748 2748 sed
1797 2691 1927 2762 quia
1967 2690 2232 2746 ebrietate
2264 2689 2536 2760 impulsus
2575 2688 2796 2744 volebat
2840 2701 2936 2743 eos
2982 2686 3234 2758 perdere;

1655 2783 1948 2854 statimque
1997 2781 2152 2853 jubet
2205 2781 2372 2852 arripi
2426 2781 2615 2846 alium,
2652 2776 2944 2834 Aruulfum
2993 2776 3236 2839 nomine,

1653 2873 2030 2930 Marisiensem
2082 2871 2411 2943 dapilerum,
2445 2887 2658 2943 magna:
2702 2869 2984 2942 religionis
3031 2869 3234 2924 virum.

1655 2965 1899 3038 Datoque
1960 2964 2142 3038 gladio
2197 2963 2522 3036 patriarcha:
2569 2963 2947 3028 Damasceno,
3017 2960 3236 3031 inquit,

1661 3072 1678 3110 ι
1714 3058 1966 3126 Percute,
1993 3067 2251 3129 percute;
2285 3057 2366 3113 sic
2385 3057 2540 3112 decet
2561 3055 2768 3126 utique.
2803 3073 2821 3106 ι
2870 3052 2992 3120 Quo
3016 3061 3238 3122 accepto

43 3145 509 3222 [eodeiscontigcrat
532 3149 926 3223 praetermissis
944 3149 1295 3220 aequitatibus
1313 3150 1553 3207 caeteris-
1581 3172 1624 3234 ο
1656 3150 1964 3207 Archadius
2021 3158 2203 3206 mente
2262 3157 2626 3220 compunctus
2685 3147 2904 3204 cuidam
2958 3143 3240 3198 Amiraldo

43 3246 114 3303 [uae
144 3241 347 3311 negotiis
398 3243 730 3315 reipublicae
778 3242 1102 3312 profuturis,
1129 3243 1264 3298 solis
1317 3243 1553 3314 potatio-

43 3326 146 3381 tibns
165 3331 447 3404 invigilant.
475 3332 632 3389 Inter
660 3347 799 3405 quas
821 3334 1074 3389 noctibus
1095 3341 1160 3389 ac
1183 3333 1376 3389 diebus
1402 3333 1554 3388 horis

43 3416 274 3490 insperatis,
299 3427 482 3482 missis
507 3427 784 3481 ministris
809 3426 992 3493 caedis,
1023 3435 1082 3481 ut
1126 3440 1254 3481 oves
1285 3426 1550 3498 gregatim

46 3514 205 3580 aptivos
234 3517 425 3574 abduci
457 3528 515 3574 et
567 3528 697 3573 ante
751 3533 810 3575 se
855 3518 975 3575 sisti
1031 3518 1258 3575 faciunt.
1305 3518 1552 3586 Quorum

44 3604 184 3661 uillam
211 3606 427 3666 funibus
455 3612 527 3666 ad
564 3610 764 3682 stipem
794 3607 1070 3682 suspensi,
1101 3625 1348 3666 seorsum
1378 3609 1554 3680 plexis

43 3698 240 3766 tpitihus,
283 3716 635 3774 sursumque
695 3703 871 3759 versis
919 3703 1169 3774 pedibus,
1193 3702 1346 3758 dura:
1389 3701 1554 3758 caedis

43 3792 202 3858 misria,
252 3795 588 3866 sagittarum
662 3796 978 3866 prmbeutur
1053 3790 1261 3852 crebris
1331 3794 1549 3851 ictibus.

47 3881 186 3936 uidam
230 3901 357 3941 vero
425 3888 770 3958 pubetenus,
822 3886 1045 3958 quidam
1109 3886 1552 3955 umbilicotenus,

43 3971 246 4038 iquidam
287 3983 450 4033 terra:
480 3985 1012 4048 specumentotenus
1062 3975 1275 4041 infossi,
1300 3977 1554 4032 manibus

44 4062 259 4133 apiorum,
308 4068 556 4123 vibratis
609 4068 833 4138 jaculis,
870 4068 1107 4123 subeunt
1170 4080 1274 4138 pro
1333 4066 1554 4123 Christo

47 4157 308 4213 mentahilis
334 4160 465 4216 vita:
491 4161 818 4217 discidium.
864 4159 1122 4215 Nonnulli
1146 4160 1397 4230 equidem
1441 4161 1556 4216 sin-

43 4241 107 4298 ilis
129 4248 270 4304 caesis
295 4250 608 4314 membris,
637 4250 692 4304 in
714 4249 849 4304 vicis
869 4256 923 4305 et
951 4247 1147 4320 plateis
1171 4249 1550 4320 projicinntur,

43 4340 357 4397 anseuntibus
391 4341 562 4399 mirae
593 4340 896 4397 exactionis
925 4340 1319 4410 spectaculum,
1345 4348 1404 4394 et
1443 4355 1556 4409 quo

43 4428 182 4496 nplius
203 4433 556 4503 perﬁdorum
597 4433 837 4489 fervebat
879 4432 1139 4498 ebrietas,
1173 4439 1325 4486 tanto
1381 4431 1555 4502 magis

1656 3245 1863 3315 inquit:
1907 3261 1927 3293 ι
1967 3241 2093 3298 Vice
2113 3242 2218 3298 mei
2245 3241 2297 3297 id
2327 3240 2552 3297 honoris
2573 3239 2676 3310 legi
2703 3247 2906 3294 nostrai
2934 3236 3151 3302 exhibe,
3181 3244 3242 3290 ut

1653 3335 1737 3390 vir
1772 3342 1955 3390 tantus
1987 3349 2153 3388 manu
2181 3332 2318 3388 tanti
2349 3332 2538 3388 militis
2564 3331 2679 3402 jam
2709 3329 2952 3401 privetur
2977 3328 3172 3398 capite.
3214 3345 3235 3378 ι

1655 3429 1884 3500 Ipsoque
1903 3428 2189 3494 decollato,
2214 3427 2399 3498 Algazi
2427 3427 2624 3481 iterum
2647 3433 2870 3494 accepto
2891 3421 3072 3494 gladio
3091 3420 3242 3476 venit

1655 3519 1708 3576 in
1735 3521 1997 3587 medium,
2023 3536 2131 3575 non
2167 3519 2272 3574 alia
2306 3519 2607 3574 intentione
2661 3516 2767 3572 nisi
2803 3524 2862 3570 ut
2899 3528 3091 3569 omnes
3132 3527 3238 3566 una

1655 3612 1822 3669 simili
1859 3613 2003 3667 caede
2037 3611 2244 3682 perdat.
2280 3607 2446 3666 Actor
2467 3623 2596 3663 vero
2642 3621 2873 3663 summa:
2919 3604 3136 3675 pietatis
3184 3602 3239 3656 id

1654 3703 1882 3774 captivis
1909 3705 2159 3769 contulit,
2191 3711 2252 3757 ut
2287 3701 2435 3772 quod
2479 3698 2811 3772 perversitas
2866 3696 3014 3753 illius
3062 3696 3241 3750 inten-

1654 3797 1816 3853 debat
1844 3805 2066 3867 agerent
2091 3802 2224 3849 nutu
2256 3793 2349 3848 Dei
2403 3800 2730 3858 mutaretur,
2767 3790 2942 3846 misso
2987 3787 3090 3843 sibi
3113 3802 3238 3850 mu:

1657 3903 1806 3945 nere.
1866 3886 2107 3958 Contigit
2152 3885 2299 3940 enim
2349 3892 2482 3939 tunc
2529 3898 2594 3939 ex
2633 3891 2787 3953 parte
2846 3880 3038 3936 Debeis
3094 3878 3244 3951 regis

1656 3979 1863 4045 Arahii,
1892 3993 2094 4048 equum
2116 3976 2268 4032 mira:
2307 3975 2735 4047 pulchritudinis
2784 3975 2912 4030 illuc
2957 3973 3242 4030 advenisse

1656 4069 1812 4127 freno
1840 4079 1896 4125 et
1925 4069 2057 4126 sella
2108 4083 2174 4124 ac
2217 4067 2468 4139 pendulis
2512 4083 2652 4123 rara:
2699 4083 2765 4123 ac
2807 4067 3058 4138 pretiosa:
3103 4064 3240 4121 artis

1657 4163 1838 4233 Iigulis
1860 4160 2207 4225 adornatum,
2236 4158 2306 4214 ab
2333 4173 2466 4214 aure
2493 4172 2669 4228 usque
2691 4158 2759 4212 ad
2793 4157 2947 4228 pedis
2973 4155 3240 4221 rasulam,

1657 4269 1793 4310 auro
1812 4251 2047 4309 Arabico
2074 4251 2414 4323 gemmisque
2436 4249 2692 4322 pretiosis
2735 4249 3075 4306 decoratum.
3119 4245 3242 4314 Quo

1655 4344 1796 4411 viso,
1823 4343 2066 4415 projecto
2092 4343 2270 4415 gladio
2297 4343 2483 4415 Algazi
2519 4342 2718 4413 gaudio
2751 4349 3094 4412 permutatus
3113 4355 3240 4395 cum

1657 4435 1985 4507 primatibus
2051 4433 2218 4489 intrat
2275 4433 2598 4499 thalamum,
2641 4447 2810 4503 seque
2854 4429 3034 4516 induit
3077 4444 3243 4485 orna-

43 4530 340 4578 mentorum
365 4525 672 4582 crescebat
697 4524 1047 4595 perversitas.
1079 4521 1235 4589 Quod
1263 4521 1332 4576 ah
1360 4521 1553 4577 aﬂ‘ertu
1585 4523 1634 4580 D
1658 4504 1858 4581 mentis
1885 4525 2060 4596 pretio
2085 4533 2139 4580 et
2166 4539 2330 4594 opere
2375 4523 2608 4579 miriﬁco
2652 4504 3086 4593 specialissiniis,
3131 4519 3268 4590 pri-_

44 4614 235 4674 tationis
263 4619 432 4674 herili
483 4617 688 4690 palatii
722 4625 1006 4687 expertum
1041 4615 1231 4670 multis
1280 4615 1551 4680 innotuit,

1660 4620 1893 4675 matibus
1916 4633 2046 4674 vero
2071 4617 2301 4688 iunperat
2325 4625 2386 4672 ut
2415 4617 2658 4687 captivos
2691 4615 2800 4672 cito
2823 4612 3147 4683 compellant
3176 4610 3245 4664 ad

59 4719 265 4777 namque
285 4710 379 4766 die
407 4725 535 4781 quo
583 4719 708 4780 post
749 4707 953 4764 bellum
1009 4707 1195 4779 Algazi
1247 4707 1303 4761 in
1353 4706 1554 4777 palatio

43 4793 71 4846 ti
99 4795 225 4856 furia
257 4801 593 4857 iebriatus
621 4800 898 4865 accubuit,
927 4813 1120 4856 omnes
1146 4815 1254 4854 una
1285 4808 1556 4870 quotquot

43 4897 159 4943 Erant
181 4893 409 4963 Alapite,
436 4891 798 4947 Christicolae
819 4891 1017 4963 captivi
1058 4892 1348 4958 nominati,
1383 4891 1557 4962 ipsius

43 4992 103 5033 εει]
135 4993 255 5040 ante
283 5001 418 5042 eum
456 4983 695 5039 adducti
733 4991 880 5038 sunt.
920 4982 997 5037 lbi
1039 4983 1280 5054 quidem,
1309 4993 1436 5038 ante
1473 4983 1556 5037 in-

43 5085 186 5128 rssum
208 5078 401 5146 palatii
428 5085 784 5148 congregato
813 5075 984 5131 ferme
1006 5078 1172 5130 totius
1201 5076 1434 5131 civitatis
1461 5090 1558 5146 po-

43 5160 94 5228 lo,
132 5168 338 5224 eisdem
394 5168 892 5240 proclamantibus
928 5181 993 5223 ac
1041 5167 1448 5238 suspirantibus
1502 5168 1556 5224 in

44 5266 129 5309 actu
180 5262 355 5331 aptati
408 5260 772 5332 captivorum
823 5260 1154 5324 extermiuii,
1189 5259 1372 5314 traditi
1427 5269 1559 5315 sunt

43 5345 76 5403 li
98 5351 429 5410 miserrimae
463 5353 685 5408 milites
724 5366 789 5407 ac
832 5352 1040 5422 pedites
1067 5351 1136 5406 27
1159 5351 1557 5408 exterminandi

43 5440 444 5502 icruciamine.
478 5445 703 5499 Horum
728 5445 783 5498 in
813 5453 1089 5499 momento
1113 5444 1438 5514 corporibus
1465 5444 1559 5498 de-

43 5535 216 5605 ncatis,
268 5545 465 5594 totum
503 5537 761 5606 porticus
802 5535 1169 5606 pavimentum
1215 5536 1354 5591 aula:
1397 5537 1559 5607 regia:

44 5624 204 5682 tinens
237 5627 512 5700 aspergit
543 5626 696 5680 unda
744 5626 1050 5696 sanguinis.
1082 5624 1324 5680 Tandem
1360 5635 1558 5696 praeter

43 5732 73 5772 is
120 5719 169 5774 in
211 5719 629 5777 exsultatione
660 5717 983 5786 portationis
1033 5717 1322 5783 horriﬂczc,
1360 5717 1558 5772 milites

43 5810 213 5884 iusque
239 5814 406 5880 belli,
441 5822 574 5867 tam
626 5825 882 5880 proceres
903 5825 1067 5882 quam
1121 5820 1176 5866 et
1225 5809 1338 5878 alii,
1369 5825 1556 5866 coram

245 5907 566 5969 Ριτιιοι..
607 5903 780 5965 CLV.

1289 5989 1322 6004 σ-

1660 4708 1765 4763 hoc
1786 4713 2058 4778 quatenus
2083 4721 2115 4761 a
2160 4704 2392 4776 singulis
2427 4705 2674 4771 audiant,
2704 4711 2970 4774 quantum
3013 4715 3112 4770 pro
3157 4713 3245 4752 re-

1659 4801 1971 4871 demptione
1988 4799 2116 4854 vitae
2141 4814 2255 4855 sua:
2277 4798 2512 4869 quisque
2534 4798 2666 4852 dare
2696 4796 2894 4852 valeat.
2923 4792 3016 4848 Sic
3043 4789 3241 4853 factus,

1658 4907 1861 4964 equum
1888 4891 2134 4948 ascendit
2162 4891 2230 4947 ad
2257 4890 2634 4946 Dodechinum
2663 4887 2889 4944 tendens
2927 4883 3240 4940 ministrum

1660 4982 2014 5049 Antichristi;
2042 4983 2300 5053 primates
2327 4996 2458 5036 vero
2496 4979 2615 5035 vice
2653 4976 2860 5032 domini
2897 4973 3183 5044 inquirunt
3211 4984 3242 5024 a

1661 5075 1890 5146 singulis
1909 5083 2176 5145 quantum
2223 5082 2446 5144 possent
2494 5070 2712 5128 redimi.
2738 5067 2954 5123 Auditis
3001 5063 3246 5135 singulo-

1663 5183 1783 5222 rum
1815 5165 2006 5236 pretiis
2037 5165 2337 5222 secundum
2372 5163 2551 5234 majus
2578 5171 2632 5218 et
2670 5159 2874 5225 minus,
2929 5165 3102 5212 totum
3156 5155 3243 5209 in-

1661 5259 1908 5314 scribunt
1941 5257 2226 5322 chartulis,
2251 5264 2326 5322 et,
2353 5254 2438 5309 his
2465 5253 2653 5320 ﬁnitis,
2683 5251 2750 5306 ad
2777 5263 3028 5307 carceres
3047 5243 3246 5319 captivi

1661 5350 2032 5407 remittuntur.
2432 5373 2441 5380 ~

2227 5435 2455 5493 CAPUT
2491 5435 2678 5491 XVIII.

1737 5531 1814 5587 De
1843 5529 2077 5586 diversis
2123 5529 2306 5599 itaque
2347 5536 2745 5584 tormentorum
2783 5523 3094 5597 generibus,
3126 5520 3247 5589 qui~

1663 5624 1766 5680 bus
1795 5621 1992 5693 captivi
2011 5619 2322 5677 carceribus
2347 5618 2773 5674 Sarracenorum
2803 5612 3250 5674 conterebantur,

1663 5715 1836 5771 multa
1863 5712 2083 5784 quidem
2135 5709 2383 5767 miranda
2434 5725 2498 5766 ac
2541 5707 2808 5778 stupenda
2848 5704 3107 5760 haberem
3153 5699 3250 5752 de-

1664 5806 1921 5870 scribere,
1953 5813 2007 5858 et
2038 5803 2218 5860 verbis
2238 5802 2577 5865 edisserere;
2610 5799 2705 5854 sed
2737 5795 2865 5868 quia
2891 5806 3069 5864 reges,
3090 5787 3244 5860 prin-
