  <div class='ocr_page' id='page_1' title='image "/cluster/home/n/w/nwhite01/storage/ocr_20150623/155/hvd.32044015473838/523.png"; bbox 0 0 3812 6312; ppageno 0'>
   <div class='ocr_carea' id='block_1_1' title="bbox 475 406 617 466">
    <p class='ocr_par' dir='ltr' id='par_1_1' title="bbox 475 406 617 466">
     <span class='ocr_line' id='line_1_1' title="bbox 475 406 617 466; baseline -0.014 -2"><span class='ocrx_word' id='word_1_1' title='bbox 475 406 617 466; x_wconf 68' lang='grc'><strong>1035</strong></span> 
     </span>
    </p>
   </div>
   <div class='ocr_carea' id='block_1_2' title="bbox 1045 361 3158 452">
    <p class='ocr_par' dir='ltr' id='par_1_2' title="bbox 1045 361 3158 452">
     <span class='ocr_line' id='line_1_2' title="bbox 1045 361 3158 452; baseline -0.015 -2"><span class='ocrx_word' id='word_1_2' title='bbox 1045 396 1137 450; x_wconf 85' lang='lat' dir='ltr'><strong>AD</strong></span> <span class='ocrx_word' id='word_1_3' title='bbox 1172 383 1624 452; x_wconf 77' lang='lat' dir='ltr'><strong>GODEFRIDUM</strong></span> <span class='ocrx_word' id='word_1_4' title='bbox 1669 377 1961 437; x_wconf 74' lang='lat' dir='ltr'><strong>APPEND.</strong></span> <span class='ocrx_word' id='word_1_5' title='bbox 2000 375 2064 431; x_wconf 83' lang='lat' dir='ltr'><strong>lI.</strong></span> <span class='ocrx_word' id='word_1_6' title='bbox 2103 403 2173 415; x_wconf 91' lang='lat'>—</span> <span class='ocrx_word' id='word_1_7' title='bbox 2206 367 2478 427; x_wconf 69' lang='lat' dir='ltr'><strong>NONUM.</strong></span> <span class='ocrx_word' id='word_1_8' title='bbox 2520 366 2610 423; x_wconf 80' lang='lat' dir='ltr'><strong>DE</strong></span> <span class='ocrx_word' id='word_1_9' title='bbox 2646 364 2869 422; x_wconf 66' lang='grc' dir='ltr'><strong>ΒΗ.ιο</strong></span> <span class='ocrx_word' id='word_1_10' title='bbox 2909 361 3158 420; x_wconf 75' lang='lat' dir='ltr'><strong>SACRO.</strong></span> 
     </span>
    </p>
   </div>
   <div class='ocr_carea' id='block_1_3' title="bbox 473 470 3698 596">
    <p class='ocr_par' dir='ltr' id='par_1_3' title="bbox 473 470 3698 596">
     <span class='ocr_line' id='line_1_3' title="bbox 473 470 3698 596; baseline -0.012 -31"><span class='ocrx_word' id='word_1_11' title='bbox 473 528 644 596; x_wconf 57' lang='lat' dir='ltr'><strong>cipes,</strong></span> <span class='ocrx_word' id='word_1_12' title='bbox 675 516 978 586; x_wconf 78' lang='lat' dir='ltr'><strong>mundique</strong></span> <span class='ocrx_word' id='word_1_13' title='bbox 1011 511 1106 568; x_wconf 84' lang='lat' dir='ltr'><strong>alii</strong></span> <span class='ocrx_word' id='word_1_14' title='bbox 1128 516 1401 581; x_wconf 89' lang='lat' dir='ltr'><strong>potentes,</strong></span> <span class='ocrx_word' id='word_1_15' title='bbox 1457 501 1622 557; x_wconf 89' lang='lat' dir='ltr'><strong>etiam</strong></span> <span class='ocrx_word' id='word_1_16' title='bbox 1648 506 1703 553; x_wconf 88' lang='lat' dir='ltr'><strong>et</strong></span> <span class='ocrx_word' id='word_1_17' title='bbox 1722 497 2072 566; x_wconf 89' lang='lat' dir='ltr'><strong>impotentes,</strong></span> <span class='ocrx_word' id='word_1_18' title='bbox 2105 492 2150 550; x_wconf 67' lang='grc' dir='ltr'>Α</span> <span class='ocrx_word' id='word_1_19' title='bbox 2177 500 2302 543; x_wconf 88' lang='lat' dir='ltr'><strong>rum</strong></span> <span class='ocrx_word' id='word_1_20' title='bbox 2325 482 2506 555; x_wconf 90' lang='lat' dir='ltr'><strong>spatio</strong></span> <span class='ocrx_word' id='word_1_21' title='bbox 2521 481 2717 553; x_wconf 93' lang='lat' dir='ltr'><strong>jacuit,</strong></span> <span class='ocrx_word' id='word_1_22' title='bbox 2739 479 2899 551; x_wconf 88' lang='lat' dir='ltr'><strong>quasi</strong></span> <span class='ocrx_word' id='word_1_23' title='bbox 2920 485 3195 540; x_wconf 89' lang='lat' dir='ltr'><strong>mortuus,</strong></span> <span class='ocrx_word' id='word_1_24' title='bbox 3214 481 3270 528; x_wconf 87' lang='lat' dir='ltr'><strong>et</strong></span> <span class='ocrx_word' id='word_1_25' title='bbox 3289 470 3393 528; x_wconf 88' lang='lat' dir='ltr'><strong>hoc</strong></span> <span class='ocrx_word' id='word_1_26' title='bbox 3413 484 3589 542; x_wconf 83' lang='lat' dir='ltr'><strong>genere</strong></span> <span class='ocrx_word' id='word_1_27' title='bbox 3605 487 3698 542; x_wconf 78' lang='lat' dir='ltr'><strong>pas-</strong></span> 
     </span>
     <span class='ocr_line' id='line_1_4' title="bbox 1509 564 3698 596; baseline 0 0"><span class='ocrx_word' id='word_1_28' title='bbox 1509 592 1524 596; x_wconf 75' lang='lat'><strong>-</strong></span> <span class='ocrx_word' id='word_1_29' title='bbox 1555 592 1568 596; x_wconf 86' lang='lat'><em>_</em></span> <span class='ocrx_word' id='word_1_30' title='bbox 1608 590 1620 596; x_wconf 84' lang='lat'><strong>-</strong></span> <span class='ocrx_word' id='word_1_31' title='bbox 1641 591 1655 596; x_wconf 91' lang='lat'><strong>-</strong></span> <span class='ocrx_word' id='word_1_32' title='bbox 1777 589 1788 596; x_wconf 90' lang='lat'><strong>.</strong></span> <span class='ocrx_word' id='word_1_33' title='bbox 1990 583 2002 596; x_wconf 74' lang='grc' dir='ltr'><strong>ο</strong></span> <span class='ocrx_word' id='word_1_34' title='bbox 2186 579 2252 596; x_wconf 30' lang='grc' dir='ltr'><strong>κο-</strong></span> <span class='ocrx_word' id='word_1_35' title='bbox 2283 578 2348 596; x_wconf 45' lang='grc' dir='ltr'><strong>Α-</strong></span> <span class='ocrx_word' id='word_1_36' title='bbox 2381 574 2715 596; x_wconf 73' lang='lat'><strong>.____:-_:_.._.</strong></span> <span class='ocrx_word' id='word_1_37' title='bbox 2743 572 2796 596; x_wconf 72' lang='grc' dir='ltr'><strong>ε-</strong></span> <span class='ocrx_word' id='word_1_38' title='bbox 2827 571 3036 596; x_wconf 60' lang='grc' dir='ltr'><strong>...υ-.-ελ</strong></span> <span class='ocrx_word' id='word_1_39' title='bbox 3062 564 3431 596; x_wconf 58' lang='grc' dir='ltr'><strong>-ιηιθιῖιιιιῖιιιιρ</strong></span> <span class='ocrx_word' id='word_1_40' title='bbox 3459 565 3698 596; x_wconf 53' lang='lat' dir='ltr'><strong>munia-im</strong></span> 
     </span>
    </p>
   </div>
   <div class='ocr_carea' id='block_1_4' title="bbox 472 583 2090 690">
    <p class='ocr_par' dir='ltr' id='par_1_4' title="bbox 472 583 2090 690">
     <span class='ocr_line' id='line_1_5' title="bbox 472 583 2090 690; baseline -0.024 -15"><span class='ocrx_word' id='word_1_41' title='bbox 472 616 720 690; x_wconf 80' lang='lat' dir='ltr'><strong>ejusdem</strong></span> <span class='ocrx_word' id='word_1_42' title='bbox 740 605 1090 670; x_wconf 75' lang='lat' dir='ltr'><strong>conditionis,</strong></span> <span class='ocrx_word' id='word_1_43' title='bbox 1114 599 1475 674; x_wconf 85' lang='lat' dir='ltr'><strong>ejusdemque</strong></span> <span class='ocrx_word' id='word_1_44' title='bbox 1498 590 1625 648; x_wconf 81' lang='lat' dir='ltr'><strong>ﬁdei</strong></span> <span class='ocrx_word' id='word_1_45' title='bbox 1641 589 1896 644; x_wconf 85' lang='lat' dir='ltr'><strong>homines</strong></span> <span class='ocrx_word' id='word_1_46' title='bbox 1917 583 2090 654; x_wconf 85' lang='lat' dir='ltr'><strong>cujus.</strong></span> 
     </span>
    </p>
   </div>
   <div class='ocr_carea' id='block_1_5' title="bbox 475 679 2074 780">
    <p class='ocr_par' dir='ltr' id='par_1_5' title="bbox 475 679 2074 780">
     <span class='ocr_line' id='line_1_6' title="bbox 475 679 2074 780; baseline -0.023 -13"><span class='ocrx_word' id='word_1_47' title='bbox 475 679 530 768; x_wconf 63' lang='lat' dir='ltr'><strong>et</strong></span> <span class='ocrx_word' id='word_1_48' title='bbox 546 709 650 780; x_wconf 90' lang='lat' dir='ltr'><strong>ipsi</strong></span> <span class='ocrx_word' id='word_1_49' title='bbox 663 714 812 771; x_wconf 88' lang='lat' dir='ltr'><strong>sunt,</strong></span> <span class='ocrx_word' id='word_1_50' title='bbox 824 695 1294 772; x_wconf 86' lang='lat' dir='ltr'><strong>aliquandojnste,</strong></span> <span class='ocrx_word' id='word_1_51' title='bbox 1309 685 1603 760; x_wconf 82' lang='lat' dir='ltr'><strong>aliquando</strong></span> <span class='ocrx_word' id='word_1_52' title='bbox 1615 683 1818 755; x_wconf 88' lang='lat' dir='ltr'><strong>injuste</strong></span> <span class='ocrx_word' id='word_1_53' title='bbox 1829 679 2074 750; x_wconf 87' lang='lat' dir='ltr'><strong>capiunt,</strong></span> 
     </span>
    </p>
   </div>
   <div class='ocr_carea' id='block_1_6' title="bbox 477 771 2076 874">
    <p class='ocr_par' dir='ltr' id='par_1_6' title="bbox 477 771 2076 874">
     <span class='ocr_line' id='line_1_7' title="bbox 477 771 2076 874; baseline -0.022 -15"><span class='ocrx_word' id='word_1_54' title='bbox 477 771 776 874; x_wconf 79' lang='lat' dir='ltr'><strong>captosque</strong></span> <span class='ocrx_word' id='word_1_55' title='bbox 797 809 899 867; x_wconf 87' lang='lat' dir='ltr'><strong>pro</strong></span> <span class='ocrx_word' id='word_1_56' title='bbox 920 771 1295 859; x_wconf 76' lang='lat' dir='ltr'><strong>extorquenda</strong></span> <span class='ocrx_word' id='word_1_57' title='bbox 1328 779 1560 852; x_wconf 86' lang='lat' dir='ltr'><strong>pecunia</strong></span> <span class='ocrx_word' id='word_1_58' title='bbox 1606 773 1840 831; x_wconf 81' lang='lat' dir='ltr'><strong>diversis</strong></span> <span class='ocrx_word' id='word_1_59' title='bbox 1876 771 2076 844; x_wconf 67' lang='lat' dir='ltr'><strong>poenis,</strong></span> 
     </span>
    </p>
   </div>
   <div class='ocr_carea' id='block_1_7' title="bbox 479 864 2079 966">
    <p class='ocr_par' dir='ltr' id='par_1_7' title="bbox 479 864 2079 966">
     <span class='ocr_line' id='line_1_8' title="bbox 479 864 2079 966; baseline -0.021 -15"><span class='ocrx_word' id='word_1_60' title='bbox 479 895 736 966; x_wconf 85' lang='lat' dir='ltr'><strong>puniunt,</strong></span> <span class='ocrx_word' id='word_1_61' title='bbox 763 864 818 944; x_wconf 75' lang='lat' dir='ltr'><strong>et</strong></span> <span class='ocrx_word' id='word_1_62' title='bbox 845 900 971 942; x_wconf 85' lang='lat' dir='ltr'><strong>cum</strong></span> <span class='ocrx_word' id='word_1_63' title='bbox 995 894 1168 954; x_wconf 62' lang='lat' dir='ltr'><strong>put-nae</strong></span> <span class='ocrx_word' id='word_1_64' title='bbox 1204 889 1368 931; x_wconf 90' lang='lat' dir='ltr'><strong>omne</strong></span> <span class='ocrx_word' id='word_1_65' title='bbox 1395 886 1570 945; x_wconf 88' lang='lat' dir='ltr'><strong>genus</strong></span> <span class='ocrx_word' id='word_1_66' title='bbox 1620 867 1962 932; x_wconf 78' lang='lat' dir='ltr'><strong>mortalium,</strong></span> <span class='ocrx_word' id='word_1_67' title='bbox 1993 864 2079 919; x_wconf 85' lang='lat' dir='ltr'><strong>in-</strong></span> 
     </span>
    </p>
   </div>
   <div class='ocr_carea' id='block_1_8' title="bbox 481 957 2080 1043">
    <p class='ocr_par' dir='ltr' id='par_1_8' title="bbox 481 957 2080 1043">
     <span class='ocr_line' id='line_1_9' title="bbox 481 957 2080 1043; baseline -0.023 0"><span class='ocrx_word' id='word_1_68' title='bbox 481 957 686 1043; x_wconf 75' lang='lat' dir='ltr'><strong>stinctu</strong></span> <span class='ocrx_word' id='word_1_69' title='bbox 713 957 1004 1038; x_wconf 89' lang='lat' dir='ltr'><strong>diabolico,</strong></span> <span class='ocrx_word' id='word_1_70' title='bbox 1024 988 1054 1026; x_wconf 88' lang='lat' dir='ltr'><strong>a</strong></span> <span class='ocrx_word' id='word_1_71' title='bbox 1077 968 1238 1024; x_wconf 90' lang='lat' dir='ltr'><strong>malis</strong></span> <span class='ocrx_word' id='word_1_72' title='bbox 1270 965 1457 1037; x_wconf 88' lang='lat' dir='ltr'><strong>potius</strong></span> <span class='ocrx_word' id='word_1_73' title='bbox 1478 976 1648 1032; x_wconf 89' lang='lat' dir='ltr'><strong>quam</strong></span> <span class='ocrx_word' id='word_1_74' title='bbox 1665 975 1694 1014; x_wconf 88' lang='lat' dir='ltr'><strong>a</strong></span> <span class='ocrx_word' id='word_1_75' title='bbox 1709 957 1871 1013; x_wconf 87' lang='lat' dir='ltr'><strong>bonis</strong></span> <span class='ocrx_word' id='word_1_76' title='bbox 1895 970 2080 1010; x_wconf 77' lang='lat' dir='ltr'><strong>exem-</strong></span> 
     </span>
    </p>
   </div>
   <div class='ocr_carea' id='block_1_9' title="bbox 483 1043 2083 1150">
    <p class='ocr_par' dir='ltr' id='par_1_9' title="bbox 483 1043 2083 1150">
     <span class='ocr_line' id='line_1_10' title="bbox 483 1043 2083 1150; baseline -0.023 -16"><span class='ocrx_word' id='word_1_77' title='bbox 483 1079 570 1150; x_wconf 87' lang='lat' dir='ltr'><strong>pla</strong></span> <span class='ocrx_word' id='word_1_78' title='bbox 587 1087 804 1132; x_wconf 89' lang='lat' dir='ltr'><strong>sumere</strong></span> <span class='ocrx_word' id='word_1_79' title='bbox 820 1061 1227 1126; x_wconf 79' lang='lat' dir='ltr'><strong>consueverint,</strong></span> <span class='ocrx_word' id='word_1_80' title='bbox 1253 1057 1446 1113; x_wconf 83' lang='lat' dir='ltr'><strong>utilius</strong></span> <span class='ocrx_word' id='word_1_81' title='bbox 1487 1067 1702 1108; x_wconf 87' lang='lat' dir='ltr'><strong>mecum</strong></span> <span class='ocrx_word' id='word_1_82' title='bbox 1738 1058 1936 1120; x_wconf 89' lang='lat' dir='ltr'><strong>reputo</strong></span> <span class='ocrx_word' id='word_1_83' title='bbox 1978 1043 2083 1102; x_wconf 88' lang='lat' dir='ltr'><strong>for-</strong></span> 
     </span>
    </p>
   </div>
   <div class='ocr_carea' id='block_1_10' title="bbox 483 1136 2082 1232">
    <p class='ocr_par' dir='ltr' id='par_1_10' title="bbox 483 1136 2082 1232">
     <span class='ocr_line' id='line_1_11' title="bbox 483 1136 2082 1232; baseline -0.021 -9"><span class='ocrx_word' id='word_1_84' title='bbox 483 1136 630 1222; x_wconf 65' lang='lat' dir='ltr'><strong>;nam</strong></span> <span class='ocrx_word' id='word_1_85' title='bbox 650 1171 705 1219; x_wconf 91' lang='lat' dir='ltr'><strong>et</strong></span> <span class='ocrx_word' id='word_1_86' title='bbox 727 1157 1084 1232; x_wconf 79' lang='lat' dir='ltr'><strong>quantitatem</strong></span> <span class='ocrx_word' id='word_1_87' title='bbox 1105 1157 1501 1206; x_wconf 88' lang='lat' dir='ltr'><strong>tormentorum</strong></span> <span class='ocrx_word' id='word_1_88' title='bbox 1515 1153 1696 1199; x_wconf 89' lang='lat' dir='ltr'><strong>tacere</strong></span> <span class='ocrx_word' id='word_1_89' title='bbox 1717 1155 1883 1212; x_wconf 86' lang='lat' dir='ltr'><strong>quam</strong></span> <span class='ocrx_word' id='word_1_90' title='bbox 1905 1136 2082 1208; x_wconf 81' lang='lat' dir='ltr'><strong>expri-</strong></span> 
     </span>
    </p>
   </div>
   <div class='ocr_carea' id='block_1_11' title="bbox 484 1229 2080 1323">
    <p class='ocr_par' dir='ltr' id='par_1_11' title="bbox 484 1229 2080 1323">
     <span class='ocr_line' id='line_1_12' title="bbox 484 1229 2080 1323; baseline -0.019 -8"><span class='ocrx_word' id='word_1_91' title='bbox 484 1274 654 1323; x_wconf 89' lang='lat' dir='ltr'><strong>mere,</strong></span> <span class='ocrx_word' id='word_1_92' title='bbox 669 1271 735 1310; x_wconf 90' lang='lat' dir='ltr'><strong>ne</strong></span> <span class='ocrx_word' id='word_1_93' title='bbox 746 1229 1092 1308; x_wconf 64' lang='lat' dir='ltr'><strong>Christicolae</strong></span> <span class='ocrx_word' id='word_1_94' title='bbox 1102 1239 1454 1300; x_wconf 73' lang='lat' dir='ltr'><strong>Christicolis</strong></span> <span class='ocrx_word' id='word_1_95' title='bbox 1464 1236 1666 1294; x_wconf 86' lang='lat' dir='ltr'><strong>similia</strong></span> <span class='ocrx_word' id='word_1_96' title='bbox 1682 1233 1942 1297; x_wconf 87' lang='lat' dir='ltr'><strong>inferant,</strong></span> <span class='ocrx_word' id='word_1_97' title='bbox 1957 1240 2012 1286; x_wconf 92' lang='lat' dir='ltr'><strong>et</strong></span> <span class='ocrx_word' id='word_1_98' title='bbox 2025 1229 2080 1284; x_wconf 93' lang='lat' dir='ltr'><strong>in</strong></span> 
     </span>
    </p>
   </div>
   <div class='ocr_carea' id='block_1_12' title="bbox 483 1323 2074 1406">
    <p class='ocr_par' dir='ltr' id='par_1_12' title="bbox 483 1323 2074 1406">
     <span class='ocr_line' id='line_1_13' title="bbox 483 1323 2074 1406; baseline -0.018 0"><span class='ocrx_word' id='word_1_99' title='bbox 483 1344 936 1406; x_wconf 86' lang='lat' dir='ltr'><strong>consuetudinem</strong></span> <span class='ocrx_word' id='word_1_100' title='bbox 980 1345 1213 1395; x_wconf 85' lang='lat' dir='ltr'><strong>vertant.</strong></span> <span class='ocrx_word' id='word_1_101' title='bbox 1259 1333 1398 1388; x_wconf 90' lang='lat' dir='ltr'><strong>Illud</strong></span> <span class='ocrx_word' id='word_1_102' title='bbox 1425 1347 1556 1387; x_wconf 88' lang='lat' dir='ltr'><strong>vero</strong></span> <span class='ocrx_word' id='word_1_103' title='bbox 1597 1326 1870 1393; x_wconf 89' lang='lat' dir='ltr'><strong>miraculi,</strong></span> <span class='ocrx_word' id='word_1_104' title='bbox 1925 1323 2074 1396; x_wconf 90' lang='lat' dir='ltr'><strong>quod</strong></span> 
     </span>
    </p>
   </div>
   <div class='ocr_carea' id='block_1_13' title="bbox 483 1419 2080 1513">
    <p class='ocr_par' dir='ltr' id='par_1_13' title="bbox 483 1419 2080 1513">
     <span class='ocr_line' id='line_1_14' title="bbox 483 1419 2080 1513; baseline -0.016 -16"><span class='ocrx_word' id='word_1_105' title='bbox 483 1439 718 1513; x_wconf 86' lang='lat' dir='ltr'><strong>captivis</strong></span> <span class='ocrx_word' id='word_1_106' title='bbox 761 1438 818 1491; x_wconf 90' lang='lat' dir='ltr'><strong>in</strong></span> <span class='ocrx_word' id='word_1_107' title='bbox 846 1447 1068 1490; x_wconf 90' lang='lat' dir='ltr'><strong>carcere</strong></span> <span class='ocrx_word' id='word_1_108' title='bbox 1111 1427 1376 1497; x_wconf 76' lang='lat' dir='ltr'><strong>contigit,</strong></span> <span class='ocrx_word' id='word_1_109' title='bbox 1420 1423 1626 1480; x_wconf 88' lang='lat' dir='ltr'><strong>eisdem</strong></span> <span class='ocrx_word' id='word_1_110' title='bbox 1659 1419 2042 1490; x_wconf 91' lang='lat' dir='ltr'><strong>compatiendo</strong></span> <span class='ocrx_word' id='word_1_111' title='bbox 2064 1457 2080 1483; x_wconf 94' lang='lat'><strong>,</strong></span> 
     </span>
    </p>
   </div>
   <div class='ocr_carea' id='block_1_14' title="bbox 483 1505 2083 1602">
    <p class='ocr_par' dir='ltr' id='par_1_14' title="bbox 483 1505 2083 1602">
     <span class='ocr_line' id='line_1_15' title="bbox 483 1505 2083 1602; baseline -0.017 -15"><span class='ocrx_word' id='word_1_112' title='bbox 483 1505 846 1602; x_wconf 59' lang='lat' dir='ltr'><strong>priesentibus</strong></span> <span class='ocrx_word' id='word_1_113' title='bbox 862 1533 916 1580; x_wconf 91' lang='lat' dir='ltr'><strong>et</strong></span> <span class='ocrx_word' id='word_1_114' title='bbox 940 1522 1145 1578; x_wconf 88' lang='lat' dir='ltr'><strong>futuris</strong></span> <span class='ocrx_word' id='word_1_115' title='bbox 1164 1515 1386 1573; x_wconf 89' lang='lat' dir='ltr'><strong>litterali</strong></span> <span class='ocrx_word' id='word_1_116' title='bbox 1405 1510 1671 1568; x_wconf 89' lang='lat' dir='ltr'><strong>memoria</strong></span> <span class='ocrx_word' id='word_1_117' title='bbox 1690 1509 1890 1580; x_wconf 90' lang='lat' dir='ltr'><strong>pando.</strong></span> <span class='ocrx_word' id='word_1_118' title='bbox 1914 1505 2083 1562; x_wconf 82' lang='lat' dir='ltr'><strong>Nocte</strong></span> 
     </span>
    </p>
   </div>
   <div class='ocr_carea' id='block_1_15' title="bbox 485 1601 2083 1696">
    <p class='ocr_par' dir='ltr' id='par_1_15' title="bbox 485 1601 2083 1696">
     <span class='ocr_line' id='line_1_16' title="bbox 485 1601 2083 1696; baseline -0.016 -16"><span class='ocrx_word' id='word_1_119' title='bbox 485 1601 723 1696; x_wconf 86' lang='lat' dir='ltr'><strong>quadam</strong></span> <span class='ocrx_word' id='word_1_120' title='bbox 753 1634 881 1675; x_wconf 91' lang='lat' dir='ltr'><strong>cum</strong></span> <span class='ocrx_word' id='word_1_121' title='bbox 906 1613 1106 1686; x_wconf 87' lang='lat' dir='ltr'><strong>captivi</strong></span> <span class='ocrx_word' id='word_1_122' title='bbox 1147 1609 1335 1681; x_wconf 78' lang='lat' dir='ltr'><strong>80pori</strong></span> <span class='ocrx_word' id='word_1_123' title='bbox 1378 1604 1625 1662; x_wconf 88' lang='lat' dir='ltr'><strong>membra</strong></span> <span class='ocrx_word' id='word_1_124' title='bbox 1662 1601 1962 1668; x_wconf 83' lang='lat' dir='ltr'><strong>dedissent,</strong></span> <span class='ocrx_word' id='word_1_125' title='bbox 1989 1615 2083 1655; x_wconf 84' lang='lat' dir='ltr'><strong>so-</strong></span> 
     </span>
    </p>
   </div>
   <div class='ocr_carea' id='block_1_16' title="bbox 485 1691 2083 1788">
    <p class='ocr_par' dir='ltr' id='par_1_16' title="bbox 485 1691 2083 1788">
     <span class='ocr_line' id='line_1_17' title="bbox 485 1691 2083 1788; baseline -0.016 -18"><span class='ocrx_word' id='word_1_126' title='bbox 485 1714 631 1788; x_wconf 81' lang='lat' dir='ltr'><strong>pori,</strong></span> <span class='ocrx_word' id='word_1_127' title='bbox 664 1713 913 1782; x_wconf 88' lang='lat' dir='ltr'><strong>inquam,</strong></span> <span class='ocrx_word' id='word_1_128' title='bbox 940 1705 1120 1777; x_wconf 86' lang='lat' dir='ltr'><strong>qualis</strong></span> <span class='ocrx_word' id='word_1_129' title='bbox 1150 1699 1341 1758; x_wconf 91' lang='lat' dir='ltr'><strong>haberi</strong></span> <span class='ocrx_word' id='word_1_130' title='bbox 1369 1705 1585 1769; x_wconf 87' lang='lat' dir='ltr'><strong>poterat</strong></span> <span class='ocrx_word' id='word_1_131' title='bbox 1613 1693 1670 1748; x_wconf 89' lang='lat' dir='ltr'><strong>in</strong></span> <span class='ocrx_word' id='word_1_132' title='bbox 1695 1692 1941 1760; x_wconf 90' lang='lat' dir='ltr'><strong>miseria,</strong></span> <span class='ocrx_word' id='word_1_133' title='bbox 1965 1691 2083 1747; x_wconf 85' lang='lat' dir='ltr'><strong>cui-</strong></span> 
     </span>
    </p>
   </div>
   <div class='ocr_carea' id='block_1_17' title="bbox 2179 564 3702 646">
    <p class='ocr_par' dir='ltr' id='par_1_17' title="bbox 2179 564 3702 646">
     <span class='ocr_line' id='line_1_18' title="bbox 2179 564 3702 646; baseline -0.008 -11"><span class='ocrx_word' id='word_1_134' title='bbox 2179 578 2353 636; x_wconf 91' lang='lat' dir='ltr'><strong>sionis</strong></span> <span class='ocrx_word' id='word_1_135' title='bbox 2381 574 2718 646; x_wconf 70' lang='lat' dir='ltr'><strong>turpissimae</strong></span> <span class='ocrx_word' id='word_1_136' title='bbox 2741 572 2800 629; x_wconf 90' lang='lat' dir='ltr'><strong>in</strong></span> <span class='ocrx_word' id='word_1_137' title='bbox 2827 571 3040 642; x_wconf 78' lang='lat' dir='ltr'><strong>magnis</strong></span> <span class='ocrx_word' id='word_1_138' title='bbox 3062 564 3433 641; x_wconf 80' lang='lat' dir='ltr'><strong>potationibus</strong></span> <span class='ocrx_word' id='word_1_139' title='bbox 3459 565 3702 635; x_wconf 61' lang='lat' dir='ltr'><strong>sepissime</strong></span> 
     </span>
    </p>
   </div>
   <div class='ocr_carea' id='block_1_18' title="bbox 2181 669 2514 727">
    <p class='ocr_par' dir='ltr' id='par_1_18' title="bbox 2181 669 2514 727">
     <span class='ocr_line' id='line_1_19' title="bbox 2181 669 2514 727; baseline -0.018 0"><span class='ocrx_word' id='word_1_140' title='bbox 2181 669 2514 727; x_wconf 83' lang='lat' dir='ltr'><strong>terebantur.</strong></span> 
     </span>
    </p>
   </div>
   <div class='ocr_carea' id='block_1_19' title="bbox 2779 751 3174 811">
    <p class='ocr_par' dir='ltr' id='par_1_19' title="bbox 2779 751 3174 811">
     <span class='ocr_line' id='line_1_20' title="bbox 2779 751 3174 811; baseline -0.013 0"><span class='ocrx_word' id='word_1_141' title='bbox 2779 752 3008 811; x_wconf 78' lang='lat' dir='ltr'><strong>CAPUT</strong></span> <span class='ocrx_word' id='word_1_142' title='bbox 3031 751 3174 807; x_wconf 71' lang='lat' dir='ltr'><strong>XIX.</strong></span> 
     </span>
    </p>
   </div>
   <div class='ocr_carea' id='block_1_20' title="bbox 2251 842 3709 920">
    <p class='ocr_par' dir='ltr' id='par_1_20' title="bbox 2251 842 3709 920">
     <span class='ocr_line' id='line_1_21' title="bbox 2251 842 3709 920; baseline -0.01 -9"><span class='ocrx_word' id='word_1_143' title='bbox 2251 853 2384 911; x_wconf 88' lang='lat' dir='ltr'><strong>Post</strong></span> <span class='ocrx_word' id='word_1_144' title='bbox 2406 855 2524 910; x_wconf 59' lang='lat' dir='ltr'><strong>hac</strong></span> <span class='ocrx_word' id='word_1_145' title='bbox 2545 863 2761 920; x_wconf 87' lang='lat' dir='ltr'><strong>autem,</strong></span> <span class='ocrx_word' id='word_1_146' title='bbox 2790 865 2915 906; x_wconf 86' lang='lat' dir='ltr'><strong>cum</strong></span> <span class='ocrx_word' id='word_1_147' title='bbox 2955 864 3062 903; x_wconf 85' lang='lat' dir='ltr'><strong>non</strong></span> <span class='ocrx_word' id='word_1_148' title='bbox 3095 847 3274 902; x_wconf 79' lang='lat' dir='ltr'><strong>valeat</strong></span> <span class='ocrx_word' id='word_1_149' title='bbox 3307 844 3384 912; x_wconf 78' lang='lat' dir='ltr'><strong>vi,</strong></span> <span class='ocrx_word' id='word_1_150' title='bbox 3424 857 3518 898; x_wconf 85' lang='lat' dir='ltr'><strong>nec</strong></span> <span class='ocrx_word' id='word_1_151' title='bbox 3538 842 3709 915; x_wconf 83' lang='lat' dir='ltr'><strong>ingenio</strong></span> 
     </span>
    </p>
   </div>
   <div class='ocr_carea' id='block_1_21' title="bbox 2179 935 3712 1019">
    <p class='ocr_par' dir='ltr' id='par_1_21' title="bbox 2179 935 3712 1019">
     <span class='ocr_line' id='line_1_22' title="bbox 2179 935 3712 1019; baseline -0.01 -15"><span class='ocrx_word' id='word_1_152' title='bbox 2179 963 2244 1004; x_wconf 88' lang='lat' dir='ltr'><strong>ea</strong></span> <span class='ocrx_word' id='word_1_153' title='bbox 2268 947 2387 1003; x_wconf 90' lang='lat' dir='ltr'><strong>vice</strong></span> <span class='ocrx_word' id='word_1_154' title='bbox 2406 961 2592 1019; x_wconf 91' lang='lat' dir='ltr'><strong>regem</strong></span> <span class='ocrx_word' id='word_1_155' title='bbox 2616 959 2743 1002; x_wconf 89' lang='lat' dir='ltr'><strong>cum</strong></span> <span class='ocrx_word' id='word_1_156' title='bbox 2769 941 3116 998; x_wconf 82' lang='lat' dir='ltr'><strong>Christicolis</strong></span> <span class='ocrx_word' id='word_1_157' title='bbox 3142 939 3329 994; x_wconf 80' lang='lat' dir='ltr'><strong>fallere</strong></span> <span class='ocrx_word' id='word_1_158' title='bbox 3344 979 3360 1004; x_wconf 94' lang='lat'><strong>,</strong></span> <span class='ocrx_word' id='word_1_159' title='bbox 3402 951 3433 990; x_wconf 86' lang='lat' dir='ltr'><strong>a</strong></span> <span class='ocrx_word' id='word_1_160' title='bbox 3454 935 3712 991; x_wconf 84' lang='lat' dir='ltr'><strong>Dodecliino</strong></span> 
     </span>
    </p>
   </div>
   <div class='ocr_carea' id='block_1_22' title="bbox 2183 1027 3714 1111">
    <p class='ocr_par' dir='ltr' id='par_1_22' title="bbox 2183 1027 3714 1111">
     <span class='ocr_line' id='line_1_23' title="bbox 2183 1027 3714 1111; baseline -0.01 -16"><span class='ocrx_word' id='word_1_161' title='bbox 2183 1047 2239 1096; x_wconf 92' lang='lat' dir='ltr'><strong>et</strong></span> <span class='ocrx_word' id='word_1_162' title='bbox 2285 1038 2618 1111; x_wconf 85' lang='lat' dir='ltr'><strong>primatibus</strong></span> <span class='ocrx_word' id='word_1_163' title='bbox 2657 1041 2878 1106; x_wconf 89' lang='lat' dir='ltr'><strong>sumpto</strong></span> <span class='ocrx_word' id='word_1_164' title='bbox 2925 1030 3179 1098; x_wconf 83' lang='lat' dir='ltr'><strong>consilio,</strong></span> <span class='ocrx_word' id='word_1_165' title='bbox 3223 1036 3498 1100; x_wconf 90' lang='lat' dir='ltr'><strong>prostrato</strong></span> <span class='ocrx_word' id='word_1_166' title='bbox 3539 1027 3714 1080; x_wconf 83' lang='lat' dir='ltr'><strong>castello</strong></span> 
     </span>
    </p>
   </div>
   <div class='ocr_carea' id='block_1_23' title="bbox 2183 1122 3714 1199">
    <p class='ocr_par' dir='ltr' id='par_1_23' title="bbox 2183 1122 3714 1199">
     <span class='ocr_line' id='line_1_24' title="bbox 2183 1122 3714 1199; baseline -0.01 -11"><span class='ocrx_word' id='word_1_167' title='bbox 2183 1131 2466 1189; x_wconf 85' lang='lat' dir='ltr'><strong>Sardonas</strong></span> <span class='ocrx_word' id='word_1_168' title='bbox 2486 1173 2501 1199; x_wconf 96' lang='lat'><strong>,</strong></span> <span class='ocrx_word' id='word_1_169' title='bbox 2533 1128 2877 1198; x_wconf 82' lang='lat' dir='ltr'><strong>munitisque</strong></span> <span class='ocrx_word' id='word_1_170' title='bbox 2917 1126 3034 1180; x_wconf 87' lang='lat' dir='ltr'><strong>suis</strong></span> <span class='ocrx_word' id='word_1_171' title='bbox 3078 1122 3298 1194; x_wconf 86' lang='lat' dir='ltr'><strong>oppidis</strong></span> <span class='ocrx_word' id='word_1_172' title='bbox 3331 1137 3365 1175; x_wconf 87' lang='lat' dir='ltr'><strong>a</strong></span> <span class='ocrx_word' id='word_1_173' title='bbox 3399 1127 3536 1174; x_wconf 85' lang='lat' dir='ltr'><strong>terra</strong></span> <span class='ocrx_word' id='word_1_174' title='bbox 3572 1128 3714 1188; x_wconf 78' lang='lat' dir='ltr'><strong>captos</strong></span> 
     </span>
    </p>
   </div>
   <div class='ocr_carea' id='block_1_24' title="bbox 2183 1211 3716 1297">
    <p class='ocr_par' dir='ltr' id='par_1_24' title="bbox 2183 1211 3716 1297">
     <span class='ocr_line' id='line_1_25' title="bbox 2183 1211 3716 1297; baseline -0.012 -14"><span class='ocrx_word' id='word_1_175' title='bbox 2183 1240 2440 1297; x_wconf 88' lang='lat' dir='ltr'><strong>proceres</strong></span> <span class='ocrx_word' id='word_1_176' title='bbox 2465 1231 2523 1280; x_wconf 89' lang='lat' dir='ltr'><strong>et</strong></span> <span class='ocrx_word' id='word_1_177' title='bbox 2541 1221 2809 1294; x_wconf 90' lang='lat' dir='ltr'><strong>quosdam</strong></span> <span class='ocrx_word' id='word_1_178' title='bbox 2834 1218 2972 1272; x_wconf 89' lang='lat' dir='ltr'><strong>alios</strong></span> <span class='ocrx_word' id='word_1_179' title='bbox 3000 1213 3293 1286; x_wconf 76' lang='lat' dir='ltr'><strong>imperavit</strong></span> <span class='ocrx_word' id='word_1_180' title='bbox 3315 1211 3526 1276; x_wconf 81' lang='lat' dir='ltr'><strong>redimi,</strong></span> <span class='ocrx_word' id='word_1_181' title='bbox 3553 1226 3607 1266; x_wconf 91' lang='lat' dir='ltr'><strong>ac</strong></span> <span class='ocrx_word' id='word_1_182' title='bbox 3625 1225 3716 1280; x_wconf 54' lang='lat' dir='ltr'><strong>pre</strong></span> 
     </span>
    </p>
   </div>
   <div class='ocr_carea' id='block_1_25' title="bbox 2183 1304 3708 1388">
    <p class='ocr_par' dir='ltr' id='par_1_25' title="bbox 2183 1304 3708 1388">
     <span class='ocr_line' id='line_1_26' title="bbox 2183 1304 3708 1388; baseline -0.012 -12"><span class='ocrx_word' id='word_1_183' title='bbox 2183 1320 2321 1375; x_wconf 90' lang='lat' dir='ltr'><strong>tium</strong></span> <span class='ocrx_word' id='word_1_184' title='bbox 2356 1315 2746 1388; x_wconf 80' lang='lat' dir='ltr'><strong>redemptionis</strong></span> <span class='ocrx_word' id='word_1_185' title='bbox 2781 1311 3050 1367; x_wconf 87' lang='lat' dir='ltr'><strong>militibus</strong></span> <span class='ocrx_word' id='word_1_186' title='bbox 3069 1318 3125 1366; x_wconf 91' lang='lat' dir='ltr'><strong>et</strong></span> <span class='ocrx_word' id='word_1_187' title='bbox 3163 1304 3532 1365; x_wconf 81' lang='lat' dir='ltr'><strong>servientibus</strong></span> <span class='ocrx_word' id='word_1_188' title='bbox 3550 1313 3708 1359; x_wconf 80' lang='lat' dir='ltr'><strong>terram</strong></span> 
     </span>
    </p>
   </div>
   <div class='ocr_carea' id='block_1_26' title="bbox 2185 1395 3720 1471">
    <p class='ocr_par' dir='ltr' id='par_1_26' title="bbox 2185 1395 3720 1471">
     <span class='ocr_line' id='line_1_27' title="bbox 2185 1395 3720 1471; baseline -0.011 -7"><span class='ocrx_word' id='word_1_189' title='bbox 2185 1408 2545 1464; x_wconf 89' lang='lat' dir='ltr'><strong>custodituris</strong></span> <span class='ocrx_word' id='word_1_190' title='bbox 2575 1404 2825 1471; x_wconf 89' lang='lat' dir='ltr'><strong>attribui,</strong></span> <span class='ocrx_word' id='word_1_191' title='bbox 2865 1403 3039 1458; x_wconf 68' lang='lat' dir='ltr'><strong>ditnec</strong></span> <span class='ocrx_word' id='word_1_192' title='bbox 3064 1401 3181 1471; x_wconf 88' lang='lat' dir='ltr'><strong>ipse</strong></span> <span class='ocrx_word' id='word_1_193' title='bbox 3218 1398 3286 1453; x_wconf 91' lang='lat' dir='ltr'><strong>ad</strong></span> <span class='ocrx_word' id='word_1_194' title='bbox 3314 1395 3603 1451; x_wconf 74' lang='lat' dir='ltr'><strong>Merdinutn</strong></span> <span class='ocrx_word' id='word_1_195' title='bbox 3627 1410 3720 1464; x_wconf 88' lang='lat' dir='ltr'><strong>pro-</strong></span> 
     </span>
    </p>
   </div>
   <div class='ocr_carea' id='block_1_27' title="bbox 2185 1484 3721 1570">
    <p class='ocr_par' dir='ltr' id='par_1_27' title="bbox 2185 1484 3721 1570">
     <span class='ocr_line' id='line_1_28' title="bbox 2185 1484 3721 1570; baseline -0.01 -16"><span class='ocrx_word' id='word_1_196' title='bbox 2185 1499 2383 1567; x_wconf 88' lang='lat' dir='ltr'><strong>fectus,</strong></span> <span class='ocrx_word' id='word_1_197' title='bbox 2415 1499 2590 1570; x_wconf 91' lang='lat' dir='ltr'><strong>ipsius</strong></span> <span class='ocrx_word' id='word_1_198' title='bbox 2618 1496 2844 1551; x_wconf 89' lang='lat' dir='ltr'><strong>honoris</strong></span> <span class='ocrx_word' id='word_1_199' title='bbox 2879 1493 3118 1564; x_wconf 87' lang='lat' dir='ltr'><strong>speciale</strong></span> <span class='ocrx_word' id='word_1_200' title='bbox 3147 1498 3421 1556; x_wconf 85' lang='lat' dir='ltr'><strong>castrum,</strong></span> <span class='ocrx_word' id='word_1_201' title='bbox 3450 1487 3518 1542; x_wconf 91' lang='lat' dir='ltr'><strong>ob</strong></span> <span class='ocrx_word' id='word_1_202' title='bbox 3539 1484 3721 1541; x_wconf 84' lang='lat' dir='ltr'><strong>Christi-</strong></span> 
     </span>
    </p>
   </div>
   <div class='ocr_carea' id='block_1_28' title="bbox 2183 1585 3725 1655">
    <p class='ocr_par' dir='ltr' id='par_1_28' title="bbox 2183 1585 3725 1655">
     <span class='ocr_line' id='line_1_29' title="bbox 2183 1585 3725 1655; baseline -0.01 -7"><span class='ocrx_word' id='word_1_203' title='bbox 2183 1592 2429 1648; x_wconf 90' lang='lat' dir='ltr'><strong>colarum</strong></span> <span class='ocrx_word' id='word_1_204' title='bbox 2453 1591 2866 1654; x_wconf 87' lang='lat' dir='ltr'><strong>detrimentum,</strong></span> <span class='ocrx_word' id='word_1_205' title='bbox 2886 1585 3406 1655; x_wconf 89' lang='lat' dir='ltr'><strong>Turcomagnorum</strong></span> <span class='ocrx_word' id='word_1_206' title='bbox 3431 1588 3625 1652; x_wconf 81' lang='lat' dir='ltr'><strong>gentem</strong></span> <span class='ocrx_word' id='word_1_207' title='bbox 3643 1593 3725 1632; x_wconf 85' lang='lat' dir='ltr'><strong>a-</strong></span> 
     </span>
    </p>
   </div>
   <div class='ocr_carea' id='block_1_29' title="bbox 2180 1672 3725 1754">
    <p class='ocr_par' dir='ltr' id='par_1_29' title="bbox 2180 1672 3725 1754">
     <span class='ocr_line' id='line_1_30' title="bbox 2180 1672 3725 1754; baseline -0.008 -18"><span class='ocrx_word' id='word_1_208' title='bbox 2180 1683 2356 1754; x_wconf 88' lang='lat' dir='ltr'><strong>jorem</strong></span> <span class='ocrx_word' id='word_1_209' title='bbox 2396 1681 2558 1736; x_wconf 89' lang='lat' dir='ltr'><strong>solito</strong></span> <span class='ocrx_word' id='word_1_210' title='bbox 2607 1686 2966 1750; x_wconf 90' lang='lat' dir='ltr'><strong>congregaret</strong></span> <span class='ocrx_word' id='word_1_211' title='bbox 2996 1685 3052 1733; x_wconf 89' lang='lat' dir='ltr'><strong>et</strong></span> <span class='ocrx_word' id='word_1_212' title='bbox 3089 1676 3296 1732; x_wconf 87' lang='lat' dir='ltr'><strong>redeat.</strong></span> <span class='ocrx_word' id='word_1_213' title='bbox 3342 1672 3486 1740; x_wconf 84' lang='lat' dir='ltr'><strong>Quid</strong></span> <span class='ocrx_word' id='word_1_214' title='bbox 3527 1672 3725 1743; x_wconf 81' lang='lat' dir='ltr'><strong>singula?</strong></span> 
     </span>
    </p>
   </div>
   <div class='ocr_carea' id='block_1_30' title="bbox 487 1763 3724 1864">
    <p class='ocr_par' dir='ltr' id='par_1_30' title="bbox 487 1763 3724 1864">
     <span class='ocr_line' id='line_1_31' title="bbox 487 1763 1389 1788; baseline -0.019 -2"><span class='ocrx_word' id='word_1_215' title='bbox 487 1763 631 1788; x_wconf 60' lang='grc' dir='ltr'><strong>ιιν--ν</strong></span> <span class='ocrx_word' id='word_1_216' title='bbox 901 1763 912 1774; x_wconf 86' lang='grc'><em>.</em></span> <span class='ocrx_word' id='word_1_217' title='bbox 958 1763 975 1777; x_wconf 86' lang='grc'>.</span> <span class='ocrx_word' id='word_1_218' title='bbox 1371 1763 1389 1769; x_wconf 93' lang='grc'><strong>-</strong></span> 
     </span>
     <span class='ocr_line' id='line_1_32' title="bbox 487 1763 3724 1864; baseline -0.012 1"><span class='ocrx_word' id='word_1_219' title='bbox 487 1811 616 1864; x_wconf 90' lang='lat' dir='ltr'><strong>dam</strong></span> <span class='ocrx_word' id='word_1_220' title='bbox 645 1806 807 1862; x_wconf 90' lang='lat' dir='ltr'><strong>militi</strong></span> <span class='ocrx_word' id='word_1_221' title='bbox 832 1800 1070 1858; x_wconf 89' lang='lat' dir='ltr'><strong>Sansoni</strong></span> <span class='ocrx_word' id='word_1_222' title='bbox 1092 1799 1158 1855; x_wconf 89' lang='lat' dir='ltr'><strong>de</strong></span> <span class='ocrx_word' id='word_1_223' title='bbox 1179 1797 1385 1851; x_wconf 88' lang='lat' dir='ltr'><strong>Bruera</strong></span> <span class='ocrx_word' id='word_1_224' title='bbox 1406 1789 1753 1863; x_wconf 89' lang='lat' dir='ltr'><strong>cognomine,</strong></span> <span class='ocrx_word' id='word_1_225' title='bbox 1779 1803 1877 1859; x_wconf 85' lang='lat' dir='ltr'><strong>per</strong></span> <span class='ocrx_word' id='word_1_226' title='bbox 1899 1788 2082 1843; x_wconf 92' lang='lat' dir='ltr'><strong>visum</strong></span> <span class='ocrx_word' id='word_1_227' title='bbox 2117 1855 2156 1864; x_wconf 92' lang='lat'><em>_</em></span> <span class='ocrx_word' id='word_1_228' title='bbox 2184 1771 2492 1838; x_wconf 65' lang='grc' dir='ltr'><strong>Ρτοῖθίειιιε,</strong></span> <span class='ocrx_word' id='word_1_229' title='bbox 2520 1780 2632 1826; x_wconf 59' lang='lat' dir='ltr'><strong>tam</strong></span> <span class='ocrx_word' id='word_1_230' title='bbox 2675 1770 3188 1840; x_wconf 80' lang='lat' dir='ltr'><strong>Turcomagnorum</strong></span> <span class='ocrx_word' id='word_1_231' title='bbox 3228 1780 3399 1837; x_wconf 79' lang='lat' dir='ltr'><strong>quam</strong></span> <span class='ocrx_word' id='word_1_232' title='bbox 3430 1771 3484 1819; x_wconf 66' lang='grc' dir='ltr'><strong>ει</strong></span> <span class='ocrx_word' id='word_1_233' title='bbox 3504 1763 3724 1827; x_wconf 64' lang='lat' dir='ltr'><strong>Arabum.</strong></span> 
     </span>
    </p>
   </div>
   <div class='ocr_carea' id='block_1_31' title="bbox 489 1881 2084 1964">
    <p class='ocr_par' dir='ltr' id='par_1_31' title="bbox 489 1881 2084 1964">
     <span class='ocr_line' id='line_1_33' title="bbox 489 1881 2084 1964; baseline -0.015 -7"><span class='ocrx_word' id='word_1_234' title='bbox 489 1899 731 1957; x_wconf 86' lang='lat' dir='ltr'><strong>innotuit</strong></span> <span class='ocrx_word' id='word_1_235' title='bbox 758 1896 961 1953; x_wconf 86' lang='lat' dir='ltr'><strong>coelum</strong></span> <span class='ocrx_word' id='word_1_236' title='bbox 992 1901 1240 1964; x_wconf 90' lang='lat' dir='ltr'><strong>apertum</strong></span> <span class='ocrx_word' id='word_1_237' title='bbox 1265 1889 1492 1952; x_wconf 85' lang='lat' dir='ltr'><strong>vidisse,</strong></span> <span class='ocrx_word' id='word_1_238' title='bbox 1535 1893 1590 1939; x_wconf 90' lang='lat' dir='ltr'><strong>et</strong></span> <span class='ocrx_word' id='word_1_239' title='bbox 1631 1882 1757 1938; x_wconf 90' lang='lat' dir='ltr'><strong>inde</strong></span> <span class='ocrx_word' id='word_1_240' title='bbox 1788 1881 2084 1937; x_wconf 80' lang='lat' dir='ltr'><strong>Dominum</strong></span> 
     </span>
    </p>
   </div>
   <div class='ocr_carea' id='block_1_32' title="bbox 491 1974 2087 2051">
    <p class='ocr_par' dir='ltr' id='par_1_32' title="bbox 491 1974 2087 2051">
     <span class='ocr_line' id='line_1_34' title="bbox 491 1974 2087 2051; baseline -0.015 0"><span class='ocrx_word' id='word_1_241' title='bbox 491 2003 746 2051; x_wconf 91' lang='lat' dir='ltr'><strong>nostrum</strong></span> <span class='ocrx_word' id='word_1_242' title='bbox 774 1989 964 2046; x_wconf 76' lang='lat' dir='ltr'><strong>Iesum</strong></span> <span class='ocrx_word' id='word_1_243' title='bbox 986 1986 1295 2050; x_wconf 88' lang='lat' dir='ltr'><strong>Christum,</strong></span> <span class='ocrx_word' id='word_1_244' title='bbox 1321 1996 1446 2037; x_wconf 87' lang='lat' dir='ltr'><strong>cum</strong></span> <span class='ocrx_word' id='word_1_245' title='bbox 1495 1977 1692 2033; x_wconf 85' lang='lat' dir='ltr'><strong>decore</strong></span> <span class='ocrx_word' id='word_1_246' title='bbox 1713 1984 1768 2032; x_wconf 90' lang='lat' dir='ltr'><strong>et</strong></span> <span class='ocrx_word' id='word_1_247' title='bbox 1799 1974 2087 2045; x_wconf 90' lang='lat' dir='ltr'><strong>splendore</strong></span> 
     </span>
    </p>
   </div>
   <div class='ocr_carea' id='block_1_33' title="bbox 491 2073 2088 2141">
    <p class='ocr_par' dir='ltr' id='par_1_33' title="bbox 491 2073 2088 2141">
     <span class='ocr_line' id='line_1_35' title="bbox 491 2073 2088 2141; baseline -0.015 -1"><span class='ocrx_word' id='word_1_248' title='bbox 491 2086 760 2140; x_wconf 83' lang='lat' dir='ltr'><strong>virtutum</strong></span> <span class='ocrx_word' id='word_1_249' title='bbox 801 2097 832 2136; x_wconf 90' lang='lat' dir='ltr'><strong>a</strong></span> <span class='ocrx_word' id='word_1_250' title='bbox 871 2078 1186 2136; x_wconf 88' lang='lat' dir='ltr'><strong>summitate</strong></span> <span class='ocrx_word' id='word_1_251' title='bbox 1228 2073 1352 2129; x_wconf 69' lang='grc' dir='ltr'><strong>(εωιί</strong></span> <span class='ocrx_word' id='word_1_252' title='bbox 1392 2083 1570 2141; x_wconf 90' lang='lat' dir='ltr'><strong>usque</strong></span> <span class='ocrx_word' id='word_1_253' title='bbox 1611 2081 1778 2137; x_wconf 81' lang='lat' dir='ltr'><strong>super</strong></span> <span class='ocrx_word' id='word_1_254' title='bbox 1809 2077 2088 2120; x_wconf 89' lang='lat' dir='ltr'><strong>carcerem</strong></span> 
     </span>
    </p>
   </div>
   <div class='ocr_carea' id='block_1_34' title="bbox 496 2157 2082 2244">
    <p class='ocr_par' dir='ltr' id='par_1_34' title="bbox 496 2157 2082 2244">
     <span class='ocr_line' id='line_1_36' title="bbox 496 2157 2082 2244; baseline -0.015 -10"><span class='ocrx_word' id='word_1_255' title='bbox 496 2177 832 2241; x_wconf 90' lang='lat' dir='ltr'><strong>consedisse,</strong></span> <span class='ocrx_word' id='word_1_256' title='bbox 859 2173 1151 2244; x_wconf 90' lang='lat' dir='ltr'><strong>ipsumque</strong></span> <span class='ocrx_word' id='word_1_257' title='bbox 1179 2166 1485 2222; x_wconf 85' lang='lat' dir='ltr'><strong>Sansonem</strong></span> <span class='ocrx_word' id='word_1_258' title='bbox 1514 2171 1574 2217; x_wconf 90' lang='lat' dir='ltr'><strong>ut</strong></span> <span class='ocrx_word' id='word_1_259' title='bbox 1616 2161 1686 2216; x_wconf 85' lang='lat' dir='ltr'><strong>ad</strong></span> <span class='ocrx_word' id='word_1_260' title='bbox 1717 2174 1844 2216; x_wconf 90' lang='lat' dir='ltr'><strong>eum</strong></span> <span class='ocrx_word' id='word_1_261' title='bbox 1870 2157 2082 2213; x_wconf 87' lang='lat' dir='ltr'><strong>veniret</strong></span> 
     </span>
    </p>
   </div>
   <div class='ocr_carea' id='block_1_35' title="bbox 497 2249 2089 2331">
    <p class='ocr_par' dir='ltr' id='par_1_35' title="bbox 497 2249 2089 2331">
     <span class='ocr_line' id='line_1_37' title="bbox 497 2249 2089 2331; baseline -0.014 -6"><span class='ocrx_word' id='word_1_262' title='bbox 497 2285 624 2325; x_wconf 90' lang='lat' dir='ltr'><strong>cum</strong></span> <span class='ocrx_word' id='word_1_263' title='bbox 647 2267 764 2324; x_wconf 90' lang='lat' dir='ltr'><strong>suis</strong></span> <span class='ocrx_word' id='word_1_264' title='bbox 796 2264 964 2322; x_wconf 88' lang='lat' dir='ltr'><strong>sociis</strong></span> <span class='ocrx_word' id='word_1_265' title='bbox 992 2259 1314 2331; x_wconf 88' lang='lat' dir='ltr'><strong>imperando</strong></span> <span class='ocrx_word' id='word_1_266' title='bbox 1338 2266 1421 2312; x_wconf 89' lang='lat' dir='ltr'><strong>ter</strong></span> <span class='ocrx_word' id='word_1_267' title='bbox 1449 2267 1696 2319; x_wconf 89' lang='lat' dir='ltr'><strong>vocasse,</strong></span> <span class='ocrx_word' id='word_1_268' title='bbox 1721 2259 1776 2306; x_wconf 91' lang='lat' dir='ltr'><strong>et</strong></span> <span class='ocrx_word' id='word_1_269' title='bbox 1794 2293 1809 2318; x_wconf 94' lang='lat'><strong>,</strong></span> <span class='ocrx_word' id='word_1_270' title='bbox 1835 2250 1969 2321; x_wconf 91' lang='lat' dir='ltr'><strong>ipsis</strong></span> <span class='ocrx_word' id='word_1_271' title='bbox 1990 2249 2089 2304; x_wconf 91' lang='lat' dir='ltr'><strong>ad-</strong></span> 
     </span>
    </p>
   </div>
   <div class='ocr_carea' id='block_1_36' title="bbox 492 2341 2090 2421">
    <p class='ocr_par' dir='ltr' id='par_1_36' title="bbox 492 2341 2090 2421">
     <span class='ocr_line' id='line_1_38' title="bbox 492 2341 2090 2421; baseline -0.014 -7"><span class='ocrx_word' id='word_1_272' title='bbox 492 2357 864 2421; x_wconf 85' lang='lat' dir='ltr'><strong>venientibus,</strong></span> <span class='ocrx_word' id='word_1_273' title='bbox 888 2354 1142 2409; x_wconf 82' lang='lat' dir='ltr'><strong>dextrum</strong></span> <span class='ocrx_word' id='word_1_274' title='bbox 1176 2347 1464 2404; x_wconf 89' lang='lat' dir='ltr'><strong>brachium</strong></span> <span class='ocrx_word' id='word_1_275' title='bbox 1488 2361 1520 2401; x_wconf 89' lang='lat' dir='ltr'><strong>a</strong></span> <span class='ocrx_word' id='word_1_276' title='bbox 1549 2341 1867 2400; x_wconf 88' lang='lat' dir='ltr'><strong>summitate</strong></span> <span class='ocrx_word' id='word_1_277' title='bbox 1899 2353 2090 2395; x_wconf 77' lang='lat' dir='ltr'><strong>carce-</strong></span> 
     </span>
    </p>
   </div>
   <div class='ocr_carea' id='block_1_37' title="bbox 496 2429 2093 2520">
    <p class='ocr_par' dir='ltr' id='par_1_37' title="bbox 496 2429 2093 2520">
     <span class='ocr_line' id='line_1_39' title="bbox 496 2429 2093 2520; baseline -0.015 -12"><span class='ocrx_word' id='word_1_278' title='bbox 496 2453 576 2509; x_wconf 90' lang='lat' dir='ltr'><strong>ris</strong></span> <span class='ocrx_word' id='word_1_279' title='bbox 625 2463 802 2520; x_wconf 90' lang='lat' dir='ltr'><strong>usque</strong></span> <span class='ocrx_word' id='word_1_280' title='bbox 840 2447 910 2502; x_wconf 90' lang='lat' dir='ltr'><strong>ad</strong></span> <span class='ocrx_word' id='word_1_281' title='bbox 949 2444 1114 2501; x_wconf 84' lang='lat' dir='ltr'><strong>finem</strong></span> <span class='ocrx_word' id='word_1_282' title='bbox 1160 2438 1474 2496; x_wconf 83' lang='lat' dir='ltr'><strong>extendisse</strong></span> <span class='ocrx_word' id='word_1_283' title='bbox 1497 2479 1512 2503; x_wconf 91' lang='lat'><strong>,</strong></span> <span class='ocrx_word' id='word_1_284' title='bbox 1554 2435 1859 2503; x_wconf 83' lang='lat' dir='ltr'><strong>dextroque</strong></span> <span class='ocrx_word' id='word_1_285' title='bbox 1894 2429 2093 2501; x_wconf 90' lang='lat' dir='ltr'><strong>pollice</strong></span> 
     </span>
    </p>
   </div>
   <div class='ocr_carea' id='block_1_38' title="bbox 502 2520 2096 2599">
    <p class='ocr_par' dir='ltr' id='par_1_38' title="bbox 502 2520 2096 2599">
     <span class='ocr_line' id='line_1_40' title="bbox 502 2520 2096 2599; baseline -0.017 -1"><span class='ocrx_word' id='word_1_286' title='bbox 502 2542 736 2598; x_wconf 90' lang='lat' dir='ltr'><strong>intincto</strong></span> <span class='ocrx_word' id='word_1_287' title='bbox 759 2538 880 2594; x_wconf 88' lang='lat' dir='ltr'><strong>oleo</strong></span> <span class='ocrx_word' id='word_1_288' title='bbox 905 2544 959 2592; x_wconf 91' lang='lat' dir='ltr'><strong>et</strong></span> <span class='ocrx_word' id='word_1_289' title='bbox 987 2532 1271 2596; x_wconf 88' lang='lat' dir='ltr'><strong>crismate,</strong></span> <span class='ocrx_word' id='word_1_290' title='bbox 1299 2528 1515 2599; x_wconf 88' lang='lat' dir='ltr'><strong>signum</strong></span> <span class='ocrx_word' id='word_1_291' title='bbox 1540 2532 1744 2581; x_wconf 71' lang='lat' dir='ltr'><strong>sanctae</strong></span> <span class='ocrx_word' id='word_1_292' title='bbox 1773 2520 1956 2577; x_wconf 78' lang='lat' dir='ltr'><strong>crucis</strong></span> <span class='ocrx_word' id='word_1_293' title='bbox 1981 2521 2096 2574; x_wconf 86' lang='lat' dir='ltr'><strong>sin-</strong></span> 
     </span>
    </p>
   </div>
   <div class='ocr_carea' id='block_1_39' title="bbox 501 2617 2092 2707">
    <p class='ocr_par' dir='ltr' id='par_1_39' title="bbox 501 2617 2092 2707">
     <span class='ocr_line' id='line_1_41' title="bbox 501 2617 2092 2707; baseline -0.016 -16"><span class='ocrx_word' id='word_1_294' title='bbox 501 2635 757 2707; x_wconf 89' lang='lat' dir='ltr'><strong>gulorum</strong></span> <span class='ocrx_word' id='word_1_295' title='bbox 806 2629 1080 2686; x_wconf 82' lang='lat' dir='ltr'><strong>frontibus</strong></span> <span class='ocrx_word' id='word_1_296' title='bbox 1117 2622 1486 2694; x_wconf 88' lang='lat' dir='ltr'><strong>impressisse.</strong></span> <span class='ocrx_word' id='word_1_297' title='bbox 1528 2617 1676 2674; x_wconf 87' lang='lat' dir='ltr'><strong>Inter</strong></span> <span class='ocrx_word' id='word_1_298' title='bbox 1702 2631 1866 2688; x_wconf 92' lang='lat' dir='ltr'><strong>quos,</strong></span> <span class='ocrx_word' id='word_1_299' title='bbox 1889 2629 1953 2668; x_wconf 77' lang='lat' dir='ltr'><strong>ex</strong></span> <span class='ocrx_word' id='word_1_300' title='bbox 1988 2626 2092 2666; x_wconf 67' lang='lat' dir='ltr'><strong>n0»</strong></span> 
     </span>
    </p>
   </div>
   <div class='ocr_carea' id='block_1_40' title="bbox 498 2709 2094 2795">
    <p class='ocr_par' dir='ltr' id='par_1_40' title="bbox 498 2709 2094 2795">
     <span class='ocr_line' id='line_1_42' title="bbox 498 2709 2094 2795; baseline -0.018 -9"><span class='ocrx_word' id='word_1_301' title='bbox 498 2729 650 2786; x_wconf 91' lang='lat' dir='ltr'><strong>mine</strong></span> <span class='ocrx_word' id='word_1_302' title='bbox 671 2724 1005 2795; x_wconf 79' lang='lat' dir='ltr'><strong>assignatas,</strong></span> <span class='ocrx_word' id='word_1_303' title='bbox 1027 2734 1128 2791; x_wconf 89' lang='lat' dir='ltr'><strong>per</strong></span> <span class='ocrx_word' id='word_1_304' title='bbox 1155 2717 1338 2773; x_wconf 88' lang='lat' dir='ltr'><strong>visum</strong></span> <span class='ocrx_word' id='word_1_305' title='bbox 1366 2713 1639 2769; x_wconf 84' lang='lat' dir='ltr'><strong>affuerunt</strong></span> <span class='ocrx_word' id='word_1_306' title='bbox 1661 2709 1772 2775; x_wconf 90' lang='lat' dir='ltr'><strong>alii,</strong></span> <span class='ocrx_word' id='word_1_307' title='bbox 1803 2720 1942 2778; x_wconf 89' lang='lat' dir='ltr'><strong>quos</strong></span> <span class='ocrx_word' id='word_1_308' title='bbox 1967 2720 2094 2760; x_wconf 90' lang='lat' dir='ltr'><strong>cum</strong></span> 
     </span>
    </p>
   </div>
   <div class='ocr_carea' id='block_1_41' title="bbox 502 2800 2094 2877">
    <p class='ocr_par' dir='ltr' id='par_1_41' title="bbox 502 2800 2094 2877">
     <span class='ocr_line' id='line_1_43' title="bbox 502 2800 2094 2877; baseline -0.018 -1"><span class='ocrx_word' id='word_1_309' title='bbox 502 2820 777 2876; x_wconf 85' lang='lat' dir='ltr'><strong>Dominus</strong></span> <span class='ocrx_word' id='word_1_310' title='bbox 803 2814 994 2870; x_wconf 90' lang='lat' dir='ltr'><strong>eodem</strong></span> <span class='ocrx_word' id='word_1_311' title='bbox 1023 2810 1190 2866; x_wconf 89' lang='lat' dir='ltr'><strong>modo</strong></span> <span class='ocrx_word' id='word_1_312' title='bbox 1213 2822 1322 2863; x_wconf 91' lang='lat' dir='ltr'><strong>non</strong></span> <span class='ocrx_word' id='word_1_313' title='bbox 1352 2806 1644 2877; x_wconf 88' lang='lat' dir='ltr'><strong>signasset,</strong></span> <span class='ocrx_word' id='word_1_314' title='bbox 1671 2800 2038 2867; x_wconf 84' lang='lat' dir='ltr'><strong>interrogatus</strong></span> <span class='ocrx_word' id='word_1_315' title='bbox 2064 2809 2094 2848; x_wconf 91' lang='lat' dir='ltr'><strong>a</strong></span> 
     </span>
    </p>
   </div>
   <div class='ocr_carea' id='block_1_42' title="bbox 505 2890 2096 2977">
    <p class='ocr_par' dir='ltr' id='par_1_42' title="bbox 505 2890 2096 2977">
     <span class='ocr_line' id='line_1_44' title="bbox 505 2890 2096 2977; baseline -0.018 -9"><span class='ocrx_word' id='word_1_316' title='bbox 505 2911 760 2968; x_wconf 90' lang='lat' dir='ltr'><strong>Sansone</strong></span> <span class='ocrx_word' id='word_1_317' title='bbox 800 2921 973 2977; x_wconf 87' lang='lat' dir='ltr'><strong>quare</strong></span> <span class='ocrx_word' id='word_1_318' title='bbox 1006 2917 1103 2958; x_wconf 88' lang='lat' dir='ltr'><strong>eos</strong></span> <span class='ocrx_word' id='word_1_319' title='bbox 1133 2897 1432 2964; x_wconf 87' lang='lat' dir='ltr'><strong>dimiserit,</strong></span> <span class='ocrx_word' id='word_1_320' title='bbox 1468 2895 1641 2950; x_wconf 77' lang='lat' dir='ltr'><strong>fertur</strong></span> <span class='ocrx_word' id='word_1_321' title='bbox 1674 2891 1724 2947; x_wconf 92' lang='lat' dir='ltr'><strong>ei</strong></span> <span class='ocrx_word' id='word_1_322' title='bbox 1753 2890 1834 2946; x_wconf 91' lang='lat' dir='ltr'><strong>sic</strong></span> <span class='ocrx_word' id='word_1_323' title='bbox 1869 2900 2096 2957; x_wconf 83' lang='lat' dir='ltr'><strong>respon-</strong></span> 
     </span>
    </p>
   </div>
   <div class='ocr_carea' id='block_1_43' title="bbox 502 2978 2094 3064">
    <p class='ocr_par' dir='ltr' id='par_1_43' title="bbox 502 2978 2094 3064">
     <span class='ocr_line' id='line_1_45' title="bbox 502 2978 2094 3064; baseline -0.018 -4"><span class='ocrx_word' id='word_1_324' title='bbox 502 3004 694 3060; x_wconf 88' lang='lat' dir='ltr'><strong>disse:</strong></span> <span class='ocrx_word' id='word_1_325' title='bbox 726 3018 744 3052; x_wconf 83' lang='grc'><em>‹</em></span> <span class='ocrx_word' id='word_1_326' title='bbox 780 2996 920 3053; x_wconf 89' lang='lat' dir='ltr'><strong>Nolo</strong></span> <span class='ocrx_word' id='word_1_327' title='bbox 959 2993 1225 3064; x_wconf 87' lang='lat' dir='ltr'><strong>amplius;</strong></span> <span class='ocrx_word' id='word_1_328' title='bbox 1269 2988 1408 3045; x_wconf 91' lang='lat' dir='ltr'><strong>alias</strong></span> <span class='ocrx_word' id='word_1_329' title='bbox 1433 3029 1449 3054; x_wconf 94' lang='lat'><strong>,</strong></span> <span class='ocrx_word' id='word_1_330' title='bbox 1490 2986 1586 3041; x_wconf 92' lang='lat' dir='ltr'><strong>ubi</strong></span> <span class='ocrx_word' id='word_1_331' title='bbox 1620 2981 1757 3039; x_wconf 90' lang='lat' dir='ltr'><strong>mihi</strong></span> <span class='ocrx_word' id='word_1_332' title='bbox 1795 2978 2094 3052; x_wconf 89' lang='lat' dir='ltr'><strong>placuerit,</strong></span> 
     </span>
    </p>
   </div>
   <div class='ocr_carea' id='block_1_44' title="bbox 506 3073 2094 3162">
    <p class='ocr_par' dir='ltr' id='par_1_44' title="bbox 506 3073 2094 3162">
     <span class='ocr_line' id='line_1_46' title="bbox 506 3073 2094 3162; baseline -0.018 -10"><span class='ocrx_word' id='word_1_333' title='bbox 506 3104 735 3152; x_wconf 73' lang='lat' dir='ltr'><strong>caeteros</strong></span> <span class='ocrx_word' id='word_1_334' title='bbox 778 3088 1028 3162; x_wconf 79' lang='lat' dir='ltr'><strong>signabo.</strong></span> <span class='ocrx_word' id='word_1_335' title='bbox 1069 3103 1088 3138; x_wconf 74' lang='grc' dir='ltr'><strong>ι</strong></span> <span class='ocrx_word' id='word_1_336' title='bbox 1131 3082 1244 3139; x_wconf 81' lang='lat' dir='ltr'><strong>Hac</strong></span> <span class='ocrx_word' id='word_1_337' title='bbox 1279 3081 1492 3138; x_wconf 89' lang='lat' dir='ltr'><strong>visione</strong></span> <span class='ocrx_word' id='word_1_338' title='bbox 1535 3077 1749 3133; x_wconf 88' lang='lat' dir='ltr'><strong>Sanson</strong></span> <span class='ocrx_word' id='word_1_339' title='bbox 1792 3073 2094 3137; x_wconf 83' lang='lat' dir='ltr'><strong>excitatus,</strong></span> 
     </span>
    </p>
   </div>
   <div class='ocr_carea' id='block_1_45' title="bbox 505 3166 2098 3261">
    <p class='ocr_par' dir='ltr' id='par_1_45' title="bbox 505 3166 2098 3261">
     <span class='ocr_line' id='line_1_47' title="bbox 505 3166 2098 3261; baseline -0.019 -14"><span class='ocrx_word' id='word_1_340' title='bbox 505 3189 754 3261; x_wconf 82' lang='lat' dir='ltr'><strong>captivos</strong></span> <span class='ocrx_word' id='word_1_341' title='bbox 783 3183 980 3240; x_wconf 89' lang='lat' dir='ltr'><strong>fratres</strong></span> <span class='ocrx_word' id='word_1_342' title='bbox 1013 3187 1174 3235; x_wconf 86' lang='lat' dir='ltr'><strong>nocte</strong></span> <span class='ocrx_word' id='word_1_343' title='bbox 1209 3175 1409 3241; x_wconf 91' lang='lat' dir='ltr'><strong>media,</strong></span> <span class='ocrx_word' id='word_1_344' title='bbox 1435 3186 1590 3228; x_wconf 89' lang='lat' dir='ltr'><strong>more</strong></span> <span class='ocrx_word' id='word_1_345' title='bbox 1628 3169 1810 3233; x_wconf 89' lang='lat' dir='ltr'><strong>solito,</strong></span> <span class='ocrx_word' id='word_1_346' title='bbox 1841 3166 1908 3220; x_wconf 89' lang='lat' dir='ltr'><strong>ad</strong></span> <span class='ocrx_word' id='word_1_347' title='bbox 1934 3179 2098 3220; x_wconf 89' lang='lat' dir='ltr'><strong>oran-</strong></span> 
     </span>
    </p>
   </div>
   <div class='ocr_carea' id='block_1_46' title="bbox 505 3257 2096 3342">
    <p class='ocr_par' dir='ltr' id='par_1_46' title="bbox 505 3257 2096 3342">
     <span class='ocr_line' id='line_1_48' title="bbox 505 3257 2096 3342; baseline -0.018 -4"><span class='ocrx_word' id='word_1_348' title='bbox 505 3323 519 3336; x_wconf 79' lang='lat'><strong>.</strong></span> <span class='ocrx_word' id='word_1_349' title='bbox 546 3257 641 3337; x_wconf 77' lang='lat' dir='ltr'><strong>um</strong></span> <span class='ocrx_word' id='word_1_350' title='bbox 666 3277 888 3342; x_wconf 79' lang='lat' dir='ltr'><strong>excitat,</strong></span> <span class='ocrx_word' id='word_1_351' title='bbox 919 3274 1000 3329; x_wconf 90' lang='lat' dir='ltr'><strong>eis</strong></span> <span class='ocrx_word' id='word_1_352' title='bbox 1035 3270 1204 3327; x_wconf 79' lang='lat' dir='ltr'><strong>finitis</strong></span> <span class='ocrx_word' id='word_1_353' title='bbox 1239 3265 1526 3323; x_wconf 87' lang='lat' dir='ltr'><strong>matutinis</strong></span> <span class='ocrx_word' id='word_1_354' title='bbox 1569 3261 1822 3316; x_wconf 87' lang='lat' dir='ltr'><strong>laudibus</strong></span> <span class='ocrx_word' id='word_1_355' title='bbox 1845 3258 1988 3312; x_wconf 90' lang='lat' dir='ltr'><strong>hanc</strong></span> <span class='ocrx_word' id='word_1_356' title='bbox 2011 3257 2096 3310; x_wconf 93' lang='lat' dir='ltr'><strong>vi-</strong></span> 
     </span>
    </p>
   </div>
   <div class='ocr_carea' id='block_1_47' title="bbox 509 3349 2099 3431">
    <p class='ocr_par' dir='ltr' id='par_1_47' title="bbox 509 3349 2099 3431">
     <span class='ocr_line' id='line_1_49' title="bbox 509 3349 2099 3431; baseline -0.02 0"><span class='ocrx_word' id='word_1_357' title='bbox 509 3376 723 3431; x_wconf 90' lang='lat' dir='ltr'><strong>sionem</strong></span> <span class='ocrx_word' id='word_1_358' title='bbox 773 3368 1036 3423; x_wconf 90' lang='lat' dir='ltr'><strong>insinuat.</strong></span> <span class='ocrx_word' id='word_1_359' title='bbox 1067 3361 1206 3429; x_wconf 84' lang='lat' dir='ltr'><strong>Quid</strong></span> <span class='ocrx_word' id='word_1_360' title='bbox 1254 3355 1504 3428; x_wconf 83' lang='lat' dir='ltr'><strong>singula?</strong></span> <span class='ocrx_word' id='word_1_361' title='bbox 1536 3351 1741 3406; x_wconf 84' lang='lat' dir='ltr'><strong>Eodem</strong></span> <span class='ocrx_word' id='word_1_362' title='bbox 1771 3349 1880 3415; x_wconf 89' lang='lat' dir='ltr'><strong>die,</strong></span> <span class='ocrx_word' id='word_1_363' title='bbox 1908 3361 2099 3402; x_wconf 90' lang='lat' dir='ltr'><strong>omnes</strong></span> 
     </span>
    </p>
   </div>
   <div class='ocr_carea' id='block_1_48' title="bbox 513 3439 2102 3538">
    <p class='ocr_par' dir='ltr' id='par_1_48' title="bbox 513 3439 2102 3538">
     <span class='ocr_line' id='line_1_50' title="bbox 513 3439 2102 3538; baseline -0.019 -16"><span class='ocrx_word' id='word_1_364' title='bbox 513 3464 817 3538; x_wconf 67' lang='lat' dir='ltr'><strong>signati,.et</strong></span> <span class='ocrx_word' id='word_1_365' title='bbox 857 3472 983 3514; x_wconf 90' lang='lat' dir='ltr'><strong>cum</strong></span> <span class='ocrx_word' id='word_1_366' title='bbox 1031 3454 1167 3526; x_wconf 88' lang='lat' dir='ltr'><strong>ipsis</strong></span> <span class='ocrx_word' id='word_1_367' title='bbox 1209 3451 1324 3518; x_wconf 89' lang='lat' dir='ltr'><strong>alii,</strong></span> <span class='ocrx_word' id='word_1_368' title='bbox 1354 3457 1509 3504; x_wconf 80' lang='lat' dir='ltr'><strong>extra</strong></span> <span class='ocrx_word' id='word_1_369' title='bbox 1536 3453 1753 3517; x_wconf 90' lang='lat' dir='ltr'><strong>portam</strong></span> <span class='ocrx_word' id='word_1_370' title='bbox 1786 3439 1936 3498; x_wconf 86' lang='lat' dir='ltr'><strong>ducti</strong></span> <span class='ocrx_word' id='word_1_371' title='bbox 1971 3446 2102 3494; x_wconf 89' lang='lat' dir='ltr'><strong>sunt</strong></span> 
     </span>
    </p>
   </div>
   <div class='ocr_carea' id='block_1_49' title="bbox 512 3531 2101 3629">
    <p class='ocr_par' dir='ltr' id='par_1_49' title="bbox 512 3531 2101 3629">
     <span class='ocr_line' id='line_1_51' title="bbox 512 3531 2101 3629; baseline -0.02 -14"><span class='ocrx_word' id='word_1_372' title='bbox 512 3531 931 3629; x_wconf 25' lang='lat' dir='ltr'><strong>advpatibulum,</strong></span> <span class='ocrx_word' id='word_1_373' title='bbox 957 3549 1050 3605; x_wconf 90' lang='lat' dir='ltr'><strong>ubi</strong></span> <span class='ocrx_word' id='word_1_374' title='bbox 1079 3547 1335 3618; x_wconf 88' lang='lat' dir='ltr'><strong>princeps</strong></span> <span class='ocrx_word' id='word_1_375' title='bbox 1369 3539 1597 3597; x_wconf 89' lang='lat' dir='ltr'><strong>sceleris</strong></span> <span class='ocrx_word' id='word_1_376' title='bbox 1622 3551 1747 3592; x_wconf 90' lang='lat' dir='ltr'><strong>cum</strong></span> <span class='ocrx_word' id='word_1_377' title='bbox 1773 3531 2101 3605; x_wconf 87' lang='lat' dir='ltr'><strong>primatibus</strong></span> 
     </span>
    </p>
   </div>
   <div class='ocr_carea' id='block_1_50' title="bbox 510 3623 2100 3715">
    <p class='ocr_par' dir='ltr' id='par_1_50' title="bbox 510 3623 2100 3715">
     <span class='ocr_line' id='line_1_52' title="bbox 510 3623 2100 3715; baseline -0.018 -9"><span class='ocrx_word' id='word_1_378' title='bbox 510 3623 681 3705; x_wconf 45' lang='lat' dir='ltr'><strong>toti-us</strong></span> <span class='ocrx_word' id='word_1_379' title='bbox 709 3645 914 3715; x_wconf 67' lang='lat' dir='ltr'><strong>Alapiae</strong></span> <span class='ocrx_word' id='word_1_380' title='bbox 941 3637 1223 3712; x_wconf 85' lang='lat' dir='ltr'><strong>dignitatis</strong></span> <span class='ocrx_word' id='word_1_381' title='bbox 1242 3677 1257 3703; x_wconf 91' lang='lat'><strong>,</strong></span> <span class='ocrx_word' id='word_1_382' title='bbox 1293 3631 1526 3690; x_wconf 83' lang='lat' dir='ltr'><strong>festivali</strong></span> <span class='ocrx_word' id='word_1_383' title='bbox 1547 3626 1818 3701; x_wconf 90' lang='lat' dir='ltr'><strong>potationi</strong></span> <span class='ocrx_word' id='word_1_384' title='bbox 1848 3623 2100 3694; x_wconf 88' lang='lat' dir='ltr'><strong>invigila-</strong></span> 
     </span>
    </p>
   </div>
   <div class='ocr_carea' id='block_1_51' title="bbox 511 3717 2104 3808">
    <p class='ocr_par' dir='ltr' id='par_1_51' title="bbox 511 3717 2104 3808">
     <span class='ocr_line' id='line_1_53' title="bbox 511 3717 2104 3808; baseline -0.019 -10"><span class='ocrx_word' id='word_1_385' title='bbox 511 3743 624 3798; x_wconf 81' lang='lat' dir='ltr'><strong>hat.</strong></span> <span class='ocrx_word' id='word_1_386' title='bbox 651 3739 861 3808; x_wconf 81' lang='lat' dir='ltr'><strong>Quibus</strong></span> <span class='ocrx_word' id='word_1_387' title='bbox 879 3734 1036 3800; x_wconf 89' lang='lat' dir='ltr'><strong>visis,</strong></span> <span class='ocrx_word' id='word_1_388' title='bbox 1062 3729 1326 3801; x_wconf 86' lang='lat' dir='ltr'><strong>magister</strong></span> <span class='ocrx_word' id='word_1_389' title='bbox 1349 3723 1571 3782; x_wconf 90' lang='lat' dir='ltr'><strong>sceleris</strong></span> <span class='ocrx_word' id='word_1_390' title='bbox 1595 3719 1878 3777; x_wconf 81' lang='lat' dir='ltr'><strong>exsultans</strong></span> <span class='ocrx_word' id='word_1_391' title='bbox 1900 3717 2104 3788; x_wconf 88' lang='lat' dir='ltr'><strong>prima-</strong></span> 
     </span>
    </p>
   </div>
   <div class='ocr_carea' id='block_1_52' title="bbox 511 3809 2104 3898">
    <p class='ocr_par' dir='ltr' id='par_1_52' title="bbox 511 3809 2104 3898">
     <span class='ocr_line' id='line_1_54' title="bbox 511 3809 2104 3898; baseline -0.018 -11"><span class='ocrx_word' id='word_1_392' title='bbox 511 3832 662 3888; x_wconf 89' lang='lat' dir='ltr'><strong>tibus</strong></span> <span class='ocrx_word' id='word_1_393' title='bbox 691 3827 868 3898; x_wconf 91' lang='lat' dir='ltr'><strong>inquit</strong></span> <span class='ocrx_word' id='word_1_394' title='bbox 894 3842 909 3880; x_wconf 85' lang='lat'><strong>:</strong></span> <span class='ocrx_word' id='word_1_395' title='bbox 939 3843 957 3876; x_wconf 76' lang='grc' dir='ltr'>ι</span> <span class='ocrx_word' id='word_1_396' title='bbox 999 3817 1294 3876; x_wconf 87' lang='lat' dir='ltr'><strong>Intuemini</strong></span> <span class='ocrx_word' id='word_1_397' title='bbox 1333 3830 1443 3886; x_wconf 89' lang='lat' dir='ltr'><strong>qua</strong></span> <span class='ocrx_word' id='word_1_398' title='bbox 1480 3809 1855 3880; x_wconf 88' lang='lat' dir='ltr'><strong>redemptione</strong></span> <span class='ocrx_word' id='word_1_399' title='bbox 1899 3815 1953 3862; x_wconf 91' lang='lat' dir='ltr'><strong>et</strong></span> <span class='ocrx_word' id='word_1_400' title='bbox 1992 3820 2104 3876; x_wconf 93' lang='lat' dir='ltr'><strong>quo</strong></span> 
     </span>
    </p>
   </div>
   <div class='ocr_carea' id='block_1_53' title="bbox 514 3899 2106 3979">
    <p class='ocr_par' dir='ltr' id='par_1_53' title="bbox 514 3899 2106 3979">
     <span class='ocr_line' id='line_1_55' title="bbox 514 3899 2106 3979; baseline -0.019 0"><span class='ocrx_word' id='word_1_401' title='bbox 514 3937 746 3979; x_wconf 90' lang='lat' dir='ltr'><strong>munere</strong></span> <span class='ocrx_word' id='word_1_402' title='bbox 786 3919 991 3974; x_wconf 88' lang='lat' dir='ltr'><strong>liberos</strong></span> <span class='ocrx_word' id='word_1_403' title='bbox 1013 3912 1215 3969; x_wconf 91' lang='lat' dir='ltr'><strong>milites</strong></span> <span class='ocrx_word' id='word_1_404' title='bbox 1241 3909 1378 3964; x_wconf 89' lang='lat' dir='ltr'><strong>istos</strong></span> <span class='ocrx_word' id='word_1_405' title='bbox 1406 3904 1568 3960; x_wconf 89' lang='lat' dir='ltr'><strong>velim</strong></span> <span class='ocrx_word' id='word_1_406' title='bbox 1601 3901 1669 3957; x_wconf 91' lang='lat' dir='ltr'><strong>ad</strong></span> <span class='ocrx_word' id='word_1_407' title='bbox 1699 3899 1984 3957; x_wconf 92' lang='lat' dir='ltr'><strong>dominum</strong></span> <span class='ocrx_word' id='word_1_408' title='bbox 2018 3911 2106 3950; x_wconf 82' lang='lat' dir='ltr'><strong>re-</strong></span> 
     </span>
    </p>
   </div>
   <div class='ocr_carea' id='block_1_54' title="bbox 514 3989 2102 4088">
    <p class='ocr_par' dir='ltr' id='par_1_54' title="bbox 514 3989 2102 4088">
     <span class='ocr_line' id='line_1_56' title="bbox 514 3989 2102 4088; baseline -0.02 -15"><span class='ocrx_word' id='word_1_409' title='bbox 514 4031 636 4088; x_wconf 90' lang='lat' dir='ltr'><strong>gem</strong></span> <span class='ocrx_word' id='word_1_410' title='bbox 655 4028 816 4070; x_wconf 89' lang='lat' dir='ltr'><strong>suum</strong></span> <span class='ocrx_word' id='word_1_411' title='bbox 837 4006 1072 4082; x_wconf 89' lang='lat' dir='ltr'><strong>regredi,</strong></span> <span class='ocrx_word' id='word_1_412' title='bbox 1093 4012 1149 4060; x_wconf 91' lang='lat' dir='ltr'><strong>et</strong></span> <span class='ocrx_word' id='word_1_413' title='bbox 1163 4011 1223 4058; x_wconf 90' lang='lat' dir='ltr'><strong>ut</strong></span> <span class='ocrx_word' id='word_1_414' title='bbox 1245 3999 1447 4071; x_wconf 88' lang='lat' dir='ltr'><strong>singuli</strong></span> <span class='ocrx_word' id='word_1_415' title='bbox 1476 4013 1508 4053; x_wconf 89' lang='lat' dir='ltr'><strong>a</strong></span> <span class='ocrx_word' id='word_1_416' title='bbox 1537 4011 1705 4052; x_wconf 86' lang='lat' dir='ltr'><strong>manu</strong></span> <span class='ocrx_word' id='word_1_417' title='bbox 1739 4009 1859 4049; x_wconf 90' lang='lat' dir='ltr'><strong>mea</strong></span> <span class='ocrx_word' id='word_1_418' title='bbox 1883 3989 2102 4062; x_wconf 90' lang='lat' dir='ltr'><strong>propria</strong></span> 
     </span>
    </p>
   </div>
   <div class='ocr_carea' id='block_1_55' title="bbox 518 4085 2103 4169">
    <p class='ocr_par' dir='ltr' id='par_1_55' title="bbox 518 4085 2103 4169">
     <span class='ocr_line' id='line_1_57' title="bbox 518 4085 2103 4169; baseline -0.017 -6"><span class='ocrx_word' id='word_1_419' title='bbox 518 4121 720 4162; x_wconf 88' lang='lat' dir='ltr'><strong>munus</strong></span> <span class='ocrx_word' id='word_1_420' title='bbox 763 4117 926 4160; x_wconf 90' lang='lat' dir='ltr'><strong>suum</strong></span> <span class='ocrx_word' id='word_1_421' title='bbox 970 4097 1240 4169; x_wconf 89' lang='lat' dir='ltr'><strong>recipiant</strong></span> <span class='ocrx_word' id='word_1_422' title='bbox 1267 4109 1411 4149; x_wconf 91' lang='lat' dir='ltr'><strong>unus</strong></span> <span class='ocrx_word' id='word_1_423' title='bbox 1445 4097 1569 4162; x_wconf 92' lang='lat' dir='ltr'><strong>post</strong></span> <span class='ocrx_word' id='word_1_424' title='bbox 1591 4103 1762 4143; x_wconf 90' lang='lat' dir='ltr'><strong>unum</strong></span> <span class='ocrx_word' id='word_1_425' title='bbox 1800 4085 2103 4148; x_wconf 90' lang='lat' dir='ltr'><strong>adductus,</strong></span> 
     </span>
    </p>
   </div>
   <div class='ocr_carea' id='block_1_56' title="bbox 519 4174 2107 4264">
    <p class='ocr_par' dir='ltr' id='par_1_56' title="bbox 519 4174 2107 4264">
     <span class='ocr_line' id='line_1_58' title="bbox 519 4174 2107 4264; baseline -0.016 -11"><span class='ocrx_word' id='word_1_426' title='bbox 519 4199 662 4254; x_wconf 88' lang='lat' dir='ltr'><strong>sicut</strong></span> <span class='ocrx_word' id='word_1_427' title='bbox 681 4197 857 4261; x_wconf 83' lang='lat' dir='ltr'><strong>decet,</strong></span> <span class='ocrx_word' id='word_1_428' title='bbox 875 4193 988 4264; x_wconf 90' lang='lat' dir='ltr'><strong>jam</strong></span> <span class='ocrx_word' id='word_1_429' title='bbox 1020 4189 1230 4245; x_wconf 66' lang='lat' dir='ltr'><strong>veniat;</strong></span> <span class='ocrx_word' id='word_1_430' title='bbox 1257 4205 1275 4238; x_wconf 71' lang='grc' dir='ltr'>ι</span> <span class='ocrx_word' id='word_1_431' title='bbox 1304 4184 1525 4239; x_wconf 87' lang='lat' dir='ltr'><strong>Primus</strong></span> <span class='ocrx_word' id='word_1_432' title='bbox 1554 4182 1739 4252; x_wconf 89' lang='lat' dir='ltr'><strong>itaque</strong></span> <span class='ocrx_word' id='word_1_433' title='bbox 1768 4177 1982 4234; x_wconf 90' lang='lat' dir='ltr'><strong>Sanson</strong></span> <span class='ocrx_word' id='word_1_434' title='bbox 2011 4174 2107 4229; x_wconf 90' lang='lat' dir='ltr'><strong>ad-</strong></span> 
     </span>
    </p>
   </div>
   <div class='ocr_carea' id='block_1_57' title="bbox 521 4264 2106 4356">
    <p class='ocr_par' dir='ltr' id='par_1_57' title="bbox 521 4264 2106 4356">
     <span class='ocr_line' id='line_1_59' title="bbox 521 4264 2106 4356; baseline -0.017 -9"><span class='ocrx_word' id='word_1_435' title='bbox 521 4290 736 4354; x_wconf 89' lang='lat' dir='ltr'><strong>ductus,</strong></span> <span class='ocrx_word' id='word_1_436' title='bbox 765 4285 940 4356; x_wconf 85' lang='lat' dir='ltr'><strong>ipsius</strong></span> <span class='ocrx_word' id='word_1_437' title='bbox 973 4280 1163 4353; x_wconf 83' lang='lat' dir='ltr'><strong>Algazi</strong></span> <span class='ocrx_word' id='word_1_438' title='bbox 1203 4293 1370 4334; x_wconf 90' lang='lat' dir='ltr'><strong>manu</strong></span> <span class='ocrx_word' id='word_1_439' title='bbox 1402 4272 1580 4344; x_wconf 87' lang='lat' dir='ltr'><strong>capite</strong></span> <span class='ocrx_word' id='word_1_440' title='bbox 1610 4271 1824 4342; x_wconf 82' lang='lat' dir='ltr'><strong>plexus,</strong></span> <span class='ocrx_word' id='word_1_441' title='bbox 1857 4264 2106 4336; x_wconf 87' lang='lat' dir='ltr'><strong>martyrii</strong></span> 
     </span>
    </p>
   </div>
   <div class='ocr_carea' id='block_1_58' title="bbox 519 4358 2107 4440">
    <p class='ocr_par' dir='ltr' id='par_1_58' title="bbox 519 4358 2107 4440">
     <span class='ocr_line' id='line_1_60' title="bbox 519 4358 2107 4440; baseline -0.018 0"><span class='ocrx_word' id='word_1_442' title='bbox 519 4396 748 4440; x_wconf 90' lang='lat' dir='ltr'><strong>munere</strong></span> <span class='ocrx_word' id='word_1_443' title='bbox 777 4379 1070 4434; x_wconf 86' lang='lat' dir='ltr'><strong>decoratus</strong></span> <span class='ocrx_word' id='word_1_444' title='bbox 1109 4387 1235 4429; x_wconf 90' lang='lat' dir='ltr'><strong>cum</strong></span> <span class='ocrx_word' id='word_1_445' title='bbox 1267 4367 1474 4426; x_wconf 88' lang='lat' dir='ltr'><strong>sanctis</strong></span> <span class='ocrx_word' id='word_1_446' title='bbox 1504 4371 1834 4435; x_wconf 81' lang='lat' dir='ltr'><strong>regnaturus</strong></span> <span class='ocrx_word' id='word_1_447' title='bbox 1872 4358 2107 4413; x_wconf 90' lang='lat' dir='ltr'><strong>Domino</strong></span> 
     </span>
    </p>
   </div>
   <div class='ocr_carea' id='block_1_59' title="bbox 521 4449 2108 4548">
    <p class='ocr_par' dir='ltr' id='par_1_59' title="bbox 521 4449 2108 4548">
     <span class='ocr_line' id='line_1_61' title="bbox 521 4449 2108 4548; baseline -0.02 -16"><span class='ocrx_word' id='word_1_448' title='bbox 521 4480 917 4548; x_wconf 67' lang='lat' dir='ltr'><strong>praescntatur;</strong></span> <span class='ocrx_word' id='word_1_449' title='bbox 942 4469 1196 4538; x_wconf 86' lang='lat' dir='ltr'><strong>idemque</strong></span> <span class='ocrx_word' id='word_1_450' title='bbox 1221 4463 1289 4519; x_wconf 90' lang='lat' dir='ltr'><strong>de</strong></span> <span class='ocrx_word' id='word_1_451' title='bbox 1317 4457 1532 4516; x_wconf 82' lang='lat' dir='ltr'><strong>caeteris</strong></span> <span class='ocrx_word' id='word_1_452' title='bbox 1570 4455 1643 4509; x_wconf 72' lang='grc'><strong>24</strong></span> <span class='ocrx_word' id='word_1_453' title='bbox 1667 4449 1898 4524; x_wconf 84' lang='lat' dir='ltr'><strong>signatis</strong></span> <span class='ocrx_word' id='word_1_454' title='bbox 1925 4489 1939 4516; x_wconf 93' lang='lat'><strong>,</strong></span> <span class='ocrx_word' id='word_1_455' title='bbox 1980 4462 2108 4503; x_wconf 88' lang='lat' dir='ltr'><strong>vere</strong></span> 
     </span>
    </p>
   </div>
   <div class='ocr_carea' id='block_1_60' title="bbox 522 4560 1232 4640">
    <p class='ocr_par' dir='ltr' id='par_1_60' title="bbox 522 4560 1232 4640">
     <span class='ocr_line' id='line_1_62' title="bbox 522 4560 1232 4640; baseline -0.017 -15"><span class='ocrx_word' id='word_1_456' title='bbox 522 4576 804 4640; x_wconf 89' lang='lat' dir='ltr'><strong>peractum</strong></span> <span class='ocrx_word' id='word_1_457' title='bbox 826 4560 1232 4633; x_wconf 87' lang='lat' dir='ltr'><strong>comprobatur.</strong></span> 
     </span>
    </p>
   </div>
   <div class='ocr_carea' id='block_1_61' title="bbox 593 4632 2110 4716">
    <p class='ocr_par' dir='ltr' id='par_1_61' title="bbox 593 4632 2110 4716">
     <span class='ocr_line' id='line_1_63' title="bbox 593 4632 2110 4716; baseline -0.019 -2"><span class='ocrx_word' id='word_1_458' title='bbox 593 4659 704 4716; x_wconf 83' lang='lat' dir='ltr'><strong>Nec</strong></span> <span class='ocrx_word' id='word_1_459' title='bbox 748 4657 801 4713; x_wconf 95' lang='lat' dir='ltr'><strong>id</strong></span> <span class='ocrx_word' id='word_1_460' title='bbox 829 4632 1120 4712; x_wconf 82' lang='lat' dir='ltr'><strong>tacendum</strong></span> <span class='ocrx_word' id='word_1_461' title='bbox 1158 4649 1407 4711; x_wconf 89' lang='lat' dir='ltr'><strong>intueor,</strong></span> <span class='ocrx_word' id='word_1_462' title='bbox 1442 4638 1589 4713; x_wconf 90' lang='lat' dir='ltr'><strong>quod</strong></span> <span class='ocrx_word' id='word_1_463' title='bbox 1626 4639 1764 4693; x_wconf 84' lang='lat' dir='ltr'><strong>inter</strong></span> <span class='ocrx_word' id='word_1_464' title='bbox 1820 4635 1953 4691; x_wconf 88' lang='lat' dir='ltr'><strong>istos</strong></span> <span class='ocrx_word' id='word_1_465' title='bbox 1987 4632 2110 4704; x_wconf 86' lang='lat' dir='ltr'><strong>qui-</strong></span> 
     </span>
    </p>
   </div>
   <div class='ocr_carea' id='block_1_62' title="bbox 525 4728 2110 4825">
    <p class='ocr_par' dir='ltr' id='par_1_62' title="bbox 525 4728 2110 4825">
     <span class='ocr_line' id='line_1_64' title="bbox 525 4728 2110 4825; baseline -0.02 -12"><span class='ocrx_word' id='word_1_466' title='bbox 525 4757 652 4813; x_wconf 88' lang='lat' dir='ltr'><strong>dam</strong></span> <span class='ocrx_word' id='word_1_467' title='bbox 676 4746 1135 4825; x_wconf 67' lang='lat' dir='ltr'><strong>juvenis&#39;exstitit</strong></span> <span class='ocrx_word' id='word_1_468' title='bbox 1153 4741 1479 4803; x_wconf 91' lang='lat' dir='ltr'><strong>decollatus,</strong></span> <span class='ocrx_word' id='word_1_469' title='bbox 1513 4744 1676 4790; x_wconf 87' lang='lat' dir='ltr'><strong>natus</strong></span> <span class='ocrx_word' id='word_1_470' title='bbox 1697 4729 2000 4787; x_wconf 90' lang='lat' dir='ltr'><strong>Aconensis</strong></span> <span class='ocrx_word' id='word_1_471' title='bbox 2024 4728 2110 4782; x_wconf 83' lang='lat' dir='ltr'><strong>vi-</strong></span> 
     </span>
    </p>
   </div>
   <div class='ocr_carea' id='block_1_63' title="bbox 526 4821 2110 4914">
    <p class='ocr_par' dir='ltr' id='par_1_63' title="bbox 526 4821 2110 4914">
     <span class='ocr_line' id='line_1_65' title="bbox 526 4821 2110 4914; baseline -0.02 -9"><span class='ocrx_word' id='word_1_472' title='bbox 526 4846 839 4912; x_wconf 88' lang='lat' dir='ltr'><strong>cecomitis;</strong></span> <span class='ocrx_word' id='word_1_473' title='bbox 864 4842 1023 4914; x_wconf 89' lang='lat' dir='ltr'><strong>cujus</strong></span> <span class='ocrx_word' id='word_1_474' title='bbox 1049 4851 1275 4908; x_wconf 91' lang='lat' dir='ltr'><strong>corpus,</strong></span> <span class='ocrx_word' id='word_1_475' title='bbox 1301 4849 1332 4888; x_wconf 89' lang='lat' dir='ltr'><strong>a</strong></span> <span class='ocrx_word' id='word_1_476' title='bbox 1352 4833 1474 4886; x_wconf 94' lang='lat' dir='ltr'><strong>loco</strong></span> <span class='ocrx_word' id='word_1_477' title='bbox 1501 4829 1557 4883; x_wconf 91' lang='lat' dir='ltr'><strong>in</strong></span> <span class='ocrx_word' id='word_1_478' title='bbox 1588 4842 1698 4898; x_wconf 92' lang='lat' dir='ltr'><strong>quo</strong></span> <span class='ocrx_word' id='word_1_479' title='bbox 1727 4824 1962 4896; x_wconf 90' lang='lat' dir='ltr'><strong>jacebat,</strong></span> <span class='ocrx_word' id='word_1_480' title='bbox 1993 4821 2110 4876; x_wconf 87' lang='lat' dir='ltr'><strong>vir-</strong></span> 
     </span>
    </p>
   </div>
   <div class='ocr_carea' id='block_1_64' title="bbox 529 4914 2108 4997">
    <p class='ocr_par' dir='ltr' id='par_1_64' title="bbox 529 4914 2108 4997">
     <span class='ocr_line' id='line_1_66' title="bbox 529 4914 2108 4997; baseline -0.02 0"><span class='ocrx_word' id='word_1_481' title='bbox 529 4951 640 4997; x_wconf 86' lang='lat' dir='ltr'><strong>tute</strong></span> <span class='ocrx_word' id='word_1_482' title='bbox 685 4955 749 4995; x_wconf 89' lang='lat' dir='ltr'><strong>ac</strong></span> <span class='ocrx_word' id='word_1_483' title='bbox 789 4935 1058 4994; x_wconf 90' lang='lat' dir='ltr'><strong>miraculo</strong></span> <span class='ocrx_word' id='word_1_484' title='bbox 1105 4925 1362 4989; x_wconf 90' lang='lat' dir='ltr'><strong>Domini,</strong></span> <span class='ocrx_word' id='word_1_485' title='bbox 1417 4937 1602 4978; x_wconf 89' lang='lat' dir='ltr'><strong>coram</strong></span> <span class='ocrx_word' id='word_1_486' title='bbox 1651 4917 1864 4975; x_wconf 90' lang='lat' dir='ltr'><strong>cunctis</strong></span> <span class='ocrx_word' id='word_1_487' title='bbox 1909 4914 2108 4970; x_wconf 88' lang='lat' dir='ltr'><strong>ibidem</strong></span> 
     </span>
    </p>
   </div>
   <div class='ocr_carea' id='block_1_65' title="bbox 524 5006 2112 5093">
    <p class='ocr_par' dir='ltr' id='par_1_65' title="bbox 524 5006 2112 5093">
     <span class='ocr_line' id='line_1_67' title="bbox 524 5006 2112 5093; baseline -0.02 -2"><span class='ocrx_word' id='word_1_488' title='bbox 524 5032 906 5093; x_wconf 81' lang='lat' dir='ltr'><strong>existentibus,</strong></span> <span class='ocrx_word' id='word_1_489' title='bbox 940 5026 1009 5081; x_wconf 87' lang='lat' dir='ltr'><strong>ad</strong></span> <span class='ocrx_word' id='word_1_490' title='bbox 1038 5023 1210 5078; x_wconf 89' lang='lat' dir='ltr'><strong>alium</strong></span> <span class='ocrx_word' id='word_1_491' title='bbox 1234 5020 1418 5074; x_wconf 90' lang='lat' dir='ltr'><strong>locum</strong></span> <span class='ocrx_word' id='word_1_492' title='bbox 1458 5031 1515 5070; x_wconf 92' lang='lat' dir='ltr'><strong>se</strong></span> <span class='ocrx_word' id='word_1_493' title='bbox 1551 5011 1870 5068; x_wconf 83' lang='lat' dir='ltr'><strong>transvexit.</strong></span> <span class='ocrx_word' id='word_1_494' title='bbox 1917 5007 1981 5062; x_wconf 86' lang='lat' dir='ltr'><strong>Et</strong></span> <span class='ocrx_word' id='word_1_495' title='bbox 2005 5006 2112 5060; x_wconf 93' lang='lat' dir='ltr'><strong>hoc</strong></span> 
     </span>
    </p>
   </div>
   <div class='ocr_carea' id='block_1_66' title="bbox 526 5098 2112 5194">
    <p class='ocr_par' dir='ltr' id='par_1_66' title="bbox 526 5098 2112 5194">
     <span class='ocr_line' id='line_1_68' title="bbox 526 5098 2112 5194; baseline -0.016 -14"><span class='ocrx_word' id='word_1_496' title='bbox 526 5127 693 5191; x_wconf 82' lang='lat' dir='ltr'><strong>facto,</strong></span> <span class='ocrx_word' id='word_1_497' title='bbox 717 5121 981 5194; x_wconf 86' lang='lat' dir='ltr'><strong>profanus</strong></span> <span class='ocrx_word' id='word_1_498' title='bbox 1010 5114 1221 5170; x_wconf 89' lang='lat' dir='ltr'><strong>viribus</strong></span> <span class='ocrx_word' id='word_1_499' title='bbox 1241 5110 1537 5166; x_wconf 88' lang='lat' dir='ltr'><strong>destitutus</strong></span> <span class='ocrx_word' id='word_1_500' title='bbox 1560 5107 1615 5160; x_wconf 92' lang='lat' dir='ltr'><strong>in</strong></span> <span class='ocrx_word' id='word_1_501' title='bbox 1645 5104 1818 5159; x_wconf 86' lang='lat' dir='ltr'><strong>elluso</strong></span> <span class='ocrx_word' id='word_1_502' title='bbox 1847 5098 2112 5170; x_wconf 88' lang='lat' dir='ltr'><strong>sanguine</strong></span> 
     </span>
    </p>
   </div>
   <div class='ocr_carea' id='block_1_67' title="bbox 531 5187 2113 5286">
    <p class='ocr_par' dir='ltr' id='par_1_67' title="bbox 531 5187 2113 5286">
     <span class='ocr_line' id='line_1_69' title="bbox 531 5187 2113 5286; baseline -0.018 -15"><span class='ocrx_word' id='word_1_503' title='bbox 531 5229 794 5286; x_wconf 84' lang='lat' dir='ltr'><strong>spumans</strong></span> <span class='ocrx_word' id='word_1_504' title='bbox 819 5220 871 5265; x_wconf 91' lang='lat' dir='ltr'><strong>et</strong></span> <span class='ocrx_word' id='word_1_505' title='bbox 901 5208 1070 5263; x_wconf 90' lang='lat' dir='ltr'><strong>elisus</strong></span> <span class='ocrx_word' id='word_1_506' title='bbox 1120 5202 1343 5268; x_wconf 90' lang='lat' dir='ltr'><strong>occidit,</strong></span> <span class='ocrx_word' id='word_1_507' title='bbox 1394 5209 1551 5255; x_wconf 90' lang='lat' dir='ltr'><strong>torvo</strong></span> <span class='ocrx_word' id='word_1_508' title='bbox 1595 5208 1792 5268; x_wconf 88' lang='lat' dir='ltr'><strong>genere</strong></span> <span class='ocrx_word' id='word_1_509' title='bbox 1837 5187 2113 5262; x_wconf 87' lang='lat' dir='ltr'><strong>passionis</strong></span> 
     </span>
    </p>
   </div>
   <div class='ocr_carea' id='block_1_68' title="bbox 531 5279 2112 5369">
    <p class='ocr_par' dir='ltr' id='par_1_68' title="bbox 531 5279 2112 5369">
     <span class='ocr_line' id='line_1_70' title="bbox 531 5279 2112 5369; baseline -0.019 -6"><span class='ocrx_word' id='word_1_510' title='bbox 531 5305 796 5363; x_wconf 88' lang='lat' dir='ltr'><strong>acerrime</strong></span> <span class='ocrx_word' id='word_1_511' title='bbox 825 5302 1174 5369; x_wconf 88' lang='lat' dir='ltr'><strong>deturpatus,</strong></span> <span class='ocrx_word' id='word_1_512' title='bbox 1200 5297 1296 5362; x_wconf 91' lang='lat' dir='ltr'><strong>ita,</strong></span> <span class='ocrx_word' id='word_1_513' title='bbox 1323 5293 1545 5363; x_wconf 89' lang='lat' dir='ltr'><strong>inquam</strong></span> <span class='ocrx_word' id='word_1_514' title='bbox 1564 5331 1579 5357; x_wconf 94' lang='lat'><strong>,</strong></span> <span class='ocrx_word' id='word_1_515' title='bbox 1609 5295 1670 5344; x_wconf 90' lang='lat' dir='ltr'><strong>ut</strong></span> <span class='ocrx_word' id='word_1_516' title='bbox 1697 5302 1760 5344; x_wconf 92' lang='lat' dir='ltr'><strong>os</strong></span> <span class='ocrx_word' id='word_1_517' title='bbox 1795 5298 1922 5341; x_wconf 92' lang='lat' dir='ltr'><strong>cum</strong></span> <span class='ocrx_word' id='word_1_518' title='bbox 1959 5279 2112 5337; x_wconf 89' lang='lat' dir='ltr'><strong>auri-</strong></span> 
     </span>
    </p>
   </div>
   <div class='ocr_carea' id='block_1_69' title="bbox 530 5378 2116 5465">
    <p class='ocr_par' dir='ltr' id='par_1_69' title="bbox 530 5378 2116 5465">
     <span class='ocr_line' id='line_1_71' title="bbox 530 5378 2116 5465; baseline -0.019 -9"><span class='ocrx_word' id='word_1_519' title='bbox 530 5401 634 5456; x_wconf 87' lang='lat' dir='ltr'><strong>bus</strong></span> <span class='ocrx_word' id='word_1_520' title='bbox 655 5440 670 5465; x_wconf 95' lang='lat'><strong>,</strong></span> <span class='ocrx_word' id='word_1_521' title='bbox 693 5407 749 5452; x_wconf 90' lang='lat' dir='ltr'><strong>et</strong></span> <span class='ocrx_word' id='word_1_522' title='bbox 771 5410 933 5451; x_wconf 88' lang='lat' dir='ltr'><strong>aures</strong></span> <span class='ocrx_word' id='word_1_523' title='bbox 959 5408 1083 5449; x_wconf 89' lang='lat' dir='ltr'><strong>cum</strong></span> <span class='ocrx_word' id='word_1_524' title='bbox 1106 5390 1339 5446; x_wconf 89' lang='lat' dir='ltr'><strong>naribus</strong></span> <span class='ocrx_word' id='word_1_525' title='bbox 1361 5386 1530 5443; x_wconf 91' lang='lat' dir='ltr'><strong>chaos</strong></span> <span class='ocrx_word' id='word_1_526' title='bbox 1556 5381 1839 5438; x_wconf 89' lang='lat' dir='ltr'><strong>horridum</strong></span> <span class='ocrx_word' id='word_1_527' title='bbox 1867 5378 2116 5431; x_wconf 82' lang='lat' dir='ltr'><strong>ﬁrmasse</strong></span> 
     </span>
    </p>
   </div>
   <div class='ocr_carea' id='block_1_70' title="bbox 533 5464 2115 5551">
    <p class='ocr_par' dir='ltr' id='par_1_70' title="bbox 533 5464 2115 5551">
     <span class='ocr_line' id='line_1_72' title="bbox 533 5464 2115 5551; baseline -0.016 -8"><span class='ocrx_word' id='word_1_528' title='bbox 533 5464 827 5543; x_wconf 82' lang='lat' dir='ltr'><strong>videretur.</strong></span> <span class='ocrx_word' id='word_1_529' title='bbox 862 5481 1087 5539; x_wconf 80' lang='lat' dir='ltr'><strong>Residui</strong></span> <span class='ocrx_word' id='word_1_530' title='bbox 1115 5481 1302 5551; x_wconf 88' lang='lat' dir='ltr'><strong>itaque</strong></span> <span class='ocrx_word' id='word_1_531' title='bbox 1327 5493 1438 5532; x_wconf 90' lang='lat' dir='ltr'><strong>non</strong></span> <span class='ocrx_word' id='word_1_532' title='bbox 1487 5471 1710 5544; x_wconf 87' lang='lat' dir='ltr'><strong>signati,</strong></span> <span class='ocrx_word' id='word_1_533' title='bbox 1736 5467 1900 5539; x_wconf 83' lang='lat' dir='ltr'><strong>pulsi,</strong></span> <span class='ocrx_word' id='word_1_534' title='bbox 1926 5464 2115 5535; x_wconf 71' lang='lat' dir='ltr'><strong>flagel-</strong></span> 
     </span>
    </p>
   </div>
   <div class='ocr_carea' id='block_1_71' title="bbox 533 5553 2118 5648">
    <p class='ocr_par' dir='ltr' id='par_1_71' title="bbox 533 5553 2118 5648">
     <span class='ocr_line' id='line_1_73' title="bbox 533 5553 2118 5648; baseline -0.017 -14"><span class='ocrx_word' id='word_1_535' title='bbox 533 5581 650 5648; x_wconf 89' lang='lat' dir='ltr'><strong>lati,</strong></span> <span class='ocrx_word' id='word_1_536' title='bbox 698 5587 754 5634; x_wconf 89' lang='lat' dir='ltr'><strong>et</strong></span> <span class='ocrx_word' id='word_1_537' title='bbox 797 5575 1048 5641; x_wconf 87' lang='lat' dir='ltr'><strong>detracti,</strong></span> <span class='ocrx_word' id='word_1_538' title='bbox 1091 5572 1348 5628; x_wconf 88' lang='lat' dir='ltr'><strong>manibus</strong></span> <span class='ocrx_word' id='word_1_539' title='bbox 1389 5567 1682 5636; x_wconf 90' lang='lat' dir='ltr'><strong>impiorum</strong></span> <span class='ocrx_word' id='word_1_540' title='bbox 1708 5556 2008 5616; x_wconf 66' lang='lat' dir='ltr'><strong>saevissime</strong></span> <span class='ocrx_word' id='word_1_541' title='bbox 2049 5553 2118 5608; x_wconf 88' lang='lat' dir='ltr'><strong>ad</strong></span> 
     </span>
    </p>
   </div>
   <div class='ocr_carea' id='block_1_72' title="bbox 535 5648 2119 5732">
    <p class='ocr_par' dir='ltr' id='par_1_72' title="bbox 535 5648 2119 5732">
     <span class='ocr_line' id='line_1_74' title="bbox 535 5648 2119 5732; baseline -0.019 -3"><span class='ocrx_word' id='word_1_542' title='bbox 535 5686 811 5730; x_wconf 83' lang='lat' dir='ltr'><strong>carcerem</strong></span> <span class='ocrx_word' id='word_1_543' title='bbox 862 5667 1232 5724; x_wconf 87' lang='lat' dir='ltr'><strong>remittuntur.</strong></span> <span class='ocrx_word' id='word_1_544' title='bbox 1287 5661 1408 5732; x_wconf 85' lang='lat' dir='ltr'><strong>Ipse</strong></span> <span class='ocrx_word' id='word_1_545' title='bbox 1453 5672 1584 5713; x_wconf 83' lang='lat' dir='ltr'><strong>vero</strong></span> <span class='ocrx_word' id='word_1_546' title='bbox 1632 5652 1818 5725; x_wconf 85' lang='lat' dir='ltr'><strong>Algazi</strong></span> <span class='ocrx_word' id='word_1_547' title='bbox 1863 5648 2119 5704; x_wconf 90' lang='lat' dir='ltr'><strong>manibus</strong></span> 
     </span>
    </p>
   </div>
   <div class='ocr_carea' id='block_1_73' title="bbox 535 5738 2120 5818">
    <p class='ocr_par' dir='ltr' id='par_1_73' title="bbox 535 5738 2120 5818">
     <span class='ocr_line' id='line_1_75' title="bbox 535 5738 2120 5818; baseline -0.017 0"><span class='ocrx_word' id='word_1_548' title='bbox 535 5776 767 5818; x_wconf 84' lang='lat' dir='ltr'><strong>suorum</strong></span> <span class='ocrx_word' id='word_1_549' title='bbox 797 5761 850 5814; x_wconf 89' lang='lat' dir='ltr'><strong>in</strong></span> <span class='ocrx_word' id='word_1_550' title='bbox 877 5757 1115 5813; x_wconf 89' lang='lat' dir='ltr'><strong>tentorio</strong></span> <span class='ocrx_word' id='word_1_551' title='bbox 1160 5753 1482 5817; x_wconf 89' lang='lat' dir='ltr'><strong>collocatus,</strong></span> <span class='ocrx_word' id='word_1_552' title='bbox 1537 5760 1690 5804; x_wconf 90' lang='lat' dir='ltr'><strong>more</strong></span> <span class='ocrx_word' id='word_1_553' title='bbox 1731 5743 1893 5799; x_wconf 89' lang='lat' dir='ltr'><strong>solito</strong></span> <span class='ocrx_word' id='word_1_554' title='bbox 1930 5756 1962 5794; x_wconf 91' lang='lat' dir='ltr'><strong>a</strong></span> <span class='ocrx_word' id='word_1_555' title='bbox 1989 5738 2120 5794; x_wconf 84' lang='lat' dir='ltr'><strong>vino</strong></span> 
     </span>
    </p>
   </div>
   <div class='ocr_carea' id='block_1_74' title="bbox 535 5832 2108 5929">
    <p class='ocr_par' dir='ltr' id='par_1_74' title="bbox 535 5832 2108 5929">
     <span class='ocr_line' id='line_1_76' title="bbox 535 5832 2108 5929; baseline -0.018 -15"><span class='ocrx_word' id='word_1_556' title='bbox 535 5862 830 5927; x_wconf 82' lang='lat' dir='ltr'><strong>superatus</strong></span> <span class='ocrx_word' id='word_1_557' title='bbox 856 5853 911 5907; x_wconf 89' lang='lat' dir='ltr'><strong>in</strong></span> <span class='ocrx_word' id='word_1_558' title='bbox 937 5849 1111 5929; x_wconf 73' lang='lat' dir='ltr'><strong>fetore</strong></span> <span class='ocrx_word' id='word_1_559' title='bbox 1140 5847 1223 5904; x_wconf 90' lang='lat' dir='ltr'><strong>sui</strong></span> <span class='ocrx_word' id='word_1_560' title='bbox 1247 5846 1419 5918; x_wconf 85' lang='lat' dir='ltr'><strong>ipsius</strong></span> <span class='ocrx_word' id='word_1_561' title='bbox 1447 5842 1581 5899; x_wconf 89' lang='lat' dir='ltr'><strong>fecis</strong></span> <span class='ocrx_word' id='word_1_562' title='bbox 1601 5881 1617 5909; x_wconf 97' lang='lat'><strong>,</strong></span> <span class='ocrx_word' id='word_1_563' title='bbox 1655 5834 1970 5912; x_wconf 87' lang='lat' dir='ltr'><strong>quindecim</strong></span> <span class='ocrx_word' id='word_1_564' title='bbox 2001 5832 2108 5889; x_wconf 88' lang='lat' dir='ltr'><strong>die-</strong></span> 
     </span>
    </p>
   </div>
   <div class='ocr_carea' id='block_1_75' title="bbox 2142 4515 3786 4616">
    <p class='ocr_par' dir='ltr' id='par_1_75' title="bbox 2142 4515 3786 4616">
     <span class='ocr_line' id='line_1_77' title="bbox 2142 4515 3786 4616; baseline -0.01 -29"><span class='ocrx_word' id='word_1_565' title='bbox 2142 4561 2187 4616; x_wconf 79' lang='lat' dir='ltr'><strong>D</strong></span> <span class='ocrx_word' id='word_1_566' title='bbox 2213 4532 2463 4598; x_wconf 87' lang='lat' dir='ltr'><strong>laudata,</strong></span> <span class='ocrx_word' id='word_1_567' title='bbox 2520 4528 2748 4599; x_wconf 90' lang='lat' dir='ltr'><strong>probata</strong></span> <span class='ocrx_word' id='word_1_568' title='bbox 2787 4535 2841 4581; x_wconf 91' lang='lat' dir='ltr'><strong>et</strong></span> <span class='ocrx_word' id='word_1_569' title='bbox 2889 4523 3130 4595; x_wconf 88' lang='lat' dir='ltr'><strong>perfecta</strong></span> <span class='ocrx_word' id='word_1_570' title='bbox 3185 4531 3298 4578; x_wconf 85' lang='lat' dir='ltr'><strong>stat</strong></span> <span class='ocrx_word' id='word_1_571' title='bbox 3341 4521 3643 4577; x_wconf 84' lang='lat' dir='ltr'><strong>sententia.</strong></span> <span class='ocrx_word' id='word_1_572' title='bbox 3693 4515 3786 4570; x_wconf 70' lang='lat' dir='ltr'><strong>Nec</strong></span> 
     </span>
    </p>
   </div>
   <div class='ocr_carea' id='block_1_76' title="bbox 2117 1855 3725 1938">
    <p class='ocr_par' dir='ltr' id='par_1_76' title="bbox 2117 1855 3725 1938">
     <span class='ocr_line' id='line_1_78' title="bbox 2117 1855 3725 1938; baseline -0.008 -17"><span class='ocrx_word' id='word_1_573' title='bbox 2117 1855 2160 1909; x_wconf 81' lang='grc' dir='ltr'><strong>Β</strong></span> <span class='ocrx_word' id='word_1_574' title='bbox 2186 1876 2399 1938; x_wconf 86' lang='lat' dir='ltr'><strong>gentem</strong></span> <span class='ocrx_word' id='word_1_575' title='bbox 2426 1862 2841 1935; x_wconf 76' lang='lat' dir='ltr'><strong>praemaximam</strong></span> <span class='ocrx_word' id='word_1_576' title='bbox 2857 1867 3177 1931; x_wconf 86' lang='lat' dir='ltr'><strong>congregat.</strong></span> <span class='ocrx_word' id='word_1_577' title='bbox 3200 1855 3272 1912; x_wconf 84' lang='lat' dir='ltr'><strong>Et</strong></span> <span class='ocrx_word' id='word_1_578' title='bbox 3298 1857 3388 1912; x_wconf 85' lang='lat' dir='ltr'><strong>bis</strong></span> <span class='ocrx_word' id='word_1_579' title='bbox 3413 1855 3725 1926; x_wconf 80' lang='lat' dir='ltr'><strong>congregatis,</strong></span> 
     </span>
    </p>
   </div>
   <div class='ocr_carea' id='block_1_77' title="bbox 2192 1947 3731 2021">
    <p class='ocr_par' dir='ltr' id='par_1_77' title="bbox 2192 1947 3731 2021">
     <span class='ocr_line' id='line_1_79' title="bbox 2192 1947 3731 2021; baseline -0.009 -8"><span class='ocrx_word' id='word_1_580' title='bbox 2192 1958 2308 2013; x_wconf 88' lang='lat' dir='ltr'><strong>visa</strong></span> <span class='ocrx_word' id='word_1_581' title='bbox 2331 1965 2484 2012; x_wconf 88' lang='lat' dir='ltr'><strong>tanta</strong></span> <span class='ocrx_word' id='word_1_582' title='bbox 2509 1955 2884 2021; x_wconf 88' lang='lat' dir='ltr'><strong>multitudine,</strong></span> <span class='ocrx_word' id='word_1_583' title='bbox 2915 1953 3155 2007; x_wconf 90' lang='lat' dir='ltr'><strong>elatione</strong></span> <span class='ocrx_word' id='word_1_584' title='bbox 3196 1949 3486 2004; x_wconf 73' lang='lat' dir='ltr'><strong>immensa:</strong></span> <span class='ocrx_word' id='word_1_585' title='bbox 3510 1947 3731 2017; x_wconf 71' lang='lat' dir='ltr'><strong>superbia</strong></span> 
     </span>
    </p>
   </div>
   <div class='ocr_carea' id='block_1_78' title="bbox 2189 2035 3732 2116">
    <p class='ocr_par' dir='ltr' id='par_1_78' title="bbox 2189 2035 3732 2116">
     <span class='ocr_line' id='line_1_80' title="bbox 2189 2035 3732 2116; baseline -0.008 -15"><span class='ocrx_word' id='word_1_586' title='bbox 2189 2052 2464 2116; x_wconf 85' lang='lat' dir='ltr'><strong>arreptus,</strong></span> <span class='ocrx_word' id='word_1_587' title='bbox 2508 2043 2702 2100; x_wconf 88' lang='lat' dir='ltr'><strong>statuit</strong></span> <span class='ocrx_word' id='word_1_588' title='bbox 2729 2057 2855 2098; x_wconf 90' lang='lat' dir='ltr'><strong>cum</strong></span> <span class='ocrx_word' id='word_1_589' title='bbox 2903 2056 3016 2096; x_wconf 91' lang='lat' dir='ltr'><strong>uno</strong></span> <span class='ocrx_word' id='word_1_590' title='bbox 3047 2039 3422 2095; x_wconf 88' lang='lat' dir='ltr'><strong>Soldanorum</strong></span> <span class='ocrx_word' id='word_1_591' title='bbox 3469 2035 3732 2091; x_wconf 84' lang='lat' dir='ltr'><strong>Chorocen-</strong></span> 
     </span>
    </p>
   </div>
   <div class='ocr_carea' id='block_1_79' title="bbox 2192 2131 3731 2208">
    <p class='ocr_par' dir='ltr' id='par_1_79' title="bbox 2192 2131 3731 2208">
     <span class='ocr_line' id='line_1_81' title="bbox 2192 2131 3731 2208; baseline -0.007 -13"><span class='ocrx_word' id='word_1_592' title='bbox 2192 2137 2335 2195; x_wconf 86' lang='lat' dir='ltr'><strong>slum</strong></span> <span class='ocrx_word' id='word_1_593' title='bbox 2367 2151 2534 2208; x_wconf 86' lang='lat' dir='ltr'><strong>super</strong></span> <span class='ocrx_word' id='word_1_594' title='bbox 2558 2150 2743 2208; x_wconf 88' lang='lat' dir='ltr'><strong>regem</strong></span> <span class='ocrx_word' id='word_1_595' title='bbox 2768 2133 2939 2190; x_wconf 90' lang='lat' dir='ltr'><strong>David</strong></span> <span class='ocrx_word' id='word_1_596' title='bbox 2964 2134 3020 2188; x_wconf 91' lang='lat' dir='ltr'><strong>in</strong></span> <span class='ocrx_word' id='word_1_597' title='bbox 3057 2133 3320 2188; x_wconf 79' lang='lat' dir='ltr'><strong>evetiam‘</strong></span> <span class='ocrx_word' id='word_1_598' title='bbox 3338 2131 3596 2203; x_wconf 85' lang='lat' dir='ltr'><strong>equitare,</strong></span> <span class='ocrx_word' id='word_1_599' title='bbox 3619 2139 3668 2182; x_wconf 84' lang='lat' dir='ltr'><strong>ut</strong></span> <span class='ocrx_word' id='word_1_600' title='bbox 3685 2144 3731 2184; x_wconf 80' lang='lat' dir='ltr'><strong>eo</strong></span> 
     </span>
    </p>
   </div>
   <div class='ocr_carea' id='block_1_80' title="bbox 2192 2221 3735 2302">
    <p class='ocr_par' dir='ltr' id='par_1_80' title="bbox 2192 2221 3735 2302">
     <span class='ocr_line' id='line_1_82' title="bbox 2192 2221 3735 2302; baseline -0.008 -16"><span class='ocrx_word' id='word_1_601' title='bbox 2192 2237 2476 2302; x_wconf 84' lang='lat' dir='ltr'><strong>perempto</strong></span> <span class='ocrx_word' id='word_1_602' title='bbox 2527 2229 2613 2285; x_wconf 86' lang='lat' dir='ltr'><strong>vel</strong></span> <span class='ocrx_word' id='word_1_603' title='bbox 2661 2227 2938 2284; x_wconf 73' lang='lat' dir='ltr'><strong>hrcredato</strong></span> <span class='ocrx_word' id='word_1_604' title='bbox 2971 2226 3142 2282; x_wconf 90' lang='lat' dir='ltr'><strong>libere</strong></span> <span class='ocrx_word' id='word_1_605' title='bbox 3185 2234 3241 2282; x_wconf 90' lang='lat' dir='ltr'><strong>et</strong></span> <span class='ocrx_word' id='word_1_606' title='bbox 3295 2224 3546 2280; x_wconf 85' lang='lat' dir='ltr'><strong>absolute</strong></span> <span class='ocrx_word' id='word_1_607' title='bbox 3577 2221 3735 2276; x_wconf 76' lang='lat' dir='ltr'><strong>valere:</strong></span> 
     </span>
    </p>
   </div>
   <div class='ocr_carea' id='block_1_81' title="bbox 2194 2311 3734 2387">
    <p class='ocr_par' dir='ltr' id='par_1_81' title="bbox 2194 2311 3734 2387">
     <span class='ocr_line' id='line_1_83' title="bbox 2194 2311 3734 2387; baseline -0.006 -13"><span class='ocrx_word' id='word_1_608' title='bbox 2194 2319 2537 2376; x_wconf 82' lang='lat' dir='ltr'><strong>Hierusalem</strong></span> <span class='ocrx_word' id='word_1_609' title='bbox 2593 2326 2650 2373; x_wconf 91' lang='lat' dir='ltr'><strong>et</strong></span> <span class='ocrx_word' id='word_1_610' title='bbox 2695 2317 3044 2373; x_wconf 81' lang='lat' dir='ltr'><strong>Antiochiam</strong></span> <span class='ocrx_word' id='word_1_611' title='bbox 3103 2314 3406 2387; x_wconf 88' lang='lat' dir='ltr'><strong>peremptis</strong></span> <span class='ocrx_word' id='word_1_612' title='bbox 3455 2311 3734 2368; x_wconf 77' lang='lat' dir='ltr'><strong>Christianis</strong></span> 
     </span>
    </p>
   </div>
   <div class='ocr_carea' id='block_1_82' title="bbox 2196 2403 3734 2479">
    <p class='ocr_par' dir='ltr' id='par_1_82' title="bbox 2196 2403 3734 2479">
     <span class='ocr_line' id='line_1_84' title="bbox 2196 2403 3734 2479; baseline -0.009 -11"><span class='ocrx_word' id='word_1_613' title='bbox 2196 2428 2298 2468; x_wconf 91' lang='lat' dir='ltr'><strong>suo</strong></span> <span class='ocrx_word' id='word_1_614' title='bbox 2323 2411 2573 2467; x_wconf 91' lang='lat' dir='ltr'><strong>dominio</strong></span> <span class='ocrx_word' id='word_1_615' title='bbox 2600 2409 2855 2466; x_wconf 88' lang='lat' dir='ltr'><strong>subdere.</strong></span> <span class='ocrx_word' id='word_1_616' title='bbox 2887 2407 2996 2479; x_wconf 88' lang='lat' dir='ltr'><strong>Ipsi</strong></span> <span class='ocrx_word' id='word_1_617' title='bbox 3023 2423 3154 2464; x_wconf 90' lang='lat' dir='ltr'><strong>vero</strong></span> <span class='ocrx_word' id='word_1_618' title='bbox 3184 2421 3312 2462; x_wconf 88' lang='lat' dir='ltr'><strong>cum</strong></span> <span class='ocrx_word' id='word_1_619' title='bbox 3347 2403 3594 2475; x_wconf 84' lang='lat' dir='ltr'><strong>superbia</strong></span> <span class='ocrx_word' id='word_1_620' title='bbox 3613 2403 3734 2471; x_wconf 18' lang='lat' dir='ltr'><strong>equi,</strong></span> 
     </span>
    </p>
   </div>
   <div class='ocr_carea' id='block_1_83' title="bbox 2196 2494 3737 2572">
    <p class='ocr_par' dir='ltr' id='par_1_83' title="bbox 2196 2494 3737 2572">
     <span class='ocr_line' id='line_1_85' title="bbox 2196 2494 3737 2572; baseline -0.009 -10"><span class='ocrx_word' id='word_1_621' title='bbox 2196 2505 2366 2571; x_wconf 89' lang='lat' dir='ltr'><strong>tandi,</strong></span> <span class='ocrx_word' id='word_1_622' title='bbox 2407 2505 2489 2560; x_wconf 89' lang='lat' dir='ltr'><strong>ira</strong></span> <span class='ocrx_word' id='word_1_623' title='bbox 2529 2503 2623 2558; x_wconf 88' lang='lat' dir='ltr'><strong>Dei</strong></span> <span class='ocrx_word' id='word_1_624' title='bbox 2645 2501 2876 2558; x_wconf 77' lang='lat' dir='ltr'><strong>exstitit.</strong></span> <span class='ocrx_word' id='word_1_625' title='bbox 2901 2501 2980 2556; x_wconf 84' lang='lat' dir='ltr'><strong>Eo</strong></span> <span class='ocrx_word' id='word_1_626' title='bbox 3020 2515 3260 2572; x_wconf 77' lang='lat' dir='ltr'><strong>namque</strong></span> <span class='ocrx_word' id='word_1_627' title='bbox 3283 2499 3396 2563; x_wconf 89' lang='lat' dir='ltr'><strong>die,</strong></span> <span class='ocrx_word' id='word_1_628' title='bbox 3429 2513 3536 2568; x_wconf 90' lang='lat' dir='ltr'><strong>quo</strong></span> <span class='ocrx_word' id='word_1_629' title='bbox 3581 2494 3737 2550; x_wconf 80' lang='lat' dir='ltr'><strong>Solda-</strong></span> 
     </span>
    </p>
   </div>
   <div class='ocr_carea' id='block_1_84' title="bbox 2197 2590 3738 2667">
    <p class='ocr_par' dir='ltr' id='par_1_84' title="bbox 2197 2590 3738 2667">
     <span class='ocr_line' id='line_1_86' title="bbox 2197 2590 3738 2667; baseline -0.009 -14"><span class='ocrx_word' id='word_1_630' title='bbox 2197 2613 2301 2653; x_wconf 90' lang='lat' dir='ltr'><strong>nus</strong></span> <span class='ocrx_word' id='word_1_631' title='bbox 2343 2607 2397 2653; x_wconf 87' lang='lat' dir='ltr'><strong>et</strong></span> <span class='ocrx_word' id='word_1_632' title='bbox 2435 2597 2552 2667; x_wconf 91' lang='lat' dir='ltr'><strong>ipse</strong></span> <span class='ocrx_word' id='word_1_633' title='bbox 2599 2595 2788 2666; x_wconf 82' lang='lat' dir='ltr'><strong>Algazi</strong></span> <span class='ocrx_word' id='word_1_634' title='bbox 2835 2609 2962 2649; x_wconf 91' lang='lat' dir='ltr'><strong>cum</strong></span> <span class='ocrx_word' id='word_1_635' title='bbox 3012 2591 3288 2648; x_wconf 75' lang='lat' dir='ltr'><strong>sexcentis</strong></span> <span class='ocrx_word' id='word_1_636' title='bbox 3313 2590 3550 2645; x_wconf 87' lang='lat' dir='ltr'><strong>millibus</strong></span> <span class='ocrx_word' id='word_1_637' title='bbox 3578 2597 3738 2643; x_wconf 72' lang='lat' dir='ltr'><strong>terram</strong></span> 
     </span>
    </p>
   </div>
   <div class='ocr_carea' id='block_1_85' title="bbox 2197 2679 3738 2762">
    <p class='ocr_par' dir='ltr' id='par_1_85' title="bbox 2197 2679 3738 2762">
     <span class='ocr_line' id='line_1_87' title="bbox 2197 2679 3738 2762; baseline -0.008 -17"><span class='ocrx_word' id='word_1_638' title='bbox 2197 2691 2331 2762; x_wconf 90' lang='lat' dir='ltr'><strong>legis</strong></span> <span class='ocrx_word' id='word_1_639' title='bbox 2379 2688 2630 2746; x_wconf 89' lang='lat' dir='ltr'><strong>bellaturi</strong></span> <span class='ocrx_word' id='word_1_640' title='bbox 2676 2689 3040 2754; x_wconf 88' lang='lat' dir='ltr'><strong>intraverunt,</strong></span> <span class='ocrx_word' id='word_1_641' title='bbox 3096 2685 3215 2756; x_wconf 89' lang='lat' dir='ltr'><strong>ipse</strong></span> <span class='ocrx_word' id='word_1_642' title='bbox 3268 2683 3416 2739; x_wconf 90' lang='lat' dir='ltr'><strong>idem</strong></span> <span class='ocrx_word' id='word_1_643' title='bbox 3455 2698 3551 2737; x_wconf 74' lang='lat' dir='ltr'><strong>rex</strong></span> <span class='ocrx_word' id='word_1_644' title='bbox 3574 2679 3738 2742; x_wconf 75' lang='lat' dir='ltr'><strong>Dzrid.</strong></span> 
     </span>
    </p>
   </div>
   <div class='ocr_carea' id='block_1_86' title="bbox 2199 2770 3744 2855">
    <p class='ocr_par' dir='ltr' id='par_1_86' title="bbox 2199 2770 3744 2855">
     <span class='ocr_line' id='line_1_88' title="bbox 2199 2770 3744 2855; baseline -0.01 -16"><span class='ocrx_word' id='word_1_645' title='bbox 2199 2783 2356 2855; x_wconf 81' lang='lat' dir='ltr'><strong>signo</strong></span> <span class='ocrx_word' id='word_1_646' title='bbox 2381 2790 2585 2837; x_wconf 87' lang='lat' dir='ltr'><strong>sanctae</strong></span> <span class='ocrx_word' id='word_1_647' title='bbox 2606 2780 2788 2836; x_wconf 88' lang='lat' dir='ltr'><strong>crucis</strong></span> <span class='ocrx_word' id='word_1_648' title='bbox 2805 2778 3188 2850; x_wconf 85' lang='lat' dir='ltr'><strong>praemunitus,</strong></span> <span class='ocrx_word' id='word_1_649' title='bbox 3211 2775 3424 2830; x_wconf 87' lang='lat' dir='ltr'><strong>habens</strong></span> <span class='ocrx_word' id='word_1_650' title='bbox 3439 2773 3577 2828; x_wconf 90' lang='lat' dir='ltr'><strong>inter</strong></span> <span class='ocrx_word' id='word_1_651' title='bbox 3592 2770 3744 2827; x_wconf 65' lang='lat' dir='ltr'><strong>Medos</strong></span> 
     </span>
    </p>
   </div>
   <div class='ocr_carea' id='block_1_87' title="bbox 2198 2867 3741 2941">
    <p class='ocr_par' dir='ltr' id='par_1_87' title="bbox 2198 2867 3741 2941">
     <span class='ocr_line' id='line_1_89' title="bbox 2198 2867 3741 2941; baseline -0.005 -12"><span class='ocrx_word' id='word_1_652' title='bbox 2198 2883 2254 2929; x_wconf 91' lang='lat' dir='ltr'><strong>et</strong></span> <span class='ocrx_word' id='word_1_653' title='bbox 2291 2873 2638 2928; x_wconf 89' lang='lat' dir='ltr'><strong>Christianos</strong></span> <span class='ocrx_word' id='word_1_654' title='bbox 2689 2879 2884 2941; x_wconf 80' lang='lat' dir='ltr'><strong>quater</strong></span> <span class='ocrx_word' id='word_1_655' title='bbox 2921 2867 3110 2940; x_wconf 79' lang='lat' dir='ltr'><strong>viginti</strong></span> <span class='ocrx_word' id='word_1_656' title='bbox 3159 2867 3330 2922; x_wconf 89' lang='lat' dir='ltr'><strong>millia</strong></span> <span class='ocrx_word' id='word_1_657' title='bbox 3388 2873 3741 2936; x_wconf 63' lang='lat' dir='ltr'><strong>pugnatorum.</strong></span> 
     </span>
    </p>
   </div>
   <div class='ocr_carea' id='block_1_88' title="bbox 2201 2957 3746 3037">
    <p class='ocr_par' dir='ltr' id='par_1_88' title="bbox 2201 2957 3746 3037">
     <span class='ocr_line' id='line_1_90' title="bbox 2201 2957 3746 3037; baseline -0.008 -16"><span class='ocrx_word' id='word_1_658' title='bbox 2201 2964 2360 3022; x_wconf 88' lang='lat' dir='ltr'><strong>factis</strong></span> <span class='ocrx_word' id='word_1_659' title='bbox 2385 2965 2695 3037; x_wconf 85' lang='lat' dir='ltr'><strong>agminibus</strong></span> <span class='ocrx_word' id='word_1_660' title='bbox 2719 2963 2861 3018; x_wconf 90' lang='lat' dir='ltr'><strong>inter</strong></span> <span class='ocrx_word' id='word_1_661' title='bbox 2887 2962 3027 3016; x_wconf 90' lang='lat' dir='ltr'><strong>duos</strong></span> <span class='ocrx_word' id='word_1_662' title='bbox 3058 2972 3276 3015; x_wconf 85' lang='lat' dir='ltr'><strong>montes</strong></span> <span class='ocrx_word' id='word_1_663' title='bbox 3301 2957 3639 3013; x_wconf 87' lang='lat' dir='ltr'><strong>densissimis</strong></span> <span class='ocrx_word' id='word_1_664' title='bbox 3675 2970 3746 3009; x_wconf 76' lang='lat' dir='ltr'><strong>ne-</strong></span> 
     </span>
    </p>
   </div>
   <div class='ocr_carea' id='block_1_89' title="bbox 2202 3049 3748 3124">
    <p class='ocr_par' dir='ltr' id='par_1_89' title="bbox 2202 3049 3748 3124">
     <span class='ocr_line' id='line_1_91' title="bbox 2202 3049 3748 3124; baseline -0.008 -9"><span class='ocrx_word' id='word_1_665' title='bbox 2202 3059 2450 3116; x_wconf 78' lang='lat' dir='ltr'><strong>moribus</strong></span> <span class='ocrx_word' id='word_1_666' title='bbox 2479 3057 2694 3122; x_wconf 83' lang='lat' dir='ltr'><strong>insitos,</strong></span> <span class='ocrx_word' id='word_1_667' title='bbox 2719 3056 2773 3110; x_wconf 90' lang='lat' dir='ltr'><strong>in</strong></span> <span class='ocrx_word' id='word_1_668' title='bbox 2800 3055 2941 3110; x_wconf 85' lang='lat' dir='ltr'><strong>valle</strong></span> <span class='ocrx_word' id='word_1_669' title='bbox 2979 3053 3190 3109; x_wconf 89' lang='lat' dir='ltr'><strong>resistit</strong></span> <span class='ocrx_word' id='word_1_670' title='bbox 3231 3067 3343 3124; x_wconf 90' lang='lat' dir='ltr'><strong>qua</strong></span> <span class='ocrx_word' id='word_1_671' title='bbox 3366 3092 3382 3118; x_wconf 94' lang='lat'><strong>,</strong></span> <span class='ocrx_word' id='word_1_672' title='bbox 3409 3059 3473 3106; x_wconf 90' lang='lat' dir='ltr'><strong>ut</strong></span> <span class='ocrx_word' id='word_1_673' title='bbox 3510 3049 3644 3104; x_wconf 84' lang='lat' dir='ltr'><strong>fama</strong></span> <span class='ocrx_word' id='word_1_674' title='bbox 3678 3062 3748 3102; x_wconf 70' lang='grc' dir='ltr'><strong>τεο</strong></span> 
     </span>
    </p>
   </div>
   <div class='ocr_carea' id='block_1_90' title="bbox 2203 3139 3755 3223">
    <p class='ocr_par' dir='ltr' id='par_1_90' title="bbox 2203 3139 3755 3223">
     <span class='ocr_line' id='line_1_92' title="bbox 2203 3139 3755 3223; baseline -0.01 -14"><span class='ocrx_word' id='word_1_675' title='bbox 2203 3154 2346 3221; x_wconf 90' lang='lat' dir='ltr'><strong>tulit,</strong></span> <span class='ocrx_word' id='word_1_676' title='bbox 2373 3168 2538 3223; x_wconf 91' lang='lat' dir='ltr'><strong>super</strong></span> <span class='ocrx_word' id='word_1_677' title='bbox 2571 3166 2700 3206; x_wconf 89' lang='lat' dir='ltr'><strong>eum</strong></span> <span class='ocrx_word' id='word_1_678' title='bbox 2740 3149 2930 3205; x_wconf 84' lang='lat' dir='ltr'><strong>hostes</strong></span> <span class='ocrx_word' id='word_1_679' title='bbox 2959 3146 3169 3220; x_wconf 86' lang='lat' dir='ltr'><strong>ingredi</strong></span> <span class='ocrx_word' id='word_1_680' title='bbox 3210 3143 3631 3217; x_wconf 71' lang='lat' dir='ltr'><strong>pmsumehant.</strong></span> <span class='ocrx_word' id='word_1_681' title='bbox 3675 3139 3755 3192; x_wconf 74' lang='lat' dir='ltr'><strong>Re-</strong></span> 
     </span>
    </p>
   </div>
   <div class='ocr_carea' id='block_1_91' title="bbox 2202 3231 3752 3312">
    <p class='ocr_par' dir='ltr' id='par_1_91' title="bbox 2202 3231 3752 3312">
     <span class='ocr_line' id='line_1_93' title="bbox 2202 3231 3752 3312; baseline -0.013 -11"><span class='ocrx_word' id='word_1_682' title='bbox 2202 3246 2359 3312; x_wconf 90' lang='lat' dir='ltr'><strong>stitit,</strong></span> <span class='ocrx_word' id='word_1_683' title='bbox 2398 3243 2791 3300; x_wconf 88' lang='lat' dir='ltr'><strong>ctsiclocutus</strong></span> <span class='ocrx_word' id='word_1_684' title='bbox 2820 3249 2944 3296; x_wconf 88' lang='lat' dir='ltr'><strong>est:</strong></span> <span class='ocrx_word' id='word_1_685' title='bbox 2982 3257 3001 3289; x_wconf 74' lang='grc' dir='ltr'>ι</span> <span class='ocrx_word' id='word_1_686' title='bbox 3036 3237 3163 3293; x_wconf 84' lang='lat' dir='ltr'><strong>Eia!</strong></span> <span class='ocrx_word' id='word_1_687' title='bbox 3210 3236 3421 3292; x_wconf 86' lang='lat' dir='ltr'><strong>Christi</strong></span> <span class='ocrx_word' id='word_1_688' title='bbox 3468 3233 3678 3296; x_wconf 78' lang='lat' dir='ltr'><strong>milites,</strong></span> <span class='ocrx_word' id='word_1_689' title='bbox 3716 3231 3752 3282; x_wconf 82' lang='lat' dir='ltr'><strong>si</strong></span> 
     </span>
    </p>
   </div>
   <div class='ocr_carea' id='block_1_92' title="bbox 2201 3328 3756 3409">
    <p class='ocr_par' dir='ltr' id='par_1_92' title="bbox 2201 3328 3756 3409">
     <span class='ocr_line' id='line_1_94' title="bbox 2201 3328 3756 3409; baseline -0.01 -16"><span class='ocrx_word' id='word_1_690' title='bbox 2201 3354 2300 3409; x_wconf 91' lang='lat' dir='ltr'><strong>pro</strong></span> <span class='ocrx_word' id='word_1_691' title='bbox 2325 3337 2443 3407; x_wconf 87' lang='lat' dir='ltr'><strong>lege</strong></span> <span class='ocrx_word' id='word_1_692' title='bbox 2469 3333 2565 3389; x_wconf 91' lang='lat' dir='ltr'><strong>Dei</strong></span> <span class='ocrx_word' id='word_1_693' title='bbox 2592 3334 2795 3389; x_wconf 89' lang='lat' dir='ltr'><strong>tuenda</strong></span> <span class='ocrx_word' id='word_1_694' title='bbox 2826 3330 3068 3403; x_wconf 84' lang='lat' dir='ltr'><strong>legitime</strong></span> <span class='ocrx_word' id='word_1_695' title='bbox 3113 3328 3534 3392; x_wconf 88' lang='lat' dir='ltr'><strong>certaverimns,</strong></span> <span class='ocrx_word' id='word_1_696' title='bbox 3559 3341 3661 3380; x_wconf 90' lang='lat' dir='ltr'><strong>non</strong></span> <span class='ocrx_word' id='word_1_697' title='bbox 3683 3339 3756 3378; x_wconf 84' lang='lat' dir='ltr'><strong>so-</strong></span> 
     </span>
    </p>
   </div>
   <div class='ocr_carea' id='block_1_93' title="bbox 2202 3415 3756 3486">
    <p class='ocr_par' dir='ltr' id='par_1_93' title="bbox 2202 3415 3756 3486">
     <span class='ocr_line' id='line_1_95' title="bbox 2202 3415 3756 3486; baseline -0.009 -3"><span class='ocrx_word' id='word_1_698' title='bbox 2202 3429 2315 3484; x_wconf 89' lang='lat' dir='ltr'><strong>lum</strong></span> <span class='ocrx_word' id='word_1_699' title='bbox 2333 3424 2762 3482; x_wconf 89' lang='lat' dir='ltr'><strong>innumerabiles</strong></span> <span class='ocrx_word' id='word_1_700' title='bbox 2782 3423 3092 3479; x_wconf 76' lang='lat' dir='ltr'><strong>daemonum</strong></span> <span class='ocrx_word' id='word_1_701' title='bbox 3111 3420 3398 3486; x_wconf 89' lang='lat' dir='ltr'><strong>satellites,</strong></span> <span class='ocrx_word' id='word_1_702' title='bbox 3420 3432 3611 3474; x_wconf 86' lang='lat' dir='ltr'><strong>verum</strong></span> <span class='ocrx_word' id='word_1_703' title='bbox 3622 3415 3756 3471; x_wconf 85' lang='lat' dir='ltr'><strong>etiam</strong></span> 
     </span>
    </p>
   </div>
   <div class='ocr_carea' id='block_1_94' title="bbox 2204 3507 3761 3591">
    <p class='ocr_par' dir='ltr' id='par_1_94' title="bbox 2204 3507 3761 3591">
     <span class='ocr_line' id='line_1_96' title="bbox 2204 3507 3761 3591; baseline -0.011 -17"><span class='ocrx_word' id='word_1_704' title='bbox 2204 3521 2354 3591; x_wconf 93' lang='lat' dir='ltr'><strong>ipsos</strong></span> <span class='ocrx_word' id='word_1_705' title='bbox 2395 3513 2675 3573; x_wconf 81' lang='lat' dir='ltr'><strong>daemones</strong></span> <span class='ocrx_word' id='word_1_706' title='bbox 2715 3531 2781 3570; x_wconf 79' lang='lat' dir='ltr'><strong>ex</strong></span> <span class='ocrx_word' id='word_1_707' title='bbox 2811 3512 2960 3568; x_wconf 91' lang='lat' dir='ltr'><strong>facili</strong></span> <span class='ocrx_word' id='word_1_708' title='bbox 3005 3511 3414 3583; x_wconf 87' lang='lat' dir='ltr'><strong>superabimus.</strong></span> <span class='ocrx_word' id='word_1_709' title='bbox 3467 3507 3565 3564; x_wconf 81' lang='lat' dir='ltr'><strong>Est</strong></span> <span class='ocrx_word' id='word_1_710' title='bbox 3609 3517 3761 3561; x_wconf 79' lang='lat' dir='ltr'><strong>autem</strong></span> 
     </span>
    </p>
   </div>
   <div class='ocr_carea' id='block_1_95' title="bbox 2203 3597 3762 3680">
    <p class='ocr_par' dir='ltr' id='par_1_95' title="bbox 2203 3597 3762 3680">
     <span class='ocr_line' id='line_1_97' title="bbox 2203 3597 3762 3680; baseline -0.014 -10"><span class='ocrx_word' id='word_1_711' title='bbox 2203 3611 2493 3670; x_wconf 91' lang='lat' dir='ltr'><strong>consilium</strong></span> <span class='ocrx_word' id='word_1_712' title='bbox 2517 3607 2662 3680; x_wconf 92' lang='lat' dir='ltr'><strong>quod</strong></span> <span class='ocrx_word' id='word_1_713' title='bbox 2685 3607 2920 3673; x_wconf 89' lang='lat' dir='ltr'><strong>intueor,</strong></span> <span class='ocrx_word' id='word_1_714' title='bbox 2964 3604 3011 3660; x_wconf 91' lang='lat' dir='ltr'><strong>si</strong></span> <span class='ocrx_word' id='word_1_715' title='bbox 3037 3603 3277 3659; x_wconf 89' lang='lat' dir='ltr'><strong>laudatis</strong></span> <span class='ocrx_word' id='word_1_716' title='bbox 3300 3644 3317 3670; x_wconf 93' lang='lat'><strong>,</strong></span> <span class='ocrx_word' id='word_1_717' title='bbox 3361 3609 3554 3656; x_wconf 89' lang='lat' dir='ltr'><strong>nostro</strong></span> <span class='ocrx_word' id='word_1_718' title='bbox 3593 3597 3762 3653; x_wconf 84' lang='lat' dir='ltr'><strong>honori</strong></span> 
     </span>
    </p>
   </div>
   <div class='ocr_carea' id='block_1_96' title="bbox 2206 3693 3766 3775">
    <p class='ocr_par' dir='ltr' id='par_1_96' title="bbox 2206 3693 3766 3775">
     <span class='ocr_line' id='line_1_98' title="bbox 2206 3693 3766 3775; baseline -0.014 -13"><span class='ocrx_word' id='word_1_719' title='bbox 2206 3713 2514 3775; x_wconf 72' lang='lat' dir='ltr'><strong>nostra:un</strong></span> <span class='ocrx_word' id='word_1_720' title='bbox 2567 3701 2787 3756; x_wconf 86' lang='lat' dir='ltr'><strong>utilitati</strong></span> <span class='ocrx_word' id='word_1_721' title='bbox 2854 3697 3242 3770; x_wconf 82' lang='lat' dir='ltr'><strong>profuturum,</strong></span> <span class='ocrx_word' id='word_1_722' title='bbox 3291 3696 3400 3751; x_wconf 92' lang='lat' dir='ltr'><strong>hoc</strong></span> <span class='ocrx_word' id='word_1_723' title='bbox 3441 3693 3684 3748; x_wconf 77' lang='lat' dir='ltr'><strong>videlicet</strong></span> <span class='ocrx_word' id='word_1_724' title='bbox 3721 3697 3766 3743; x_wconf 83' lang='lat' dir='ltr'><strong>ut</strong></span> 
     </span>
    </p>
   </div>
   <div class='ocr_carea' id='block_1_97' title="bbox 2204 3783 3765 3858">
    <p class='ocr_par' dir='ltr' id='par_1_97' title="bbox 2204 3783 3765 3858">
     <span class='ocr_line' id='line_1_99' title="bbox 2204 3783 3765 3858; baseline -0.011 -5"><span class='ocrx_word' id='word_1_725' title='bbox 2204 3796 2402 3854; x_wconf 89' lang='lat' dir='ltr'><strong>erectis</strong></span> <span class='ocrx_word' id='word_1_726' title='bbox 2443 3795 2509 3851; x_wconf 88' lang='lat' dir='ltr'><strong>ad</strong></span> <span class='ocrx_word' id='word_1_727' title='bbox 2544 3793 2744 3850; x_wconf 88' lang='lat' dir='ltr'><strong>coelum</strong></span> <span class='ocrx_word' id='word_1_728' title='bbox 2778 3791 3034 3846; x_wconf 89' lang='lat' dir='ltr'><strong>manibus</strong></span> <span class='ocrx_word' id='word_1_729' title='bbox 3066 3786 3465 3858; x_wconf 88' lang='lat' dir='ltr'><strong>cunctipotenti</strong></span> <span class='ocrx_word' id='word_1_730' title='bbox 3518 3783 3629 3838; x_wconf 83' lang='lat' dir='ltr'><strong>Deo</strong></span> <span class='ocrx_word' id='word_1_731' title='bbox 3661 3795 3765 3851; x_wconf 82' lang='lat' dir='ltr'><strong>pro-</strong></span> 
     </span>
    </p>
   </div>
   <div class='ocr_carea' id='block_1_98' title="bbox 2205 3875 3770 3956">
    <p class='ocr_par' dir='ltr' id='par_1_98' title="bbox 2205 3875 3770 3956">
     <span class='ocr_line' id='line_1_100' title="bbox 2205 3875 3770 3956; baseline -0.014 -13"><span class='ocrx_word' id='word_1_732' title='bbox 2205 3887 2510 3952; x_wconf 87' lang='lat' dir='ltr'><strong>mittamus,</strong></span> <span class='ocrx_word' id='word_1_733' title='bbox 2537 3900 2636 3956; x_wconf 93' lang='lat' dir='ltr'><strong>pro</strong></span> <span class='ocrx_word' id='word_1_734' title='bbox 2661 3896 2848 3938; x_wconf 89' lang='lat' dir='ltr'><strong>amore</strong></span> <span class='ocrx_word' id='word_1_735' title='bbox 2867 3879 3040 3951; x_wconf 91' lang='lat' dir='ltr'><strong>ipsius</strong></span> <span class='ocrx_word' id='word_1_736' title='bbox 3072 3879 3127 3933; x_wconf 90' lang='lat' dir='ltr'><strong>in</strong></span> <span class='ocrx_word' id='word_1_737' title='bbox 3157 3878 3265 3933; x_wconf 92' lang='lat' dir='ltr'><strong>hoc</strong></span> <span class='ocrx_word' id='word_1_738' title='bbox 3293 3875 3426 3931; x_wconf 85' lang='lat' dir='ltr'><strong>belli</strong></span> <span class='ocrx_word' id='word_1_739' title='bbox 3452 3887 3648 3943; x_wconf 84' lang='lat' dir='ltr'><strong>campo</strong></span> <span class='ocrx_word' id='word_1_740' title='bbox 3667 3879 3770 3925; x_wconf 77' lang='lat' dir='ltr'><strong>ante</strong></span> 
     </span>
    </p>
   </div>
   <div class='ocr_carea' id='block_1_99' title="bbox 2207 3963 3770 4048">
    <p class='ocr_par' dir='ltr' id='par_1_99' title="bbox 2207 3963 3770 4048">
     <span class='ocr_line' id='line_1_101' title="bbox 2207 3963 3770 4048; baseline -0.01 -15"><span class='ocrx_word' id='word_1_741' title='bbox 2207 3980 2348 4034; x_wconf 91' lang='lat' dir='ltr'><strong>mori</strong></span> <span class='ocrx_word' id='word_1_742' title='bbox 2374 3993 2538 4048; x_wconf 89' lang='lat' dir='ltr'><strong>quam</strong></span> <span class='ocrx_word' id='word_1_743' title='bbox 2571 3975 2777 4046; x_wconf 86' lang='lat' dir='ltr'><strong>fugere,</strong></span> <span class='ocrx_word' id='word_1_744' title='bbox 2801 3982 2853 4028; x_wconf 91' lang='lat' dir='ltr'><strong>et</strong></span> <span class='ocrx_word' id='word_1_745' title='bbox 2875 3980 2935 4027; x_wconf 91' lang='lat' dir='ltr'><strong>ut</strong></span> <span class='ocrx_word' id='word_1_746' title='bbox 2953 3970 3141 4042; x_wconf 86' lang='lat' dir='ltr'><strong>fugere</strong></span> <span class='ocrx_word' id='word_1_747' title='bbox 3163 3983 3530 4040; x_wconf 88' lang='lat' dir='ltr'><strong>nequeamus,</strong></span> <span class='ocrx_word' id='word_1_748' title='bbox 3555 3966 3710 4021; x_wconf 84' lang='lat' dir='ltr'><strong>etiam</strong></span> <span class='ocrx_word' id='word_1_749' title='bbox 3735 3963 3770 4017; x_wconf 83' lang='lat' dir='ltr'><strong>si</strong></span> 
     </span>
    </p>
   </div>
   <div class='ocr_carea' id='block_1_100' title="bbox 2206 4059 3770 4138">
    <p class='ocr_par' dir='ltr' id='par_1_100' title="bbox 2206 4059 3770 4138">
     <span class='ocr_line' id='line_1_102' title="bbox 2206 4059 3770 4138; baseline -0.01 -13"><span class='ocrx_word' id='word_1_750' title='bbox 2206 4070 2459 4134; x_wconf 79' lang='lat' dir='ltr'><strong>velimus,</strong></span> <span class='ocrx_word' id='word_1_751' title='bbox 2493 4075 2741 4138; x_wconf 88' lang='lat' dir='ltr'><strong>patentes</strong></span> <span class='ocrx_word' id='word_1_752' title='bbox 2787 4063 2955 4134; x_wconf 90' lang='lat' dir='ltr'><strong>hujus</strong></span> <span class='ocrx_word' id='word_1_753' title='bbox 2979 4062 3139 4117; x_wconf 81' lang='lat' dir='ltr'><strong>vallis</strong></span> <span class='ocrx_word' id='word_1_754' title='bbox 3168 4061 3352 4116; x_wconf 89' lang='lat' dir='ltr'><strong>aditus</strong></span> <span class='ocrx_word' id='word_1_755' title='bbox 3388 4060 3598 4131; x_wconf 86' lang='lat' dir='ltr'><strong>quibus</strong></span> <span class='ocrx_word' id='word_1_756' title='bbox 3621 4059 3770 4112; x_wconf 80' lang='lat' dir='ltr'><strong>intra-</strong></span> 
     </span>
    </p>
   </div>
   <div class='ocr_carea' id='block_1_101' title="bbox 2208 4151 3772 4229">
    <p class='ocr_par' dir='ltr' id='par_1_101' title="bbox 2208 4151 3772 4229">
     <span class='ocr_line' id='line_1_103' title="bbox 2208 4151 3772 4229; baseline -0.012 -11"><span class='ocrx_word' id='word_1_757' title='bbox 2208 4163 2387 4217; x_wconf 87' lang='lat' dir='ltr'><strong>vimus</strong></span> <span class='ocrx_word' id='word_1_758' title='bbox 2411 4158 2754 4217; x_wconf 86' lang='lat' dir='ltr'><strong>densissimis</strong></span> <span class='ocrx_word' id='word_1_759' title='bbox 2778 4157 3054 4229; x_wconf 86' lang='lat' dir='ltr'><strong>lignorum</strong></span> <span class='ocrx_word' id='word_1_760' title='bbox 3066 4153 3364 4210; x_wconf 88' lang='lat' dir='ltr'><strong>struicibus</strong></span> <span class='ocrx_word' id='word_1_761' title='bbox 3382 4151 3745 4222; x_wconf 83' lang='lat' dir='ltr'><strong>constipernus</strong></span> <span class='ocrx_word' id='word_1_762' title='bbox 3763 4167 3772 4210; x_wconf 64' lang='grc' dir='ltr'><strong>ς</strong></span> 
     </span>
    </p>
   </div>
   <div class='ocr_carea' id='block_1_102' title="bbox 2208 4245 3812 4317">
    <p class='ocr_par' dir='ltr' id='par_1_102' title="bbox 2208 4245 3812 4317">
     <span class='ocr_line' id='line_1_104' title="bbox 2208 4245 3812 4317; baseline -0.011 -5"><span class='ocrx_word' id='word_1_763' title='bbox 2208 4265 2264 4312; x_wconf 89' lang='lat' dir='ltr'><strong>et</strong></span> <span class='ocrx_word' id='word_1_764' title='bbox 2297 4252 2573 4312; x_wconf 85' lang='lat' dir='ltr'><strong>constanti</strong></span> <span class='ocrx_word' id='word_1_765' title='bbox 2616 4251 2824 4317; x_wconf 84' lang='lat' dir='ltr'><strong>animo,</strong></span> <span class='ocrx_word' id='word_1_766' title='bbox 2874 4249 3068 4303; x_wconf 90' lang='lat' dir='ltr'><strong>hostes</strong></span> <span class='ocrx_word' id='word_1_767' title='bbox 3099 4262 3132 4301; x_wconf 91' lang='lat' dir='ltr'><strong>e</strong></span> <span class='ocrx_word' id='word_1_768' title='bbox 3161 4245 3418 4316; x_wconf 78' lang='lat' dir='ltr'><strong>proximo</strong></span> <span class='ocrx_word' id='word_1_769' title='bbox 3449 4245 3507 4298; x_wconf 89' lang='lat' dir='ltr'><strong>in</strong></span> <span class='ocrx_word' id='word_1_770' title='bbox 3533 4258 3638 4299; x_wconf 90' lang='lat' dir='ltr'><strong>nos</strong></span> <span class='ocrx_word' id='word_1_771' title='bbox 3683 4255 3778 4296; x_wconf 77' lang='lat' dir='ltr'><strong>ter-</strong></span> <span class='ocrx_word' id='word_1_772' title='bbox 3810 4269 3812 4308; x_wconf 81' lang='grc' dir='ltr'>ς</span> 
     </span>
    </p>
   </div>
   <div class='ocr_carea' id='block_1_103' title="bbox 2209 4315 3812 4420">
    <p class='ocr_par' dir='ltr' id='par_1_103' title="bbox 2209 4315 3812 4420">
     <span class='ocr_line' id='line_1_105' title="bbox 2209 4315 3812 4420; baseline -0.016 -14"><span class='ocrx_word' id='word_1_773' title='bbox 2209 4360 2324 4406; x_wconf 89' lang='lat' dir='ltr'><strong>tare</strong></span> <span class='ocrx_word' id='word_1_774' title='bbox 2367 4353 2761 4420; x_wconf 84' lang='lat' dir='ltr'><strong>praesumentes</strong></span> <span class='ocrx_word' id='word_1_775' title='bbox 2808 4342 3076 4398; x_wconf 85' lang='lat' dir='ltr'><strong>acerrime</strong></span> <span class='ocrx_word' id='word_1_776' title='bbox 3126 4338 3530 4409; x_wconf 81' lang='lat' dir='ltr'><strong>percutiamus.</strong></span> <span class='ocrx_word' id='word_1_777' title='bbox 3594 4355 3613 4387; x_wconf 77' lang='grc' dir='ltr'><strong><em>ι</em></strong></span> <span class='ocrx_word' id='word_1_778' title='bbox 3659 4315 3812 4420; x_wconf 51' lang='lat' dir='ltr'><strong>Ouidi</strong></span> 
     </span>
    </p>
   </div>
   <div class='ocr_carea' id='block_1_104' title="bbox 2210 4421 3784 4509">
    <p class='ocr_par' dir='ltr' id='par_1_104' title="bbox 2210 4421 3784 4509">
     <span class='ocr_line' id='line_1_106' title="bbox 2210 4421 3784 4509; baseline -0.011 -14"><span class='ocrx_word' id='word_1_779' title='bbox 2210 4439 2470 4509; x_wconf 88' lang='lat' dir='ltr'><strong>singula?</strong></span> <span class='ocrx_word' id='word_1_780' title='bbox 2499 4435 2660 4491; x_wconf 90' lang='lat' dir='ltr'><strong>Tanti</strong></span> <span class='ocrx_word' id='word_1_781' title='bbox 2691 4432 2837 4506; x_wconf 88' lang='lat' dir='ltr'><strong>regis</strong></span> <span class='ocrx_word' id='word_1_782' title='bbox 2861 4430 2978 4488; x_wconf 90' lang='lat' dir='ltr'><strong>veri</strong></span> <span class='ocrx_word' id='word_1_783' title='bbox 3007 4439 3062 4488; x_wconf 88' lang='lat' dir='ltr'><strong>et</strong></span> <span class='ocrx_word' id='word_1_784' title='bbox 3089 4427 3482 4502; x_wconf 87' lang='lat' dir='ltr'><strong>perfectissimi</strong></span> <span class='ocrx_word' id='word_1_785' title='bbox 3503 4421 3784 4484; x_wconf 73' lang='lat' dir='ltr'><strong>Christiani</strong></span> 
     </span>
    </p>
   </div>
   <div class='ocr_carea' id='block_1_105' title="bbox 2212 4605 3802 4691">
    <p class='ocr_par' dir='ltr' id='par_1_105' title="bbox 2212 4605 3802 4691">
     <span class='ocr_line' id='line_1_107' title="bbox 2212 4605 3802 4691; baseline -0.011 -11"><span class='ocrx_word' id='word_1_786' title='bbox 2212 4638 2389 4688; x_wconf 88' lang='lat' dir='ltr'><strong>mora,</strong></span> <span class='ocrx_word' id='word_1_787' title='bbox 2425 4619 2708 4691; x_wconf 87' lang='lat' dir='ltr'><strong>dispositis</strong></span> <span class='ocrx_word' id='word_1_788' title='bbox 2737 4616 2961 4672; x_wconf 91' lang='lat' dir='ltr'><strong>aciebus</strong></span> <span class='ocrx_word' id='word_1_789' title='bbox 3000 4614 3256 4686; x_wconf 89' lang='lat' dir='ltr'><strong>singulis,</strong></span> <span class='ocrx_word' id='word_1_790' title='bbox 3281 4629 3379 4668; x_wconf 77' lang='lat' dir='ltr'><strong>rex</strong></span> <span class='ocrx_word' id='word_1_791' title='bbox 3408 4612 3683 4667; x_wconf 81' lang='lat' dir='ltr'><strong>ducentos</strong></span> <span class='ocrx_word' id='word_1_792' title='bbox 3702 4605 3802 4661; x_wconf 79' lang='lat' dir='ltr'><strong>nii-</strong></span> 
     </span>
    </p>
   </div>
   <div class='ocr_carea' id='block_1_106' title="bbox 2213 4702 3794 4784">
    <p class='ocr_par' dir='ltr' id='par_1_106' title="bbox 2213 4702 3794 4784">
     <span class='ocr_line' id='line_1_108' title="bbox 2213 4702 3794 4784; baseline -0.011 -13"><span class='ocrx_word' id='word_1_793' title='bbox 2213 4718 2336 4772; x_wconf 89' lang='lat' dir='ltr'><strong>lites</strong></span> <span class='ocrx_word' id='word_1_794' title='bbox 2358 4712 2748 4784; x_wconf 84' lang='lat' dir='ltr'><strong>Fraucigenas,</strong></span> <span class='ocrx_word' id='word_1_795' title='bbox 2781 4724 2923 4779; x_wconf 89' lang='lat' dir='ltr'><strong>quos</strong></span> <span class='ocrx_word' id='word_1_796' title='bbox 2971 4707 3227 4772; x_wconf 85' lang='lat' dir='ltr'><strong>habebat,</strong></span> <span class='ocrx_word' id='word_1_797' title='bbox 3273 4706 3345 4759; x_wconf 87' lang='lat' dir='ltr'><strong>ad</strong></span> <span class='ocrx_word' id='word_1_798' title='bbox 3397 4705 3617 4774; x_wconf 81' lang='lat' dir='ltr'><strong>primos</strong></span> <span class='ocrx_word' id='word_1_799' title='bbox 3666 4702 3794 4756; x_wconf 70' lang='lat' dir='ltr'><strong>istm</strong></span> 
     </span>
    </p>
   </div>
   <div class='ocr_carea' id='block_1_107' title="bbox 2215 4785 3794 4872">
    <p class='ocr_par' dir='ltr' id='par_1_107' title="bbox 2215 4785 3794 4872">
     <span class='ocr_line' id='line_1_109' title="bbox 2215 4785 3794 4872; baseline -0.013 -7"><span class='ocrx_word' id='word_1_800' title='bbox 2215 4805 2528 4865; x_wconf 86' lang='lat' dir='ltr'><strong>inferendos</strong></span> <span class='ocrx_word' id='word_1_801' title='bbox 2564 4801 2897 4872; x_wconf 88' lang='lat' dir='ltr'><strong>anteposuit,</strong></span> <span class='ocrx_word' id='word_1_802' title='bbox 2924 4800 3219 4869; x_wconf 90' lang='lat' dir='ltr'><strong>statimque</strong></span> <span class='ocrx_word' id='word_1_803' title='bbox 3246 4798 3301 4851; x_wconf 91' lang='lat' dir='ltr'><strong>in</strong></span> <span class='ocrx_word' id='word_1_804' title='bbox 3329 4797 3506 4851; x_wconf 86' lang='lat' dir='ltr'><strong>altera</strong></span> <span class='ocrx_word' id='word_1_805' title='bbox 3537 4804 3692 4866; x_wconf 73' lang='lat' dir='ltr'><strong>parte</strong></span> <span class='ocrx_word' id='word_1_806' title='bbox 3721 4785 3794 4844; x_wconf 71' lang='lat' dir='ltr'><strong>vel</strong></span> 
     </span>
    </p>
   </div>
   <div class='ocr_carea' id='block_1_108' title="bbox 2214 4888 3800 4964">
    <p class='ocr_par' dir='ltr' id='par_1_108' title="bbox 2214 4888 3800 4964">
     <span class='ocr_line' id='line_1_110' title="bbox 2214 4888 3800 4964; baseline -0.013 -7"><span class='ocrx_word' id='word_1_807' title='bbox 2214 4903 2396 4957; x_wconf 90' lang='lat' dir='ltr'><strong>fronte</strong></span> <span class='ocrx_word' id='word_1_808' title='bbox 2415 4898 2594 4959; x_wconf 84' lang='lat' dir='ltr'><strong>vallis.</strong></span> <span class='ocrx_word' id='word_1_809' title='bbox 2621 4910 2747 4952; x_wconf 88' lang='lat' dir='ltr'><strong>cum</strong></span> <span class='ocrx_word' id='word_1_810' title='bbox 2790 4892 2996 4964; x_wconf 88' lang='lat' dir='ltr'><strong>ingenti</strong></span> <span class='ocrx_word' id='word_1_811' title='bbox 3022 4889 3310 4946; x_wconf 91' lang='lat' dir='ltr'><strong>hominum</strong></span> <span class='ocrx_word' id='word_1_812' title='bbox 3344 4888 3616 4951; x_wconf 87' lang='lat' dir='ltr'><strong>clamore,</strong></span> <span class='ocrx_word' id='word_1_813' title='bbox 3638 4898 3800 4954; x_wconf 63' lang='lat' dir='ltr'><strong>etinc-</strong></span> 
     </span>
    </p>
   </div>
   <div class='ocr_carea' id='block_1_109' title="bbox 2213 4979 3806 5054">
    <p class='ocr_par' dir='ltr' id='par_1_109' title="bbox 2213 4979 3806 5054">
     <span class='ocr_line' id='line_1_111' title="bbox 2213 4979 3806 5054; baseline -0.014 -5"><span class='ocrx_word' id='word_1_814' title='bbox 2213 5009 2338 5049; x_wconf 90' lang='lat' dir='ltr'><strong>rum</strong></span> <span class='ocrx_word' id='word_1_815' title='bbox 2365 4999 2420 5047; x_wconf 90' lang='lat' dir='ltr'><strong>et</strong></span> <span class='ocrx_word' id='word_1_816' title='bbox 2447 5003 2728 5046; x_wconf 89' lang='lat' dir='ltr'><strong>armorum</strong></span> <span class='ocrx_word' id='word_1_817' title='bbox 2765 4984 2994 5054; x_wconf 88' lang='lat' dir='ltr'><strong>strepitu</strong></span> <span class='ocrx_word' id='word_1_818' title='bbox 3032 4981 3362 5050; x_wconf 89' lang='lat' dir='ltr'><strong>constipato,</strong></span> <span class='ocrx_word' id='word_1_819' title='bbox 3415 4979 3806 5033; x_wconf 63' lang='lat' dir='ltr'><strong>sceleratorum</strong></span> 
     </span>
    </p>
   </div>
   <div class='ocr_carea' id='block_1_110' title="bbox 2213 5065 3806 5152">
    <p class='ocr_par' dir='ltr' id='par_1_110' title="bbox 2213 5065 3806 5152">
     <span class='ocr_line' id='line_1_112' title="bbox 2213 5065 3806 5152; baseline -0.013 -13"><span class='ocrx_word' id='word_1_820' title='bbox 2213 5083 2410 5139; x_wconf 81' lang='lat' dir='ltr'><strong>vexilla</strong></span> <span class='ocrx_word' id='word_1_821' title='bbox 2432 5079 2703 5152; x_wconf 90' lang='lat' dir='ltr'><strong>prodeunt</strong></span> <span class='ocrx_word' id='word_1_822' title='bbox 2719 5073 3085 5138; x_wconf 86' lang='lat' dir='ltr'><strong>ferocissima;</strong></span> <span class='ocrx_word' id='word_1_823' title='bbox 3115 5082 3169 5126; x_wconf 91' lang='lat' dir='ltr'><strong>et</strong></span> <span class='ocrx_word' id='word_1_824' title='bbox 3192 5071 3276 5125; x_wconf 90' lang='lat' dir='ltr'><strong>his</strong></span> <span class='ocrx_word' id='word_1_825' title='bbox 3299 5070 3703 5124; x_wconf 86' lang='lat' dir='ltr'><strong>accedentibus</strong></span> <span class='ocrx_word' id='word_1_826' title='bbox 3727 5065 3806 5120; x_wconf 69' lang='lat' dir='ltr'><strong>di—</strong></span> 
     </span>
    </p>
   </div>
   <div class='ocr_carea' id='block_1_111' title="bbox 2217 5160 3748 5236">
    <p class='ocr_par' dir='ltr' id='par_1_111' title="bbox 2217 5160 3748 5236">
     <span class='ocr_line' id='line_1_113' title="bbox 2217 5160 3748 5236; baseline -0.014 -2"><span class='ocrx_word' id='word_1_827' title='bbox 2217 5191 2504 5236; x_wconf 86' lang='lat' dir='ltr'><strong>versorum</strong></span> <span class='ocrx_word' id='word_1_828' title='bbox 2528 5174 3026 5228; x_wconf 89' lang='lat' dir='ltr'><strong>instrumentorum</strong></span> <span class='ocrx_word' id='word_1_829' title='bbox 3062 5165 3244 5220; x_wconf 89' lang='lat' dir='ltr'><strong>sonitu</strong></span> <span class='ocrx_word' id='word_1_830' title='bbox 3283 5163 3549 5217; x_wconf 84' lang='lat' dir='ltr'><strong>intonant</strong></span> <span class='ocrx_word' id='word_1_831' title='bbox 3577 5160 3748 5226; x_wconf 83' lang='lat' dir='ltr'><strong>undiq</strong></span> 
     </span>
    </p>
   </div>
   <div class='ocr_carea' id='block_1_112' title="bbox 2216 5253 3710 5328">
    <p class='ocr_par' dir='ltr' id='par_1_112' title="bbox 2216 5253 3710 5328">
     <span class='ocr_line' id='line_1_114' title="bbox 2216 5253 3710 5328; baseline -0.016 1"><span class='ocrx_word' id='word_1_832' title='bbox 2216 5279 2431 5328; x_wconf 89' lang='lat' dir='ltr'><strong>montes</strong></span> <span class='ocrx_word' id='word_1_833' title='bbox 2442 5285 2567 5326; x_wconf 90' lang='lat' dir='ltr'><strong>cum</strong></span> <span class='ocrx_word' id='word_1_834' title='bbox 2589 5264 2844 5321; x_wconf 89' lang='lat' dir='ltr'><strong>vallibus.</strong></span> <span class='ocrx_word' id='word_1_835' title='bbox 2870 5259 2984 5315; x_wconf 80' lang='lat' dir='ltr'><strong>Rex</strong></span> <span class='ocrx_word' id='word_1_836' title='bbox 3016 5266 3200 5313; x_wconf 89' lang='lat' dir='ltr'><strong>autem</strong></span> <span class='ocrx_word' id='word_1_837' title='bbox 3213 5253 3387 5311; x_wconf 88' lang='lat' dir='ltr'><strong>David</strong></span> <span class='ocrx_word' id='word_1_838' title='bbox 3418 5263 3710 5310; x_wconf 87' lang='lat' dir='ltr'><strong>tantorum</strong></span> 
     </span>
    </p>
   </div>
   <div class='ocr_carea' id='block_1_113' title="bbox 2213 5343 3744 5423">
    <p class='ocr_par' dir='ltr' id='par_1_113' title="bbox 2213 5343 3744 5423">
     <span class='ocr_line' id='line_1_115' title="bbox 2213 5343 3744 5423; baseline -0.018 -1"><span class='ocrx_word' id='word_1_839' title='bbox 2213 5365 2501 5422; x_wconf 89' lang='lat' dir='ltr'><strong>rocitatem</strong></span> <span class='ocrx_word' id='word_1_840' title='bbox 2567 5355 2875 5414; x_wconf 91' lang='lat' dir='ltr'><strong>humillime</strong></span> <span class='ocrx_word' id='word_1_841' title='bbox 2912 5350 3282 5423; x_wconf 82' lang='lat' dir='ltr'><strong>praestolatur,</strong></span> <span class='ocrx_word' id='word_1_842' title='bbox 3326 5361 3581 5416; x_wconf 87' lang='lat' dir='ltr'><strong>suosque</strong></span> <span class='ocrx_word' id='word_1_843' title='bbox 3628 5343 3744 5397; x_wconf 82' lang='lat' dir='ltr'><strong>invi</strong></span> 
     </span>
    </p>
   </div>
   <div class='ocr_carea' id='block_1_114' title="bbox 2216 5435 3728 5518">
    <p class='ocr_par' dir='ltr' id='par_1_114' title="bbox 2216 5435 3728 5518">
     <span class='ocr_line' id='line_1_116' title="bbox 2216 5435 3728 5518; baseline -0.014 -6"><span class='ocrx_word' id='word_1_844' title='bbox 2216 5456 2360 5512; x_wconf 82' lang='lat' dir='ltr'><strong>virili</strong></span> <span class='ocrx_word' id='word_1_845' title='bbox 2381 5453 2588 5518; x_wconf 89' lang='lat' dir='ltr'><strong>animo,</strong></span> <span class='ocrx_word' id='word_1_846' title='bbox 2599 5458 2655 5505; x_wconf 90' lang='lat' dir='ltr'><strong>et</strong></span> <span class='ocrx_word' id='word_1_847' title='bbox 2671 5445 3012 5510; x_wconf 87' lang='lat' dir='ltr'><strong>consolatur,</strong></span> <span class='ocrx_word' id='word_1_848' title='bbox 3025 5455 3278 5498; x_wconf 87' lang='lat' dir='ltr'><strong>asserens</strong></span> <span class='ocrx_word' id='word_1_849' title='bbox 3293 5441 3499 5495; x_wconf 89' lang='lat' dir='ltr'><strong>elatam</strong></span> <span class='ocrx_word' id='word_1_850' title='bbox 3517 5435 3728 5497; x_wconf 80' lang='lat' dir='ltr'><strong>inﬁdeli</strong></span> 
     </span>
    </p>
   </div>
   <div class='ocr_carea' id='block_1_115' title="bbox 2219 5527 3787 5608">
    <p class='ocr_par' dir='ltr' id='par_1_115' title="bbox 2219 5527 3787 5608">
     <span class='ocr_line' id='line_1_117' title="bbox 2219 5527 3787 5608; baseline -0.014 -4"><span class='ocrx_word' id='word_1_851' title='bbox 2219 5545 2626 5604; x_wconf 74' lang='lat' dir='ltr'><strong>multitudinem</strong></span> <span class='ocrx_word' id='word_1_852' title='bbox 2678 5543 3010 5608; x_wconf 89' lang='lat' dir='ltr'><strong>cooperante</strong></span> <span class='ocrx_word' id='word_1_853' title='bbox 3069 5533 3278 5588; x_wconf 83' lang='lat' dir='ltr'><strong>virtute</strong></span> <span class='ocrx_word' id='word_1_854' title='bbox 3341 5540 3558 5587; x_wconf 66' lang='lat' dir='ltr'><strong>sancta</strong></span> <span class='ocrx_word' id='word_1_855' title='bbox 3601 5527 3787 5584; x_wconf 76' lang='lat' dir='ltr'><strong>crucis</strong></span> 
     </span>
    </p>
   </div>
   <div class='ocr_carea' id='block_1_116' title="bbox 3737 5164 3812 5303">
    <p class='ocr_par' dir='ltr' id='par_1_116' title="bbox 3737 5164 3812 5303">
     <span class='ocr_line' id='line_1_118' title="bbox 3737 5164 3812 5303; baseline -0.027 1"><span class='ocrx_word' id='word_1_856' title='bbox 3737 5164 3812 5303; x_wconf 66' lang='lat' dir='ltr'><strong>iii</strong></span> 
     </span>
    </p>
   </div>
   <div class='ocr_carea' id='block_1_117' title="bbox 3787 5559 3812 5632">
    <p class='ocr_par' dir='ltr' id='par_1_117' title="bbox 3787 5559 3812 5632">
     <span class='ocr_line' id='line_1_119' title="bbox 3787 5559 3812 5632; baseline 0 0"><span class='ocrx_word' id='word_1_857' title='bbox 3787 5559 3812 5632; x_wconf 61' lang='lat'><strong>,1</strong></span> 
     </span>
    </p>
   </div>
   <div class='ocr_carea' id='block_1_118' title="bbox 2140 5622 3770 5714">
    <p class='ocr_par' dir='ltr' id='par_1_118' title="bbox 2140 5622 3770 5714">
     <span class='ocr_line' id='line_1_120' title="bbox 2140 5622 3770 5714; baseline -0.015 -16"><span class='ocrx_word' id='word_1_858' title='bbox 2140 5645 2144 5648; x_wconf 55' lang='lat'><em>‘</em></span> <span class='ocrx_word' id='word_1_859' title='bbox 2221 5656 2387 5714; x_wconf 84' lang='lat' dir='ltr'><strong>parva</strong></span> <span class='ocrx_word' id='word_1_860' title='bbox 2417 5653 2585 5693; x_wconf 89' lang='lat' dir='ltr'><strong>manu</strong></span> <span class='ocrx_word' id='word_1_861' title='bbox 2615 5649 2680 5689; x_wconf 91' lang='lat' dir='ltr'><strong>ac</strong></span> <span class='ocrx_word' id='word_1_862' title='bbox 2706 5630 2858 5687; x_wconf 91' lang='lat' dir='ltr'><strong>brevi</strong></span> <span class='ocrx_word' id='word_1_863' title='bbox 2887 5642 3051 5698; x_wconf 80' lang='lat' dir='ltr'><strong>posse</strong></span> <span class='ocrx_word' id='word_1_864' title='bbox 3082 5625 3315 5681; x_wconf 90' lang='lat' dir='ltr'><strong>conteri.</strong></span> <span class='ocrx_word' id='word_1_865' title='bbox 3345 5622 3466 5680; x_wconf 80' lang='lat' dir='ltr'><strong>Nec</strong></span> <span class='ocrx_word' id='word_1_866' title='bbox 3495 5622 3679 5678; x_wconf 88' lang='lat' dir='ltr'><strong>multo</strong></span> <span class='ocrx_word' id='word_1_867' title='bbox 3706 5636 3770 5689; x_wconf 70' lang='lat' dir='ltr'><strong>pe</strong></span> 
     </span>
    </p>
   </div>
   <div class='ocr_carea' id='block_1_119' title="bbox 2220 5685 3812 5792">
    <p class='ocr_par' dir='ltr' id='par_1_119' title="bbox 2220 5685 3812 5792">
     <span class='ocr_line' id='line_1_121' title="bbox 2220 5685 3812 5792; baseline -0.014 -3"><span class='ocrx_word' id='word_1_868' title='bbox 2220 5685 2354 5791; x_wconf 52' lang='lat' dir='ltr'><strong>visis</strong></span> <span class='ocrx_word' id='word_1_869' title='bbox 2378 5727 2742 5792; x_wconf 89' lang='lat' dir='ltr'><strong>Christicolis,</strong></span> <span class='ocrx_word' id='word_1_870' title='bbox 2789 5720 3000 5777; x_wconf 83' lang='lat' dir='ltr'><strong>inﬁnita</strong></span> <span class='ocrx_word' id='word_1_871' title='bbox 3043 5718 3364 5784; x_wconf 89' lang='lat' dir='ltr'><strong>multitudo,</strong></span> <span class='ocrx_word' id='word_1_872' title='bbox 3400 5717 3602 5788; x_wconf 86' lang='lat' dir='ltr'><strong>spiritu</strong></span> <span class='ocrx_word' id='word_1_873' title='bbox 3634 5685 3812 5784; x_wconf 45' lang='lat' dir='ltr'><strong>superi</strong></span> 
     </span>
    </p>
   </div>
   <div class='ocr_carea' id='block_1_120' title="bbox 2222 5805 3812 5896">
    <p class='ocr_par' dir='ltr' id='par_1_120' title="bbox 2222 5805 3812 5896">
     <span class='ocr_line' id='line_1_122' title="bbox 2222 5805 3812 5896; baseline -0.018 -12"><span class='ocrx_word' id='word_1_874' title='bbox 2222 5829 2326 5884; x_wconf 72' lang='lat' dir='ltr'><strong>bis:</strong></span> <span class='ocrx_word' id='word_1_875' title='bbox 2353 5823 2646 5896; x_wconf 80' lang='lat' dir='ltr'><strong>exagitata.</strong></span> <span class='ocrx_word' id='word_1_876' title='bbox 2677 5832 2801 5874; x_wconf 89' lang='lat' dir='ltr'><strong>cum</strong></span> <span class='ocrx_word' id='word_1_877' title='bbox 2847 5811 3136 5867; x_wconf 87' lang='lat' dir='ltr'><strong>immensis</strong></span> <span class='ocrx_word' id='word_1_878' title='bbox 3163 5810 3512 5866; x_wconf 90' lang='lat' dir='ltr'><strong>clamoribus</strong></span> <span class='ocrx_word' id='word_1_879' title='bbox 3543 5811 3600 5863; x_wconf 90' lang='lat' dir='ltr'><strong>iu</strong></span> <span class='ocrx_word' id='word_1_880' title='bbox 3623 5821 3728 5862; x_wconf 77' lang='lat' dir='ltr'><strong>eos</strong></span> <span class='ocrx_word' id='word_1_881' title='bbox 3753 5805 3812 5857; x_wconf 61' lang='lat' dir='ltr'><strong>iw.</strong></span> 
     </span>
    </p>
   </div>
  </div>
