3812 6312
492 335 658 430 ⁸1059

548 472 894 492 *εισι-α-

1090 333 1181 389 AD
1218 329 1663 391 GODEFRIDUM
1699 325 1989 385 APPEND.
2029 326 2091 382 ll.
2128 355 2195 368 —
2230 324 2500 383 NONUM.
2539 325 2626 381 DE
2665 325 2886 384 BELLO
2926 326 3173 385 SACRO.
3602 333 3682 395 leto

1877 460 3672 491 mm

1960 949 2346 967 Ἢ

878 711 1180 840 LIBER
1222 703 1678 836 LOCORUM
1721 698 2335 835 SANCTORUM
2377 701 2752 830 TERlllE
2802 698 3422 829 IERUSALEM.

1619 1159 2248 1255 PROLOGUS
2309 1163 2679 1256 LIBRI.

577 1401 808 1458 Domino
842 1415 944 1456 suo
992 1394 1285 1454 venerabili
1334 1401 1390 1452 et
1438 1391 1594 1450 fratri
1641 1391 1945 1460 inuunno,
1997 1391 2094 1449 Dei
2125 1395 2170 1458 Α
2207 1412 2225 1447 ι
2257 1391 2376 1451 Non
2412 1404 2497 1452 est
2537 1395 2808 1454 laudabile
2844 1397 2900 1454 in
2935 1392 3243 1456 Jerusalem
3286 1397 3484 1471 fuisse;
3525 1405 3697 1465 sedbeue

505 1496 680 1570 gratia
701 1492 967 1550 Toletano
989 1486 1311 1565 [Tolosano]
1333 1486 1542 1555 comiti,
1567 1485 1887 1542 FRETELLUS
1908 1487 2101 1543 eadem

505 1589 678 1660 gratia
706 1585 1152 1652 archidiaconus,
1190 1582 1294 1639 sub
1332 1579 1527 1652 spiritu
1551 1579 1768 1636 consilii
1792 1589 1847 1635 et
1884 1578 2102 1636 fortitu-

505 1681 649 1737 diuis
677 1680 791 1736 Deo
825 1679 1080 1734 militare.
1394 1686 1412 1689 '

574 1772 714 1828 Cum
738 1772 805 1827 ad
828 1769 1159 1826 Orientalem
1187 1766 1486 1824 Ecclesiam
1513 1779 1679 1822 causa
1719 1773 1940 1820 tuorum
1972 1778 2103 1836 pec-

503 1872 753 1922 catorum
786 1860 1100 1935 confugisti,
1133 1869 1189 1916 et
1222 1859 1278 1916 in
1303 1867 1447 1914 terra
1482 1857 1887 1929 promissionis,
1923 1858 2100 1928 patria

505 1956 714 2013 scilicet
744 1955 1041 2011 Salvatoris
1071 1953 1245 2009 nostri
1272 1950 1402 2008 Jesu
1443 1950 1668 2018 Christi,
1699 1951 2098 2022 peregrinares,

505 2064 575 2103 ex
622 2065 730 2119 qua
761 2047 1057 2103 secundam
1099 2043 1404 2101 Jerusalem
1445 2043 1836 2114 contemplare,
1882 2050 1937 2097 et
1981 2042 2099 2113 ipsa

507 2139 661 2207 Sion,
687 2156 810 2212 qua:
836 2140 1125 2211 allegorice
1147 2137 1464 2209 paradisum
1507 2136 1777 2207 designat,
1811 2145 1865 2192 et
1896 2136 1950 2190 in
1989 2150 2098 2206 qua

503 2231 736 2286 materia
759 2230 1016 2286 fortiores
1044 2245 1110 2286 ex
1154 2227 1321 2284 lsrael
1363 2227 1490 2283 novi
1525 2225 1818 2283 Machabtei
1847 2226 1961 2282 veri
2000 2225 2100 2282 Sa-

501 2321 738 2378 lomonis
780 2323 1042 2379 lectulum
1086 2320 1444 2387 excubantes,
1495 2319 1621 2374 inde
1666 2317 2000 2375 Philistihim
2045 2328 2101 2375 et

501 2415 724 2471 Amalec
769 2398 1106 2486 expugnant,
1149 2421 1340 2486 postea
1384 2427 1699 2476 verosacra
1727 2411 1878 2483 regni
1929 2409 2098 2466 David

501 2508 643 2576 loca,
674 2523 796 2578 qua:
830 2507 1015 2564 divina
1043 2506 1329 2563 catholicis
1376 2504 1692 2573 informant,
1722 2519 1844 2575 quae
1877 2503 2009 2569 sint,
2044 2513 2099 2558 et

501 2599 617 2668 ubi,
648 2608 701 2656 et
729 2600 861 2672 quid
883 2599 1194 2672 significent
1218 2599 1507 2670 diligenter
1536 2596 1813 2651 intitulare
1841 2611 1908 2651 ne
1932 2595 2099 2667 pigri-

500 2691 652 2758 teris,
688 2707 757 2748 ne
785 2693 1005 2764 quando
1041 2701 1319 2748 revertens
1359 2691 1427 2746 ad
1471 2688 1768 2762 [Egyptum
1800 2687 2093 2760 Babylonis

497 2784 558 2840 in
582 2794 757 2842 terras
789 2786 1059 2853 incurras,
1087 2793 1142 2840 et
1176 2784 1267 2840 hic
1307 2783 1550 2855 quandiu
1577 2796 1787 2838 moram
1814 2779 2008 2840 feceris
2029 2781 2098 2838 il-

498 2875 609 2933 lius
655 2878 834 2934 sancti
889 2876 1203 2950 Hieronymi
1258 2877 1544 2936 sententia:
1598 2873 1783 2931 faveas
1834 2871 2035 2930 dicenti
2084 2893 2096 2929 :

2204 1489 2406 1556 vivere,
2439 1505 2540 1546 nec
2569 1491 2743 1546 sacris
2768 1491 2906 1548 locis
2941 1491 3140 1549 oﬂ‘erre
3169 1491 3276 1550 nisi
3311 1493 3533 1566 legitima
3571 1501 3692 1572 acqui-

2205 1581 2330 1637 sita.
2357 1600 2376 1633 ι
2404 1581 2566 1654 Ergo,
2589 1583 2852 1654 quoniam
2879 1583 3090 1653 devote,
3103 1593 3270 1656 prout
3297 1587 3455 1643 nobis
3485 1589 3620 1645 visum
3634 1597 3698 1657 est,

2206 1673 2316 1729 imo
2339 1663 2627 1743 catholice,
2656 1675 2764 1730 huc
2787 1675 3150 1734 transfretans
3177 1677 3246 1734 de
3274 1679 3433 1751 longe
3455 1682 3628 1739 remotis
3643 1683 3700 1737 lli.

2204 1767 2523 1838 spaniarum
2547 1769 2749 1825 finibus
2776 1770 3075 1838 accessisti,
3106 1778 3166 1827 tu
3193 1772 3287 1843 qui
3315 1771 3511 1844 largus,
3545 1775 3703 1830 ctbexi-

2202 1874 2344 1930 gnus
2381 1874 2461 1927 es,
2487 1859 2648 1915 bonis
2675 1875 2777 1916 nec
2803 1877 2913 1915 non
2950 1862 3208 1918 omnibus
3239 1862 3296 1917 in
3324 1873 3504 1920 sancta
3535 1864 3702 1921 Ecclesia

2202 1949 2315 2007 Deo
2352 1952 2732 2020 militantibus,
2756 1951 3193 2011 Machabzeorum
3216 1956 3530 2012 etiam.......
3549 1962 3708 2014 conmi-

2201 2044 2300 2102 lito
2331 2046 2638 2117 hospitatus
2667 2047 2809 2116 apud
2836 2046 3020 2102 Bethel
3046 2048 3192 2121 regis
3216 2048 3518 2105 Salomonis
3538 2051 3580 2105 in
3598 2053 3706 2113 atrio,

2197 2138 2354 2210 juxta
2393 2139 2804 2195 reclinatorium
2841 2140 2915 2212 pii
2947 2139 3098 2209 Jesu,
3133 2156 3203 2197 ne
3226 2150 3497 2213 torpescas
3521 2143 3567 2197 in
3583 2143 3713 2198 laloe

2202 2241 2318 2298 tuo,
2361 2231 2458 2287 sed
2486 2229 2598 2287 Deo
2636 2231 2822 2299 redde,
2849 2234 2993 2304 quod
3024 2233 3121 2289 Dei
3144 2243 3246 2302 est,
3272 2235 3549 2307 imaginem
3571 2231 3712 2292 scilidzt

2201 2338 2368 2394 quam
2407 2323 2460 2378 in
2489 2331 2540 2379 te
2562 2334 2937 2395 repraesentat,
2972 2337 3246 2398 quatenus
3267 2344 3368 2400 per
3391 2329 3524 2385 hanc
3548 2328 3718 2403 peregri-

2201 2415 2476 2472 nationem
2509 2426 2659 2474 tuam
2696 2419 3000 2476 ascendens
3027 2418 3301 2475 Libanum
3344 2420 3414 2476 de
3449 2421 3566 2478 ﬂore
3597 2421 3716 2478 Nan

2202 2527 2335 2568 reuo
2358 2513 2597 2568 fructum
2619 2522 2870 2584 gustans,
2905 2521 2960 2568 et
2987 2513 3186 2570 odores
3210 2514 3265 2568 in
3297 2515 3610 2582 coelestibus,
3627 2516 3723 2570 etin

2203 2604 2334 2661 Sion
2371 2606 2510 2662 stola
2549 2604 2980 2662 immortalitatis
3024 2604 3272 2673 indutus,
3305 2623 3434 2664 cum
3472 2624 3585 2663 vero
3616 2607 3721 2662 Salo-

2202 2711 2383 2762 mone,
2409 2694 2496 2750 cui
2527 2695 2712 2750 omnia
2743 2695 2935 2750 vivunt
2963 2711 3060 2766 per
3085 2696 3302 2753 inﬁnita
3331 2697 3526 2754 saecula
3555 2697 3723 2755 mlo

2205 2802 2328 2842 rum
2357 2787 2699 2844 sabbatizare
2719 2788 3000 2844 merearis.
3031 2787 3226 2844 Amen.

529 3024 3729 3051 Mm

944 3229 1641 3324 ENARRATIO
1713 3230 2286 3327 LOCORUM
2361 3233 2789 3324 TERR/E
2864 3235 3405 3331 SANCTIE.

576 3501 731 3558 Modo
777 3508 982 3570 autem,
1027 3499 1324 3557 reverende
1366 3497 1440 3553 mi
1488 3496 1730 3564 domine,
1773 3495 2036 3566 quoniam
2066 3511 2096 3551 a

499 3594 767 3667 parvitate
785 3609 908 3649 mea
930 3593 1176 3648 locorum
1200 3605 1482 3647 sacrorum
1512 3595 1668 3644 terrae
1691 3587 2096 3659 promissionis,

500 3687 708 3745 scilicet
727 3685 1038 3743 Israeliticae
1061 3683 1324 3756 regionis,
1355 3681 1608 3738 notitiam
1631 3696 1878 3752 quaerere
1902 3680 2096 3751 digna-

501 3787 589 3835 tus
618 3793 698 3845 es,
728 3785 892 3848 prout
920 3776 1111 3831 sanius
1133 3783 1347 3846 potero,
1373 3772 1695 3828 sublimitati
1733 3781 1840 3828 tuae
1864 3771 2094 3844 diligen-

501 3877 582 3925 ter
616 3868 891 3925 elucidare
933 3881 1042 3923 non
1081 3864 1432 3937 dedignabor.
1466 3862 1687 3919 Vertam
1728 3878 1859 3936 ergo
1891 3863 2090 3935 stylum

503 3976 728 4018 sumens
753 3959 967 4015 initium
1003 3974 1034 4014 a
1069 3958 1307 4026 Cheron,
1337 3956 1392 4013 id
1425 3964 1509 4012 est
1537 3954 1778 4012 llebron.
1815 3953 1955 4011 Olim
1991 3953 2094 4010 fuit

500 4050 818 4122 metropolis
835 4049 1028 4105 civitas
1040 4047 1492 4104 Philisthinorum
1512 4055 1566 4103 et
1576 4047 1854 4119 gigantum
1877 4045 1931 4102 in
1951 4045 2092 4101 tribu

500 4143 662 4211 Iuda,
693 4143 886 4199 civitas
935 4140 1310 4207 sacerdotalis,
1350 4149 1404 4196 et
1451 4140 1824 4210 fugitivorum.
1874 4137 2091 4194 Hebron

502 4236 607 4291 sita
635 4243 720 4290 est
759 4233 814 4288 in
860 4232 952 4287 illo
979 4246 1110 4304 agro
1139 4231 1193 4287 in
1223 4245 1334 4302 quo
1365 4245 1616 4286 summus
1655 4229 1963 4300 Dispositor
1999 4244 2093 4299 pa-

2209 3504 2322 3550 tum
2350 3496 2456 3551 alte
2486 3506 2539 3552 et
2566 3494 2834 3568 profunde
2856 3497 3109 3568 effossus,
3135 3499 3424 3558 intantum
3454 3502 3548 3560 Dei
3575 3502 3754 3575 disposi»

2205 3588 2373 3655 tione,
2407 3602 2553 3643 anno
2589 3588 2741 3643 (inito
2763 3589 2971 3644 reddita
2993 3591 3171 3662 gleba,
3197 3604 3408 3664 gratus
3439 3595 3681 3666 aperitur.

2271 3677 2434 3734 Juxta
2456 3677 2672 3734 llebron
2700 3693 2860 3736 mons
2881 3678 3145 3747 Mambre,
3171 3683 3240 3737 ad
3267 3684 3529 3740 radicem
3549 3684 3686 3753 cujus
3705 3692 3762 3737 est

2199 3769 2292 3826 illa
2322 3770 2682 3839 terebinthus,
2715 3786 2840 3842 quae
2878 3771 3030 3842 dirps
3063 3782 3324 3842 vocatur,
3376 3774 3434 3830 id
3464 3784 3549 3831 est
3573 3776 3682 3838 ilex,
3705 3773 3760 3825 nl

2196 3879 2451 3934 quercus,
2487 3879 2649 3920 secus
2691 3878 2859 3934 quam
2910 3865 3247 3934 permultum
3298 3868 3579 3939 temporis
3614 3867 3766 3922 mansit

2195 3954 2494 4022 Abraham,
2543 3954 2648 4012 sub
2693 3971 2801 4027 qua
2846 3957 3066 4028 quidem
3114 3970 3229 4016 tres
3271 3962 3518 4032 angelos
3563 3961 3694 4024 vidit,
3729 3969 3767 4010 rt

2195 4063 2364 4102 unum
2390 4049 2658 4118 adoravit,
2687 4049 3033 4121 hospitioque
3064 4064 3395 4126 susceptos,
3419 4068 3589 4128 prout
3604 4056 3773 4128 dignius
3800 4127 3801 4134 γ

2192 4137 2388 4207 potuit,
2424 4137 2556 4193 fovit
2588 4147 2643 4194 et
2681 4140 2848 4210 pavit.
2886 4138 3042 4197 Unde
3083 4143 3267 4213 prima
3303 4146 3407 4202 via
3441 4147 3687 4202 credendi
3711 4147 3770 4198 di-

2195 4237 2316 4285 ctus
2336 4239 2421 4285 cst
2469 4229 2575 4286 ilex
2627 4231 2906 4302 praedicta.
2954 4231 3033 4288 Ex
3067 4242 3199 4290 tunc
3235 4253 3440 4309 usque
3491 4239 3562 4295 ad
3613 4247 3779 4308 tempus

498 4337 638 4384 trem
683 4333 934 4382 nostrum
967 4323 1255 4395 plasmavit
1292 4321 1492 4390 Adam,
1521 4329 1575 4378 et
1607 4319 1894 4391 inSpiravit
1933 4320 1987 4374 in
2023 4335 2088 4375 co
2118 4319 2158 4378 C
2191 4319 2489 4378 Theodosii
2540 4322 2910 4394 imperatoris,
2944 4331 3178 4382 testante
3228 4325 3618 4406 Hieronymo,
3657 4319 3801 4406 suum

498 4417 832 4489 spiraculum
877 4417 1018 4472 vitae.
1068 4416 1282 4472 ﬂebron
1328 4423 1511 4469 autem
1561 4412 1837 4468 Anatarhe
1868 4412 2090 4478 dicitur,

499 4510 645 4581 quod
689 4509 1042 4566 Sarracenice
1071 4517 1230 4566 sonat
1259 4508 1518 4561 civitates.
1546 4504 1796 4571 Quatuor
1825 4505 1903 4560 illi
1933 4520 2090 4560 reve-

501 4601 652 4657 rcndi
687 4610 869 4673 patres
895 4602 949 4658 in
973 4600 1231 4672 spelunca
1253 4597 1457 4669 duplici
1486 4597 1540 4650 in
1562 4611 1625 4651 ea
1649 4597 1949 4667 consepulti
1974 4595 2090 4653 fue-

506 4703 650 4762 runt,
679 4694 892 4764 primus
931 4693 1127 4760 Adam,
1159 4691 1463 4755 Abraham,
1489 4686 1664 4755 Isaac,
1715 4697 1770 4744 et
1809 4687 1998 4756 Jacob,
2037 4699 2091 4745 et

499 4801 688 4843 eorum
713 4801 918 4842 uxores
941 4792 1209 4856 quatuor;
1234 4782 1345 4838 Eva
1372 4789 1548 4837 mater
1568 4788 1776 4848 nostra,
1803 4781 1958 4849 Sara,
1986 4782 2091 4838 Re-

497 4879 661 4937 becca
690 4887 745 4936 et
771 4877 902 4946 Lia;
930 4887 1013 4934 est
1035 4879 1217 4932 aute'm
1247 4873 1464 4930 Hebron
1490 4875 1646 4948 juxta
1668 4875 1862 4932 vallem
1888 4875 2090 4949 Lacry-

498 4986 711 5029 marum
747 4972 872 5026 sita.
910 4969 1078 5026 Vallis
1107 4967 1497 5038 Lacrymarum
1529 4968 1674 5024 dicta
1700 4977 1804 5036 est,
1840 4984 1904 5025 co
1942 4969 2092 5040 quod

497 5074 718 5122 centum
760 5060 920 5116 annis
957 5061 1011 5114 in
1047 5075 1111 5114 ea
1157 5059 1296 5114 luxit
1332 5058 1501 5115 Adam
1533 5060 1702 5116 tilium
1735 5077 1897 5117 suum
1932 5060 2088 5128 Abel,

499 5158 554 5212 in
585 5171 692 5227 qua
733 5161 924 5222 postea
958 5153 1198 5207 monitus
1231 5152 1300 5208 ab
1335 5153 1528 5225 angelo
1569 5155 1822 5226 cognovit
1862 5169 2086 5209 uxorem

498 5263 654 5304 suam
677 5244 846 5298 Evam
868 5260 934 5299 ex
957 5259 1064 5313 qua
1086 5243 1271 5313 genuit
1299 5243 1468 5298 filium
1496 5259 1657 5299 suum
1682 5242 1831 5311 Scth,
1855 5243 1921 5299 (lc
1947 5243 2088 5298 tribu

499 5336 659 5406 cujus
687 5341 806 5389 erat
827 5332 1082 5388 Christus
1110 5332 1395 5388 oriundus.

519 5488 523 5500 η
570 5423 824 5480 Secundo
853 5423 1105 5478 milliario
1145 5425 1213 5479 ab
1256 5423 1576 5480 chronest
1617 5424 1926 5494 sepulcrum
1964 5423 2086 5492 Lot,

500 5516 712 5586 nepotis
740 5515 990 5571 Abrahae.
1033 5515 1090 5570 ln
1136 5515 1352 5572 Hebron
1401 5517 1632 5572 habetur
1667 5513 1794 5587 ager
1835 5516 2080 5586 quidam,

502 5607 657 5675 cujus
688 5608 839 5678 gleba
862 5609 1048 5674 rubea,
1075 5624 1197 5679 quae
1218 5609 1287 5664 ab
1320 5610 1512 5664 incolis
1533 5609 1786 5663 etl'oditur
1810 5618 1864 5664 et
1892 5624 2078 5664 come-

500 5697 665 5763 ditur,
696 5708 749 5752 et
783 5698 1074 5771 Aigyptum
1107 5702 1315 5757 venalis
1345 5707 1678 5772 asportatur,
1707 5710 1760 5756 et
1790 5701 1946 5771 quasi
1981 5717 2080 5772 pro

505 5791 682 5858 specie
717 5791 921 5846 emitur
951 5793 1288 5848 charissime.
1332 5792 1629 5850 Praedictus
1668 5809 1814 5864 ager,
1845 5794 2079 5864 inquan-

2137 4463 2145 4472 .
2190 4427 2314 4469 csse
2347 4412 2616 4482 dilatavit,
2645 4422 2700 4470 et
2728 4430 2796 4470 ex
2845 4416 2963 4486 ipsa
3011 4417 3184 4474 scissa
3235 4421 3611 4490 perhibetur,
3637 4435 3734 4492 qius
3760 4432 3785 4471 ι

2191 4505 2600 4576 possidentibus
2636 4507 2803 4562 cahra
2835 4517 3069 4578 tenetur,
3103 4527 3230 4580 quae
3255 4513 3408 4570 licet
3437 4515 3517 4570 sit
3536 4514 3678 4570 arida
3697 4525 3782 4564 me

2189 4597 2440 4654 dicabilis
2469 4598 2785 4670 perhibetur
2820 4600 2874 4654 in
2903 4601 3030 4669 hoc,
3067 4603 3215 4673 quod
3268 4607 3562 4676 quandiu.
3583 4594 3788 4677 equinas

2190 4690 2317 4760 quis
2345 4705 2533 4747 secum
2559 4691 2814 4748 detulerit
2851 4693 3056 4748 animal
3081 4711 3252 4750 suum
3307 4713 3439 4753 non
3465 4699 3717 4754 offendet.
3745 4691 3788 4746 la

2190 4780 2407 4838 Hebron
2430 4784 2669 4854 primum
2694 4784 3075 4855 applicuerunt
3095 4801 3280 4843 causa
3308 4798 3494 4846 terrae
3513 4786 3792 4861 promissio-

2191 4875 2274 4930 nis
2298 4875 2646 4946 evplorandte
2679 4876 2884 4948 Caleph
2905 4886 2959 4933 et
2991 4876 3180 4944 Josue,
3212 4895 3566 4954 eorumque
3589 4883 3706 4938 socii
3723 4875 3801 4954 εὶς-ξ

2190 4982 2334 5022 cem.
2359 4966 2418 5023 ιιι
2446 4966 2666 5024 llebron
2698 4969 2948 5041 regnavit
2973 4968 3144 5026 David
3174 4974 3372 5032 annis
3401 4986 3640 5048 septem,
3671 4983 3715 5029 et
3733 4969 3792 5026 di-

2191 5058 2378 5113 midio.

2261 5148 2484 5205 Decimo
2519 5149 2778 5206 milliario
2819 5152 2890 5206 ab
2914 5149 3132 5208 Hebron
3163 5164 3269 5211 est
3302 5157 3486 5215 lacus
3511 5153 3796 5230 Asphaltites

2189 5250 2382 5298 contra
2416 5243 2706 5312 orientem,
2758 5244 2853 5316 qui
2882 5260 3034 5301 mare
3074 5244 3394 5306 Mortuum
3451 5254 3671 5316 dicitur,
3707 5261 3796 5303 vere

2191 5342 2490 5401 mortuum,
2513 5335 2644 5405 quia
2679 5335 2736 5390 in
2773 5351 2839 5391 eo
2865 5335 3002 5391 nihil
3041 5336 3247 5394 vivum
3289 5351 3419 5412 est,
3457 5359 3566 5400 nec
3599 5343 3701 5408 dat,
3726 5349 3794 5392 ut:

2189 5427 2400 5496 recipit,
2444 5435 2500 5481 et
2541 5442 2692 5483 mare
2728 5425 2939 5482 Diaboli
2972 5428 3205 5498 dicitur,
3243 5447 3330 5488 eo
3377 5437 3543 5506 quod
3582 5436 3794 5490 instinctu

2189 5519 2330 5590 ejus,
2361 5528 2598 5589 quatuor
2621 5519 2726 5574 illac
2749 5519 2995 5576 civitates
3029 5521 3431 5595 miserrimae,
3457 5528 3518 5584 id
3539 5537 3624 5584 est
3659 5521 3795 5580 Sodo-

2189 5625 2299 5677 ma,
2344 5609 2673 5678 Gomorrha,
2709 5610 2949 5679 Seboim,
2998 5613 3252 5685 Adama,
3299 5632 3723 5691 perseverantes
3757 5603 3791 5670 ii

2186 5700 2521 5770 turpitudine
2551 5717 2675 5769 sua,
2711 5703 2823 5775 igni
2866 5703 3169 5774 sulphureo
3217 5725 3625 5772 concremata:
3651 5713 3698 5768 iu
3731 5707 3790 5766 illi

2189 5792 2310 5847 loco
2331 5793 2606 5848 subversa:
2629 5803 2774 5850 sunt.

3799 5009 3802 5175 ι
