3816 6306
61 367 214 427 1041

899 367 1246 456 FRETELIJ
1281 367 1408 425 LIB.
1454 368 1606 426 LOC.
1653 370 1752 424 SS.
1797 370 2061 427 TERRE
2095 367 2530 428 ιΕιιυδΑιΕΜ.

3230 355 3399 432 iou'

139 484 330 558 Supra
372 487 572 543 laeum
599 488 655 545 in
697 486 952 544 accubitu
995 484 1197 543 Iudicas
1231 485 1422 559 Segor,
1449 503 1574 557 quae
1617 495 1670 542 et
1701 491 1746 549 Α
1773 496 1878 544 rat.
1927 487 2095 546 Sexto
2150 488 2408 546 milliario
2451 503 2481 543 a
2535 485 2784 559 Sarphen
2826 495 2910 544 est
2968 485 3135 546 Siden
3177 492 3370 550 civitas

53 576 304 635 Belzora
325 579 547 649 dicitur,
586 596 696 636 una
719 581 790 637 de
815 581 1058 651 quinque
1079 579 1393 636 civitatibus
1416 579 1522 637 illis
1552 596 1674 651 pre-

55 671 234 726 cibus
265 670 370 726 Lot
389 673 457 727 de
505 672 758 728 incendio
781 681 834 728 et
865 671 1224 728 subversione
1251 681 1528 727 reservata
1567 680 1671 738 est,

53 778 196 832 quas
217 778 400 833 usque
423 779 570 818 nunc
591 764 917 819 ostenditur.
945 762 1002 818 In
1024 763 1176 819 exitu
1209 763 1382 834 Segor
1408 778 1547 818 uxor
1572 761 1676 819 Lot

53 849 112 902 in
147 856 360 904 statua:
380 850 612 922 eﬂigiem
643 858 854 908 mutata
875 850 998 916 fuit,
1026 849 1184 921 cujus
1211 851 1389 906 adhuc
1412 859 1675 922 apparent

51 941 325 1013 vestigia.
353 941 530 1014 Supra
561 944 733 1014 ripam
756 943 1000 1015 praedicti
1030 943 1202 999 maris
1223 943 1453 998 multum
1477 943 1674 998 alumi-

49 1033 172 1100 nis,
210 1034 561 1105 multumque
589 1034 836 1091 Iiatranii
865 1036 936 1091 ab
966 1036 1162 1092 incolis
1185 1034 1454 1106 reperitur
1477 1043 1532 1091 et
1557 1034 1671 1090 col-

49 1125 282 1196 Iigitur,
323 1135 380 1182 et
407 1143 472 1182 ex
506 1128 643 1183 mari
689 1128 900 1184 bitume
930 1128 1256 1194 extrahitur,
1286 1128 1432 1198 quod
1474 1127 1674 1184 Judtcre

49 1218 111 1274 in
151 1221 361 1278 multis
409 1223 714 1293 appellatur
769 1221 1164 1277 necessarium.
1222 1221 1392 1293 Segor
1421 1229 1601 1276 autem
1641 1235 1671 1274 a

47 1314 461 1384 compatriotis
487 1314 746 1386 oppidum
777 1312 980 1370 Palmm
999 1323 1248 1370 vocatur.

125 1404 326 1477 Supra
371 1407 549 1462 lacum
601 1405 986 1479 Asphaltitem,
1037 1407 1095 1464 in
1138 1406 1406 1462 descensu
1459 1404 1674 1461 Arabia;

43 1497 366 1569 Carviaym
419 1499 679 1570 spelunca
717 1509 801 1556 est
847 1499 906 1555 in
945 1509 1132 1555 monte
1173 1498 1558 1565 Moabitarum,
1605 1499 1672 1554 ad

44 1607 236 1660 quam
270 1589 460 1647 Dahae
494 1591 638 1647 ﬁlius
657 1590 802 1647 Ebor
829 1591 1016 1647 divino
1041 1600 1178 1646 nutu
1199 1590 1426 1650 adduxit
1450 1589 1671 1646 Balaam

45 1683 120 1737 ad
168 1683 623 1738 maledicendum
672 1683 800 1738 ﬁliis
854 1683 1043 1752 Israel,
1073 1684 1170 1754 qui
1220 1687 1320 1754 pro
1362 1681 1668 1738 vehementi

44 1785 350 1849 praruptu
381 1775 609 1834 Exeisus
640 1785 885 1832 vocatur.
920 1775 1100 1834 Lacus
1121 1775 1456 1847 Asphaltites
1479 1775 1673 1832 dividit

41 1863 314 1920 Iudaeam
349 1875 403 1920 et
429 1866 707 1921 Arabiam.

117 1959 345 2015 Arabia
373 1968 616 2032 tempore
664 1960 904 2016 ﬁliorum
947 1958 1113 2015 Israel
1162 1959 1402 2016 solitudo
1440 1969 1579 2026 erat,
1617 1969 1670 2014 et

43 2052 374 2120 desertum,
407 2060 552 2108 terra
583 2051 730 2108 invia
755 2062 811 2108 et
840 2052 1125 2123 inaquosa.
1157 2051 1215 2106 In
1238 2068 1302 2109 ea
1330 2050 1550 2124 quidem
1575 2051 1671 2108 de-

43 2144 224 2200 tinuit
251 2159 358 2200 eos
384 2143 456 2200 ιθ
493 2145 654 2202 annis
682 2145 971 2213 Dominus,
1019 2162 1220 2201 manna
1254 2145 1448 2217 pluens
1479 2144 1560 2202 eis
1600 2144 1669 2200 ad

44 2237 538 2293 manducandum.
562 2237 620 2293 In
648 2239 846 2293 Arabia
869 2237 1064 2294 Elmon
1085 2237 1306 2294 fuerunt
1326 2247 1503 2294 castra
1529 2236 1670 2293 ﬁlio-

43 2345 180 2384 rum
233 2329 413 2386 Israel
447 2330 501 2384 in
537 2329 773 2398 deserto,
807 2331 861 2385 in
900 2346 1012 2402 quo
1039 2329 1328 2387 duodecim
1373 2329 1572 2397 fontes,
1615 2337 1672 2385 et

44 2423 422 2494 septuaginta
443 2425 638 2493 palmae
667 2424 734 2479 de
758 2425 897 2480 mari
941 2424 1129 2481 Rubro
1153 2432 1414 2480 exeuntes
1442 2432 1670 2495 reperta:

44 2524 210 2569 sunt.
248 2512 312 2568 In
349 2513 546 2570 Arabia
572 2523 658 2570 est
676 2515 834 2572 vallis
861 2515 1054 2588 Moysi,
1078 2515 1134 2571 in
1155 2531 1262 2588 qua
1288 2515 1556 2586 percussit
1584 2513 1668 2570 his

41 2607 277 2662 silicem
305 2605 482 2678 virga,
499 2607 639 2664 duos
661 2623 818 2679 aquae
845 2608 1049 2667 rivulos
1069 2610 1269 2680 populo
1289 2607 1384 2664 Dei
1411 2607 1666 2673 reddens,

37 2699 114 2754 de
142 2698 369 2770 quibus
397 2707 508 2754 tota
537 2700 630 2756 illa
658 2701 833 2772 patria
861 2702 1028 2758 modo
1055 2701 1334 2774 irrigatur.
1367 2700 1422 2755 In
1465 2699 1665 2754 Arabia

40 2799 134 2849 est
167 2807 348 2848 mons
389 2791 562 2860 Sinai,
606 2794 663 2848 in
699 2811 810 2866 quo
837 2794 1050 2867 Moyses
1080 2795 1443 2866 quadraginta
1472 2794 1668 2850 diebus

39 2898 181 2938 cum
239 2881 474 2938 totidem
525 2885 782 2940 noctibus
812 2885 980 2941 totius
1029 2901 1226 2957 expers
1259 2885 1377 2942 ‘cibi
1422 2896 1668 2943 moratus

44 2976 184 3041 I‘uit,
215 2974 276 3029 in
299 2991 416 3046 quo
450 2977 614 3032 etiam
647 2977 914 3035 Dominus
946 2977 1120 3052 Moysi
1141 2979 1315 3050 legem
1337 2978 1506 3048 dedit,
1535 2995 1670 3051 pro~

39 3068 175 3137 prio
203 3067 387 3139 digito
406 3085 508 3125 suo
532 3070 791 3141 scriptam
816 3071 871 3126 in
899 3071 1098 3128 tabulis
1118 3071 1366 3142 lapideis.
1382 3071 1442 3126 In
1464 3069 1668 3128 Arabia

1774 579 2011 649 egregia,
2033 594 2104 634 ex
2124 595 2233 650 qua
2255 578 2358 634 fuit
2385 578 2542 646 Dido,
2563 593 2687 650 qua:
2705 576 3090 650 Carthaginem
3113 593 3369 639 constru-

1777 671 1855 725 xit
1882 671 1936 725 in
1959 669 2164 728 Africa.

1847 757 2014 816 Sexto
2041 759 2256 817 decimo
2283 761 2542 818 milliario
2561 775 2592 816 a
2623 758 2828 818 Sidone
2847 769 2932 818 est
2955 759 3212 818 Berithus
3237 779 3372 834 opu-

1776 852 2078 908 lentissima
2107 853 2322 910 civitas.
2353 851 2412 908 In
2442 853 2623 910 Berito
2657 863 2743 911 est
2774 853 3024 926 quaedam
3075 853 3372 914 Salva'toris

1776 943 1954 999 nostri
1979 944 2160 1014 icona,
2183 961 2292 1000 non
2324 945 2559 1002 multum
2604 955 2728 1020 post
2755 949 3068 1020 passionem
3117 967 3272 1008 suam
3301 951 3370 1008 ad

1776 1033 2132 1104 ignominiam
2160 1035 2281 1106 ejus
2300 1037 2594 1094 ridiculose
2619 1053 2650 1094 a
2667 1039 2998 1110 quibusdam
3014 1039 3221 1100 Judzeis
3245 1059 3372 1099 cru-
3395 1044 3402 1053 '

1767 1125 1958 1195 ciﬂxa,
1997 1143 2121 1198 qua:
2149 1129 2472 1200 sanguinem
2507 1131 2767 1202 produxit
2800 1141 2854 1189 et
2882 1149 3104 1203 aquam,
3136 1136 3280 1191 unde
3317 1145 3372 1191 et

1774 1217 1934 1273 multi
1967 1217 2024 1273 in
2053 1234 2183 1275 vero
2225 1221 2492 1294 crqcilixo
2527 1222 2878 1280 crediderunt
2903 1225 3196 1296 baptizati;
3240 1228 3368 1299 qui-

1773 1325 1992 1381 cunque
2040 1311 2225 1377 etiam,
2275 1327 2341 1368 ex
2393 1313 2485 1370 illa
2518 1313 2674 1371 icona
2716 1318 3002 1386 perunctia
3040 1334 3369 1391 quacunque

1773 1399 2140 1470 gravabantur
2163 1400 2499 1470 inﬁrmitate,
2527 1403 2647 1459 sani
2675 1405 3060 1462 reddebantur.

1845 1491 2066 1564 Arphax
2092 1502 2178 1550 est
2201 1495 2334 1550 urbs
2363 1494 2638 1563 Damasci,
2671 1497 2738 1552 de
2774 1513 2882 1568 qua
2918 1499 3180 1556 historia:
3211 1520 3231 1554 ‹
3264 1502 3369 1558 Da~-

1773 1600 1995 1642 mascus
2035 1585 2088 1640 in
2119 1583 2294 1658 Syria.
2333 1606 2351 1638 ι
2382 1585 2686 1643 Damascus
2709 1597 2794 1644 est
2821 1598 2987 1660 caput
3021 1589 3194 1663 Syria:
3215 1608 3370 1649 reve-

1774 1675 1942 1732 renda
1986 1677 2325 1747 metropolis,
2367 1693 2534 1748 quam
2566 1678 2879 1734 construxit
2913 1677 3138 1735 Eleazar
3175 1697 3369 1738 servus

1775 1768 2027 1824 Abrahae.
2078 1768 2134 1824 In
2168 1787 2300 1841 agro
2328 1769 2422 1824 illo
2463 1768 2602 1824 Cain
2631 1769 2904 1827 interfecit
2952 1770 3173 1830 fratrem
3205 1790 3367 1830 suum

1701 1837 1927 1917 8Abel.
1980 1837 2249 1919 Damasco
2300 1862 2635 1919 cohabitavit
2673 1861 2846 1932 Esau,
2894 1863 2988 1935 qui
3035 1874 3090 1922 et
3145 1865 3267 1922 Seir
3315 1876 3371 1922 et

1772 1951 1967 2018 Edoni,
2017 1951 2138 2008 Seir
2173 1953 2398 2024 pilosus,
2444 1953 2614 2009 Edom
2667 1956 2841 2026 rufus,
2882 1957 2966 2012 vel
3026 1959 3254 2024 rubens;
3299 1959 3369 2015 ab

1771 2043 1924 2100 Edon
1948 2053 2058 2101 tota
2081 2045 2172 2102 illa
2203 2055 2346 2102 terra
2371 2055 2600 2103 vocatur
2627 2046 2885 2116 Idumaea,
2913 2049 2980 2106 de
3007 2052 3194 2122 qua-in
3218 2051 3368 2122 psal~

1771 2151 1862 2194 mo
1890 2157 1902 2194 :
1935 2137 2002 2192 In
2031 2138 2329 2196 Idumwam
2357 2140 2640 2195 extendam
2663 2141 3023 2198 calceamenta
3053 2159 3166 2198 mea
3191 2142 3362 2212 (Psal.

1766 2244 1882 2301 ιιι,
1916 2231 2026 2303 10).
2060 2230 2214 2288 Unde
2238 2233 2501 2313 propheta
2536 2252 2550 2289 :
2585 2231 2719 2300 Quis
2740 2243 2818 2289 est
2847 2235 2937 2307 qui
2967 2235 3104 2290 venit
3126 2237 3189 2290 de
3212 2234 3366 2293 Edon

1771 2326 1951 2380 tinctis
1993 2324 2218 2381 vestibus
2253 2325 2317 2380 de
2345 2324 2739 2398 Bosra?(lsai.
2770 2343 2932 2396 LXIII,
2966 2327 3042 2398 l.)
3085 2327 3253 2388 Bosra
3283 2338 3368 2386 est

1769 2418 2017 2488 quaedam
2039 2434 2168 2488 pars
2195 2419 2341 2475 illius
2369 2427 2526 2474 terrae
2554 2435 2678 2490 qua:
2704 2418 2820 2477 Ilus
2847 2429 3095 2487 vocatur,
3143 2421 3210 2477 de
3257 2437 3366 2493 qua

1769 2509 1874 2566 fuit
1897 2510 2090 2568 beatus
2110 2509 2234 2580 Job,
2265 2527 2389 2583 quae
2417 2523 2470 2570 et
2516 2512 2690 2570 Sueta
2717 2512 2940 2580 dicitur,
2970 2529 2999 2569 a
3030 2529 3136 2585 qua
3163 2512 3364 2569 Baldad

1771 2603 2016 2660 Suhites.
2037 2603 2282 2659 Theman
2305 2613 2389 2660 est
2423 2607 2742 2677 metropolis
2763 2607 2821 2662 in
2845 2604 3104 2673 Idumaza,
3127 2622 3194 2660 ex
3221 2603 3366 2661 The-

1769 2714 1896 2754 man
1936 2696 2160 2769 Eliphas
2191 2697 2564 2756 Themanites.
2591 2699 2661 2756 Et
2688 2699 2934 2756 Naaman
2963 2709 3048 2756 est
3083 2699 3364 2771 oppidum,

1768 2807 1800 2847 a
1839 2807 1948 2863 quo
1976 2790 2190 2864 Sophar
2217 2791 2574 2850 Naamatites.
2608 2791 2650 2849 li
2687 2803 2799 2851 tres
2840 2794 3216 2852 consolatores
3263 2791 3366 2849 Job

1769 2882 2011 2940 fuerunt.
2037 2884 2098 2940 In
2129 2884 2380 2943 Idumaeze
2404 2887 2607 2944 ﬁnibus
2636 2887 2881 2944 secundo
2903 2887 3161 2944 milliario
3185 2903 3216 2942 a
3243 2884 3367 2942 Jor-

1767 2975 1910 3034 dane
1945 2986 2035 3034 est
2063 2978 2263 3036 ﬂuvius
2308 2979 2552 3048 Laboch,
2597 2997 2710 3054 quo
2736 2981 3088 3038 transvadato
3119 2997 3152 3036 a
3198 2978 3367 3038 Jacoh

1769 3084 1895 3126 cum
1917 3085 1950 3125 a
1972 3068 2364 3141 Mesopotamia
2376 3072 2608 3140 veniret,
2632 3073 2871 3128 luctatus
2893 3081 2976 3128 est
3001 3087 3126 3128 cum
3151 3071 3362 3143 angelo,

37 3161 352 3232 praecessit
399 3161 540 3218 ﬁlios
585 3161 755 3219 Israel
790 3165 1046 3220 columna
1089 3165 1231 3237 ignis
1277 3181 1374 3238 per
1423 3173 1662 3233 noctem,
1692 3189 1740 3254 ρ
1769 3161 1861 3234 qui
1883 3163 1952 3218 de
1975 3161 2146 3220 Iacob
2173 3177 2375 3220 nomen
2400 3165 2523 3234 ejus
2563 3165 2796 3221 mutavit
2825 3165 2880 3236 in
2919 3163 3105 3220 Israel.
3146 3162 3206 3220 In
3234 3163 3362 3220 Idu-

39 3253 356 3322 nubesque
398 3254 620 3311 vallavit
665 3270 762 3311 eos
809 3257 1005 3314 diebus
1055 3257 1308 3327 singulis.
1357 3257 1416 3313 In
1463 3259 1666 3315 Arabia

37 3354 186 3400 sunt
221 3347 590 3419 quadraginta
626 3348 938 3408 Mansiones
961 3352 1197 3408 ﬁliorum
1226 3351 1412 3409 Israel.
1438 3352 1496 3408 In
1525 3353 1665 3409 Ara-

39 3435 135 3490 bia
177 3445 274 3491 est
304 3453 464 3494 mons
506 3437 636 3506 Ilor,
673 3457 785 3510 quo
817 3443 1064 3514 sepultus
1105 3443 1340 3514 quiescit
1367 3443 1571 3499 Aaron.
1606 3442 1666 3498 In

39 3528 266 3584 Arabia
294 3538 384 3585 est
415 3529 658 3599 Abarim,
693 3533 748 3588 in
780 3550 891 3604 quo
932 3534 1200 3592 Dominus
1227 3535 1450 3608 Moysen
1491 3536 1667 3606 sepel-

41 3621 174 3688 ivit,
209 3620 340 3689 ejus
371 3637 652 3693 nunquam
685 3636 980 3696 apparente
1003 3629 1233 3684 tumulo.
1268 3627 1326 3682 In
1359 3629 1557 3684 Arabia
1583 3638 1668 3686 est

41 3729 230 3770 ons
252 3713 493 3786 Regalis,
515 3733 675 3788 quem
709 3728 762 3774 et
789 3718 1111 3789 Balduinus,
1141 3722 1350 3793 primus
1372 3738 1466 3777 rex
1493 3721 1668 3778 Fran-

41 3824 262 3865 corum
288 3807 345 3862 in
367 3806 668 3865 Jerusalem
695 3811 761 3866 ad
786 3822 988 3868 terram
1012 3813 1158 3868 illam
1179 3813 1522 3870 Christicolis
1545 3813 1668 3868 sub-

37 3898 367 3972 jngandam
397 3909 452 3954 et
477 3901 544 3956 ad
573 3902 836 3959 tuendum
863 3909 1093 3977 regmim
1137 3905 1302 3962 David
1333 3906 1388 3961 in
1422 3915 1664 3962 castrum

39 3994 289 4049 ﬁrmum
305 3992 559 4050 reddidit.
589 3995 788 4052 Arabia
809 3998 1057 4070 jungitur
1079 3997 1327 4056 Idumaea:
1348 4000 1405 4056 in
1429 4001 1664 4057 conﬁni»

40 4089 160 4142 bus
192 4083 464 4142 Botoron.

121 4176 379 4232 Idumaa
407 4186 490 4233 est
519 4186 665 4234 terra
694 4178 968 4238 Damasci.
992 4179 1228 4238 Idumaea
1248 4192 1331 4240 est
1356 4183 1460 4239 sub
1484 4185 1660 4256 Syria,

40 4278 230 4342 caput
264 4268 490 4340 quidem
524 4269 695 4342 Syria;
733 4269 1054 4330 Damascus.
1097 4273 1388 4331 Idumaeam
1417 4285 1473 4331 et
1495 4275 1661 4334 Plue-

43 4362 271 4418 niciam
314 4359 511 4416 dividit
539 4361 803 4434 Lihanus,
842 4363 1144 4434 Phumicia,
1181 4367 1236 4423 in
1285 4384 1395 4439 qua
1443 4367 1566 4437 Sor,
1609 4370 1662 4426 id

41 4464 140 4510 est
187 4452 374 4525 Tyrus
418 4451 742 4512 thnicum
790 4458 1154 4539 nobilissima
1181 4471 1266 4516 est
1318 4463 1658 4533 metropolis,

1769 3271 1903 3311 maca
1930 3263 2015 3312 est
2037 3271 2198 3312 mons
2221 3255 2358 3330 Seyr
2376 3259 2480 3314 sub
2502 3257 2793 3314 Damasco.
2823 3256 3078 3314 Secundo
3108 3257 3364 3312 milliario

1768 3364 1798 3403 a
1829 3347 2097 3406 Damasco
2129 3349 2284 3406 locus
2323 3359 2427 3419 est,
2459 3351 2516 3406 in
2560 3368 2671 3422 quo
2707 3351 2859 3406 Sauli
2890 3349 3145 3406 Christus
3193 3364 3368 3420 appa-

1768 3441 1876 3496 ruit
1898 3441 2086 3497 dicens
2111 3459 2124 3497 :
2151 3438 2336 3508 Saule,
2364 3441 2544 3508 Saule,
2576 3444 2702 3513 quid
2725 3459 2805 3497 me
2829 3443 3199 3513 persequeris?
3219 3441 3358 3510 (Act.

1770 3548 1846 3598 ιχ,
1877 3533 1957 3603 4.)
1987 3531 2184 3603 Ιηζίιυο
2214 3540 2270 3590 et
2293 3533 2523 3588 Saulum
2555 3533 2798 3588 Charitas
2828 3533 2896 3588 de
2927 3532 3068 3587 ctelo
3102 3547 3211 3586 non
3237 3545 3362 3585 mo-

1767 3625 1888 3680 dica
1928 3624 2314 3682 circumfulsit.
2356 3623 2414 3682 lu
2466 3624 2736 3681 Damasco
2777 3623 3072 3694 baptizavit
3118 3622 3363 3678 Ananias

1769 3715 2018 3784 Saulum,
2054 3732 2256 3772 nomen
2284 3718 2336 3773 ei
2361 3717 2648 3788 imponens
2672 3715 2937 3784 Paulum;
2961 3716 3030 3772 de
3057 3715 3234 3772 muris
3255 3714 3362 3772 Da-

1766 3808 1942 3865 masci
1967 3808 2172 3864 missus
2194 3807 2297 3864 fuit
2325 3807 2530 3866 Paulus
2561 3809 2618 3864 in
2645 3815 2910 3881 spartam,
2941 3816 3360 3880 persecutorum

1767 3916 1964 3957 srevam
1989 3903 2196 3958 veritus
2221 3901 2450 3958 rabiem.
2484 3900 2726 3958 Libanus
2753 3903 3144 3974 interpretatur
3171 3903 3363 3958 candi-

1766 3993 1936 4062 datio,
1965 3993 2032 4050 de
2080 4009 2192 4066 quo
2219 3993 2276 4050 in
2323 3994 2604 4052 Cantieis:
2644 3994 2770 4050 Veni
2807 3995 2872 4051 de
2906 3995 3136 4064 Libano,
3167 4013 3364 4068 sponsa

1767 4101 1904 4152 mea,
1926 4083 2169 4140 columba
2201 4101 2318 4140 mea
2347 4083 2527 4157 (Cant.
2555 4103 2628 4156 Iv,
2667 4088 2745 4158 8).
2773 4085 2857 4142 Ad
2886 4089 3127 4145 radicem
3162 4088 3358 4146 Libani

1764 4177 2018 4234 oriuntur
2047 4177 2332 4250 Pharphar
2350 4187 2405 4234 et
2425 4178 2636 4250 Ahana,
2664 4179 2815 4237 ﬂuvii
2842 4181 3114 4240 Damasci.
3147 4181 3362 4240 Montrs

1765 4270 1956 4327 Libani
1986 4280 2042 4328 et
2065 4271 2344 4344 planitiem
2373 4272 2616 4330 Arcados
2637 4275 2914 4332 transiluit
2937 4276 3125 4333 Abana
3159 4294 3362 4351 magno

1763 4362 1903 4418 mari
1934 4377 1994 4418 se
2013 4363 2301 4434 copulans,
2329 4363 2530 4421 ﬁnibus
2562 4365 2671 4422 illis
2707 4365 2762 4420 in
2793 4367 2996 4438 quibus
3029 4368 3362 4426 Eustachius

1764 4464 2008 4523 sanctus,
2041 4471 2210 4512 uxore
2235 4471 2334 4512 sua
2357 4457 2602 4528 privatus
2623 4470 2678 4514 et
2703 4459 2850 4527 ﬁliis,
2878 4461 3155 4518 desolatus
3180 4477 3358 4518 reces-

40 4561 186 4619 qua:
216 4544 502 4619 Christum
525 4550 992 4619 perambulamem
1032 4553 1387 4621 maritimam,
1423 4562 1485 4609 ιιι
1519 4553 1671 4630 δγτίί.
1694 4542 1740 4601 D
1767 4546 1857 4602 sit.
1881 4546 2168 4618 Pharphar
2193 4563 2291 4618 per
2317 4545 2531 4620 Syriam
2554 4551 2728 4607 tendit
2755 4552 3035 4624 repletam,
3067 4553 3120 4608 id
3141 4563 3225 4610 est
3243 4555 3358 4608 An-

39 4646 344 4705 asserunt,
374 4639 614 4711 recipere
637 4643 830 4710 noluit,
855 4660 977 4715 quae
1005 4654 1059 4700 et
1084 4645 1267 4701 divina
1303 4655 1534 4703 testante
1563 4663 1664 4718 pa-

39 4731 188 4800 gina
222 4737 308 4785 tot
349 4738 616 4804 martyres
657 4731 772 4789 Deo
801 4736 1054 4806 reddidit,
1092 4755 1327 4808 quorum
1368 4739 1538 4796 solius
1568 4739 1662 4796 Dei

41 4820 302 4878 scientia
337 4838 626 4880 numerum
655 4827 881 4898 colligit.
907 4815 910 4818 ’

124 4911 324 4985 Tyrus
358 4912 645 4988 Origenem
671 4922 1000 4977 tumulatum
1030 4923 1189 4991 celat,
1213 4925 1356 4980 unde
1381 4925 1525 4996 apud
1555 4924 1660 4998 Ty—

41 5019 186 5060 rum
222 5012 314 5060 est
337 5004 474 5077 lapis
503 5007 593 5064 ille
621 5026 965 5068 marmoreus
995 5013 1262 5080 modicus,
1291 5030 1457 5085 super
1495 5031 1656 5086 quem

43 5097 205 5153 sedit
227 5095 396 5154 .Iesus
424 5114 653 5158 manens
677 5103 913 5172 illaasus;
945 5121 975 5161 τι
997 5113 1242 5178 tempore
1260 5105 1469 5162 Christi
1489 5123 1660 5178 usque

41 5190 122 5244 ad
151 5188 537 5258 expulsionem
559 5194 801 5265 gentium
830 5197 898 5251 ab
924 5197 1078 5265 urbe,
1102 5197 1196 5253 sed
1219 5208 1407 5268 postea
1438 5198 1658 5254 defrau-

42 5283 228 5338 datus
261 5291 348 5337 est
376 5299 408 5337 a
435 5283 680 5351 Francis,
707 5305 805 5344 nec
836 5307 942 5344 non
971 5306 1002 5345 a
1033 5289 1273 5346 Venetis.
1319 5289 1494 5361 Supra
1530 5308 1658 5348 vero

45 5373 348 5441 residuum
381 5376 530 5432 illius
557 5379 756 5446 lapidis
779 5386 834 5434 1n
864 5381 1124 5437 honorem
1155 5381 1456 5440 Salvatoris
1481 5384 1657 5440 cccle-

44 5468 140 5522 sia
193 5467 450 5539 quasdam
483 5469 709 5530 fundata
741 5483 844 5530 est.
882 5472 1086 5531 Octavo
1139 5477 1396 5533 milliario
1429 5495 1459 5533 a
1514 5477 1660 5552 Tyro

48 5567 256 5616 contra
288 5561 555 5619 orientem
601 5579 770 5636 supra
818 5583 969 5623 mare
1016 5567 1262 5640 Sarplien
1309 5578 1413 5636 est,
1455 5586 1578 5641 quae
1607 5580 1661 5626 ct

52 5648 328 5722 Sarrepta
379 5652 756 5724 Sidoniorum,
806 5659 860 5712 in
916 5676 1024 5730 qua
1071 5661 1346 5738 quondam
1395 5661 1662 5718 habitavit

49 5742 210 5800 Elius
235 5745 521 5819 propheta,
547 5749 600 5804 in
630 5767 738 5822 qua
773 5751 1122 5808 resuscitavit
1151 5753 1321 5809 ﬁlium
1346 5753 1659 5826 viduzequa:

49 5850 187 5892 eum
232 5837 504 5902 hospitam
537 5839 737 5903 {iter-st.
777 5854 829 5900 ct
871 5845 1136 5903 charitate
1166 5845 1371 5905 foverat
1405 5857 1457 5904 et
1492 5865 1656 5910 ume-

1769 4641 2051 4708 tiochiam,
2089 4640 2388 4710 labensque
2417 4641 2562 4698 circa
2597 4659 2785 4701 muros
2811 4645 2953 4715 ejus,
2988 4645 3200 4702 decimo
3234 4647 3370 4700 mil-‘

1768 4733 1927 4790 Iiario
1951 4733 2020 4789 ab
2053 4732 2344 4788 Antiochia
2377 4734 2430 4790 in
2461 4745 2620 4806 portu
2653 4735 2881 4810 Solymi,
2913 4747 3070 4808 portu
3108 4738 3358 4795 videlicet

1770 4825 1827 4882 S.
1871 4825 2164 4896 Simeonis,
2208 4828 2604 4886 Mediterraneo
2641 4829 2781 4883 mari
2805 4844 2864 4885 se
2893 4830 3255 4885 commendat.
3295 4829 3352 4885 In

1766 4921 2054 4978 Antiochia
2078 4923 2218 4979 sedit
2239 4923 2300 4979 Β.
2333 4921 2528 4978 Petrus
2557 4931 2762 4992 septem
2795 4922 2976 4990 annis,
3008 4923 3356 4993 pontiﬁcatus

1765 5011 2056 5068 decoratus
2087 5014 2287 5070 insula.
2313 5014 2394 5070 Ad
2425 5013 2669 5069 radicem
2699 5012 2892 5068 Libani
2924 5013 3116 5068 civitas
3143 5013 3355 5070 Paucas

1765 5109 1868 5162 sita
1889 5116 1994 5174 est,
2025 5108 2077 5163 id
2100 5119 2186 5163 est
2217 5106 2442 5175 Bilmas,
2478 5122 2603 5180 quae
2627 5116 2678 5164 et
2719 5106 2969 5163 Ctesarca
2997 5105 3232 5178 Philippi
3258 5123 3372 5162 vo-.

1761 5209 1935 5258 catur.
1975 5201 2032 5256 In
2080 5202 2173 5257 illo
2215 5204 2335 5260 loco
2365 5203 2517 5259 dedit
2557 5203 2702 5260 Dens
2734 5201 2898 5259 Petro
2931 5211 3254 5274 potestatem
3291 5204 3358 5259 li-

1762 5293 1924 5365 gandi
1955 5302 2010 5349 et
2041 5293 2305 5350 solvendi.
2345 5295 2424 5350 Ad
2450 5296 2702 5352 radicem
2731 5295 2924 5352 Libani
2970 5296 3224 5352 oriuntur
3246 5296 3356 5353 duo

1764 5386 1941 5444 [ornes
1968 5387 2044 5442 illi
2065 5385 2162 5442 Jor
2198 5396 2246 5442 et
2283 5385 2420 5454 Dan,
2471 5389 2540 5443 de
2581 5389 2782 5460 quibus
2812 5391 2917 5446 sub
2952 5390 3230 5448 montibus
3255 5390 3353 5447 Gi—

1764 5480 1892 5536 belli
1933 5476 2224 5536 conﬁcitur
2260 5479 2460 5541 ﬂuvius
2497 5479 2773 5548 Iordanis,
2801 5483 2856 5537 in
2892 5499 3004 5554 quo
3035 5483 3289 5539 Christus
3319 5499 3352 5537 a

1760 5572 1970 5629 Joanne
1994 5588 2332 5644 praecursore
2353 5573 2473 5644 ers
2505 5575 2664 5630 tertio
2696 5575 2892 5646 lapidis
2913 5577 3062 5647 jactu
3086 5575 3350 5647 baptizari

1761 5665 1968 5732 voluit;
1995 5666 2116 5722 loco
2146 5666 2238 5721 illo
2269 5683 2372 5722 vos
2405 5665 2582 5724 Patris
2622 5669 2864 5724 intonuit
2888 5669 3077 5724 dicens
3105 5687 3116 5722 :
3151 5665 3254 5721 Hic
3273 5675 3351 5721 est

1765 5757 1941 5813 Filius
1965 5775 2108 5813 meus
2131 5758 2356 5814 dilectus
2387 5758 2441 5812 in
2465 5776 2566 5830 quo
2591 5761 2720 5815 mihi
2743 5761 2865 5814 bene
2902 5760 3231 5830 roniplacni;
3265 5760 3348 5829 ip-

1761 5869 1875 5906 sum
1905 5853 2087 5908 audito
2113 5851 2329 5908 (Matth.
2361 5869 2442 5918 ιιι,
2476 5852 2582 5923 l7).
2611 5853 2784 5908 Suoer
2809 5853 2992 5908 .lcsom
3026 5853 3100 5907 ibi
3123 5851 3352 5907 desren-
