3812 6312
526 395 549 448 1
561 389 669 447 043

1096 388 1185 442 AD
1226 385 2005 445 GODEFRIDUM'APPEND.
2050 384 2091 438 Il

2209 415 2225 424 -
2262 385 2533 442 MONUM.
2577 385 2667 438 DE
2706 383 2932 440 BELLO
2969 381 3220 441 SACRO.
3617 392 3698 452 lilii

521 507 604 562 di'.
631 504 871 576 Spiritus
893 501 1129 559 Sanctus
1161 503 1216 556 in
1247 502 1514 557 columbae
1539 500 1738 570 specie.
1767 499 1812 552 A
1835 499 2114 554 montibus
2143 499 2188 555 A
2213 507 2268 553 et
2296 499 2560 570 mergenti
2596 497 2672 552 ait
2697 494 2858 552 Iesus
2887 515 2900 550 :
2930 495 3159 551 Modica:
3189 496 3315 566 ﬁdei
3336 539 3351 565 ,
3384 513 3536 567 quare
3565 501 3697 567 dubita.

523 614 702 670 usque
744 597 813 652 ad
844 597 1021 652 lacum
1050 593 1431 664 Asphaltitem,
1462 590 1640 656 vallis,
1668 606 1765 661 per
1799 605 1964 659 quam
1991 587 2115 644 Ior-

521 689 684 746 danis
716 689 916 744 ﬂuvius
938 687 1157 751 labitur,
1186 684 1396 739 Corcus
1422 681 1723 752 appellatur
1744 681 1943 745 Aulon,
1969 678 2115 749 quod

522 791 610 838 cst
654 780 945 836 Hebraeum
991 792 1214 833 nomen.
1265 775 1582 845 Appellatur
1607 774 1771 829 etiam
1811 771 2000 838 Vallis,
2024 772 2115 827 illa

520 873 916 946 quamgrandis
959 880 1120 940 atque
1169 867 1523 938 campestris;
1581 881 1649 922 ex
1695 873 1926 934 utraque
1963 874 2116 934 parte

522 968 756 1022 vallatur
780 963 1057 1019 montibus
1099 960 1376 1015 continuis
1406 974 1437 1013 a
1467 957 1677 1012 Libano
1709 970 1883 1026 usque
1918 955 1987 1010 ad
2014 953 2113 1009 dc-

522 1064 728 1113 sertum
765 1053 983 1118 Faram,
1039 1050 1232 1106 dividit
1273 1048 1529 1105 Iordanis
1567 1046 1844 1102 Galilaeam
1890 1054 1946 1100 et
1986 1043 2112 1099 ldu-

519 1160 716 1201 nimam
765 1153 820 1199 et
857 1152 1061 1198 terram
1091 1140 1356 1209 Botoron,
1381 1155 1505 1210 quae
1545 1147 1601 1194 et
1639 1137 1887 1193 ldumzem
1918 1151 2114 1192 secun-

516 1239 586 1294 da
651 1237 988 1308 metropolis.
1054 1235 1311 1291 Iordanis
1362 1235 1640 1289 descensus
1700 1232 2108 1301 interpretatur.

516 1329 634 1395 Dan
672 1344 805 1386 vero
835 1329 904 1385 ab
935 1336 1059 1385 ortu
1090 1343 1192 1388 suo
1218 1328 1635 1384 subterraneum
1663 1324 1813 1380 ducit
1841 1323 2112 1396 gurgitem

517 1436 680 1476 suum
705 1434 881 1490 usque
901 1419 968 1474 ad
995 1417 1227 1474 Meldam
1256 1417 1538 1488 planitiem
1563 1431 1744 1481 suam,
1767 1415 1822 1468 in
1849 1429 1956 1484 qua
1977 1412 2111 1472 satis

515 1521 765 1584 patenter
788 1528 951 1569 suum
974 1511 1212 1567 ostendit
1236 1510 1470 1565 alveum.
1509 1509 1741 1564 Planitie
1767 1507 1858 1562 illa
1879 1505 2109 1562 Meldam

513 1613 767 1671 vocatur,
794 1619 860 1659 eo
890 1603 1020 1675 quia
1049 1603 1104 1658 in
1128 1619 1191 1658 ea
1222 1601 1418 1657 melius
1445 1610 1548 1657 est.
1573 1600 1868 1664 Sarracene
1889 1597 2108 1669 quidem

515 1706 678 1754 sonat
706 1697 905 1768 platea,
935 1695 1131 1750 Latine
1149 1709 1278 1750 vero
1304 1693 1500 1764 forum.
1534 1691 1762 1747 Meldam
1794 1698 2021 1746 vocatur
2042 1704 2108 1744 eo

517 1791 672 1861 quia,
709 1790 948 1844 intrante
974 1796 1181 1854 :estate,
1216 1785 1634 1842 innumerabilis
1661 1784 1896 1854 populus
1919 1797 2106 1838 secum

2218 592 2330 644 sti?
2353 589 2574 660 (Matth.
2607 605 2719 656 xxv,
2755 588 2848 659 5|)
2880 589 2974 644 ubi
3009 598 3064 645 et
3092 589 3199 644 alia
3227 588 3348 645 vice
3373 589 3701 662 discipulum;

2217 683 2272 736 in
2302 683 2440 737 mari
2466 681 2764 753 periclitari
2789 680 3108 736 timentibus
3154 696 3309 736 mare
3351 683 3576 752 quietum
3595 691 3701 750 reddi-

2216 773 2312 829 dit.
2354 772 2411 827 ιιι
2439 772 2665 829 sinistra
2699 783 2854 844 parte
2879 772 3052 827 maris
3081 772 3306 839 montis,
3349 773 3404 828 in
3429 789 3624 834 concavo
3643 781 3705 839 Ge.

2215 865 2492 933 nesareth,
2525 863 2834 936 Magdalum
2884 864 3167 936 oppidum,
3210 880 3242 920 a
3269 881 3383 936 quo
3408 874 3462 921 et
3487 865 3618 924 Maria
3637 871 3704 929 lla.

2216 957 2474 1027 gdalena;
2509 956 2625 1011 haec
2653 967 2837 1011 autem
2866 955 3041 1026 regio,
3064 954 3288 1010 Galilata
3309 957 3541 1028 gentium
3557 959 3599 1014 in
3617 964 3706 1022 trib.

2216 1046 2460 1102 Zabulon
2483 1056 2539 1103 et
2562 1046 2870 1119 Nephtalim
2911 1045 3132 1118 (Matth.
3162 1063 3237 1115 iv,
3275 1047 3388 1118 15),
3420 1047 3477 1102 In
3503 1053 3704 1121 superiori.

2212 1137 2318 1194 bus
2345 1139 2511 1208 hujus
2539 1137 2774 1194 Galilaaa:
2808 1139 3056 1208 partibus
3086 1138 3281 1210 viginti
3310 1137 3526 1196 fuerunt
3548 1144 3710 1204 civitates

2215 1231 2319 1288 illa:
2345 1248 2484 1303 quas
2515 1248 2613 1288 rex
2642 1230 2903 1289 Salomon
2937 1230 3128 1288 Hiram
3157 1231 3271 1303 regi
3301 1232 3480 1289 amico
3514 1249 3594 1291 suo
3619 1239 3709 1295 dono

2212 1324 2379 1380 dedit.

2285 1417 2539 1475 Secundo
2567 1417 2827 1474 milliaria
2874 1433 2907 1474 a
2940 1416 3194 1490 Magdalo
3235 1426 3322 1474 est
3349 1416 3604 1495 Cinereth,
3635 1441 3712 1493 qua

2210 1518 2266 1565 et
2302 1507 2565 1582 Tyberias
2591 1525 2622 1564 a
2651 1507 2874 1566 Tiberio
2918 1508 3136 1566 Caesare
3179 1509 3570 1580 cognominata,
3602 1528 3711 1584 quin

2211 1601 2266 1656 in
2295 1602 2579 1672 iuventute
2623 1617 2724 1657 sua
2763 1600 2924 1658 Iesus
2952 1601 3306 1672 frequentare
3337 1601 3551 1658 solebat.
3576 1602 3717 1670 Quarto

2209 1694 2466 1749 milliario
2505 1710 2538 1750 a
2580 1692 2884 1766 Tyberiade
2921 1704 3005 1750 est
3047 1693 3299 1750 Bethulia
3331 1695 3535 1761 civitas,
3568 1711 3616 1751 ex
3643 1715 3712 1768 qua

2208 1782 2399 1839 Iudith
2428 1799 2529 1854 pro
2563 1792 2723 1856 gente
2765 1800 2866 1840 sua
2895 1784 3155 1840 salvanda
3187 1784 3323 1839 satis
3367 1793 3534 1840 astute
3558 1789 3718 1856 mit

515 1881 771 1938 deferens
801 1881 984 1936 omnia
1015 1879 1228 1935 venalia
1247 1878 1520 1944 convenit,
1546 1877 1848 1949 ingensque
1874 1874 2106 1930 Partho-
2138 1849 2182 1909 Β
2210 1874 2562 1933 Holofernem
2585 1877 2642 1932 in
2669 1877 2954 1934 obsidione
2979 1877 3155 1932 urbis.

514 1986 642 2027 rum
684 1979 740 2026 et
749 1970 990 2024 Arabum
1005 1969 1196 2024 militia
1211 1970 1276 2024 ad
1289 1968 1552 2024 tuendum
1565 1968 1850 2041 populum,
1865 1974 1921 2022 et
1936 1967 2002 2022 ad
2014 1982 2107 2037 pa.

509 2063 782 2120 scendum
811 2078 1028 2134 gregem
1056 2077 1216 2118 suum
1240 2062 1293 2116 in
1311 2061 1532 2132 pascuis
1559 2061 1668 2116 illis
1692 2057 1984 2117 uberrimis
2010 2075 2105 2132 per

512 2165 686 2213 totam
698 2163 942 2212 aestatem
959 2164 1223 2210 moratur.
1240 2153 1471 2209 Meldam
1501 2151 1848 2224 componitur
1864 2169 1931 2208 ex
1959 2151 2101 2221 Med,

512 2257 569 2304 et
606 2247 743 2318 Dan,
771 2255 826 2304 et
855 2246 1155 2312 Sarracene
1183 2262 1346 2317 aqua.
1381 2245 1498 2300 Dan
1525 2245 1752 2301 ﬂuvium
1784 2261 1852 2301 ex
1878 2245 2104 2318 planitie

510 2344 918 2417 pmdicta.Dan
941 2361 1000 2403 se
1022 2345 1254 2402 reddens
1280 2347 1334 2402 in
1358 2345 1582 2400 ﬂuvium
1608 2345 1811 2402 Suetan
1835 2345 2028 2418 pergit,
2047 2346 2100 2400 in

510 2455 620 2511 qua
647 2440 887 2511 pyramis
918 2437 1063 2494 beati
1098 2437 1201 2494 Iob
1243 2447 1522 2510 superstes
1555 2437 1736 2494 adhuc
1776 2446 1880 2507 est,
1921 2453 2044 2510 quae
2070 2455 2101 2494 a

509 2534 716 2590 Graecis
741 2543 796 2590 et
825 2533 1119 2606 gentilibus
1147 2533 1409 2591 solemnis
1437 2533 1688 2589 habetur.
1728 2533 1863 2600 Dan,
1912 2542 2102 2590 contra

511 2625 788 2680 Galilazam
819 2627 1061 2696 gentium
1105 2641 1165 2681 se
1210 2625 1502 2695 obliquans
1530 2625 1599 2681 ab
1626 2625 1760 2681 urbe
1796 2624 1972 2681 Cedar
2015 2640 2102 2682 se-

509 2732 611 2772 cus
651 2716 996 2771 medicabilia
1032 2715 1227 2772 balnea
1270 2716 1507 2788 spumati
1546 2716 1705 2789 plena
1748 2715 2098 2783 transﬂuens,

508 2808 605 2864 Ior
639 2810 946 2880 copulatur.

580 2901 679 2960 Ior
703 2902 868 2975 longe
903 2920 934 2958 a
964 2904 1280 2976 campaneis
1315 2906 1400 2962 lac
1429 2905 1681 2971 reddidit,
1723 2920 1791 2960 ex
1823 2920 1881 2961 se
1911 2913 2100 2975 postea

509 3009 664 3052 mare
691 2994 926 3051 Galilaue
949 3011 1175 3052 sumens
1209 2996 1424 3052 initium
1475 2997 1618 3052 inter
1653 2995 1998 3052 Bethsaidam
2046 3003 2102 3052 et

509 3085 917 3157 Capharnaum.
949 3087 995 3141 A
1021 3085 1309 3144 Bethsaida
1337 3087 1532 3143 Petrus
1556 3096 1611 3143 ct
1633 3087 1899 3152 Andreas,
1928 3085 2098 3142 Ioan-

2278 1969 2486 2037 Quarto
2522 1969 2780 2027 milliario
2809 1985 2840 2024 a
2868 1969 3171 2042 Tyberiade
3189 1978 3387 2026 contra
3411 1971 3647 2026 meridiem
3665 1985 3721 2030 est

2205 2060 2443 2128 Bothan,
2471 2061 2526 2116 in
2558 2077 2666 2132 qua
2691 2060 2888 2117 fratres
2925 2077 3058 2117 suos
3086 2060 3310 2133 reperiit
3341 2059 3534 2132 Ioseph
3559 2078 3720 2132 pasceri-

2204 2163 2286 2211 tes
2321 2171 2454 2211 suos
2480 2172 2692 2228 greges,
2721 2171 2884 2228 quem
2910 2156 3174 2212 habentes
3195 2155 3326 2210 odio
3355 2153 3616 2210 Ismaelitis
3635 2173 3725 2212 ven-

2203 2251 2478 2308 diderunt.
2509 2251 2730 2307 Decimo
2753 2251 3009 2307 milliario
3040 2267 3072 2307 a
3097 2250 3404 2324 'l‘yberiade
3423 2261 3504 2306 est
3524 2248 3723 2306 Nazareth

2204 2345 2398 2400 civitas
2429 2344 2664 2400 Galilaza:
2693 2345 2891 2400 domus
2919 2343 3142 2416 propria
3187 2341 3509 2408 Salvatoris,
3550 2358 3607 2399 eo
3640 2345 3728 2414 qui:

2204 2436 2443 2493 nutritus
2474 2436 2527 2491 in
2562 2452 2626 2492 ea
2663 2435 2766 2491 fuit
2791 2455 2802 2490 :
2831 2433 3098 2491 Nazareth
3131 2435 3523 2506 interpretatur
3545 2436 3642 2504 ﬂos,
3671 2438 3728 2490 vd

2204 2528 2515 2599 virgultum,
2547 2543 2649 2583 nec
2679 2528 2800 2589 sine
2828 2543 3017 2596 causa,
3049 2542 3175 2583 eum
3203 2527 3260 2582 in
3290 2541 3357 2582 ea
3384 2526 3487 2583 ﬂos
3504 2542 3564 2582 ex
3584 2525 3733 2590 fructu,

2203 2619 2363 2690 cujus
2398 2619 2660 2675 saeculum
2688 2619 2954 2690 repletum
2981 2628 3086 2686 est,
3114 2618 3213 2674 ﬂos
3244 2618 3474 2688 inquam
3502 2617 3598 2683 ille,
3618 2633 3734 2686 quem

2203 2711 2402 2783 virgini
2447 2710 2632 2766 Maria:
2665 2710 2882 2766 Gabriel
2918 2710 3282 2782 archangelus
3316 2709 3377 2764 in
3405 2709 3587 2765 eadem
3609 2706 3742 2763 Nan-

2203 2807 2322 2862 reth
2353 2805 2554 2861 Fllium
2601 2805 2872 2862 Altissimi
2911 2805 2982 2875 de
3025 2820 3090 2861 ea
3125 2805 3475 2861 nasciturum
3510 2803 3739 2866 nuntiavit,

2203 2893 2458 2965 inquiens
2486 2913 2498 2948 :
2526 2894 2670 2957 Ave,.
2688 2893 2883 2962 Maria,
2915 2896 3094 2966 gratia
3118 2893 3295 2964 plena,
3316 2893 3574 2948 Dominus
3600 2902 3747 2959 tem,

2203 2987 2475 3042 benedicta
2496 2996 2553 3042 tu
2568 2988 2624 3042 in
2643 2987 2953 3042 mulieribus
2979 2987 3200 3057 (Matth.
3221 3002 3262 3054 ι,
3275 2985 3399 3057 28),
3414 2996 3471 3042 et
3490 2986 3748 3042 benedictus

2203 3079 2415 3136 fruetus
2446 3079 2653 3137 ventris
2671 3082 2768 3136 tui.
2799 3081 2877 3138 De
2902 3080 3174 3136 Nazareth
3207 3096 3345 3136 vero
3387 3080 3593 3137 dictum
3612 3088 3705 3135 est:
3724 3078 3753 3131 Α

509 3193 610 3234 nes
636 3186 692 3233 et
708 3175 946 3234 Iacobus
973 3177 1202 3250 Alphei.
1231 3177 1440 3245 Quarto
1464 3178 1722 3235 milliario
1748 3194 1778 3234 a
1807 3178 2098 3234 Bethsaida
2126 3197 2174 3260 ρ
2206 3175 2479 3232 Nazareth
2500 3186 2670 3247 potest
2699 3176 2904 3248 aliquid
2933 3177 3055 3231 boni
3080 3192 3191 3230 esse
3215 3175 3240 3230 .’
3263 3164 3460 3246 (Ῑοαη.
3497 3191 3535 3240 t,
3564 3173 3662 3241 16.)
3681 3171 3753 3226 Se-

509 3279 596 3327 est
631 3269 940 3337 Corozaim,
984 3270 1041 3325 in
1079 3287 1188 3341 qua
1224 3271 1498 3326 nutrietur
1537 3269 1908 3326 Antichristus
1935 3269 2069 3326 sedu
2090 3299 2103 3311 ο

509 3372 630 3418 ctor
651 3363 822 3418 orbis.
856 3361 932 3418 De
957 3361 1244 3426 Corozaim
1270 3372 1325 3418 et
1354 3362 1700 3418 Bethsaidam
1725 3362 1802 3418 ait
1823 3362 2095 3417 Ioannes:

518 3455 610 3512 Vae
635 3455 756 3522 tibi,
787 3453 1090 3522 Corozaim,
1137 3471 1214 3510 va:
1255 3454 1373 3524 tibi,
1421 3455 1713 3509 Bethsaida
1758 3454 1976 3525 (Matth.
2022 3471 2098 3522 χι,

507 3549 609 3616 2|;
641 3547 774 3602 Luc.
805 3563 860 3616 ι,
895 3547 1005 3618 10).
1037 3546 1241 3614 Quinto
1271 3547 1526 3602 milliario
1555 3562 1586 3602 a
1611 3547 1897 3603 Corozaim
1926 3546 2102 3604 Cedar

511 3641 603 3696 illa
633 3639 1050 3710 opulentissima
1092 3625 1306 3704 civitas,
1336 3638 1405 3694 de
1448 3640 1634 3710 quain
1681 3641 1891 3710 psalmo
1920 3660 1936 3696 :
1968 3640 2102 3696 Cum

508 3729 874 3786 habitantibus
917 3728 1092 3785 Cedar
1125 3729 1352 3782 multum
1399 3729 1574 3783 incola
1614 3730 1719 3800 fuit
1763 3731 1946 3784 anima
1986 3747 2101 3785 mea

507 3819 685 3888 (Psal.
734 3835 884 3885 eux,
925 3819 1009 3890 5).
1055 3818 1232 3875 Cedar
1283 3819 1670 3890 interpretatur
1714 3821 1958 3876 tenebras.
1994 3821 2101 3877 Ca-

507 3913 816 3987 pharnaum
853 3913 909 3967 in
955 3912 1175 3968 dextera
1220 3923 1372 3982 parte
1411 3914 1580 3970 maris
1609 3915 1712 3970 sita
1755 3923 1860 3981 est,
1907 3915 2102 3971 civitas

507 4005 878 4071 centurionis,
913 4004 1073 4076 cujus
1121 4005 1292 4061 ﬁlium
1343 4005 1399 4061 in
1447 4022 1511 4062 ea
1557 4009 1772 4063 sanavit
1807 4007 1988 4074 Iesus,
2031 4007 2100 4063 de

504 4112 620 4168 quo
662 4097 863 4153 dicitur
909 4117 924 4153 :
973 4096 1097 4152 Non
1143 4098 1316 4153 inveni
1364 4107 1568 4153 tantam
1616 4099 1774 4169 ﬁdem
1806 4096 1880 4154 'in
1929 4097 2103 4155 Israel-

507 4188 727 4259 (Matth.
758 4204 880 4263 vm,
924 4188 1033 4260 l0).
1073 4187 1142 4244 In
1172 4189 1549 4261 Capharnaum
1595 4191 1766 4246 multa
1797 4191 1903 4246 alia
1945 4191 2099 4263 signa

505 4280 636 4337 fecit
663 4279 820 4336 Iesus
855 4282 1044 4337 docens
1073 4283 1130 4336 in
1162 4281 1444 4354 Synagoga
1474 4281 1672 4353 (Joan.
1715 4299 1791 4349 vt,
1836 4282 1948 4354 60).
1995 4283 2101 4340 Ca-

503 4371 814 4442 pharnaum
854 4371 972 4441 ﬁlia
998 4372 1361 4443 pulcherrima
1399 4373 1810 4442 interpretatur,
1853 4372 1941 4427 vel
1981 4374 2100 4443 ﬁlia

501 4463 922 4533 pulchritudinis
946 4505 961 4529 ,
993 4479 1117 4534 quae
1149 4463 1310 4519 nobis
1350 4461 1409 4518 S.
1460 4463 1732 4533 signiﬁcat
1775 4462 2106 4532 Ecclesiam,

2205 3269 2385 3325 eundo
2414 3268 2674 3324 milliario
2699 3285 2731 3324 a
2759 3266 3030 3324 Nazareth
3060 3267 3330 3338 Sephoris
3360 3276 3454 3324 est
3483 3267 3676 3331 civitas,
3694 3266 3761 3319 via

2203 3379 2328 3433 quae
2367 3363 2520 3418 ducit
2549 3361 2771 3430 Achon;
2817 3371 2873 3417 et
2922 3361 3154 3432 Sephori
3199 3360 3364 3415 Anna
3411 3369 3591 3415 mater
3633 3360 3762 3415 beata

2203 3453 2389 3510 Mariae
2412 3454 2607 3510 matris
2643 3453 2773 3510 Iesu
2799 3453 2910 3509 fuit
2936 3462 3087 3522 nata,
3118 3453 3333 3520 Quarto
3361 3453 3624 3508 milliario
3647 3448 3768 3506 aiis»

2205 3545 2392 3601 zareth
2433 3552 2519 3600 est
2563 3543 2714 3599 Cana
2761 3542 2997 3599 Galilaea:
3031 3552 3228 3598 contra
3277 3543 3586 3610 orientem,
3624 3559 3652 3596 a
3688 3557 3766 3610 qua

2203 3636 2428 3693 fuerunt
2445 3635 2752 3706 Philippus,
2774 3632 3158 3700 etNathanael,
3177 3633 3369 3704 inqua
3384 3643 3446 3689 et
3473 3649 3606 3705 puer
3629 3630 3772 3695 Iesus,

2201 3729 2554 3786 discumbens
2583 3744 2710 3784 cum
2742 3737 2916 3784 matre
2951 3727 3005 3782 in
3038 3727 3266 3797 nuptiis,
3302 3743 3526 3798 aquam
3554 3723 3778 3782 convertit

2201 3821 2258 3876 in
2277 3821 2488 3876 vinum.
2515 3819 2576 3875 In
2598 3818 2869 3876 Nazareth
2890 3819 3091 3875 labitur
3112 3817 3238 3874 fons
3258 3819 3541 3891 exiguus,
3555 3835 3621 3874 ex
3633 3832 3723 3888 quo
3738 3815 3779 3869 in

2201 3913 2435 3986 pueritia
2465 3929 2565 3968 sua
2597 3928 2733 3983 puer
2755 3911 2915 3968 Ies'us
2962 3927 3162 3982 aquam
3211 3911 3459 3967 haurire
3519 3911 3784 3972 solebat,et

2202 4007 2330 4062 inde
2360 4006 2676 4062 ministrare
2712 4006 2874 4060 matri
2903 4020 3036 4071 suae,
3061 4013 3116 4070 et
3138 4004 3262 4059 sibi.
3294 4003 3578 4059 Milliario
3598 3999 3783 4058 13m-

2203 4100 2325 4155 reth
2355 4106 2547 4154 contra
2595 4098 2882 4154 meridiem
2914 4105 2998 4153 est
3041 4097 3219 4164 locus,
3266 4097 3380 4168 qui
3414 4108 3478 4154 et
3503 4095 3790 4169 principium

2202 4191 2426 4257 dicitur,
2458 4206 2522 4247 ex
2576 4206 2688 4261 quo
2711 4190 2972 4260 juvenem
3005 4189 3195 4245 Iesum
3235 4190 3621 4262 praecipitare
3635 4186 3786 4242 volue-

2202 4290 2332 4337 runt
2351 4287 2608 4352 parentes
2633 4279 2776 4351 ejus,
2801 4279 3122 4335 :emulantes
3150 4278 3540 4349 prudentiam
3569 4280 3742 4350 ipsius.
3760 4286 3798 4327 et

2203 4375 2274 4430 ab
2302 4374 2384 4431 eis
2410 4373 2468 4429 in
2488 4381 2768 4429 momento
2789 4372 3077 4443 disparuit.
3106 4370 3326 4439 Quarto
3371 4372 3650 4428 milliario
3671 4387 3698 4423 a
3721 4366 3798 4420 .‘iav

2204 4467 2392 4524 zareth
2427 4475 2620 4522 contra
2663 4465 2932 4522 orientem
2992 4474 3080 4522 est
3111 4480 3277 4521 mons
3344 4466 3620 4532 Thabor,
3649 4466 3699 4519 in
3721 4479 3809 4531 qua

504 4555 576 4610 ad
605 4570 771 4626 quam
801 4569 928 4611 cum
959 4554 1167 4612 Libano
1187 4555 1547 4621 descendunt,
1581 4556 1636 4611 id
1656 4564 1740 4612 est
1767 4555 1834 4612 de
1861 4557 2097 4616 candore
2126 4554 2175 4612 D
2202 4559 2614 4631 transﬁguravit
2666 4574 2724 4614 se
2774 4557 2956 4625 Iesus,
3021 4559 3294 4628 apostolis
3332 4561 3477 4617 suis
3532 4557 3809 4616 videntibus

502 4646 790 4714 virtutum,
819 4649 888 4702 ab
918 4663 981 4709 ea
1009 4657 1064 4704 et
1097 4649 1154 4707 in
1180 4664 1244 4703 ea
1271 4647 1565 4704 lucidiores
1594 4657 1742 4704 sunt.

577 4737 832 4796 Secundo
863 4739 1122 4795 milliario
1151 4755 1182 4793 a
1207 4738 1596 4809 Capharnaum
1622 4739 1924 4796 descensus
1949 4758 2100 4798 mon-

501 4831 574 4886 tis
605 4831 752 4887 illius
782 4838 865 4886 est
909 4832 965 4886 in
1009 4845 1121 4902 quo
1163 4827 1325 4889 Iesus
1353 4831 1740 4887 sermocinavit
1777 4833 1846 4888 ad
1886 4835 2096 4902 turbas,

501 4931 558 4978 et
595 4923 856 4979 instruxit
882 4923 1149 4994 populum
1188 4937 1352 4979 suum
1388 4922 1591 4979 docens
1625 4939 1739 4990 eos,
1785 4925 1841 4980 in
1887 4943 2000 4998 quo
2042 4935 2100 4982 et

503 5012 784 5084 leprosum
815 5013 1049 5078 curavit.
1082 5012 1342 5071 Milliario
1379 5030 1412 5074 a
1447 5013 1712 5073 descensu
1745 5017 1836 5072 illo
1885 5026 1970 5074 est
2015 5019 2096 5074 lo-

465 5093 474 5118 "
502 5124 622 5176 cus,
651 5108 706 5164 in
730 5123 841 5178 quo
869 5107 1018 5177 pavit
1043 5106 1286 5179 quinque
1315 5108 1482 5164 millia
1513 5110 1798 5167 hominum
1827 5111 1893 5167 de
1932 5113 2100 5182 quin-

463 5204 472 5262 ζ
501 5214 610 5269 que
648 5185 900 5269 panibus.
933 5207 990 5254 et
1029 5199 1247 5261 duobus
1290 5199 1565 5270 piscibus,
1615 5200 1760 5258 unde
1801 5202 1956 5258 locus
2004 5203 2097 5259 ille

446 5288 448 5290 ’
501 5306 695 5346 mensa
741 5300 988 5360 vocatur,
1013 5293 1172 5364 quasi
1208 5293 1364 5354 locus
1403 5295 1790 5362 restitutionis,
1827 5296 1917 5351 cui
1945 5297 2098 5352 locus

503 5385 754 5456 subjaeet
808 5387 896 5443 ille
937 5389 993 5443 in
1024 5405 1134 5458 quo
1167 5389 1422 5445 Christus
1467 5397 1592 5460 post
1638 5391 2094 5447 resurrectionem

504 5491 663 5529 suam
704 5477 824 5532 suis
867 5477 1155 5550 discipulis
1199 5480 1472 5551 apparuit,
1511 5480 1804 5542 comedens
1849 5497 1975 5538 cum
2016 5481 2098 5538 eis

501 5573 714 5637 partem
744 5568 913 5639 piscis
942 5571 1054 5626 assi
1082 5581 1136 5627 et
1165 5570 1349 5628 favum
1377 5572 1584 5640 mellis;
1623 5589 1789 5643 supra
1818 5589 1970 5630 mare
1995 5574 2098 5631 ibi-

500 5659 626 5719 dem
655 5661 924 5720 Dominus
953 5665 1100 5720 sicco
1127 5665 1262 5736 pede
1290 5664 1618 5732 ambulavit;
1663 5666 1811 5722 circa
1839 5677 2094 5737 quartam

511 5756 691 5812 noctis
731 5756 970 5828 vigiliam
1012 5756 1174 5813 Petro
1215 5767 1270 5812 et
1306 5757 1539 5814 Andreae
1565 5757 1904 5828 piscantibus
1938 5775 2100 5830 appa-

503 5847 635 5919 ruit,
679 5849 768 5907 ubi
815 5859 868 5908 et
910 5849 1074 5906 Petro
1113 5866 1276 5922 supra
1317 5865 1468 5906 mare
1507 5851 1579 5907 ad
1633 5867 1757 5907 eum
1788 5853 1865 5908 ire
1898 5853 2096 5909 volenti

2202 4649 2386 4719 Petro,
2418 4658 2474 4706 et
2515 4649 2726 4706 Joanne
2755 4659 2810 4706 et
2835 4649 3060 4718 Iacobo,
3091 4666 3284 4706 coram
3343 4652 3564 4726 Moyse
3617 4663 3670 4708 et
3707 4651 3810 4712 εὼς

2206 4744 2487 4812 ιὼἰςθιίίιῐη
2514 4760 2615 4798 vox
2640 4743 2822 4799 Patris
2848 4743 3032 4799 audita
3062 4751 3147 4799 est
3175 4762 3188 4798 :
3219 4743 3344 4799 Hic
3370 4757 3463 4800 est
3495 4745 3679 4800 Filius
3699 4745 3810 4796 tua!

2203 4837 2429 4891 dilectus
2463 4838 2519 4890 in
2546 4854 2647 4908 quo
2672 4838 2803 4890 mihi
2827 4841 2950 4891 bene
2985 4836 3297 4906 complacui
3326 4839 3587 4910 (Matth.
3613 4854 3732 4901 xvii,
3757 4835 3810 4900 ὅ).

2202 4935 2259 4980 et
2285 4924 2484 4986 Ioanni
2513 4935 2568 4981 et
2610 4924 2817 4983 Iacobo
2864 4925 3002 4980 dixit
3050 4942 3119 4981 ne
3165 4928 3336 4996 quod
3364 4930 3646 4984 viderant
3687 4924 3807 4980 alicui

2202 5019 2508 5075 revelarent
2531 5019 2707 5075 donec
2749 5018 2923 5075 Filius
2966 5018 3206 5075 hominis
3232 5036 3269 5077 a
3302 5033 3521 5079 mone
3551 5015 3810 5092 resurges

2202 5110 2384 5179 (ibid.,
2421 5111 2497 5181 9).
2524 5109 2604 5166 lbi
2634 5110 2784 5180 enim
2834 5110 3032 5168 Petrus
3063 5111 3181 5166 ait:
3221 5110 3518 5184 Domine,
3553 5116 3738 5168 bonum
3763 5125 3803 5161 es

2203 5219 2295 5256 nos
2323 5203 2407 5256 hic
2428 5219 2558 5270 esse,
2586 5203 2846 5273 faciamus
2874 5203 2959 5257 hic
2983 5204 3089 5257 tria
3109 5204 3540 5273 tabernacula,
3557 5209 3656 5262 tibi
3677 5221 3805 5259 anu

2207 5295 2380 5366 Moysi
2404 5311 2566 5348 unum
2597 5305 2646 5349 et
2698 5294 2836 5350 Elia
2870 5313 3034 5350 unum
3071 5296 3254 5367 (ibid.,
3291 5300 3393 5368 4).
3442 5300 3709 5356 Secundo
3733 5293 3803 5350 ιιιὲ

2202 5386 2364 5443 liario
2389 5402 2419 5440 a
2444 5385 2665 5441 Thabor
2692 5399 2886 5443 contra
2925 5387 3194 5442 orientem
3224 5399 3337 5445 est
3382 5408 3572 5448 mons
3602 5389 3803 5447 Herum!

2208 5479 2263 5534 in
2299 5479 2568 5537 descensu
2621 5481 2827 5537 montis
2877 5480 3099 5536 Thabor
3141 5481 3434 5540 obviavit
3497 5485 3733 5541 Abraha:
3760 5495 3797 5533 ri

2204 5570 2394 5627 deunti
2419 5588 2450 5626 a
2477 5571 2624 5631 ϐεδε
2664 5571 2890 5632 Amalec
2939 5573 3200 5629 dominus
3237 5573 3719 5646 Melchisedech,
3758 5591 3799 5646 φ

2204 5662 2308 5722 fuit
2337 5680 2434 5719 rex
2459 5673 2515 5719 et
2542 5665 2822 5730 sacerdos,
2853 5665 2947 5736 qui
2973 5665 3177 5721 dicitur
3206 5664 3470 5737 Salen),
3519 5679 3798 5744 presenti!

2201 5757 2250 5812 ei
2278 5773 2496 5827 panem,
2521 5766 2575 5812 et
2603 5756 2814 5824 vinum,
2844 5757 2990 5828 quod
3031 5757 3339 5824 signiﬁcat
3397 5765 3744 5822 oblationem
3767 5763 3793 5816 a'

2207 5837 2565 5925 tarisgChri'sti
2598 5851 2702 5906 sub
2734 5850 2925 5923 gratia.
2960 5849 3216 5907 Secundo
3254 5857 3622 5914 milliarios
3650 5855 3791 5913 That!
