3812 6312
119 416 216 474 {Olli

863 394 1202 452 FRETELLI
1238 393 1366 450 LIB.
1407 390 1558 447 LOC.
1601 388 1700 447 SS.
1744 385 2467 445 'l'ERRE‘JEBUSALEM.

3150 381 3289 444 1046

119 525 309 588 estnam
339 518 534 585 civitas,
563 516 634 573 ad
665 514 816 586 cujus
839 523 1047 585 portam
1078 513 1316 569 restituit
1340 509 1593 566 Christus
1625 506 1667 566 Α
1700 503 2104 576 evangelizatur
2131 503 2334 561 fessum
2363 503 2555 559 itinere
2590 503 2798 559 sedisse
2826 502 3034 569 Jesum,
3071 515 3127 560 et
3170 520 3288 560 ser-

115 625 201 676 vit:
223 617 355 672 ﬁlium
379 609 562 666 viduae.
592 607 765 679 Supra
788 605 940 662 Nalm
973 615 1059 662 est
1083 619 1248 660 mons
1274 601 1478 670 Endor,
1521 601 1590 657 ad

117 709 286 767 radicem
303 702 434 772 cujus
483 715 652 770 supra
702 704 991 753 torrentem
1031 694 1346 762 Kadmium,
1377 693 1471 766 qui
1507 702 1592 748 est

112 813 265 858 torrens
284 794 441 859 Cison,
462 807 585 848 cum
614 791 723 846 tilio
749 789 990 845 Delborae
1013 787 1394 858 prophetissae,
1419 784 1591 842 Barac

113 892 214 947 ﬁlius
245 883 476 941 Abineech
522 881 724 936 devicit
766 879 1031 935 Idumaeos
1053 920 1070 946 ,
1116 878 1272 934 Sisar
1315 876 1587 941 videlicet,

106 979 250 1054 Agebel
273 990 463 1033 uxorem
509 973 796 1040 Aberenei,
829 971 943 1028 Zeb
970 979 1176 1039 autem,
1205 981 1262 1027 et
1288 970 1496 1038 Zebec,
1537 978 1588 1025 et

109 1075 294 1129 Salmana
332 1077 466 1128 trans
502 1063 797 1120 Jordanem
849 1079 1188 1135 persequens
1230 1063 1410 1135 gladio
1472 1077 1592 1134 per-

103 1165 210 1230 emit,
227 1161 468 1217 brachium
499 1157 552 1212 in
592 1155 797 1225 Endor,
821 1165 877 1213 et
904 1156 1010 1214 sub
1031 1155 1218 1212 Endor
1236 1155 1403 1212 Cison
1427 1170 1588 1210 exer-

102 1259 194 1322 citu,
213 1253 328 1308 unde
362 1251 410 1306 in
436 1249 657 1320 psalmis
685 1248 727 1303 Τ
728 1249 913 1316 habor,
948 1257 1001 1304 et
1042 1247 1277 1303 Hermon
1302 1249 1358 1302 in
1381 1248 1590 1302 nomine

100 1362 164 1403 tuo
196 1342 503 1409 exsultabant,
553 1351 605 1398 et
667 1351 816 1397 tuum
869 1341 1146 1396 brachium
1190 1357 1310 1395 cum
1355 1340 1590 1411 potentia

99 1440 222 1502 (Psal.
267 1451 499 1503 Lxxxvnr,
557 1435 669 1506 15).
701 1434 904 1502 Quinto
961 1432 1220 1490 milliaria
1280 1440 1364 1488 est
1411 1430 1588 1486 Anain

95 1531 247 1587 Jemel
276 1527 462 1595 civitas,
488 1542 608 1597 quae
641 1537 695 1582 et
724 1525 967 1592 Zaraim,
997 1542 1064 1580 ex
1095 1541 1203 1595 qua
1230 1522 1447 1578 Jezabel
1487 1523 1590 1578 im-

96 1622 277 1692 piissima
307 1620 472 1689 regina
501 1617 625 1685 fuit,
669 1634 792 1689 quae
827 1617 1052 1674 abstulit
1092 1617 1309 1672 vineam
1351 1614 1586 1679 Nabotli,

93 1710 322 1780 quaedam
359 1723 448 1778 pro
477 1707 885 1778 importunitate
925 1707 1011 1762 sui
1057 1705 1124 1762 de
1154 1720 1372 1762 summo
1403 1704 1588 1775 palatii

91 1805 150 1857 sui
179 1800 461 1872 pracipitata
514 1799 741 1867 interiit,
785 1801 946 1871 cujus
990 1801 1170 1856 adhuc
1213 1799 1458 1871 pyramis
1489 1814 1587 1853 su-

1693 613 1912 652 monem
1941 598 2204 654 habuisse
2227 614 2351 652 cum
2385 595 2754 662 Samaritana,
2794 596 2887 650 ubi
2924 611 3069 652 nunc
3098 595 3289 652 Eccle-

1694 690 1774 746 sia
1806 691 2167 746 construitur.
2195 689 2356 745 Juxta
2397 687 2616 744 Sichem
2655 688 3000 744 terebinthus
3038 688 3153 754 illa,
3187 687 3290 744 sub

1693 799 1802 854 qua
1825 781 1994 838 Jacob
2016 783 2305 838 abscondit
2334 782 2497 836 idola.
2533 780 2591 836 In
2628 780 2818 836 Bethel
2849 780 3106 836 milliario
3137 796 3168 834 a
3201 779 3288 834 Si-

1692 877 1850 930 chem
1895 875 2041 930 Luza
2072 876 2289 942 civitas,
2330 875 2383 929 in
2414 891 2523 946 qua
2586 890 2684 946 per
2737 874 2972 929 multum
3029 872 3292 943 temporis

1693 967 1933 1039 spatium
1957 967 2225 1022 habitavit
2249 967 2548 1036 Abraham,
2590 966 2686 1022 ubi
2725 975 2782 1022 et
2805 965 2976 1022 Jacob
3011 965 3294 1022 dormiens

1693 1059 1898 1116 scalam
1941 1059 2078 1114 vidit
2107 1059 2309 1115 ccelum
2345 1068 2687 1130 tangentem,
2721 1059 3056 1131 angelusque
3088 1073 3187 1131 per
3225 1057 3294 1112 il-

1693 1151 1801 1206 lam
1851 1150 2209 1208 ascendentes
2231 1159 2286 1206 et
2314 1150 2742 1219 descendentes;
2792 1151 2978 1208 statim
3025 1149 3293 1222 evigilans

1693 1243 1771 1298 ait
1798 1262 1810 1296 :
1836 1241 1936 1299 llic
1963 1242 2120 1299 locus
2147 1257 2275 1298 vere
2305 1252 2532 1299 sanctus
2557 1252 2663 1311 est,
2695 1252 2746 1298 et
2792 1253 2951 1314 porta
2986 1243 3110 1298 caeli
3133 1241 3285 1311 (Gen.

1695 1351 1887 1404 xxvm,
1924 1334 2034 1406 l7).
2066 1333 2297 1406 Erigens
2325 1335 2562 1406 lapidem
2593 1335 2649 1390 in
2695 1335 2938 1402 titulum,
2975 1343 3029 1390 et
3054 1333 3290 1392 fundens

1693 1427 1875 1481 oleum
1905 1426 2162 1496 desuper,
2195 1426 2488 1496 appellavit
2512 1441 2712 1482 nomen
2754 1426 2860 1482 loci
2899 1427 3044 1482 illius
3077 1425 3287 1493 Bethel,

1692 1517 1838 1588 quod
1867 1517 2023 1588 prius
2046 1516 2193 1572 Luza
2227 1517 2554 1575 vocabatur.
2586 1516 2644 1572 In
2690 1516 2899 1584 Bethel,
2942 1517 3120 1588 angeli
3149 1533 3289 1588 pra:-

1692 1620 1851 1682 cepto
1911 1611 2088 1666 voluit
2143 1611 2422 1667 Abraham
2478 1611 2765 1666 immolare
2823 1609 3056 1666 Domino
3115 1611 3286 1666 lilium

1692 1719 1854 1759 suum
1881 1703 2052 1760 Isaac.
2084 1703 2180 1760 Est
2206 1713 2386 1760 autem
2423 1703 2609 1759 Bethel
2630 1703 2960 1759 collateralis
2989 1718 3149 1760 mons
3176 1703 3288 1760 Ga-

1694 1799 1880 1866 rinim,
1931 1800 2233 1870 respiciens
2275 1806 2514 1853 montem
2567 1796 2735 1852 Gebal
2779 1797 2848 1852 ad
2905 1797 3194 1864 orientem,
3236 1805 3289 1849 et.

90 1857 467 1960 pcrslesvidetur.
495 1886 659 1943 Juxta
679 1857 894 1944 Jezabel
941 1899 1026 1945 est
1067 1857 1297 1958 campus
1338 1886 1584 1958 MagedO,
1621 1857 1662 1916 Β
1693 1857 1920 1947 Stadam
1978 1857 2145 1963 super
2199 1891 2439 1946 Sichem.
2493 1888 2775 1961 Vigesimo
2822 1888 3084 1944 milliario
3121 1903 3152 1942 a
3182 1857 3288 1940 ’δί-

89 1981 125 2037 in
143 1995 226 2050 quo
239 1977 395 2035 Josias
429 1994 543 2046 rex,
577 1995 607 2034 a
634 1995 759 2051 rege
786 1978 1050 2035 Samariaa
1091 1979 1354 2035 subactus
1384 1994 1585 2034 succu-

89 2072 183 2137 buit,
205 2069 369 2125 deinde
391 2069 685 2126 translatus
731 2070 788 2126 in
832 2069 988 2138 Sion,
1014 2080 1069 2126 et
1094 2070 1360 2142 sepultus.
1389 2069 1587 2125 Millia-

85 2164 142 2221 rio
160 2178 184 2216 a
205 2160 385 2219 Jezrael
427 2173 642 2218 montes
683 2162 885 2219 Gelboe
913 2173 1062 2232 sunt,
1092 2164 1146 2219 in
1189 2163 1392 2235 quibus
1424 2163 1588 2219 dimi-

84 2264 218 2311 cantes
261 2253 376 2311 Saul
425 2265 478 2313 et
507 2255 776 2314 Jonathas
841 2257 1053 2314 subacti
1095 2257 1383 2325 siluerunt,
1446 2256 1589 2314 unde

84 2346 200 2403 David
226 2367 237 2403 :
265 2347 453 2404 Montes
483 2348 699 2418 Galbae,
735 2367 827 2406 nec
866 2367 950 2406 ros
976 2369 1067 2407 nec
1087 2351 1268 2422 pluria
1298 2351 1470 2406 veniat
1498 2367 1589 2405 su-

81 2455 228 2507 pernis
245 2437 324 2511 (II
342 2440 462 2512 Reg.
494 2458 533 2507 ι,
565 2442 682 2511 ει),
711 2452 815 2498 etc.
851 2442 1106 2499 Secundo
1127 2444 1382 2500 milliario
1407 2460 1437 2499 a
1463 2443 1588 2499 Gel-

80 2531 315 2588 lioeeontra
339 2534 600 2591 orientem
630 2546 714 2591 est
746 2534 1076 2608 Schitopolis
1099 2537 1312 2604 civitas,
1356 2537 1588 2592 Calibus:

81 2623 342 2692 metropolis,
371 2639 490 2694 quae
517 2634 577 2681 et
615 2625 872 2693 Bethsan,
897 2627 950 2681 id
977 2627 1268 2683 estdomus
1319 2627 1468 2693 solis,
1506 2630 1587 2683 vel

77 2715 237 2781 dum;
261 2731 413 2786 super
438 2733 634 2774 muros
658 2719 778 2791 ejus
807 2719 1211 2792 suspenderunt
1241 2731 1406 2791 caput
1433 2719 1582 2777 Saul.

77 2803 222 2872 Quinto
243 2807 480 2865 milliario
507 2825 541 2865 a
585 2808 793 2866 Jezrael
833 2821 917 2866 est
945 2811 1204 2882 oppidum
1238 2811 1370 2867 illud
1416 2827 1447 2867 a
1477 2829 1588 2884 quo

75 2895 211 2968 incipit
230 2898 478 2970 Samaria,
506 2918 638 2975 qua:
680 2913 736 2959 et
787 2902 1073 2972 Sebasten,
1118 2913 1171 2960 et
1212 2905 1481 2976 Augusta,
1518 2905 1588 2961 ab

75 2990 258 3062 Augusto
285 2993 492 3051 Caesare
541 2995 710 3064 dicta,
752 2995 806 3050 in
847 3012 956 3068 qua
1006 2995 1254 3067 sepultus
1289 2995 1393 3052 fuit
1426 3013 1588 3068 para-

72 3083 261 3153 uynphus
284 3085 367 3141 ille
384 3101 695 3156 praecursor
722 3085 960 3154 Domini,
985 3085 1225 3144 Joannes
1255 3085 1496 3158 Baptista
1517 3087 1587 3144 ab

72 3171 225 3231 Herode
271 3177 586 3246 decollatus,
644 3188 797 3236 trans
863 3178 1155 3236 Jordanem
1213 3177 1355 3235 infra
1403 3180 1582 3236 lacum
1616 3229 1655 3246 η

68 3263 354 3335 .lspbaltitem
380 3271 436 3325 in
465 3271 698 3328 castello
743 3269 1115 3340 Macheronta,
1147 3281 1201 3329 et
1235 3288 1267 3328 a
1300 3272 1586 3344 discipulis

69 3357 148 3414 suis
171 3362 437 3419 translatus
475 3362 589 3418 fuit
618 3362 904 3434 Sebasten,
941 3365 1126 3437 ibique
1159 3365 1406 3437 sepultus
1447 3366 1589 3420 inter

67 3445 244 3508 Elissam
288 3462 340 3510 et
387 3455 652 3524 Abdiam,
703 3467 757 3513 et
801 3468 1145 3529 assumptum
1175 3456 1373 3514 exinde
1399 3465 1587 3528 postea

63 3555 213 3610 corpus
247 3545 358 3616 ejus
395 3563 427 3603 a
461 3547 690 3604 Juliano
736 3548 953 3605 Caesare
1014 3550 1310 3621 Apostata,
1359 3549 1589 3620 ejusque

58 3631 173 3699 jussu
198 3648 479 3695 mutatum
533 3640 711 3697 fuisse
748 3641 1084 3712 perhibetur,
1122 3641 1266 3697 datis
1313 3650 1478 3697 vento
1505 3641 1586 3697 ci-

60 3723 244 3791 neribus;
272 3729 360 3784 sed
394 3731 616 3802 absque
643 3731 839 3802 capite,
867 3732 1014 3802 quod
1047 3731 1390 3787 Alexandria:
1430 3738 1588 3786 antea

60 3815 316 3874 translatum
356 3819 564 3887 fuerat,
590 3831 776 3892 postea
799 3822 1354 3892 Constantinopolim,
1400 3821 1467 3877 ad
1507 3821 1590 3875 ul—

57 3904 198 3962 timum
241 3909 293 3967 in
336 3911 602 3982 Galliam,
643 3915 699 3970 in
740 3931 882 3988 pago
909 3914 1258 3982 Pictaviensi,
1296 3924 1351 3973 et
1383 3915 1590 3986 absque

56 3994 188 4055 indice
209 4003 292 4072 qui
315 4005 632 4066 venientem
663 4007 731 4063 ad
774 4008 1108 4079 baptismum
1151 4006 1340 4064 Jesum
1375 4008 1587 4064 indica-

53 4094 378 4159 terat,diecns
407 4118 422 4154 :
458 4097 605 4154 Ecce
641 4100 818 4171 Agnus
852 4099 970 4167 Dei,
1011 4117 1128 4156 ecce
1168 4101 1260 4172 qui
1299 4100 1438 4155 tollit
1467 4117 1588 4171 pec-

53 4191 140 4235 cata
167 4189 332 4243 mundi
368 4189 563 4262 (Joan.
621 4208 661 4259 ι,
707 4191 824 4263 29).
866 4190 997 4249 Inde
1044 4192 1178 4248 illud
1231 4193 1390 4248 beata
1437 4192 1589 4263 virgo

49 4271 199 4332 Thecla
247 4281 389 4337 inter
443 4285 622 4355 Alpes
674 4284 888 4352 detulit,
942 4285 1037 4340 ubi
1087 4285 1192 4341 sub
1238 4284 1590 4340 veneratione

52 4369 238 4426 maxima
251 4372 533 4432 detinetur
584 4377 640 4432 in
680 4377 911 4434 ecclesia
957 4377 1310 4436 Morianensi.
1341 4376 1588 4433 Samaria

49 4469 101 4510 cst
122 4476 298 4519 nomen
329 4467 492 4524 urbis
516 4478 577 4524 et
599 4470 808 4540 patriae.

1688 1984 1868 2051 ehem,
1894 1993 2094 2054 quarto
2116 2000 2146 2038 a
2173 1982 2498 2050 Jerusalem,
2532 1983 2618 2037 via
2651 1997 2774 2052 quae
2802 1981 2955 2038 ducit
2984 1980 3290 2052 Diospolim

1693 2090 1853 2130 mons
1878 2073 2007 2146 Syla
2034 2083 2090 2130 et
2117 2073 2334 2139 civitas,
2365 2089 2489 2144 quae
2509 2081 2564 2128 et
2585 2073 2812 2138 Arama,
2841 2072 2934 2126 ubi
2969 2086 3096 2127 arca
3123 2078 3291 2126 testa-

1690 2167 1861 2224 menti
1884 2176 1939 2224 et
1961 2166 2378 2223 tabernaculum
2415 2163 2632 2220 Domini
2679 2164 2748 2220 ab
2789 2164 3025 2219 adventu
3051 2162 3288 2218 filiorum

1689 2261 1856 2319 lsrael
1883 2271 2206 2317 manserunt
2249 2275 2426 2331 usque
2461 2258 2529 2314 ad
2561 2266 2806 2329 tempora
2852 2255 3122 2312 Samuelis
3155 2269 3288 2325 pro«

1688 2355 1865 2426 pheta:
1917 2353 2087 2409 David
2139 2353 2302 2424 regis.
2354 2350 2634 2423 Vigesimo
2685 2349 2942 2405 milhario
2973 2365 3004 2403 a
3043 2347 3286 2414 Sichem,

1689 2453 1848 2501 sexto
1886 2444 2102 2500 decimo
2127 2460 2156 2498 a
2193 2441 2460 2514 Diospoli,
2493 2450 2649 2498 sexto
2679 2439 2892 2496 decimo
2924 2440 2994 2496 ab
3025 2438 3287 2505 Hebrom,

1688 2539 1849 2593 tertio
1876 2536 2092 2593 decimo
2120 2554 2150 2593 a
2179 2535 2420 2603 Jericho,
2449 2544 2647 2606 quarto
2670 2551 2700 2590 a
2725 2534 2933 2601 Bethel,
2958 2534 3171 2590 decimo
3202 2548 3286 2590 se-

1687 2631 1858 2701 ptimo
1895 2645 1926 2685 a
1948 2628 2238 2695 Bersabee,
2266 2629 2532 2701 vigesimo
2554 2638 2753 2699 quarto
2784 2627 2855 2682 ab
2879 2627 3168 2694 Asealone,
3199 2637 3286 2684 to-

1689 2723 1966 2794 tidemque
2016 2738 2048 2778 a
2095 2721 2287 2793 J0ppe,
2337 2730 2492 2778 sexto
2549 2737 2581 2776 a
2643 2719 2933 2782 Bamatha,
2969 2719 3277 2775 Jerusalem

1688 2815 2034 2872 sanctissima
2061 2813 2262 2870 Judma:
2292 2814 2631 2885 metropolis,
2661 2829 2785 2885 quae
2811 2820 2865 2868 et
2888 2812 3041 2878 Sion,
3075 2812 3142 2868 de
3176 2827 3287 2882 qua

1687 2908 1894 2963 dictum
1924 2916 2007 2963 est
2041 2927 2054 2963 :
2092 2906 2340 2962 Gloriosa
2373 2906 2521 2960 dicta
2567 2915 2688 2960 sunt
2741 2906 2805 2959 de
2863 2913 2930 2969 te,
2955 2904 3145 2958 civitas
3186 2902 3287 2956 De.

1689 2999 1864 3072 (Psal.
1893 3016 2114 3068 Lxxxvr,
2133 2999 2211 3072 '5),
2237 3014 2361 3070 quae
2388 3008 2444 3054 et
2478 2997 2620 3054 Elia
2645 2998 2715 3053 ab
2730 2995 2877 3052 {Elio
2903 2995 3164 3062 Adriano,
3192 2995 3286 3065 qui

1688 3109 1808 3149 eam
1845 3093 2177 3150 construxit.
2227 3091 2544 3148 Bethlehem
2571 3099 2654 3146 est
2675 3089 2870 3146 civitas
2895 3087 3057 3154 Juda,
3087 3103 3209 3159 quae
3234 3097 3288 3142 et

1690 3185 1927 3258 Ephrata
1951 3187 2154 3243 dicitur
2181 3203 2194 3239 :
2224 3184 2540 3242 Bethlehem
2566 3184 2754 3238 domus
2785 3183 2938 3254 panis
2961 3183 3288 3252 interpreta-

1690 3292 1800 3347 tur,
1835 3297 1935 3336 nec
1961 3281 2080 3338 sine
2104 3297 2292 3348 causa,
2316 3279 2444 3351 quia
2482 3278 2551 3334 de
2580 3277 2712 3333 flore
2735 3275 3019 3331 Nazarene
3059 3289 3284 3346 proces-

1691 3374 1762 3428 sit
1794 3373 1847 3427 in
1875 3389 1938 3428 ea
1977 3372 2190 3430 fructus
2215 3373 2340 3428 vita:
2365 3372 2434 3428 de
2464 3371 2672 3442 virgine
2700 3368 2893 3435 Maria,
2917 3367 3165 3422 videlicet
3191 3365 3286 3420 Fi-

1691 3465 1798 3519 lius
1838 3463 1934 3520 Dei
1973 3465 2229 3520 Christus
2255 3463 2437 3529 Jesus,
2472 3463 2566 3534 qui
2615 3461 2773 3533 panis
2821 3469 2906 3516 est
2945 3458 3283 3528 angelomro,

1690 3556 1965 3626 totiusque
1988 3557 2099 3612 vita
2124 3556 2334 3613 mundi.
2351 3555 2408 3611 In
2421 3555 2760 3620 Bethlehem,
2777 3550 3285 3623 juxtalocumnati-

1691 3647 1876 3702 vitatis
1900 3663 2163 3718 praesepe,
2205 3649 2261 3703 in
2287 3664 2397 3718 quo
2417 3657 2471 3702 et
2495 3648 2612 3718 ipse
2641 3645 2871 3701 latitavit
2901 3643 3081 3699 infans
3101 3643 3281 3707 Jesus,

1698 3736 1840 3791 unde
1865 3735 2133 3807 propheta
2173 3753 2185 3789 :
2222 3737 2463 3807 cognovit
2510 3737 2601 3789 bos
2662 3749 3010 3806 possessorem
3034 3748 3208 3798 suum,
3236 3741 3286 3784 et

1693 3829 1876 3882 asinus
1911 3844 2142 3898 prmepe
2165 3828 2371 3882 domini
2395 3828 2481 3881 sui
2505 3825 2664 3900 (lsai.
2707 3844 2744 3894 ι,
2782 3827 2860 3896 '5),
2897 3841 2962 3880 ex
2991 3840 3101 3896 quo
3135 3823 3282 3891 feno,

1692 3922 1784 3977 ubi
1814 3921 1994 3977 infans
2037 3921 2364 3987 latitaverat,
2396 3919 2627 3975 Romam
2667 3921 2904 3975 delatura
2940 3917 3041 3974 fuit
3081 3918 3148 3972 ad
3189 3932 3284 3972 ec»

1692 4013 1914 4068 clesiam
1929 4021 2132 4068 sancta).
2157 4011 2341 4067 Maria:
2365 4011 2614 4082 majoris.
2639 4010 2894 4066 Milliario
2915 4027 2944 4065 a
2967 4008 3283 4065 Bethlehem

1695 4106 1852 4162 stella
1881 4107 2196 4177 pastoribus
2243 4105 2477 4161 Domino
2517 4114 2647 4160 nato
2677 4105 2947 4176 apparuit,
2975 4103 3168 4175 angelo
3201 4103 3287 4159 dl-

1691 4207 1850 4254 cente
1879 4218 1891 4253 :
1925 4197 2111 4253 Gloria
2157 4199 2210 4252 in
2252 4197 2474 4252 excelsis
2512 4197 2622 4251 Deo
2649 4196 2800 4265 (an.
2828 4213 2888 4263 η,
2933 4196 3044 4266 li),
3088 4205 3194 4251 etc.
3227 4194 3286 4249 ln

1693 4287 2031 4354 Bethlehem,
2065 4303 2206 4342 nova
2232 4288 2386 4342 stella
2415 4287 2576 4353 duce,
2601 4296 2864 4342 venerunt
2883 4295 2994 4341 tres
3028 4300 3183 4356 reges
3218 4285 3288 4340 ab

1693 4379 1906 4435 oriente
1931 4380 2180 4435 venerari
2233 4388 2424 4434 natum
2472 4377 2684 4446 Jesum,
2741 4387 2796 4434 et
2841 4393 2968 4434 eum
3000 4387 3061 4433 ut
3101 4393 3285 4449 regem

1694 4471 2010 4543 angelorum
2041 4471 2428 4538 adoraverunt,
2462 4481 2857 4543 prtesentantes
2899 4471 3129 4543 mystica
3165 4485 3287 4523 mu-

50 4544 560 4648 “Quartomilliario
593 4574 624 4614 a
654 4559 918 4616 Sebasten
955 4571 1042 4616 est
1085 4559 1364 4632 Neapolis,
1386 4576 1510 4632 qua:
1536 4569 1591 4617 et
1625 4578 1670 4633 ι)
1697 4577 1827 4616 nera
1855 4577 2073 4629 aurum,
2101 4561 2230 4617 thus
2243 4562 2614 4634 etmyrrbam.
2636 4560 2694 4615 In
2719 4560 3033 4616 Bethlehem
3058 4560 3286 4628 ejusque

51 4641 212 4711 iichen,
263 4647 495 4706 Sichem
539 4661 672 4706 ante
722 4649 1012 4709 Veteomor
1058 4654 1382 4722 nominata,
1447 4654 1590 4710 inter
1699 4654 1899 4710 finibus
1927 4653 2250 4710 lnnocentbs
2276 4655 2444 4726 jussit
2468 4654 2727 4710 decollari
2753 4652 3014 4717 Herodes,
3046 4666 3284 4721 quorum

51 4733 138 4785 lam
163 4744 212 4789 et
238 4736 428 4797 Bethel
481 4741 699 4813 posita;
731 4759 762 4798 a
801 4742 1020 4800 Sichem
1065 4753 1260 4801 vocata
1311 4755 1396 4802 est
1442 4756 1588 4802 terra

51 4825 99 4879 lla
123 4826 326 4903 Sichen,
359 4851 431 4891 ex
459 4834 691 4905 Sichem
720 4835 824 4892 fuit
848 4835 1035 4907 Emor,
1064 4839 1160 4910 qui
1199 4838 1394 4895 Dinam
1419 4839 1585 4895 tiliam

54 4922 404 4989 acob,linibus
453 4928 576 4984 illis
625 4928 1086 4999 deambulantem,
1118 4932 1361 4987 violavit.
1409 4931 1588 4988 ln-Si—

53 5007 148 5066 hem
175 5031 299 5074 vero
353 5019 544 5076 relata
578 5018 802 5075 fuerunt
827 5036 956 5076 ossa
984 5019 1186 5092 Joseph
1211 5038 1279 5078 ex
1306 5020 1542 5094 Egypto
1567 5041 1581 5088 ;

56 5102 287 5164 iSichem
308 5110 483 5181 juxta
517 5111 730 5168 fontem
783 5111 1074 5170 fabricavit
1101 5112 1395 5170 Jeroboam
1438 5115 1585 5168 vitu-

54 5210 86 5249 is
107 5197 252 5270 duos,
285 5219 436 5274 quos
483 5203 713 5260 adorari
755 5203 960 5263 fecerat
1007 5223 1039 5263 a
1093 5207 1281 5264 decem
1315 5207 1587 5273 tribubus,

55 5303 129 5343 nas
152 5294 458 5353 adduxerat
505 5306 568 5354 et
604 5298 922 5367 seduxerat;
971 5317 1142 5356 unum
1171 5315 1238 5356 ex
1285 5300 1365 5357 eis
1409 5299 1593 5370 posuit

55 5389 133 5436 iter
151 5383 301 5458 Dam,
347 5390 540 5446 alium
591 5391 648 5448 in
699 5390 909 5452 Bethel.
954 5392 1173 5448 Sichem
1215 5393 1404 5448 urbem
1440 5391 1589 5447 illam

56 5473 296 5537 ﬂeverunt
324 5482 428 5537 filii
456 5481 635 5539 Israel
661 5481 956 5556 Emorque,
984 5465 1231 5542 dolentes
1275 5485 1342 5540 de
1383 5484 1595 5540 adulte-

58 5579 82 5618 0
107 5566 243 5628 Dina:
270 5576 498 5631 sororis
539 5592 672 5632 sum.
731 5575 950 5633 Sichem
982 5578 1070 5635 bis
1116 5577 1310 5634 diebus
1340 5575 1595 5648 Neapolis

63 5659 200 5729 citur,
229 5666 281 5720 id
313 5677 404 5723 est
434 5685 581 5723 nova
606 5670 815 5725 civitas.
843 5668 1162 5727 Sicbarante
1191 5668 1410 5726 Sichem
1437 5670 1595 5741 juxta

64 5754 263 5824 adium,
301 5761 464 5832 quod
495 5761 649 5818 dedit
675 5760 845 5819 Jacob
873 5763 986 5820 filio
1010 5779 1111 5819 suo
1132 5761 1357 5834 Joseph,
1399 5763 1454 5818 in
1483 5779 1594 5834 quo

67 5846 240 5909 tFons
259 5852 505 5927 Joseph,
536 5856 632 5927 qui
667 5865 720 5914 et
741 5854 942 5926 Putcus
983 5856 1202 5927 dicitur,
1235 5872 1399 5929 super
1428 5873 1591 5928 quem

1698 4761 1826 4816 pars
1851 4755 2042 4801 contra
2062 4747 2350 4802 meridiem
2382 4754 2582 4816 quarto
2605 4744 2859 4800 milliario
2889 4758 2918 4797 a
2947 4740 3281 4804 Bethlehem,

1695 4839 1937 4895 secundo
1970 4838 2224 4894 milliario
2247 4855 2278 4892 a
2305 4837 2526 4892 Thecua
2552 4837 2761 4907 sepulta
2787 4834 3042 4905 quiescit.
3077 4832 3284 4900 Quarto

1696 4929 1952 4984 milliario
1981 4945 2011 4984 a
2035 4927 2354 4984 Bethlehem
2380 4937 2573 4984 contra
2599 4927 2881 4982 meridiem
2895 4925 3122 4980 ecclesia
3155 4924 3284 4978 bea-

1693 5023 1732 5076 ti
1772 5021 1985 5077 Caritot
2023 5033 2128 5089 est,
2169 5023 2263 5077 ubi
2293 5032 2347 5077 et
2387 5023 2508 5093 ipso
2537 5027 2856 5075 transeunte.
2887 5018 2954 5072 de
2984 5017 3089 5072 hoc
3123 5032 3282 5070 mun-

1694 5113 1787 5180 do,
1811 5114 2087 5181 monachi,
2115 5115 2318 5185 quibus
2353 5114 2468 5184 ipse
2499 5121 2687 5183 pastor
2709 5111 3020 5182 praefuerat,
3050 5126 3175 5165 cum
3217 5126 3283 5164 eo

1697 5205 1898 5276 pariter
1917 5205 2112 5261 devote
2144 5205 2281 5260 mori
2311 5205 2644 5272 desiderant,
2675 5218 2862 5273 eoque.
2897 5201 3056 5257 Pater
3087 5217 3280 5258 eorum

1697 5296 1852 5365 prius
1871 5295 2172 5364 exstiterat,
2202 5311 2302 5352 nec
2330 5305 2453 5366 post
2479 5312 2604 5351 eum
2646 5296 2699 5350 in
2729 5294 2934 5350 mundo
2972 5295 3153 5350 vivere
3187 5310 3283 5348 vo-

1699 5387 1902 5455 lebant,
1948 5388 2068 5458 ejus
2089 5403 2276 5444 amore
2309 5387 2609 5454 ferventes;
2659 5402 2895 5458 quorum
2941 5387 3280 5458 singulorum

1699 5480 2049 5551 eompagines
2091 5479 2146 5534 in
2201 5479 2446 5536 Ecclesia
2499 5479 2671 5535 videri
2715 5490 2946 5550 possunt
2995 5481 3158 5536 modo
3190 5479 3282 5533 illo

1697 5589 1807 5643 quo
1835 5573 2141 5627 habuerunt
2192 5573 2247 5628 in
2288 5573 2626 5630 desolatione
2662 5571 2841 5628 Patris
2867 5587 3058 5628 eorum
3090 5571 3279 5641 agoni-

1699 5672 1905 5730 zantes,
1944 5671 2130 5734 postea
2157 5666 2408 5721 translati
2443 5665 2498 5719 in
2521 5664 2848 5732 Jerusalem,
2883 5665 2937 5720 in
2966 5662 3279 5719 Bethlehem

1699 5755 1839 5812 infra
1864 5756 2146 5812 basilicam
2178 5773 2287 5812 non
2321 5759 2477 5830 longe
2501 5774 2531 5811 a
2554 5757 2816 5828 przesepio
2839 5753 3130 5826 requiescit
3159 5767 3283 5807 cor—

1701 5867 1803 5922 pus
1833 5849 1892 5907 B.
1955 5848 2289 5924 Hieronymi,
2340 5850 2509 5909 Paula
2548 5849 2774 5926 quidem
2812 5859 2865 5905 et
2900 5847 3279 5915 Eustochium,
