3812 6312
498 360 636 417 10.ιῖ

1102 361 1194 416 AD
1229 363 1678 419 GODEFRIDUM
1715 364 2004 421 A‘PPEND.
2045 364 2108 419 11.
2151 397 2220 405 --—
2255 367 2524 426 MONUM.
2566 370 2654 425 DE
2693 370 2919 428 ωειιο
2959 373 3204 430 SACRO.

3601 382 3698 437 1048

499 475 700 549 quibus
746 477 862 546 ipse
919 475 1284 549 Hieronymus
1341 479 1529 540 scribit
1577 478 1857 546 similiter;
1907 497 1936 534 a
1986 478 2084 532 Be—
2116 483 2156 537 Α
2188 480 2266 535 sia
2293 497 2459 551 quam
2496 482 2570 538 ibi
2604 483 2660 538 in
2691 485 2900 541 honore
2945 485 3134 542 Sancti
3190 486 3481 544 Salvatoris
3507 502 3696 549 constru-

499 569 741 624 thlehem
770 568 876 634 via,
904 585 1026 638 qua:
1048 569 1199 624 ducit
1221 568 1522 626 Jerusalem
1551 569 1786 626 Kabrata
1807 580 1890 626 est
1909 572 2080 634 locus,

497 661 688 730 inquo
723 677 847 717 cum
894 660 1176 732 Benjamin
1227 662 1524 732 peperisset
1577 661 1780 719 Rachel
1805 665 2081 732 occubuit,

499 751 683 824 ibique
712 769 741 808 a
769 755 888 810 viro
933 771 1034 809 suo
1060 753 1229 810 Jacob
1261 756 1525 810 tumulata
1555 758 1809 826 quiescit,
1840 759 1998 829 cujus
2029 759 2082 813 in

497 851 712 905 tumulo
738 851 1025 920 supposuit
1045 849 1211 905 Jacob
1239 851 1529 906 duodecim
1577 853 1785 922 lapides
1827 870 1938 910 non
1967 870 2086 909 mo-

498 941 655 998 dicas
686 943 998 997 testimonio
1028 941 1265 998 ﬁliorum
1298 941 1484 1010 Israel,
1516 943 1676 1014 cujus
1711 944 1890 1000 adhuc
1932 961 2086 1016 pyra-

498 1035 606 1089 mis
652 1051 686 1090 a
735 1035 1144 1091 transeuntibus
1197 1035 1430 1091 videtur.
1481 1033 1808 1103 Jerusalem,
1846 1037 2084 1108 gloriosa

498 1123 698 1182 Judzeze
744 1128 1086 1197 metropolis,
1133 1128 1290 1197 juxta
1358 1130 1736 1200 philoSOphos,
1789 1131 1845 1186 in
1906 1131 2085 1186 medio

497 1219 684 1272 mundi
711 1220 816 1273 sita
843 1229 946 1286 est,
973 1221 1216 1290 regnavit
1258 1232 1437 1277 autem
1473 1223 1526 1277 in
1552 1238 1616 1278 ea
1648 1222 1816 1279 David
1853 1240 1948 1294 per
1981 1224 2082 1278 tri-

495 1311 642 1382 ginta
672 1321 782 1367 tres
813 1328 990 1371 annos
1022 1324 1075 1369 et
1106 1315 1415 1371 dimidium.
1463 1316 1558 1372 Est
1579 1317 1800 1387 quidem
1845 1318 1899 1372 in
1927 1317 2085 1373 Jeru-

495 1405 666 1460 salem
693 1421 854 1462 muns
892 1405 1088 1474 Moria,
1112 1423 1277 1478 super
1303 1424 1465 1478 quem
1491 1409 1680 1466 videns
1712 1409 1880 1465 David
1918 1427 2085 1482 ange-

493 1495 606 1550 lum
657 1497 1051 1566 percutientcm
1103 1499 1388 1568 evaginato
1428 1500 1628 1571 gladio,
1677 1502 1771 1571 qui
1822 1503 2083 1573 populum

494 1585 590 1642 Dei
616 1588 852 1658 graviter
885 1591 1182 1657 occiderat,
1215 1591 1414 1648 timens
1441 1608 1509 1647 ne
1532 1593 1593 1648 in
1631 1610 1690 1650 se
1723 1604 1777 1649 et
1809 1594 1862 1648 in
1893 1595 2083 1650 urbem

491 1680 871 1748 ulcisceretur,
905 1683 1052 1752 quod
1077 1683 1128 1737 in
1154 1684 1415 1754 populum
1439 1695 1727 1741 numerato
1756 1687 2080 1757 deliquerat,

491 1789 700 1842 pronus
724 1773 777 1828 in
801 1783 945 1830 terra
973 1777 1179 1832 corruit
1201 1792 1325 1832 vere
1351 1779 1619 1848 paenitens
1643 1781 1988 1852 graviterque
2025 1799 2085 1838 se

496 1863 761 1934 aﬂligens,
810 1882 839 1919 a
887 1865 1120 1922 Domino
1165 1869 1456 1924 exauditus
1488 1878 1592 1935 est,
1630 1879 1684 1925 et
1713 1872 1929 1927 veniam
1972 1889 2089 1928 me-

495 1963 609 2016 ruit
641 1961 730 2032 (II
757 1962 882 2034 Reg.
921 1980 1070 2031 xxiv,
1107 1963 1193 2031 16,
1239 1965 1350 2035 17),
1385 1966 1452 2022 de
1496 1983 1607 2037 quo
1651 1967 1727 2022 ait
1772 1967 2037 2025 Dominus
2069 1986 2081 2022 :

495 2054 680 2108 Inveni
714 2055 885 2110 virum
913 2056 1196 2110 secundum
1241 2074 1332 2111 cor
1374 2075 1565 2113 meum.
1607 2058 1664 2114 In
1697 2071 1882 2120 monte
1915 2060 2084 2116 Moria

494 2155 758 2216 regnante
789 2146 954 2202 David
986 2148 1213 2205 ﬂorebat
1252 2165 1379 2205 area
1408 2148 1611 2206 Ornam
1635 2151 1892 2221 Jebusazi,
1923 2170 1952 2209 a
1976 2171 2087 2225 quo

492 2247 548 2292 et
573 2239 688 2308 ipse
731 2237 922 2306 David,
951 2257 1074 2295 cum
1111 2257 1293 2297 emere
1336 2243 1506 2298 voluit
1548 2245 1616 2299 ad
1656 2247 2084 2302 construendum

494 2331 571 2386 ibi
595 2331 816 2397 domum
853 2332 1069 2388 Domini
1107 2334 1163 2389 in
1211 2335 1304 2391 illo
1338 2335 1481 2404 loco,
1529 2348 1861 2406 consecutus
1908 2339 2086 2398 fuerat

491 2438 559 2479 eo
590 2425 734 2495 quod
756 2426 984 2496 angelus
1015 2425 1234 2482 Domini
1260 2427 1311 2483 ei
1349 2445 1578 2498 parcens
1599 2441 1653 2486 et
1680 2431 1822 2497 urbi,
1860 2431 1934 2487 ibi
1977 2442 2086 2488 ste-

495 2527 653 2572 terat.
683 2517 830 2579 Emit
853 2518 1094 2590 quidem,
1133 2519 1227 2576 sed
1275 2521 1501 2576 vetitum
1540 2522 1644 2577 fuit
1668 2540 1699 2578 a
1731 2523 1984 2590 Domino,
2017 2541 2086 2579 ne

498 2608 888 2664 intromitteret
943 2626 1021 2677 se,
1049 2610 1178 2679 quia
1219 2610 1302 2665 v'ir
1355 2613 1639 2684 sanguinis
1688 2625 1826 2681 erat,
1875 2623 1930 2670 et
1963 2615 2085 2671 ideo

492 2716 631 2771 quas
653 2701 722 2756 ad
759 2701 866 2756 hoc
911 2711 1314 2771 praeparaverat
1337 2719 1608 2774 expensas
1646 2704 1926 2761 Salomoni
1974 2706 2086 2762 ﬁlio

491 2806 595 2850 suo.
625 2792 866 2858 tradidit,
899 2802 1171 2862 quatenus
1230 2794 1356 2850 inde
1401 2795 1626 2851 domum
1673 2795 1909 2854 Domino
1947 2815 2084 2855 con-

490 2892 747 2942 strueret.
804 2883 1118 2941 IEdiﬁcavit
1165 2902 1297 2958 ergo
1358 2904 1452 2944 rex
1505 2887 1766 2944 Salomon
1818 2891 2083 2961 templum

491 2974 726 3035 Domino
763 2977 818 3031 in
846 2976 1034 3033 Bethel
1061 2988 1112 3034 et
1138 2980 1329 3047 altare,
1359 2981 1504 3051 quod
1546 2981 1837 3040 aediﬁcavit
1874 2983 2085 3042 incom-

490 3067 719 3140 parabili
747 3079 989 3139 sumptu,
1026 3079 1215 3141 petens
1241 3072 1390 3142 quod
1424 3073 1743 3145 quicunque
1789 3073 2083 3131 Dominum

2189 575 2283 639 xit,
2316 584 2370 630 et
2411 577 2576 646 regiis
2603 577 2761 634 bonis
2789 579 3146 649 amplissimis
3197 580 3301 633 sub
3341 582 3611 638 monachali
3641 602 3696 641 re-

2187 669 2386 740 ligione
2411 670 2779 740 locupletavit,
2811 673 2960 744 quod
3002 688 3178 742 usque
3205 671 3369 726 modo
3398 672 3465 726 ibi
3505 676 3698 733 solemni-

2188 770 2269 818 ter
2305 772 2614 819 veneratur.
2644 761 2702 818 In
2745 765 2946 834 templo
2996 764 3052 819 in
3085 763 3359 835 Ypopanti
3406 782 3501 821 suo
3533 766 3658 825 Jesus
3679 789 3698 826 ι

2188 865 2360 912 matre
2386 873 2483 913 sua
2525 867 2889 928 praasentatns
2929 870 3032 925 est,
3059 869 3112 914 et
3133 869 3397 929 receptus
3433 875 3463 914 a
3494 860 3626 917 beato
3640 864 3698 920 Si-

2187 963 2380 1014 meone
2411 948 2625 1005 dicente
2658 968 2670 1004 :
2699 947 2746 1004 Ο
2780 948 3030 1016 Domine,
3069 951 3253 1005 lumen
3281 950 3536 1022 gentium,
3561 962 3605 1007 et
3623 956 3700 1025 glo-

2187 1039 2268 1094 ria
2297 1038 2485 1107 Israel,
2519 1058 2656 1096 nunc
2706 1042 2937 1096 dimittis
2980 1059 3186 1096 servum
3218 1051 3390 1105 tuum,
3427 1041 3702 1110 Dominc,s¢-

2186 1132 2416 1190 cundum
2448 1134 2658 1189 verbum
2703 1143 2854 1188 tuum
2895 1135 2950 1198 in
2985 1151 3133 1205 pace,
3168 1134 3297 1205 quia
3349 1134 3575 1189 viderant
3609 1140 3702 1190 oculi

2186 1225 2290 1280 mei
2311 1224 2548 1281 salutare
2586 1234 2736 1279 tuum
2777 1225 2930 1296 (Luc.
2967 1243 3025 1292 ιι,
3069 1226 3184 1296 ‘29).
3228 1224 3306 1281 De
3334 1227 3532 1295 templo
3574 1244 3705 1287 emen-

2187 1324 2289 1382 tes,
2317 1326 2372 1372 et
2404 1316 2698 1373 vendentes
2740 1318 2901 1388 ejeeit
2950 1317 3122 1386 Deus,
3167 1318 3226 1374 in
3283 1319 3486 1388 templo
3525 1319 3707 1376 liberavit

2185 1409 2487 1464 adulteram
2531 1409 2600 1464 ab
2636 1410 3026 1466 accusantibus
3079 1425 3202 1465 eam
3247 1409 3479 1466 dicens:
3509 1410 3601 1476 Qui
3635 1414 3708 1469 sine

2184 1507 2398 1566 peccato
2450 1509 2529 1554 est
2571 1515 2636 1553 ea:
2665 1499 2832 1566 vobis,
2863 1502 3068 1570 primus
3104 1503 3160 1555 in
3189 1518 3306 1556 eam
3336 1502 3510 1572 jaeict
3541 1502 3709 1572 lapidem

2194 1590 2378 1662 (Joan.
2407 1609 2526 1659 vui,
2557 1591 2641 1663 7);
2673 1603 2726 1648 et
2757 1593 2835 1647 illi
2886 1593 3106 1650 mulieri
3145 1594 3285 1648 dixit
3332 1613 3345 1650 :
3397 1593 3598 1660 Mulier,
3625 1598 3711 1651 inde

2186 1681 2242 1734 in
2265 1697 2414 1750 pace,
2437 1681 2556 1751 jam
2579 1681 2810 1752 amplius
2834 1681 2944 1736 noli
2966 1699 3181 1752 peccare
3211 1683 3392 1752 (ibid.,
3420 1681 3528 1753 10).
3548 1681 3597 1737 In
3620 1694 3712 1739 tcta-

2188 1773 2276 1844 plo
2340 1774 2584 1831 laudavit
2650 1791 2855 1831 munus
2898 1775 3265 1846 pauperculae,
3327 1777 3475 1845 quod
3513 1776 3563 1829 in
3597 1792 3712 1850 ςιω-

2189 1867 2426 1937 philacio
2461 1868 2664 1939 posuit,
2695 1869 2824 1940 quia
2868 1878 3041 1923 totum
3072 1869 3223 1940 quod
3269 1868 3504 1922 habebat
3531 1867 3712 1923 dederat.

2188 1957 2249 2013 In
2277 1957 2477 2029 templo
2517 1957 2651 2014 dum
2690 1968 2998 2014 moraretur
3037 1957 3367 2025 Jerusalem,
3407 1957 3617 2013 docebat
3647 1957 3716 2012 Ju-

2187 2050 2354 2117 dzeos,
2376 2051 2504 2108 licet
2527 2067 2652 2106 eum
2682 2053 3022 2108 aamulantes.
3053 2051 3232 2123 Supra
3262 2051 3602 2122 pinnaculum
3623 2061 3718 2107 temo

2187 2143 2259 2213 pli
2288 2144 2478 2199 statuit
2515 2142 2701 2200 Jesnm
2725 2145 2976 2201 diabolus
3008 2154 3229 2200 tentans
3249 2161 3402 2211 eum,
3445 2153 3499 2200 et
3537 2145 3716 2200 dims:

2189 2235 2251 2292 Si
2281 2235 2458 2292 Filius
2479 2237 2577 2292 Dei
2610 2255 2685 2305 es,
2716 2239 2864 2293 mitte
2887 2249 2934 2293 te
2960 2240 3208 2294 deorsum
3241 2239 3463 2304 (Matth.
3495 2255 3562 2305 tv,
3586 2239 3645 2309 6).
3668 2238 3719 2294 De

2190 2331 2391 2401 templo
2438 2331 2810 2402 praecipitatus
2867 2331 2972 2387 fuit
3020 2332 3215 2394 beatus
3271 2331 3530 2393 Jacobus,
3562 2333 3720 2403 prium

2188 2423 2292 2478 sub
2313 2426 2489 2494 gratia
2515 2424 2757 2494 pontifex
2791 2424 2846 2478 in
2873 2423 3198 2480 Jerusalem.
3239 2423 3299 2479 In
3332 2425 3534 2495 templo
3563 2423 3722 2481 nanti:-

2189 2525 2303 2570 tum
2328 2515 2429 2571 fuit
2459 2516 2739 2572 Zacharia:
2766 2517 2834 2572 de
2863 2515 3046 2572 futura
3096 2517 3319 2572 natione
3350 2517 3447 2571 ﬁlii
3489 2517 3568 2572 sui
3602 2515 3725 2571 Joan-

2188 2609 2276 2664 nis
2312 2609 2586 2680 Baptistaa.
2613 2608 2763 2665 Inter
2802 2611 3063 2679 templum
3089 2620 3144 2667 et
3172 2611 3347 2664 altare
3389 2609 3657 2665 Zacharias
3681 2609 3723 2663 ὃς

2187 2700 2295 2756 lius
2323 2700 2604 2757 Barachize
2631 2710 2838 2773 martyr
2872 2700 3152 2758 occubuit.
3200 2700 3379 2771 Super
3418 2702 3654 2772 templum
3685 2703 3725 2754 iu

2189 2789 2370 2846 Veteri
2399 2789 2750 2847 Testamento
2786 2791 3096 2847 sacriﬁcare
3143 2791 3396 2846 solebant
3433 2800 3666 2856 turtures,
3688 2801 3727 2845 et

2185 2881 2498 2948 columbas,
2533 2881 2680 2951 quod
2719 2897 2748 2934 a
2784 2879 3103 2936 Sarracenis
3140 2891 3330 2951 postea
3382 2890 3634 2935 mutatum
3667 2891 3726 2937 est

2186 2973 2242 3030 in
2274 2973 2618 3046 horologium
2649 2982 2704 3029 et
2741 2973 2920 3029 adhuc
2962 2973 3132 3029 videri
3170 2983 3368 3043 potest.
3409 2973 3508 3028 Per
3551 2974 3728 3044 Specie.

2187 3081 2304 3120 sam
2336 3073 2550 3136 portam
2597 3065 2781 3136 templi
2842 3064 3117 3124 transiens
3161 3063 3360 3120 Petrus
3405 3082 3528 3120 cum
3567 3063 3730 3118 Joanne

490 3159 802 3216 consuleret
837 3161 889 3215 in
918 3176 984 3216 eo
1004 3162 1071 3217 de
1097 3178 1429 3236 quocunque
1467 3166 1717 3236 exaudiri
1756 3178 2078 3224 mereretur.

2187 3157 2472 3230 respondit
2507 3159 2706 3230 petenti
2729 3159 2799 3215 ab
2837 3159 2917 3215 eis
2950 3159 3357 3231 elecmosynam
3388 3175 3402 3212 :
3430 3159 3576 3226 Quod
3607 3159 3732 3212 habeo

491 3250 652 3316 Quod
674 3266 999 3313 concessum
1023 3252 1127 3310 fuit
1152 3255 1202 3310 ei
1235 3273 1265 3312 a
1289 3255 1557 3326 Domino;
1594 3274 1722 3330 ergo
1749 3261 1948 3316 domus
1971 3260 2080 3316 Do-

489 3343 633 3410 mini
677 3345 890 3400 consilii
940 3355 1043 3402 est.
1089 3346 1225 3403 lllud
1264 3359 1446 3404 autem
1491 3360 1678 3421 postea
1701 3368 1800 3422 pro
1848 3352 2078 3409 inconti-

488 3434 675 3490 nentia
701 3436 961 3506 principis
986 3447 1040 3493 et
1071 3439 1254 3510 populi
1285 3441 1610 3510 exspoliavit
1636 3440 2080 3500 Nabuchodono-

489 3540 603 3594 sor,
649 3543 744 3598 per
796 3527 1198 3596 Nabnsardam,
1238 3530 1540 3602 principem
1589 3548 1892 3603 eoquorum
1945 3549 2079 3590 suo-

489 3635 634 3686 rum,
684 3629 932 3692 tcmpore
980 3621 1220 3678 Sedecite
1269 3623 1436 3696 regis,
1481 3625 1770 3697 ipsumque
1808 3627 2080 3697 privatum

487 3712 559 3767 ab
583 3713 740 3780 urbe,
786 3723 1098 3791 totumque,
1133 3716 1281 3791 quod
1324 3718 1626 3786 pretiosum
1660 3719 1714 3774 in
1758 3720 1893 3786 aede,
1927 3728 1981 3774 et
2025 3720 2078 3774 in

487 3803 623 3859 urbe
649 3802 772 3872 fuit,
798 3804 1074 3878 jussitque
1098 3810 1418 3877 praesentari
1449 3809 1505 3865 in
1533 3809 1865 3883 Babylonem
1889 3820 1944 3868 et
1980 3828 2078 3882 po-

487 3895 712 3963 pulum;
747 3897 910 3967 paulo
937 3907 1061 3968 post
1080 3899 1301 3969 quidem
1335 3899 1554 3958 Pharao
1589 3904 1904 3960 necessario
1939 3914 2079 3960 tem-

487 3988 636 4056 plum
658 3999 712 4045 et
749 3991 940 4046 urbem
965 3992 1181 4048 delevit.
1213 3991 1372 4052 Modo
1399 4011 1530 4051 vero
1560 3997 1779 4053 relatori
1810 3997 2078 4054 auditori-

487 4094 594 4149 que
625 4096 736 4136 non
763 4081 1014 4138 videatur
1069 4084 1353 4140 tardiosum
1394 4086 1498 4141 sub
1543 4087 1744 4157 quibus
1791 4097 1846 4143 et
1894 4105 1924 4144 a
1957 4088 2080 4159 qui-

489 4168 597 4226 bus
627 4171 1023 4236 restructiones
1052 4183 1106 4228 et
1127 4173 1533 4232 destruetiones
1555 4177 1742 4248 primi,
1775 4179 2000 4234 secundi
2025 4189 2080 4245 et

486 4261 635 4317 tertii
661 4264 844 4334 templi
869 4263 1092 4333 fuerint,
1119 4267 1405 4325 enuntiare
1435 4269 1524 4325 hic
1545 4270 1612 4324 de
1634 4270 1890 4339 praesenti
1917 4272 2080 4327 omit-

486 4363 567 4409 to.
599 4353 786 4410 Bethel
817 4357 920 4412 sub
941 4373 1052 4428 quo
1076 4368 1130 4414 et
1155 4376 1186 4414 a
1216 4376 1326 4432 quo
1353 4361 1600 4432 principe
1633 4362 1948 4419 restitutum
1977 4361 2080 4419 fuit

486 4445 789 4518 ignoratur.
833 4449 1064 4517 Quidam
1103 4453 1248 4508 enim
1297 4455 1400 4510 sub
1443 4453 1806 4509 Constantino
1840 4455 2078 4525 impera-

486 4549 606 4602 tore
634 4543 706 4597 ab
733 4540 934 4600 Ilelena
961 4554 1135 4602 matre
1156 4562 1254 4604 sua
1286 4547 1674 4603 remdiﬁeatum
1705 4545 1877 4603 fuisse
1898 4549 2080 4618 perhi-
2113 4523 2154 4579 ἶ)

487 4633 617 4688 bent
642 4651 740 4704 pro
764 4640 1067 4695 reverentia
1100 4640 1156 4695 S.
1183 4641 1366 4697 crucis
1392 4641 1460 4696 ab
1484 4657 1545 4696 ea
1591 4650 1848 4712 repertze;
1893 4642 1984 4696 alii
2011 4643 2082 4698 ab

487 4725 754 4786 Heracleo
783 4732 1132 4803 imperatore,
1183 4751 1282 4806 pro
1322 4737 1623 4790 reverentia
1665 4736 1796 4807 ligni
1843 4737 2081 4806 Domini,

487 4821 632 4892 quod
660 4822 728 4878 de
764 4825 984 4895 perﬁdis
1020 4825 1242 4882 Perside
1275 4827 1620 4898 triumphans
1655 4831 1944 4897 retulerat;
1988 4833 2081 4887 alii

487 4913 557 4968 ab
607 4915 1008 4986 Augustiniano
1061 4917 1339 4987 Augusto;
1390 4917 1479 4973 alii
1530 4935 1804 4990 quoquea
1844 4923 2080 4992 quo-lam

483 5007 816 5065 admiratore
863 5008 1133 5080 Mympliis
1169 5009 1408 5081 :Egypti,
1464 5027 1562 5080 pro
1608 5014 1906 5069 reverentia
1956 5014 2080 5069 Ala-

481 5099 673 5154 chibcr
694 5101 896 5156 summi
921 5099 1040 5167 Dei,
1079 5111 1135 5156 et
1173 5101 1434 5171 quoniam
1465 5104 1531 5158 ad
1572 5103 1750 5176 ipsum
1786 5106 2075 5161 colendum

482 5193 552 5247 ab
581 5192 731 5246 omni
765 5193 1343 5263 lingtimreverendum
1376 5205 1666 5252 veneratur
1700 5213 1944 5268 praesens
1975 5201 2076 5254 hoc

483 5284 628 5351 loco,
678 5283 733 5339 in
772 5299 885 5356 quo
923 5286 1185 5356 templum
1230 5298 1487 5358 quartum
1528 5290 1881 5360 praedicatur,
1917 5293 2074 5363 cujus

483 5391 536 5428 ιη
579 5377 883 5445 penultimo
939 5388 1134 5436 octavo
1183 5381 1271 5436 die
1319 5379 1522 5439 Natalis
1583 5398 1717 5453 puer
1760 5382 1924 5440 Jesus
1962 5385 2070 5438 eir-

484 5467 785 5534 cumcisus,
811 5471 969 5540 cujus
1011 5473 1332 5542 prmputium
1359 5473 1412 5529 in
1441 5474 1744 5531 Jerusalem
1787 5477 1840 5530 in
1872 5478 2070 5548 templo

484 5555 550 5609 de
580 5557 733 5612 cmlis
763 5561 832 5614 ab
864 5562 1056 5631 angelo
1081 5561 1277 5618 Carolo
1305 5581 1504 5636 magno
1532 5566 1645 5637 regi
1683 5577 2067 5637 praesentatum

487 5643 613 5713 fuit,
648 5657 702 5702 et
723 5651 793 5704 ab
814 5667 879 5704 eo
905 5652 1144 5709 delatum
1183 5655 1236 5710 in
1268 5656 1470 5712 Gallias
1507 5657 1858 5729 Aquisgrani,
1884 5667 2070 5728 postea

483 5739 704 5808 quidem
733 5757 764 5797 a
792 5742 989 5802 Carolo
1033 5763 1228 5818 magno
1276 5749 1444 5804 Calvo
1475 5751 1802 5805 translatum
1848 5751 2074 5821 Aquita-

484 5832 590 5892 nia:
627 5833 680 5889 in
719 5851 860 5911 pago
889 5836 1231 5911 Pictaviensi,
1277 5843 1419 5918 apud
1450 5843 1772 5913 Carnotum,
1816 5845 1868 5898 in
1897 5845 2072 5900 cccle-

2188 3252 2284 3306 tibi
2319 3252 2388 3306 do
2413 3251 2553 3322 (Act.
2594 3269 2676 3320 Ill,
2712 3252 2791 3323 6).
2826 3251 2885 3307 In
2910 3250 3217 3308 Jerusalem
3253 3262 3339 3308 est
3384 3251 3650 3307 Probatia
3673 3253 3734 3322 pi-

2185 3345 2360 3413 scina,
2397 3361 2564 3416 quam
2591 3354 2834 3416 tempore
2860 3343 2990 3405 Jesu
3044 3345 3212 3400 certis
3267 3345 3520 3400 terminis
3557 3357 3737 3399 movere

2185 3437 2395 3496 solebat
2425 3437 2650 3508 angelus
2680 3435 2918 3502 Domini,
2954 3435 3273 3506 quicunque
3307 3445 3495 3490 autem
3530 3436 3736 3489 intimus

2183 3537 2310 3600 post
2354 3528 2650 3584 motionem
2678 3543 2834 3600 aqua
2884 3527 3038 3598 prior
3092 3527 3352 3595 intrabat,
3383 3543 3415 3581 a
3453 3541 3741 3598 quacunque

2183 3619 2530 3674 detinebatur
2561 3619 2878 3674 inﬁrmitate
2917 3618 3103 3674 statim
3138 3618 3301 3674 ﬁebat
3332 3635 3532 3684 sanus;
3581 3618 3741 3688 prola-

2185 3709 2260 3764 tio
2279 3724 2411 3780 ergo
2434 3708 2727 3780 peculiaris
2757 3709 2979 3776 dicitur,
3007 3723 3075 3766 eo
3119 3709 3251 3779 quia
3281 3709 3338 3763 in
3365 3709 3643 3764 sacriﬁciis
3676 3724 3744 3760 so-

2182 3801 2367 3864 lebant
2417 3801 2542 3858 inde
2591 3802 2738 3857 ablui
2777 3811 3022 3858 extrema
3057 3802 3364 3873 pecudum;
3397 3811 3518 3857 erat
3556 3801 3742 3872 quidem

2183 3895 2350 3950 rubea
2376 3910 2442 3951 ex
2482 3895 2680 3950 hostiis
2702 3912 2826 3966 quae
2856 3895 2929 3950 ibi
2952 3894 3384 3950 mandabantur.
3416 3893 3558 3948 Ante
3578 3892 3745 3964 proba-

2187 3987 2351 4044 ticam
2375 3986 2644 4058 piscinam
2678 3986 2999 4058 languidum
3025 3986 3242 4042 sanavit
3270 3985 3436 4042 Jesus
3463 3987 3648 4043 dicens
3673 3985 3744 4037 ei:

2186 4080 2333 4136 Tolle
2377 4081 2659 4152 grabatum
2713 4089 2882 4147 tuum,
2932 4089 2982 4135 et
3029 4079 3248 4134 antbula
3283 4078 3486 4148 (Marc.
3523 4096 3586 4146 ιι,
3613 4079 3681 4145 9).
3706 4076 3749 4130 ln

2182 4173 2362 4230 medio
2394 4171 2698 4230 Jerusalem
2729 4171 2990 4228 excitavit
3037 4171 3277 4242 puellam
3309 4187 3340 4226 a
3367 4177 3547 4226 morte
3583 4167 3748 4228 Jesus;

2183 4267 2288 4323 sub
2318 4264 2631 4322 Salomonis
2662 4265 2811 4338 regia
2841 4265 2897 4320 in
2940 4265 3080 4320 valle
3098 4262 3368 4334 Josaphat
3411 4272 3468 4318 et
3511 4260 3754 4318 natatoria

2184 4359 2352 4426 Siloe,
2390 4358 2458 4414 ad
2506 4373 2674 4430 quam
2711 4373 2917 4414 caecum
2969 4357 3039 4412 ab
3087 4371 3154 4412 eo
3204 4355 3584 4411 illuminatum
3635 4353 3756 4408 misit

2181 4451 2342 4508 Jesus
2367 4459 2424 4506 ut
2445 4451 2651 4506 lavaret
2675 4467 2807 4507 suos
2855 4449 3068 4516 oculos,
3120 4457 3175 4504 et
3204 4448 3398 4504 abiens
3441 4448 3600 4512 lavit,
3627 4455 3679 4501 et
3695 4445 3758 4498 vi-

2183 4546 2289 4613 dit;
2314 4560 2445 4614 ergo
2493 4543 2641 4599 Siloe
2680 4545 2874 4597 missus
2924 4543 3336 4612 interpretatur,
3379 4539 3556 4607 Siloe,
3591 4554 3758 4594 secun-

2184 4638 2318 4694 dum
2343 4637 2694 4693 traditionem
2721 4635 3014 4708 Tyrorum,
3063 4651 3131 4690 ex
3161 4633 3276 4688 Silo
3300 4637 3531 4688 manare
3563 4632 3759 4690 dicitur.

2188 4731 2336 4788 Siloe
2361 4731 2466 4788 sub
2495 4731 2716 4786 silentio
2743 4730 3010 4802 gurgitem
3056 4745 3220 4787 suum
3261 4727 3436 4796 ducit,
3475 4731 3613 4801 quia
3655 4728 3762 4783 sub-

2185 4837 2521 4881 terraneum.
2575 4823 2739 4880 Juxta
2797 4822 2943 4878 Siloe
2995 4833 3174 4879 exstat
3230 4837 3494 4893 quercus.
3545 4822 3652 4878 sub
3675 4833 3763 4890 qua

2187 4919 2246 4974 Β.
2279 4919 2452 4975 Isaias
2477 4918 2794 4989 requiescit.
2833 4917 2891 4971 In
2917 4918 3055 4973 valle
3090 4915 3356 4988 Josaphat
3399 4918 3656 4987 sepultus
3683 4916 3764 4968 fuit

2185 5011 2245 5066 Β.
2289 5009 2548 5078 Jacobus,
2596 5011 2722 5066 inde
2767 5011 3066 5066 translatus
3109 5007 3676 5078 Constantinopolim.
3719 5005 3768 5059 In

2184 5104 2324 5159 valle
2344 5102 2610 5176 Josaphat
2637 5103 2741 5160 sub
2780 5111 2942 5159 acuta
2990 5101 3271 5174 pyramide
3300 5118 3396 5156 rex
3449 5102 3605 5157 idem
3633 5100 3768 5154 Josa—

2181 5198 2311 5267 phat
2338 5195 2483 5266 jacet
2527 5197 2791 5267 sepultus.
2849 5195 3102 5250 Secundo
3159 5194 3423 5253 milliario
3474 5212 3510 5250 a
3567 5194 3772 5249 Jerusa‘

2181 5289 2286 5344 lem
2326 5289 2433 5354 via,
2459 5305 2584 5360 qua:
2619 5289 2770 5344 ducit
2820 5288 3018 5344 Sicben
3074 5296 3158 5343 est
3207 5303 3370 5342 mons
3409 5287 3688 5350 Gabaatb,
3727 5288 3768 5337 in

2177 5383 2323 5438 tribu
2371 5381 2678 5452 Benjamin.
2712 5381 2967 5437 Milliario
3005 5398 3036 5435 a
3063 5379 3370 5438 Jerusalem
3429 5382 3486 5436 in
3533 5381 3770 5439 acculito

2181 5476 2385 5532 montis
2413 5475 2605 5532 Oliveti
2653 5484 2737 5531 est
2784 5491 2944 5531 mons
2974 5474 3332 5541 Oﬁ‘cnsionis,
3385 5484 3445 5530 et
3485 5476 3772 5530 continuus

2177 5579 2364 5626 contra
2391 5569 2773 5642 Asphaltitem.

2250 5663 2513 5719 Bethania
2543 5661 2868 5718 collateralis
2911 5672 2996 5716 est
3047 5662 3220 5716 monti
3261 5659 3466 5717 Oliveti
3514 5673 3578 5717 et
3633 5676 3772 5715 mons

2177 5754 2513 5812 Oﬁ‘ensionis
2554 5765 2638 5810 est
2680 5754 2995 5810 continuus.
3035 5753 3238 5809 Dividit
3283 5762 3472 5809 autem
3521 5769 3628 5809 €05
3678 5752 3769 5812 via,

2179 5866 2300 5920 quae
2347 5851 2413 5908 de
2460 5848 2721 5920 Josapbat
2767 5848 2916 5905 ducit
2940 5864 3036 5922 per
3061 5846 3408 5920 Bethphage.
3458 5848 3660 5906 Dictus
3705 5859 3772 5902 est
