3816 6306
93 383 210 439 1019
866 373 1207 432 ιἰιετειιι
1245 375 1372 433 LIB.
1413 375 1566 432 LOC.

1818 375 2020 432 liliRAE
2058 376 2465 434 IERL’SALEM
2474 421 2487 433 .
3186 379 3325 437 I050

67 495 244 551 'autem
277 505 434 545 mons
453 488 799 558 Oﬂensionls,
821 489 1038 561 eoquia
1065 506 1157 545 rex
1191 488 1451 544 Salomon
1489 490 1541 543 in
1566 505 1630 542 co
1664 495 1706 550 Α
1735 490 1923 561 vitque
1951 506 2156 558 amate,
2189 489 2514 563 fugiensque
2538 492 2592 546 in
2616 507 2778 548 cavea
2809 510 2931 564 qiue
2963 495 3124 550 modo
3144 499 3326 568 appel-

86 587 266 642 idolum
295 583 540 638 adoravit
578 582 810 638 Moloch.
858 581 1121 638 Bethania
1164 583 1422 653 oppidum
1477 583 1631 648 illud,
1736 585 1882 638 latur
1919 583 2057 640 Galli
2091 594 2308 651 cautus,
2337 583 2634 655 vulgariter
2660 601 2782 656 qua:
2821 585 3042 642 Galilaea
3083 597 3168 644 est
3213 590 3323 657 via,

83 676 130 732 in
159 692 262 747 quo
285 673 476 729 Simon
523 673 771 744 leprosus
810 689 953 744 saepe
981 672 1169 729 Iesum
1206 674 1409 744 recepit
1452 673 1508 727 in
1537 674 1634 728 ho-
1737 693 1860 746 qua:
1888 676 2042 732 ducit
2081 675 2347 747 Iosophat
2390 677 2494 732 sub
2519 685 2677 748 porta
2716 679 2921 736 montis
2968 679 3101 734 Sion
3137 679 3322 737 Iesum

83 767 273 836 spitcm,
308 764 396 820 cui
436 764 628 820 devote
665 765 1054 820 ministrabant
1093 763 1260 820 Maria
1308 773 1363 821 et
1401 764 1632 822 Martha.
1735 767 2067 838 opprobriis,
2117 777 2172 823 et
2216 768 2382 824 nimis
2413 767 2694 836 afflictum,
2746 770 3061 836 verberibus
3096 785 3322 841 casum,

82 857 332 913 Bethania:
352 855 526 913 Maria
545 857 666 928 ejus
699 857 865 927 pedes
889 858 1146 931 lacrymis
1176 858 1380 930 rigans,
1409 858 1637 928 suisque
1733 860 2022 915 cachinnis
2048 859 2312 926 derisum,
2337 860 2519 916 crucis
2543 875 2657 916 sua:
2671 861 2932 928 baiulum,
2956 860 3116 918 Pilati
3139 863 3320 934 jussu,

79 949 298 1008 crinibus
347 957 636 1020 extergens
691 958 745 1004 et
805 965 1015 1021 uugcns
1081 958 1360 1020 unguento
1407 963 1634 1004 suorum
1733 948 2047 1004 Iudaeorum
2079 949 2315 1020 impulsu
2361 949 2416 1004 in
2458 948 2744 1022 Golgotha,
2778 950 2925 1021 quod
2955 958 3040 1008 est
3062 950 3326 1008 Calvariat

83 1041 257 1100 meruit
279 1040 495 1096 veniam
518 1050 900 1112 peccatorum;
929 1040 1206 1097 Bethania:
1226 1039 1494 1096 Martham
1517 1041 1637 1096 lau—
1734 1040 1913 1108 locus,
1943 1041 2132 1099 tunica
2156 1029 2410 1107 exutum,
2437 1039 2558 1096 felle
2583 1049 2637 1097 et
2662 1050 2818 1096 aceto
2847 1050 3113 1112 potatum,
3141 1044 3324 1101 crucis

79 1135 205 1190 davit
230 1143 282 1189 et
315 1133 565 1200 Mariam,
593 1133 860 1190 Martham
910 1136 964 1190 in
1018 1133 1380 1190 ministrando
1429 1134 1636 1190 sollici-
1734 1147 1853 1187 sua:
1895 1130 2138 1200 patibulo
2183 1146 2513 1202 suspensum
2553 1131 2674 1187 neci
2707 1131 2994 1200 dederunt,
3025 1133 3199 1201 locus,
3233 1134 3322 1189 iu-

77 1238 190 1296 tam,
216 1225 437 1282 Mariam
473 1226 532 1282 in
577 1227 758 1283 verbis
785 1228 907 1299 ejus
953 1226 1264 1286 sollicitam.
1301 1224 1484 1294 Quare
1509 1242 1633 1298 pre.-
1735 1235 1924 1289 quam,
1955 1218 2221 1276 Calvaria:
2249 1220 2429 1276 dictus
2453 1229 2557 1289 est,
2593 1235 2660 1276 eo
2685 1222 2816 1292 quia
2846 1221 2901 1276 in
2931 1237 2997 1278 eo
3026 1225 3319 1294 exealvari,

77 1319 211 1374 (ibas
229 1333 414 1374 earum
443 1326 500 1373 et
529 1317 786 1390 lacrymis
806 1327 1008 1384 motus,
1047 1317 1269 1374 fratrem
1305 1334 1497 1373 earum
1527 1317 1635 1371 La—
1735 1309 1790 1366 id
1813 1320 1905 1379 est
1927 1311 2177 1369 damnari
2205 1311 2284 1369 rei
2307 1311 2590 1382 solebant;
2633 1313 2900 1369 calvaria!
2917 1316 3048 1371 dum
3073 1316 3128 1371 in
3161 1332 3323 1374 cruce

79 1425 242 1466 zarum
264 1411 316 1465 in
346 1420 708 1466 monumento
727 1410 842 1480 jam
865 1411 1293 1480 quatriduanum
1319 1411 1445 1465 vita:
1475 1409 1636 1466 resti-
1734 1419 1835 1462 sua
1865 1413 2142 1473 pateretur
2168 1403 2349 1472 Iesus,
2380 1413 2610 1462 matrem
2639 1422 2796 1461 suam
2827 1407 3008 1463 amico
3043 1423 3145 1464 suo
3166 1423 3321 1465 com-

77 1500 180 1556 tuit.
258 1498 518 1556 Bethania
594 1500 782 1556 domus
851 1501 1162 1557 obedientite
1213 1501 1632 1572 interpretatur;
1732 1498 1978 1565 mendat,
2021 1498 2288 1570 virginem
2333 1497 2546 1570 Virgini
2592 1498 2750 1554 Matri
2781 1501 2971 1557 dicens
3008 1500 3189 1558 :Ecre
3223 1501 3324 1556 Fi-

77 1590 374 1662 lictbphage,
397 1592 495 1662 qui
544 1601 602 1648 et
619 1592 832 1649 viculus
863 1594 1230 1662 sacerdotum,
1274 1595 1462 1650 domus
1510 1593 1632 1649 bne.
1731 1588 1838 1644 lius
1881 1598 2005 1644 tuus
2047 1587 2230 1661 (Joan.
2267 1604 2382 1656 six,
2423 1588 2538 1659 26),
2581 1589 2819 1648 deinde:
2848 1589 2986 1648 Ecce
3021 1601 3190 1647 mater
3229 1602 3322 1648 tua

75 1698 154 1748 ea,
174 1683 248 1738 vel
274 1683 623 1738 maxillarum
651 1684 1060 1756 interpretatur,
1084 1702 1244 1743 mons
1269 1685 1457 1756 Olivat,
1485 1704 1582 1744 moi

1812 1681 1913 1747 id.,
1944 1681 2058 1753 27).
2089 1681 2355 1740 Calvaria:
2379 1681 2512 1738 dum
2541 1683 2600 1738 in
2625 1699 2789 1740 cruce
2829 1694 3106 1756 pateretur
3141 1686 3319 1742 hostia

76 1774 366 1842 chrismatis,
399 1777 486 1832 vel
508 1778 979 1848 sanctiﬁcationis,
1009 1781 1168 1836 vallis
1191 1779 1458 1852 Iosapbat
1477 1781 1632 1838 vallis
1733 1774 1925 1830 mundi
1964 1774 2162 1830 latroni
2194 1774 2450 1846 pendenti
2476 1775 2544 1830 ad
2578 1775 2858 1831 dexteram
2901 1777 2972 1831 ab
3003 1791 3070 1832 eo
3117 1777 3322 1846 petenti

67 1863 253 1932 judicii,
285 1864 594 1922 Ierusalem
640 1869 776 1923 visio
811 1870 980 1940 pacis,
1023 1870 1155 1928 Sion
1205 1873 1496 1942 speculum,
1546 1878 1630 1934 vel
1663 1855 1704 1914 Β
1733 1865 1950 1922 veniam
1994 1866 2192 1923 stolam
2237 1867 2666 1924 immortalitatis
2703 1867 2956 1939 promisit
2979 1909 2996 1936 ,
3039 1869 3220 1924 crucis
3264 1868 3320 1924 in

73 1958 326 2026 speculatio
369 1959 492 2018 Dei.
534 1959 641 2017 Per
681 1962 828 2019 hunc
866 1965 1137 2020 tramitem
1183 1967 1430 2024 ascendit
1471 1966 1580 2026 Iesu

1816 1957 1979 2014 Libulo
2043 1958 2354 2031 perforatas
2404 1960 2592 2016 lancea
2647 1959 2972 2032 sanguinem
3031 1959 3218 2014 emisit
3266 1968 3323 2014 et

75 2048 458 2125 IcroSoiymam,
498 2037 702 2112 sedens
739 2071 905 2128 super
947 2057 1160 2114 asinam
1196 2058 1286 2116 die
1333 2076 1443 2132 qua
1483 2061 1631 2120 eele-
1732 2067 1957 2122 aquam,
1985 2067 2054 2108 ex
2092 2053 2234 2109 stilla
2259 2065 2494 2123 quorum
2529 2053 2706 2124 aperti
2752 2061 2882 2108 sunt
2911 2052 3056 2108 oculi
3084 2051 3324 2124 Longini

71 2143 234 2200 bratur
273 2147 440 2203 ramis
478 2147 813 2218 palmarum,
846 2149 927 2205 sic
954 2159 1009 2206 et
1041 2151 1276 2222 quisque
1315 2153 1634 2214 Catholieus
1732 2143 1829 2217 qui
1859 2160 1983 2204 eum
2018 2154 2385 2217 percusserat-
2426 2144 2541 2202 Sub
2569 2146 2696 2202 loco
2717 2145 2984 2202 calvaria!
3024 2146 3092 2201 ad
3131 2146 3324 2204 dexte-

72 2236 157 2291 snb
181 2236 479 2294 obedieniia
516 2240 722 2296 summi
766 2241 983 2298 consilii
1025 2242 1216 2315 Angeii
1255 2245 1416 2302 debet
1457 2247 1629 2315 adire,
1733 2254 1850 2294 ram
1879 2238 2138 2294 introitus
2165 2237 2410 2296 ecclesia:
2437 2246 2521 2294 est
2553 2239 2729 2305 locus,
2759 2239 2815 2293 in
2844 2254 2955 2308 quo
2981 2237 3186 2308 Ioseph
3217 2239 3324 2293 im-

71 2337 110 2382 ει
137 2327 366 2384 incedere
409 2329 478 2386 ad
521 2332 826 2390 sacerdotis
859 2335 1232 2404 praesentiam,
1267 2337 1364 2406 qui
1403 2337 1630 2394 verbum
1731 2331 1964 2402 peit‘aVil
2012 2346 2044 2390 tl
2090 2329 2264 2386 Piialo
2305 2345 2505 2400 corpus
2547 2329 2676 2386 ειεειι
2721 2329 2996 2385 Slibialllm
3027 2329 3095 2384 de
3127 2341 3324 2395 cruce.-

74 2415 152 2473 Ι)ρὶ
185 2419 436 2488 ruminat,
461 2430 528 2476 ut
556 2423 626 2478 ab
661 2437 729 2478 eo
754 2413 1072 2496 corrigatur
1095 2435 1146 2482 et
1173 2424 1498 2495 instruatur,
1537 2444 1632 2484 ρο-
1733 2423 2188 2480 lavitreverenter
2202 2422 2544 2479 ebarissimis
2563 2422 2960 2493 liquoribus,et
2980 2422 3324 2478 aromatibus

71 2526 270 2582 rumque
295 2511 558 2569 doctrina
596 2523 652 2570 et
693 2517 928 2573 consilio
958 2518 1143 2574 subire
1176 2520 1373 2575 vallem
1414 2520 1628 2590 judicii,
1731 2516 1978 2576 condidit
2005 2517 2062 2571 in
2091 2517 2248 2572 horto
2273 2516 2330 2570 in
2362 2524 2740 2582 monumento,
2776 2514 2924 2585 quod
2959 2530 3162 2570 novum
3209 2515 3316 2570 sibi

72 2603 114 2657 id
137 2613 209 2660 est
227 2607 696 2664 constructionem
734 2625 884 2666 sana:
922 2613 1380 2683 compunctionis,
1423 2615 1482 2670 in
1521 2630 1631 2685 qua
1731 2609 1799 2666 de
1825 2624 1960 2680 rupe
1983 2602 2302 2678 seuipsérat.
2335 2607 2465 2664 lude
2490 2607 2772 2666 descendit
2795 2607 2866 2663 ad
2892 2606 3098 2662 inferos
3127 2606 3196 2662 ad
3227 2623 3318 2663 re-

72 2696 288 2754 videlicet
321 2707 377 2754 et
427 2715 491 2756 se
543 2700 748 2774 adligat
795 2719 892 2773 per
933 2713 1152 2775 portam
1201 2706 1632 2765 immortalitatis
1731 2699 2053 2757 dimendum
2081 2699 2392 2766 hominem;
2437 2699 2565 2754 inde
2593 2700 2895 2756 resurrexit
2920 2715 3083 2756 verus
3106 2697 3217 2755 Leo
3251 2699 3322 2756 de

72 2786 204 2858 digne
223 2788 550 2848 introiturus
578 2801 827 2850 sanctam
853 2793 1156 2852 Jerusalem
1177 2797 1454 2854 caelestem
1496 2797 1631 2858 Sion
1731 2793 1879 2850 tribu
1907 2792 2045 2848 Iuda
2066 2834 2082 2860 ,
2115 2801 2289 2848 morte
2319 2792 2567 2860 subacta,
2612 2792 2705 2846 ubi
2747 2801 2802 2848 et
2845 2793 3072 2865 angelus
3099 2791 3318 2848 Domini

71 2878 189 2934 stola
229 2880 595 2950 iucunditatis
657 2884 1022 2943 deeorandus.
1075 2887 1258 2946 Monte
1308 2888 1440 2946 Sion
1498 2893 1634 2949 lavit
1731 2886 1908 2944 sacris
1929 2885 2249 2942 mulieribus
2271 2885 2543 2956 apparuit,
2569 2883 2683 2955 jam
2710 2885 2779 2940 ab
2806 2885 2950 2941 ostio
2977 2885 3320 2942 monumenti

71 2966 204 3028 Iesus
227 2973 384 3044 pedes
414 2975 820 3048 discipulorum
866 2995 1118 3049 suorum,
1145 2981 1335 3038 dicens
1375 2984 1458 3040 eis
1492 3001 1505 3038 :
1540 2983 1634 3043 Sic
1733 2979 1912 3051 lapide
1956 2978 2220 3046 revoluto,
2257 2976 2553 3048 Iesunique
2597 2993 2724 3033 vere
2769 2993 2801 3032 a
2852 2978 3086 3034 mortuis
3133 2994 3320 3034 resur-

72 3060 206 3120 facite
227 3064 278 3120 in
304 3082 488 3124 meam
515 3071 1094 3128 commemorationem
1137 3073 1317 3145 (Jaan.
1348 3093 1469 3144 xm,
1517 3078 1627 3149 15).
1733 3073 1942 3129 rexisse
1981 3071 2294 3128 nuntiatum
2332 3080 2448 3126 est:
2476 3068 2580 3138 lle,
2606 3069 2769 3124 dicite
2808 3069 3084 3141 discipulis
3123 3070 3236 3141 ejus
3269 3080 3320 3126 et

73 3151 228 3212 Monte
267 3156 394 3215 Sion
425 3162 670 3218 cumavit
712 3179 838 3220 cum
869 3164 1155 3236 discipulis
1185 3167 1332 3235 suis,
1377 3157 1516 3226 dan's
1549 3173 1631 3226 eis
1657 3207 1702 3266 (η
1735 3164 1916 3233 Petro,
1947 3165 2074 3236 quia
2110 3162 2369 3234 prwcedet
2399 3179 2486 3218 vos
2532 3162 2586 3216 in
2631 3160 2915 3218 Galilwam
2946 3162 3152 3232 (Marc.
3204 3179 3326 3231 χιιιι

70 3247 120 3308 in
139 3264 318 3319 panem
341 3268 550 3324 corpus
570 3271 732 3310 suum
754 3257 824 3312 ad
849 3259 1312 3328 manducandum,
1339 3271 1395 3317 ct
1418 3263 1473 3318 in
1503 3263 1631 3320 vino
1657 3245 1704 3268 ’³
1735 3258 1810 3331 7).
1839 3257 1955 3315 Sub
1985 3259 2106 3314 loco
2129 3256 2394 3313 Calvarite
2424 3255 2480 3311 in
2506 3256 2682 3326 capite
2713 3253 2957 3312 ecclesia:
2995 3256 3068 3312 ab
3113 3254 3316 3311 llelena

71 3343 361 3413 sanguinem
391 3362 560 3403 suum
591 3347 659 3403 a'l
702 3347 1034 3420 bibendum;
1070 3353 1217 3424 quod
1251 3363 1335 3412 est
1369 3356 1630 3414 viaticum
1730 3369 1868 3410 crux
1900 3351 2116 3408 Domini
2142 3361 2354 3422 reperta
2387 3359 2491 3405 est.
2525 3347 2778 3404 Secundo
2817 3347 3073 3403 milliaria
3100 3363 3132 3401 a
3155 3345 3318 3402 Ieru-

70 3438 666 3511 nostrreredemptionis.
684 3440 868 3498 Monte
888 3442 1020 3500 Sion
1035 3445 1198 3502 etiam
1222 3447 1278 3503 in
1290 3465 1446 3506 omna
1463 3467 1630 3522 supra
1731 3445 1900 3501 salem
1928 3443 2098 3498 erevit
2127 3441 2292 3497 arbor
2319 3440 2410 3494 illa
2443 3438 2786 3510 dignissima,
2816 3438 2870 3492 in
2906 3452 3014 3506 qua
3043 3451 3202 3491 verus
3230 3436 3320 3490 ille

69 3535 232 3594 υεεωδ
263 3529 481 3588 Domini
511 3531 573 3588 Β.
600 3531 842 3592 Joannes
868 3537 1138 3606 recubuit,
1165 3539 1233 3596 de
1259 3539 1408 3598 fonte
1435 3551 1632 3613 potans
1731 3533 1844 3591 Leo
1870 3533 2123 3605 pependit
2165 3531 2261 3603 qui
2292 3539 2470 3586 morte
2497 3545 2600 3585 sua
2641 3537 2871 3584 mortem
2901 3526 3118 3593 delevit,
3149 3525 3320 3580 vitam

69 3619 338 3688 sapientiae.
373 3623 564 3680 Monte
591 3623 726 3680 Sion
762 3627 818 3681 in
859 3643 1016 3684 emno
1053 3630 1207 3686 Iudae
1247 3633 1496 3688 traditori
1528 3647 1630 3690 suo
1730 3627 1920 3684 mundi
1951 3641 2233 3696 reparans,
2257 3624 2401 3678 unde
2423 3622 2689 3694 propheta
2716 3639 2730 3676 :
2767 3619 2812 3676 0
2843 3635 3020 3687 mors,
3054 3634 3145 3673 ero
3177 3633 3320 3672 mors

67 3711 200 3776 panis
223 3713 523 3771 buecellam
553 3715 756 3772 intulit.
795 3717 978 3776 Monte
1009 3719 1141 3777 Sion
1165 3722 1242 3778 ait
1266 3722 1426 3781 Iesus
1461 3744 1476 3780 :
1514 3725 1630 3782 Me-
1731 3729 1822 3774 tua
1855 3718 2002 3790 (Ose,
2035 3733 2156 3784 χιιι,
2187 3716 2298 3784 ii).
2332 3713 2408 3770 De
2433 3729 2657 3770 carcere
2689 3727 2840 3779 vero,
2867 3721 2922 3767 et
2947 3710 3128 3766 medio
3158 3725 3322 3764 mun-

65 3814 172 3856 cum
207 3814 284 3860 est
311 3807 365 3862 in
396 3823 588 3863 mensa
621 3810 712 3879 qui
745 3811 964 3881 intingit
989 3827 1205 3866 manum
1233 3830 1434 3868 meeum
1459 3815 1514 3868 in
1534 3832 1631 3884 pa—
1728 3815 1800 3872 do
1827 3812 2155 3885 praedicatur
2183 3808 2519 3864 fabulatione
2538 3822 2664 3862 cum
2691 3805 2979 3875 utriusque
3005 3803 3111 3858 loci
3139 3800 3322 3874 digni-

67 3896 266 3964 ropside,
293 3901 386 3969 qui
420 3915 514 3956 me
537 3901 840 3960 traditurus
867 3913 970 3960 est.
1007 3903 1109 3960 Cui
1132 3903 1303 3961 Iudas
1329 3925 1342 3961 :
1373 3905 1628 3978 Nunquid
1729 3915 1814 3962 tas
1845 3903 2139 3962 reverenda
2168 3902 2260 3960 sit.
2290 3900 2471 3958 Locus
2498 3914 2755 3970 namque,
2788 3898 2882 3968 qui
2918 3897 3083 3952 modo
3115 3894 3320 3950 Carcer

65 4001 142 4054 ego
171 4005 298 4057 sum,
333 3991 556 4048 [ἑαὺὸἱῖ
586 3992 744 4051 Iesus
784 3997 1073 4068 respondit,
1109 3997 1188 4054 Tu
1236 3999 1372 4055 dicis
1404 3999 1623 4071 (Matth.
1727 3998 1948 4065 dicitur,
1983 3996 2039 4051 in
2070 3995 2326 4067 passione
2358 3992 2565 4049 Christi
2599 3990 2923 4061 campestris
2953 3996 3093 4054 erat,
3125 3986 3222 4042 sed
3255 3985 3316 4042 in

67 4083 282 4152 ιινιῖὄ,
310 4086 428 4158 23).
1271 4121 1274 4124 ~
1726 4107 1795 4149 eo
1837 4103 2048 4146 moram
2091 4086 2283 4144 habuit
2321 4082 2568 4157 quandiu
2611 4081 3070 4138 machinabantur
3113 4078 3164 4133 ei
3191 4093 3320 4133 cru-

125 4174 198 4231 Ad
222 4177 508 4236 sinistram
561 4181 767 4239 montis
825 4180 958 4238 Sion
1016 4193 1100 4242 est
1134 4199 1264 4258 ager
1313 4184 1630 4256 peregrino—
1727 4183 1810 4242 cis
1838 4179 2219 4252 suspendium,
2263 4177 2468 4248 illoque
2509 4177 2632 4232 loco
2677 4173 2920 4232 secundo
2949 4169 3322 4228 manifestavit

65 4280 190 4334 rum,
212 4270 302 4339 qui
331 4280 562 4329 vocatur
583 4273 1006 4343 Acheldemach,
1041 4275 1094 4332 id
1115 4285 1200 4333 est
1244 4293 1372 4348 ager
1412 4279 1632 4350 sanguis
1726 4291 1790 4332 se
1825 4273 1987 4332 Iesus
2032 4271 2220 4330 Maria:
2257 4270 2608 4342 Magdalenen,
2651 4283 2778 4324 cum
2817 4265 3022 4323 rediret
3064 4265 3134 4320 ab
3178 4262 3320 4318 infe-

64 4357 154 4415 nis.
187 4358 351 4420 Secus
379 4365 528 4420 viam
547 4381 670 4436 qua:
704 4367 856 4422 ducit
881 4366 1119 4438 Ephrata
1154 4380 1423 4427 estmons
1451 4370 1624 4440 Geon,
1726 4367 1823 4424 ris.
1843 4365 2054 4424 Eadem
2097 4364 2186 4422 die
2228 4363 2538 4420 declinant:
2575 4361 2691 4433 jam
2731 4359 2800 4415 ad
2841 4373 3125 4430 vesperam
3160 4372 3320 4428 pere-

65 4448 111 4504 iu
134 4467 236 4522 quo
257 4454 358 4511 fuit
385 4466 591 4514 unctus
614 4474 710 4515 rex
733 4458 1017 4528 Salomon,
1053 4469 1109 4517 et
1142 4461 1352 4533 regium
1376 4462 1626 4520 diadema
1727 4459 1869 4532 grini
1895 4459 2001 4516 sub
2029 4457 2210 4530 specie
2237 4457 2464 4513 latitans
2506 4453 2760 4526 apparuit
2797 4448 3324 4519 duobus'discipulis

62 4546 297 4615 suscepit.
331 4546 390 4604 In
418 4548 726 4606 Ierusalem
757 4551 998 4606 vendidit
1017 4551 1188 4609 Iudas
1207 4551 1394 4609 Iesum
1437 4555 1493 4610 in
1528 4570 1624 4611 ac-
1653 4567 1703 4627 ι)
1728 4554 1784 4609 in
1817 4553 1904 4608 via
1933 4553 2040 4609 sub
2065 4559 2368 4623 conquestu
2395 4551 2462 4606 de
2492 4557 2670 4606 morte
2697 4547 2848 4602 illius
2878 4543 3227 4600 tendentibus
3253 4541 3324 4596 ab

64 4633 229 4692 cubitu
264 4642 468 4698 montis
496 4639 898 4698 Oliveticontra
914 4644 1179 4699 orientem
1201 4654 1354 4701 trans
1388 4644 1623 4714 Cedron,
1731 4643 2159 4716 Enteropoiima,
2190 4643 2244 4700 id
2271 4653 2355 4700 est
2383 4642 2644 4697 Emmaus
2687 4638 2948 4711 oppidum
2993 4644 3150 4693 sexto
3193 4633 3322 4689 mii~

61 4720 189 4790 jactu
217 4728 411 4800 lapidis
435 4732 809 4801 Gethsemani,
843 4735 1028 4806 ibique
1051 4737 1227 4791 oravit
1269 4735 1523 4794 Christus
1557 4739 1626 4795 ad
1731 4740 1890 4796 iiario
1916 4755 1948 4794 a
1973 4737 2300 4804 Ierusalem,
2343 4751 2507 4808 quem
2551 4743 2606 4791 et
2650 4733 2724 4788 ibi
2756 4738 3027 4801 repertum
3055 4741 3323 4798 cognove-

66 4811 257 4876 Patrem
285 4838 446 4880 suum
483 4823 671 4882 dicens
698 4846 712 4882 :
742 4825 930 4895 Pater,
958 4827 1005 4880 si
1026 4828 1145 4896 ﬁeri
1174 4838 1362 4898 potest,
1391 4838 1626 4886 transeat
1735 4842 1863 4890 runt
1894 4833 1949 4888 in
1979 4831 2250 4888 fractione
2274 4829 2452 4901 panis,
2483 4826 2579 4883 sed
2614 4825 2798 4881 statim
2825 4822 3098 4892 disparuit
3120 4820 3188 4875 ab
3215 4818 3318 4875 eis.

67 4927 95 4962 a
127 4927 198 4966 me
245 4915 389 4971 calix
441 4918 542 4972 iste
583 4917 796 4987 (Matth.
844 4936 994 4984 xxvi,
1040 4920 1154 4989 59),
1192 4920 1284 4976 ubi
1316 4938 1381 4978 ex
1419 4930 1628 4978 terrore
1735 4927 1919 4983 Monte
1963 4923 2099 4981 Sion
2141 4933 2338 4980 octavo
2378 4921 2466 4977 die
2508 4917 2732 4973 Thomas
2773 4929 2901 4970 eum
2932 4912 3039 4968 illis
3067 4911 3326 4967 omnibus

67 5005 247 5073 crucis,
271 5010 454 5066 carnis
489 5010 744 5066 sudorem
769 5011 909 5067 fudit
937 5013 1321 5084 sanguineum,
1375 5015 1466 5069 ubi
1493 5015 1630 5072 dixit
1735 5021 1963 5075 vulnera
1993 5033 2095 5074 sua
2121 5013 2391 5088 palpanda
2428 5009 2631 5076 intulit,
2671 5007 2760 5063 cui
2794 5014 2849 5062 et
2879 5003 3005 5060 inde
3041 5002 3320 5058 Thomas:

68 5092 240 5154 Petro:
269 5100 392 5158 Non
416 5105 666 5173 potuistis
694 5121 801 5160 una
824 5106 958 5162 hora
984 5107 1208 5178 uigilare
1231 5089 1632 5182 mecuni(ibid.,
1735 5111 1994 5168 Dominus
2025 5125 2195 5174 meus,
2223 5116 2273 5162 et
2309 5104 2451 5159 Deus
2481 5117 2624 5156 meus
2655 5098 2838 5172 (Ioan.
2871 5113 2966 5162 xx,
2991 5095 3108 5165 28).
3139 5093 3199 5148 In
3225 5093 3328 5150 Ga-

69 5186 166 5257 40).
198 5189 349 5248 Unde
378 5210 662 5267 regressus
703 5207 790 5254 est
839 5197 1216 5258 Gethsemani.
1245 5199 1418 5258 Iudas
1449 5211 1631 5259 autem
1734 5204 1872 5258 liltea
1901 5215 2061 5258 secus
2091 5215 2243 5254 mare
2285 5205 2340 5252 et
2386 5195 2441 5250 in
2490 5193 2630 5248 mari
2673 5189 2960 5262 discipulis
2988 5186 3105 5244 suis
3143 5195 3226 5242 ter
3267 5201 3328 5242 se

69 5281 276 5339 traditor
300 5298 522 5358 accepto
541 5289 658 5361 jam
684 5290 862 5361 pretio
884 5293 953 5348 ad
998 5293 1053 5348 id
1077 5293 1222 5364 quod
1245 5294 1314 5350 de
1355 5293 1485 5352 Jesu
1511 5295 1636 5351 red-
1738 5290 2127 5347 manifestavit.
2181 5284 2611 5357 Quadragesimo
2649 5282 2738 5338 die
2785 5281 2842 5336 in
2893 5287 3080 5335 monte
3129 5275 3328 5334 Oliveti

70 5370 278 5444 diderat,
300 5379 514 5450 signum
533 5381 758 5440 dederat
787 5384 1021 5450 cohorti,
1046 5393 1106 5440 ut
1131 5399 1516 5457 quemcunque
1543 5402 1634 5444 es-
1739 5391 2029 5453 susceptus
2087 5397 2120 5437 a
2167 5380 2332 5447 nube,
2388 5377 2643 5434 manibus
2672 5375 2872 5432 erectis
2920 5374 3090 5431 corios
3133 5388 3328 5431 ascen-

71 5471 142 5516 εει
165 5469 436 5528 osculatus
455 5478 908 5546 tenerent,'quem
929 5473 1207 5546 cognitum
1235 5474 1446 5532 fraudis
1467 5491 1633 5534 oscu-
1736 5477 1838 5543 dit,
1881 5473 2341 5546 quinquagesimo
2369 5471 2458 5527 die
2505 5470 2562 5526 in
2605 5477 2792 5524 monte
2827 5465 2981 5533 Sion,
3023 5467 3119 5536 qui
3167 5465 3329 5522 nobis

74 5552 121 5607 lo
162 5558 363 5618 ducunt
409 5565 652 5623 vinctum
707 5567 762 5622 in
815 5568 947 5629 Sion
978 5567 1031 5622 in
1091 5568 1298 5638 praelati
1353 5569 1632 5638 praetorio,
1731 5566 2054 5637 jubiiazum,
2087 5564 2142 5619 id
2171 5572 2257 5620 est
2284 5571 2544 5620 aeternam
2579 5561 2886 5616 libertatem
2925 5559 3157 5629 ﬁgurat,
3190 5572 3328 5626 apo-

75 5645 240 5706 Graece
260 5669 630 5730 nuncupatum
667 5659 1044 5727 Lit/tostratos,
1070 5659 1336 5719 Hebraice
1368 5660 1632 5727 Gabatha,
1737 5659 2004 5717 stolorum
2061 5670 2290 5712 suorum
2341 5654 2508 5710 corda
2572 5651 3004 5710 inﬂammantem
3057 5646 3329 5716 Spiritum

80 5737 156 5791 ubi
180 5751 229 5796 et
274 5744 460 5804 Petrus
509 5751 728 5823 negavit
769 5766 898 5808 eum
948 5761 1058 5819 ter;
1109 5751 1252 5806 unde
1283 5753 1472 5808 audito
1507 5753 1633 5824 galli
1737 5759 1987 5807 sanctum
2009 5747 2225 5804 remisit
2249 5746 2616 5803 Paraeietum.
2640 5743 2822 5800 Monte
2847 5740 2980 5796 Sion
3007 5737 3175 5808 Virgo
3195 5736 3328 5793 Iesu

78 5840 220 5888 cantu
248 5836 330 5904 pie
357 5843 706 5899 reminiscens
733 5844 882 5898 verbi
911 5842 1039 5900 Iesu
1087 5859 1211 5898 vere
1237 5843 1510 5920 pmnituit,
1537 5843 1632 5899 ηε·
1737 5853 1911 5904 mater
1940 5841 2192 5906 transivit
2231 5841 2299 5898 de
2342 5839 2568 5908 mundo,
2614 5847 2670 5895 et
2697 5837 2753 5892 in
2800 5833 3066 5907 Iosephat
3091 5831 3162 5890 ab
3188 5829 3324 5902 a‘po-
