  <div class='ocr_page' id='page_1' title='image "/cluster/home/n/w/nwhite01/storage/ocr_20150623/155/hvd.32044015473838/531.png"; bbox 0 0 3812 6312; ppageno 0'>
   <div class='ocr_carea' id='block_1_1' title="bbox 495 371 629 430">
    <p class='ocr_par' dir='ltr' id='par_1_1' title="bbox 495 371 629 430">
     <span class='ocr_line' id='line_1_1' title="bbox 495 371 629 430; baseline 0 -1"><span class='ocrx_word' id='word_1_1' title='bbox 495 371 629 430; x_wconf 75' lang='grc'><strong>1051</strong></span> 
     </span>
    </p>
   </div>
   <div class='ocr_carea' id='block_1_2' title="bbox 1068 346 3690 430">
    <p class='ocr_par' dir='ltr' id='par_1_2' title="bbox 1068 346 3690 430">
     <span class='ocr_line' id='line_1_2' title="bbox 1068 346 3690 430; baseline -0.005 -6"><span class='ocrx_word' id='word_1_2' title='bbox 1068 368 1161 425; x_wconf 80' lang='lat' dir='ltr'><strong>AD</strong></span> <span class='ocrx_word' id='word_1_3' title='bbox 1195 365 1648 426; x_wconf 81' lang='lat' dir='ltr'><strong>GODEFRIDUM</strong></span> <span class='ocrx_word' id='word_1_4' title='bbox 1687 363 1980 420; x_wconf 68' lang='lat' dir='ltr'><strong>APPEND.</strong></span> <span class='ocrx_word' id='word_1_5' title='bbox 2019 359 2085 427; x_wconf 81' lang='lat' dir='ltr'><strong>li,</strong></span> <span class='ocrx_word' id='word_1_6' title='bbox 2123 392 2192 402; x_wconf 93' lang='lat'><strong>-—</strong></span> <span class='ocrx_word' id='word_1_7' title='bbox 2229 359 2498 418; x_wconf 66' lang='lat' dir='ltr'><strong>NONUM.</strong></span> <span class='ocrx_word' id='word_1_8' title='bbox 2541 359 2630 415; x_wconf 82' lang='lat' dir='ltr'><strong>DE</strong></span> <span class='ocrx_word' id='word_1_9' title='bbox 2666 357 2894 418; x_wconf 84' lang='lat' dir='ltr'><strong>BELLO</strong></span> <span class='ocrx_word' id='word_1_10' title='bbox 2931 346 3177 416; x_wconf 71' lang='lat' dir='ltr'><strong>SACRO.</strong></span> <span class='ocrx_word' id='word_1_11' title='bbox 3603 369 3690 430; x_wconf 51' lang='grc' dir='ltr'><strong>ποίῃ</strong></span> 
     </span>
    </p>
   </div>
   <div class='ocr_carea' id='block_1_3' title="bbox 491 473 3691 556">
    <p class='ocr_par' dir='ltr' id='par_1_3' title="bbox 491 473 3691 556">
     <span class='ocr_line' id='line_1_3' title="bbox 491 473 3691 556; baseline -0 -11"><span class='ocrx_word' id='word_1_12' title='bbox 491 481 650 545; x_wconf 78' lang='lat' dir='ltr'><strong>stolis</strong></span> <span class='ocrx_word' id='word_1_13' title='bbox 672 483 884 556; x_wconf 88' lang='lat' dir='ltr'><strong>sepulta</strong></span> <span class='ocrx_word' id='word_1_14' title='bbox 909 481 1031 548; x_wconf 79' lang='lat' dir='ltr'><strong>fuit,</strong></span> <span class='ocrx_word' id='word_1_15' title='bbox 1063 481 1190 536; x_wconf 87' lang='lat' dir='ltr'><strong>inde</strong></span> <span class='ocrx_word' id='word_1_16' title='bbox 1209 497 1237 536; x_wconf 88' lang='lat' dir='ltr'><strong>a</strong></span> <span class='ocrx_word' id='word_1_17' title='bbox 1265 479 1404 535; x_wconf 84' lang='lat' dir='ltr'><strong>Filio</strong></span> <span class='ocrx_word' id='word_1_18' title='bbox 1432 493 1534 536; x_wconf 89' lang='lat' dir='ltr'><strong>suo</strong></span> <span class='ocrx_word' id='word_1_19' title='bbox 1563 493 1729 548; x_wconf 87' lang='lat' dir='ltr'><strong>super</strong></span> <span class='ocrx_word' id='word_1_20' title='bbox 1755 478 1958 534; x_wconf 85' lang='lat' dir='ltr'><strong>choros</strong></span> <span class='ocrx_word' id='word_1_21' title='bbox 1986 493 2087 532; x_wconf 87' lang='lat' dir='ltr'><strong>au-</strong></span> <span class='ocrx_word' id='word_1_22' title='bbox 2115 479 2164 536; x_wconf 76' lang='grc' dir='ltr'><strong>Δ</strong></span> <span class='ocrx_word' id='word_1_23' title='bbox 2191 473 2443 531; x_wconf 77' lang='lat' dir='ltr'><strong>diabolus</strong></span> <span class='ocrx_word' id='word_1_24' title='bbox 2498 474 2697 531; x_wconf 75' lang='lat' dir='ltr'><strong>iterum</strong></span> <span class='ocrx_word' id='word_1_25' title='bbox 2745 473 2934 530; x_wconf 70' lang='lat' dir='ltr'><strong>Jesum</strong></span> <span class='ocrx_word' id='word_1_26' title='bbox 2983 474 3212 531; x_wconf 68' lang='grc' dir='ltr'><strong>ιειιιίινὶι</strong></span> <span class='ocrx_word' id='word_1_27' title='bbox 3256 475 3530 535; x_wconf 58' lang='lat' dir='ltr'><strong>ostendens</strong></span> <span class='ocrx_word' id='word_1_28' title='bbox 3569 491 3691 545; x_wconf 65' lang='lat' dir='ltr'><strong>0mm:</strong></span> 
     </span>
    </p>
   </div>
   <div class='ocr_carea' id='block_1_4' title="bbox 493 570 2085 651">
    <p class='ocr_par' dir='ltr' id='par_1_4' title="bbox 493 570 2085 651">
     <span class='ocr_line' id='line_1_4' title="bbox 493 570 2085 651; baseline -0.003 -20"><span class='ocrx_word' id='word_1_29' title='bbox 493 580 743 651; x_wconf 46' lang='lat' dir='ltr'><strong>galerum</strong></span> <span class='ocrx_word' id='word_1_30' title='bbox 769 577 1027 634; x_wconf 83' lang='lat' dir='ltr'><strong>exaltata.</strong></span> <span class='ocrx_word' id='word_1_31' title='bbox 1052 573 1233 630; x_wconf 85' lang='lat' dir='ltr'><strong>Monte</strong></span> <span class='ocrx_word' id='word_1_32' title='bbox 1256 573 1389 629; x_wconf 89' lang='lat' dir='ltr'><strong>Sion</strong></span> <span class='ocrx_word' id='word_1_33' title='bbox 1417 571 1588 627; x_wconf 83' lang='lat' dir='ltr'><strong>David</strong></span> <span class='ocrx_word' id='word_1_34' title='bbox 1610 588 1708 628; x_wconf 87' lang='lat' dir='ltr'><strong>rex</strong></span> <span class='ocrx_word' id='word_1_35' title='bbox 1726 579 1781 627; x_wconf 91' lang='lat' dir='ltr'><strong>et</strong></span> <span class='ocrx_word' id='word_1_36' title='bbox 1802 570 2085 641; x_wconf 89' lang='lat' dir='ltr'><strong>Salomon,</strong></span> 
     </span>
    </p>
   </div>
   <div class='ocr_carea' id='block_1_5' title="bbox 492 665 2086 742">
    <p class='ocr_par' dir='ltr' id='par_1_5' title="bbox 492 665 2086 742">
     <span class='ocr_line' id='line_1_5' title="bbox 492 665 2086 742; baseline -0.004 -16"><span class='ocrx_word' id='word_1_37' title='bbox 492 677 550 727; x_wconf 81' lang='lat' dir='ltr'><strong>et</strong></span> <span class='ocrx_word' id='word_1_38' title='bbox 575 671 671 727; x_wconf 82' lang='lat' dir='ltr'><strong>alii</strong></span> <span class='ocrx_word' id='word_1_39' title='bbox 707 685 864 742; x_wconf 80' lang='lat' dir='ltr'><strong>reges</strong></span> <span class='ocrx_word' id='word_1_40' title='bbox 890 667 1187 725; x_wconf 79' lang='lat' dir='ltr'><strong>Jerusalem</strong></span> <span class='ocrx_word' id='word_1_41' title='bbox 1225 666 1422 737; x_wconf 91' lang='lat' dir='ltr'><strong>sepulti</strong></span> <span class='ocrx_word' id='word_1_42' title='bbox 1449 665 1760 736; x_wconf 89' lang='lat' dir='ltr'><strong>quiescunt.</strong></span> <span class='ocrx_word' id='word_1_43' title='bbox 1789 666 1929 720; x_wconf 85' lang='lat' dir='ltr'><strong>Ante</strong></span> <span class='ocrx_word' id='word_1_44' title='bbox 1954 681 2086 736; x_wconf 88' lang='lat' dir='ltr'><strong>por-</strong></span> 
     </span>
    </p>
   </div>
   <div class='ocr_carea' id='block_1_6' title="bbox 493 759 2090 830">
    <p class='ocr_par' dir='ltr' id='par_1_6' title="bbox 493 759 2090 830">
     <span class='ocr_line' id='line_1_6' title="bbox 493 759 2090 830; baseline -0.003 -11"><span class='ocrx_word' id='word_1_45' title='bbox 493 773 606 819; x_wconf 85' lang='lat' dir='ltr'><strong>tam</strong></span> <span class='ocrx_word' id='word_1_46' title='bbox 657 762 962 819; x_wconf 84' lang='lat' dir='ltr'><strong>Jerusalem</strong></span> <span class='ocrx_word' id='word_1_47' title='bbox 991 775 1114 830; x_wconf 56' lang='lat' dir='ltr'><strong>qua</strong></span> <span class='ocrx_word' id='word_1_48' title='bbox 1145 759 1365 828; x_wconf 83' lang='lat' dir='ltr'><strong>respicit</strong></span> <span class='ocrx_word' id='word_1_49' title='bbox 1392 773 1673 825; x_wconf 86' lang='lat' dir='ltr'><strong>occasum,</strong></span> <span class='ocrx_word' id='word_1_50' title='bbox 1706 774 1813 828; x_wconf 88' lang='lat' dir='ltr'><strong>qua</strong></span> <span class='ocrx_word' id='word_1_51' title='bbox 1839 774 1908 814; x_wconf 84' lang='lat' dir='ltr'><strong>ex</strong></span> <span class='ocrx_word' id='word_1_52' title='bbox 1936 766 2090 828; x_wconf 85' lang='lat' dir='ltr'><strong>parte</strong></span> 
     </span>
    </p>
   </div>
   <div class='ocr_carea' id='block_1_7' title="bbox 495 849 2088 912">
    <p class='ocr_par' dir='ltr' id='par_1_7' title="bbox 495 849 2088 912">
     <span class='ocr_line' id='line_1_7' title="bbox 495 849 2088 912; baseline -0.001 -2"><span class='ocrx_word' id='word_1_53' title='bbox 495 855 726 912; x_wconf 88' lang='lat' dir='ltr'><strong>liberata</strong></span> <span class='ocrx_word' id='word_1_54' title='bbox 780 855 915 910; x_wconf 86' lang='lat' dir='ltr'><strong>urbs</strong></span> <span class='ocrx_word' id='word_1_55' title='bbox 968 853 1074 910; x_wconf 88' lang='lat' dir='ltr'><strong>sub</strong></span> <span class='ocrx_word' id='word_1_56' title='bbox 1123 851 1364 907; x_wconf 87' lang='lat' dir='ltr'><strong>secundo</strong></span> <span class='ocrx_word' id='word_1_57' title='bbox 1423 849 1590 907; x_wconf 90' lang='lat' dir='ltr'><strong>lsrael</strong></span> <span class='ocrx_word' id='word_1_58' title='bbox 1638 851 1789 907; x_wconf 88' lang='lat' dir='ltr'><strong>saxis</strong></span> <span class='ocrx_word' id='word_1_59' title='bbox 1855 851 2088 908; x_wconf 90' lang='lat' dir='ltr'><strong>obrutus</strong></span> 
     </span>
    </p>
   </div>
   <div class='ocr_carea' id='block_1_8' title="bbox 495 939 2092 1015">
    <p class='ocr_par' dir='ltr' id='par_1_8' title="bbox 495 939 2092 1015">
     <span class='ocr_line' id='line_1_8' title="bbox 495 939 2092 1015; baseline -0.003 -13"><span class='ocrx_word' id='word_1_60' title='bbox 495 945 690 1003; x_wconf 86' lang='lat' dir='ltr'><strong>beatus</strong></span> <span class='ocrx_word' id='word_1_61' title='bbox 739 943 1048 1015; x_wconf 74' lang='lat' dir='ltr'><strong>Stephanus</strong></span> <span class='ocrx_word' id='word_1_62' title='bbox 1090 942 1234 996; x_wconf 86' lang='lat' dir='ltr'><strong>inter</strong></span> <span class='ocrx_word' id='word_1_63' title='bbox 1279 939 1658 1010; x_wconf 85' lang='lat' dir='ltr'><strong>Nicodemum,</strong></span> <span class='ocrx_word' id='word_1_64' title='bbox 1693 950 1748 996; x_wconf 92' lang='lat' dir='ltr'><strong>et</strong></span> <span class='ocrx_word' id='word_1_65' title='bbox 1788 942 1988 998; x_wconf 85' lang='lat' dir='ltr'><strong>Abilon</strong></span> <span class='ocrx_word' id='word_1_66' title='bbox 2036 950 2092 998; x_wconf 89' lang='lat' dir='ltr'><strong>et</strong></span> 
     </span>
    </p>
   </div>
   <div class='ocr_carea' id='block_1_9' title="bbox 494 1033 2087 1106">
    <p class='ocr_par' dir='ltr' id='par_1_9' title="bbox 494 1033 2087 1106">
     <span class='ocr_line' id='line_1_9' title="bbox 494 1033 2087 1106; baseline -0.003 -11"><span class='ocrx_word' id='word_1_67' title='bbox 494 1037 850 1097; x_wconf 81' lang='lat' dir='ltr'><strong>Gamalielem</strong></span> <span class='ocrx_word' id='word_1_68' title='bbox 875 1079 891 1105; x_wconf 97' lang='lat'><strong>,</strong></span> <span class='ocrx_word' id='word_1_69' title='bbox 939 1043 1129 1106; x_wconf 88' lang='lat' dir='ltr'><strong>postea</strong></span> <span class='ocrx_word' id='word_1_70' title='bbox 1171 1033 1736 1104; x_wconf 89' lang='lat' dir='ltr'><strong>Constantinopolim,</strong></span> <span class='ocrx_word' id='word_1_71' title='bbox 1784 1034 1972 1090; x_wconf 65' lang='lat' dir='ltr'><strong>Romae</strong></span> <span class='ocrx_word' id='word_1_72' title='bbox 2019 1036 2087 1092; x_wconf 89' lang='lat' dir='ltr'><strong>ad</strong></span> 
     </span>
    </p>
   </div>
   <div class='ocr_carea' id='block_1_10' title="bbox 496 1127 2087 1195">
    <p class='ocr_par' dir='ltr' id='par_1_10' title="bbox 496 1127 2087 1195">
     <span class='ocr_line' id='line_1_10' title="bbox 496 1127 2087 1195; baseline -0.003 -8"><span class='ocrx_word' id='word_1_73' title='bbox 496 1131 751 1187; x_wconf 88' lang='lat' dir='ltr'><strong>ultimum</strong></span> <span class='ocrx_word' id='word_1_74' title='bbox 792 1128 854 1184; x_wconf 93' lang='grc' dir='ltr'><strong>Β.</strong></span> <span class='ocrx_word' id='word_1_75' title='bbox 900 1127 1199 1184; x_wconf 88' lang='lat' dir='ltr'><strong>Laurentio</strong></span> <span class='ocrx_word' id='word_1_76' title='bbox 1235 1127 1646 1183; x_wconf 88' lang='lat' dir='ltr'><strong>eontumulatus</strong></span> <span class='ocrx_word' id='word_1_77' title='bbox 1670 1169 1686 1195; x_wconf 97' lang='lat'><strong>,</strong></span> <span class='ocrx_word' id='word_1_78' title='bbox 1742 1128 1895 1184; x_wconf 87' lang='lat' dir='ltr'><strong>unde</strong></span> <span class='ocrx_word' id='word_1_79' title='bbox 1928 1137 1983 1186; x_wconf 90' lang='lat' dir='ltr'><strong>et</strong></span> <span class='ocrx_word' id='word_1_80' title='bbox 2031 1128 2087 1184; x_wconf 92' lang='lat' dir='ltr'><strong>in</strong></span> 
     </span>
    </p>
   </div>
   <div class='ocr_carea' id='block_1_11' title="bbox 494 1223 751 1280">
    <p class='ocr_par' dir='ltr' id='par_1_11' title="bbox 494 1223 751 1280">
     <span class='ocr_line' id='line_1_11' title="bbox 494 1223 751 1280; baseline -0.016 0"><span class='ocrx_word' id='word_1_81' title='bbox 494 1223 709 1280; x_wconf 86' lang='lat' dir='ltr'><strong>tumulo</strong></span> <span class='ocrx_word' id='word_1_82' title='bbox 736 1239 751 1276; x_wconf 87' lang='lat'><strong>:</strong></span> 
     </span>
    </p>
   </div>
   <div class='ocr_carea' id='block_1_12' title="bbox 601 1312 1894 1384">
    <p class='ocr_par' dir='ltr' id='par_1_12' title="bbox 601 1312 1894 1384">
     <span class='ocr_line' id='line_1_12' title="bbox 601 1312 1894 1384; baseline 0.002 -17"><span class='ocrx_word' id='word_1_83' title='bbox 601 1313 768 1380; x_wconf 82' lang='lat' dir='ltr'><strong>Quem</strong></span> <span class='ocrx_word' id='word_1_84' title='bbox 805 1312 937 1369; x_wconf 87' lang='lat' dir='ltr'><strong>Sion</strong></span> <span class='ocrx_word' id='word_1_85' title='bbox 967 1314 1162 1369; x_wconf 86' lang='lat' dir='ltr'><strong>occidit</strong></span> <span class='ocrx_word' id='word_1_86' title='bbox 1193 1315 1342 1369; x_wconf 83' lang='lat' dir='ltr'><strong>nobis</strong></span> <span class='ocrx_word' id='word_1_87' title='bbox 1373 1313 1641 1384; x_wconf 75' lang='lat' dir='ltr'><strong>Byzantia</strong></span> <span class='ocrx_word' id='word_1_88' title='bbox 1669 1315 1835 1370; x_wconf 87' lang='lat' dir='ltr'><strong>misit.</strong></span> <span class='ocrx_word' id='word_1_89' title='bbox 1889 1338 1894 1343; x_wconf 57' lang='grc' dir='ltr'><em>η</em></span> 
     </span>
    </p>
   </div>
   <div class='ocr_carea' id='block_1_13' title="bbox 491 1407 2091 1480">
    <p class='ocr_par' dir='ltr' id='par_1_13' title="bbox 491 1407 2091 1480">
     <span class='ocr_line' id='line_1_13' title="bbox 491 1407 2091 1480; baseline 0.001 -17"><span class='ocrx_word' id='word_1_90' title='bbox 491 1408 633 1465; x_wconf 80' lang='lat' dir='ltr'><strong>Ante</strong></span> <span class='ocrx_word' id='word_1_91' title='bbox 666 1417 882 1479; x_wconf 90' lang='lat' dir='ltr'><strong>portam</strong></span> <span class='ocrx_word' id='word_1_92' title='bbox 920 1407 1248 1477; x_wconf 79' lang='lat' dir='ltr'><strong>Jerusalem,</strong></span> <span class='ocrx_word' id='word_1_93' title='bbox 1295 1408 1453 1479; x_wconf 83' lang='lat' dir='ltr'><strong>juxta</strong></span> <span class='ocrx_word' id='word_1_94' title='bbox 1495 1409 1678 1464; x_wconf 89' lang='lat' dir='ltr'><strong>lacum</strong></span> <span class='ocrx_word' id='word_1_95' title='bbox 1723 1409 1819 1480; x_wconf 89' lang='lat' dir='ltr'><strong>qui</strong></span> <span class='ocrx_word' id='word_1_96' title='bbox 1867 1409 2091 1480; x_wconf 84' lang='lat' dir='ltr'><strong>respicit</strong></span> 
     </span>
    </p>
   </div>
   <div class='ocr_carea' id='block_1_14' title="bbox 492 1500 2090 1573">
    <p class='ocr_par' dir='ltr' id='par_1_14' title="bbox 492 1500 2090 1573">
     <span class='ocr_line' id='line_1_14' title="bbox 492 1500 2090 1573; baseline 0 -17"><span class='ocrx_word' id='word_1_97' title='bbox 492 1501 812 1570; x_wconf 81' lang='lat' dir='ltr'><strong>meridiem,</strong></span> <span class='ocrx_word' id='word_1_98' title='bbox 849 1515 1017 1558; x_wconf 85' lang='lat' dir='ltr'><strong>cavea</strong></span> <span class='ocrx_word' id='word_1_99' title='bbox 1051 1501 1144 1558; x_wconf 88' lang='lat' dir='ltr'><strong>illa</strong></span> <span class='ocrx_word' id='word_1_100' title='bbox 1177 1502 1230 1557; x_wconf 88' lang='lat' dir='ltr'><strong>in</strong></span> <span class='ocrx_word' id='word_1_101' title='bbox 1264 1517 1374 1573; x_wconf 88' lang='lat' dir='ltr'><strong>qua</strong></span> <span class='ocrx_word' id='word_1_102' title='bbox 1409 1502 1495 1557; x_wconf 91' lang='lat' dir='ltr'><strong>leo</strong></span> <span class='ocrx_word' id='word_1_103' title='bbox 1523 1501 1744 1572; x_wconf 90' lang='lat' dir='ltr'><strong>quidam</strong></span> <span class='ocrx_word' id='word_1_104' title='bbox 1786 1501 1949 1572; x_wconf 83' lang='lat' dir='ltr'><strong>jussu</strong></span> <span class='ocrx_word' id='word_1_105' title='bbox 1992 1500 2090 1557; x_wconf 91' lang='lat' dir='ltr'><strong>Dei</strong></span> 
     </span>
    </p>
   </div>
   <div class='ocr_carea' id='block_1_15' title="bbox 490 1592 2089 1666">
    <p class='ocr_par' dir='ltr' id='par_1_15' title="bbox 490 1592 2089 1666">
     <span class='ocr_line' id='line_1_15' title="bbox 490 1592 2089 1666; baseline 0.001 -18"><span class='ocrx_word' id='word_1_106' title='bbox 490 1594 889 1664; x_wconf 82' lang='lat' dir='ltr'><strong>omnipotentis</strong></span> <span class='ocrx_word' id='word_1_107' title='bbox 937 1603 1241 1666; x_wconf 83' lang='lat' dir='ltr'><strong>martyrum</strong></span> <span class='ocrx_word' id='word_1_108' title='bbox 1281 1593 1397 1650; x_wconf 83' lang='lat' dir='ltr'><strong>fere</strong></span> <span class='ocrx_word' id='word_1_109' title='bbox 1435 1592 1724 1650; x_wconf 84' lang='lat' dir='ltr'><strong>duodecim</strong></span> <span class='ocrx_word' id='word_1_110' title='bbox 1773 1593 1946 1648; x_wconf 87' lang='lat' dir='ltr'><strong>millia</strong></span> <span class='ocrx_word' id='word_1_111' title='bbox 1984 1593 2089 1650; x_wconf 85' lang='lat' dir='ltr'><strong>sub</strong></span> 
     </span>
    </p>
   </div>
   <div class='ocr_carea' id='block_1_16' title="bbox 490 1686 2088 1758">
    <p class='ocr_par' dir='ltr' id='par_1_16' title="bbox 490 1686 2088 1758">
     <span class='ocr_line' id='line_1_16' title="bbox 490 1686 2088 1758; baseline 0.001 -17"><span class='ocrx_word' id='word_1_112' title='bbox 490 1686 700 1742; x_wconf 88' lang='lat' dir='ltr'><strong>Cosroe</strong></span> <span class='ocrx_word' id='word_1_113' title='bbox 730 1695 1011 1758; x_wconf 89' lang='lat' dir='ltr'><strong>perempta</strong></span> <span class='ocrx_word' id='word_1_114' title='bbox 1039 1690 1150 1741; x_wconf 88' lang='lat' dir='ltr'><strong>una</strong></span> <span class='ocrx_word' id='word_1_115' title='bbox 1190 1687 1246 1742; x_wconf 89' lang='lat' dir='ltr'><strong>in</strong></span> <span class='ocrx_word' id='word_1_116' title='bbox 1275 1695 1438 1744; x_wconf 88' lang='lat' dir='ltr'><strong>nocte</strong></span> <span class='ocrx_word' id='word_1_117' title='bbox 1463 1687 1675 1755; x_wconf 90' lang='lat' dir='ltr'><strong>detulit,</strong></span> <span class='ocrx_word' id='word_1_118' title='bbox 1700 1687 1846 1742; x_wconf 92' lang='lat' dir='ltr'><strong>unde</strong></span> <span class='ocrx_word' id='word_1_119' title='bbox 1885 1702 2088 1744; x_wconf 87' lang='lat' dir='ltr'><strong>carna-</strong></span> 
     </span>
    </p>
   </div>
   <div class='ocr_carea' id='block_1_17' title="bbox 491 1777 1094 1834">
    <p class='ocr_par' dir='ltr' id='par_1_17' title="bbox 491 1777 1094 1834">
     <span class='ocr_line' id='line_1_17' title="bbox 491 1777 1094 1834; baseline 0.002 -1"><span class='ocrx_word' id='word_1_120' title='bbox 491 1793 616 1833; x_wconf 88' lang='lat' dir='ltr'><strong>rum</strong></span> <span class='ocrx_word' id='word_1_121' title='bbox 644 1777 848 1834; x_wconf 88' lang='lat' dir='ltr'><strong>Leonis</strong></span> <span class='ocrx_word' id='word_1_122' title='bbox 875 1779 1094 1834; x_wconf 85' lang='lat' dir='ltr'><strong>dicitur.</strong></span> 
     </span>
    </p>
   </div>
   <div class='ocr_carea' id='block_1_18' title="bbox 565 1857 2161 1945">
    <p class='ocr_par' dir='ltr' id='par_1_18' title="bbox 565 1857 2161 1945">
     <span class='ocr_line' id='line_1_18' title="bbox 565 1857 2161 1945; baseline 0.004 -20"><span class='ocrx_word' id='word_1_123' title='bbox 565 1870 734 1926; x_wconf 89' lang='lat' dir='ltr'><strong>Sexto</strong></span> <span class='ocrx_word' id='word_1_124' title='bbox 768 1871 1028 1927; x_wconf 90' lang='lat' dir='ltr'><strong>milliario</strong></span> <span class='ocrx_word' id='word_1_125' title='bbox 1077 1888 1110 1929; x_wconf 91' lang='lat' dir='ltr'><strong>a</strong></span> <span class='ocrx_word' id='word_1_126' title='bbox 1149 1871 1454 1930; x_wconf 86' lang='lat' dir='ltr'><strong>Jerusalem</strong></span> <span class='ocrx_word' id='word_1_127' title='bbox 1489 1873 1577 1929; x_wconf 92' lang='lat' dir='ltr'><strong>via</strong></span> <span class='ocrx_word' id='word_1_128' title='bbox 1613 1889 1734 1945; x_wconf 74' lang='lat' dir='ltr'><strong>qua:</strong></span> <span class='ocrx_word' id='word_1_129' title='bbox 1777 1874 1931 1931; x_wconf 89' lang='lat' dir='ltr'><strong>ducit</strong></span> <span class='ocrx_word' id='word_1_130' title='bbox 1971 1873 2086 1931; x_wconf 83' lang='lat' dir='ltr'><strong>Ra-</strong></span> <span class='ocrx_word' id='word_1_131' title='bbox 2116 1857 2161 1919; x_wconf 75' lang='grc' dir='ltr'><strong><em>Β</em></strong></span> 
     </span>
    </p>
   </div>
   <div class='ocr_carea' id='block_1_19' title="bbox 492 1963 2090 2039">
    <p class='ocr_par' dir='ltr' id='par_1_19' title="bbox 492 1963 2090 2039">
     <span class='ocr_line' id='line_1_19' title="bbox 492 1963 2090 2039; baseline 0.004 -22"><span class='ocrx_word' id='word_1_132' title='bbox 492 1963 679 2018; x_wconf 89' lang='lat' dir='ltr'><strong>matba</strong></span> <span class='ocrx_word' id='word_1_133' title='bbox 723 1970 809 2019; x_wconf 84' lang='lat' dir='ltr'><strong>est</strong></span> <span class='ocrx_word' id='word_1_134' title='bbox 850 1979 1008 2021; x_wconf 90' lang='lat' dir='ltr'><strong>mons</strong></span> <span class='ocrx_word' id='word_1_135' title='bbox 1051 1963 1256 2033; x_wconf 87' lang='lat' dir='ltr'><strong>Modin,</strong></span> <span class='ocrx_word' id='word_1_136' title='bbox 1302 1981 1370 2020; x_wconf 87' lang='lat' dir='ltr'><strong>ex</strong></span> <span class='ocrx_word' id='word_1_137' title='bbox 1409 1981 1521 2036; x_wconf 92' lang='lat' dir='ltr'><strong>quo</strong></span> <span class='ocrx_word' id='word_1_138' title='bbox 1561 1964 1890 2024; x_wconf 83' lang='lat' dir='ltr'><strong>Mathathias</strong></span> <span class='ocrx_word' id='word_1_139' title='bbox 1934 1975 2090 2039; x_wconf 82' lang='lat' dir='ltr'><strong>pater</strong></span> 
     </span>
    </p>
   </div>
   <div class='ocr_carea' id='block_1_20' title="bbox 488 2053 2088 2129">
    <p class='ocr_par' dir='ltr' id='par_1_20' title="bbox 488 2053 2088 2129">
     <span class='ocr_line' id='line_1_20' title="bbox 488 2053 2088 2129; baseline 0.005 -21"><span class='ocrx_word' id='word_1_140' title='bbox 488 2053 955 2123; x_wconf 69' lang='lat' dir='ltr'><strong>liachabaaorum,</strong></span> <span class='ocrx_word' id='word_1_141' title='bbox 1002 2057 1058 2112; x_wconf 91' lang='lat' dir='ltr'><strong>in</strong></span> <span class='ocrx_word' id='word_1_142' title='bbox 1088 2073 1199 2128; x_wconf 86' lang='lat' dir='ltr'><strong>quo</strong></span> <span class='ocrx_word' id='word_1_143' title='bbox 1242 2056 1440 2129; x_wconf 88' lang='lat' dir='ltr'><strong>sepulti</strong></span> <span class='ocrx_word' id='word_1_144' title='bbox 1486 2058 1861 2129; x_wconf 89' lang='lat' dir='ltr'><strong>requiescunt,</strong></span> <span class='ocrx_word' id='word_1_145' title='bbox 1892 2075 2088 2116; x_wconf 88' lang='lat' dir='ltr'><strong>eorum</strong></span> 
     </span>
    </p>
   </div>
   <div class='ocr_carea' id='block_1_21' title="bbox 492 2147 2092 2214">
    <p class='ocr_par' dir='ltr' id='par_1_21' title="bbox 492 2147 2092 2214">
     <span class='ocr_line' id='line_1_21' title="bbox 492 2147 2092 2214; baseline 0.008 -16"><span class='ocrx_word' id='word_1_146' title='bbox 492 2147 886 2214; x_wconf 86' lang='lat' dir='ltr'><strong>apparentibus</strong></span> <span class='ocrx_word' id='word_1_147' title='bbox 915 2148 1142 2204; x_wconf 87' lang='lat' dir='ltr'><strong>tumulis</strong></span> <span class='ocrx_word' id='word_1_148' title='bbox 1166 2149 1366 2205; x_wconf 92' lang='lat' dir='ltr'><strong>adhuc.</strong></span> <span class='ocrx_word' id='word_1_149' title='bbox 1397 2148 1603 2206; x_wconf 86' lang='lat' dir='ltr'><strong>Octavo</strong></span> <span class='ocrx_word' id='word_1_150' title='bbox 1633 2152 1891 2209; x_wconf 89' lang='lat' dir='ltr'><strong>milliario</strong></span> <span class='ocrx_word' id='word_1_151' title='bbox 1921 2168 1954 2208; x_wconf 90' lang='lat' dir='ltr'><strong>a</strong></span> <span class='ocrx_word' id='word_1_152' title='bbox 1979 2153 2092 2211; x_wconf 80' lang='lat' dir='ltr'><strong>Mo-</strong></span> 
     </span>
    </p>
   </div>
   <div class='ocr_carea' id='block_1_22' title="bbox 489 2237 2085 2316">
    <p class='ocr_par' dir='ltr' id='par_1_22' title="bbox 489 2237 2085 2316">
     <span class='ocr_line' id='line_1_22' title="bbox 489 2237 2085 2316; baseline 0.007 -24"><span class='ocrx_word' id='word_1_153' title='bbox 489 2237 586 2293; x_wconf 84' lang='lat' dir='ltr'><strong>din</strong></span> <span class='ocrx_word' id='word_1_154' title='bbox 620 2238 703 2294; x_wconf 85' lang='lat' dir='ltr'><strong>via</strong></span> <span class='ocrx_word' id='word_1_155' title='bbox 733 2255 856 2310; x_wconf 73' lang='lat' dir='ltr'><strong>quae</strong></span> <span class='ocrx_word' id='word_1_156' title='bbox 881 2241 1032 2296; x_wconf 91' lang='lat' dir='ltr'><strong>ducit</strong></span> <span class='ocrx_word' id='word_1_157' title='bbox 1059 2240 1271 2313; x_wconf 89' lang='lat' dir='ltr'><strong>Joppen</strong></span> <span class='ocrx_word' id='word_1_158' title='bbox 1308 2242 1498 2310; x_wconf 90' lang='lat' dir='ltr'><strong>Lidda,</strong></span> <span class='ocrx_word' id='word_1_159' title='bbox 1531 2260 1654 2314; x_wconf 80' lang='lat' dir='ltr'><strong>quae</strong></span> <span class='ocrx_word' id='word_1_160' title='bbox 1699 2253 1754 2300; x_wconf 93' lang='lat' dir='ltr'><strong>et</strong></span> <span class='ocrx_word' id='word_1_161' title='bbox 1791 2245 2085 2316; x_wconf 89' lang='lat' dir='ltr'><strong>Diospolis,</strong></span> 
     </span>
    </p>
   </div>
   <div class='ocr_carea' id='block_1_23' title="bbox 493 2330 2087 2406">
    <p class='ocr_par' dir='ltr' id='par_1_23' title="bbox 493 2330 2087 2406">
     <span class='ocr_line' id='line_1_23' title="bbox 493 2330 2087 2406; baseline 0.006 -21"><span class='ocrx_word' id='word_1_162' title='bbox 493 2330 550 2386; x_wconf 92' lang='lat' dir='ltr'><strong>in</strong></span> <span class='ocrx_word' id='word_1_163' title='bbox 579 2347 690 2403; x_wconf 90' lang='lat' dir='ltr'><strong>quo</strong></span> <span class='ocrx_word' id='word_1_164' title='bbox 718 2331 778 2386; x_wconf 86' lang='grc' dir='ltr'><strong>Β.</strong></span> <span class='ocrx_word' id='word_1_165' title='bbox 822 2332 1070 2404; x_wconf 77' lang='lat' dir='ltr'><strong>Gregorii</strong></span> <span class='ocrx_word' id='word_1_166' title='bbox 1093 2350 1304 2405; x_wconf 87' lang='lat' dir='ltr'><strong>corpus</strong></span> <span class='ocrx_word' id='word_1_167' title='bbox 1333 2337 1608 2406; x_wconf 90' lang='lat' dir='ltr'><strong>sepultum</strong></span> <span class='ocrx_word' id='word_1_168' title='bbox 1639 2335 1813 2393; x_wconf 75' lang='lat' dir='ltr'><strong>fuisse</strong></span> <span class='ocrx_word' id='word_1_169' title='bbox 1848 2338 2087 2394; x_wconf 81' lang='lat' dir='ltr'><strong>manife-</strong></span> 
     </span>
    </p>
   </div>
   <div class='ocr_carea' id='block_1_24' title="bbox 493 2423 2089 2499">
    <p class='ocr_par' dir='ltr' id='par_1_24' title="bbox 493 2423 2089 2499">
     <span class='ocr_line' id='line_1_24' title="bbox 493 2423 2089 2499; baseline 0.004 -19"><span class='ocrx_word' id='word_1_170' title='bbox 493 2431 691 2480; x_wconf 88' lang='lat' dir='ltr'><strong>statur.</strong></span> <span class='ocrx_word' id='word_1_171' title='bbox 719 2423 975 2482; x_wconf 85' lang='lat' dir='ltr'><strong>Milliario</strong></span> <span class='ocrx_word' id='word_1_172' title='bbox 1000 2442 1032 2482; x_wconf 90' lang='lat' dir='ltr'><strong>a</strong></span> <span class='ocrx_word' id='word_1_173' title='bbox 1066 2425 1359 2495; x_wconf 82' lang='lat' dir='ltr'><strong>Ramatha,</strong></span> <span class='ocrx_word' id='word_1_174' title='bbox 1393 2439 1590 2499; x_wconf 89' lang='lat' dir='ltr'><strong>quarto</strong></span> <span class='ocrx_word' id='word_1_175' title='bbox 1620 2430 1878 2487; x_wconf 90' lang='lat' dir='ltr'><strong>milliario</strong></span> <span class='ocrx_word' id='word_1_176' title='bbox 1907 2447 1936 2486; x_wconf 88' lang='lat' dir='ltr'><strong>a</strong></span> <span class='ocrx_word' id='word_1_177' title='bbox 1987 2431 2089 2487; x_wconf 86' lang='lat' dir='ltr'><strong>Be-</strong></span> 
     </span>
    </p>
   </div>
   <div class='ocr_carea' id='block_1_25' title="bbox 495 2520 2090 2598">
    <p class='ocr_par' dir='ltr' id='par_1_25' title="bbox 495 2520 2090 2598">
     <span class='ocr_line' id='line_1_25' title="bbox 495 2520 2090 2598; baseline 0.004 -22"><span class='ocrx_word' id='word_1_178' title='bbox 495 2520 736 2592; x_wconf 85' lang='lat' dir='ltr'><strong>thleltem</strong></span> <span class='ocrx_word' id='word_1_179' title='bbox 777 2520 998 2578; x_wconf 87' lang='lat' dir='ltr'><strong>Thecua</strong></span> <span class='ocrx_word' id='word_1_180' title='bbox 1028 2524 1311 2594; x_wconf 88' lang='lat' dir='ltr'><strong>oppidum,</strong></span> <span class='ocrx_word' id='word_1_181' title='bbox 1359 2541 1428 2580; x_wconf 90' lang='lat' dir='ltr'><strong>ex</strong></span> <span class='ocrx_word' id='word_1_182' title='bbox 1477 2541 1588 2596; x_wconf 91' lang='lat' dir='ltr'><strong>quo</strong></span> <span class='ocrx_word' id='word_1_183' title='bbox 1633 2525 1832 2594; x_wconf 85' lang='lat' dir='ltr'><strong>Amon,</strong></span> <span class='ocrx_word' id='word_1_184' title='bbox 1878 2527 1996 2598; x_wconf 87' lang='lat' dir='ltr'><strong>qui,</strong></span> <span class='ocrx_word' id='word_1_185' title='bbox 2034 2536 2090 2584; x_wconf 86' lang='lat' dir='ltr'><strong>et</strong></span> 
     </span>
    </p>
   </div>
   <div class='ocr_carea' id='block_1_26' title="bbox 497 2609 2084 2686">
    <p class='ocr_par' dir='ltr' id='par_1_26' title="bbox 497 2609 2084 2686">
     <span class='ocr_line' id='line_1_26' title="bbox 497 2609 2084 2686; baseline 0.007 -22"><span class='ocrx_word' id='word_1_186' title='bbox 497 2609 574 2665; x_wconf 89' lang='lat' dir='ltr'><strong>ibi</strong></span> <span class='ocrx_word' id='word_1_187' title='bbox 601 2612 847 2681; x_wconf 89' lang='lat' dir='ltr'><strong>sepultus</strong></span> <span class='ocrx_word' id='word_1_188' title='bbox 876 2614 1130 2684; x_wconf 87' lang='lat' dir='ltr'><strong>quiescit.</strong></span> <span class='ocrx_word' id='word_1_189' title='bbox 1165 2615 1375 2682; x_wconf 83' lang='lat' dir='ltr'><strong>Quarto</strong></span> <span class='ocrx_word' id='word_1_190' title='bbox 1404 2615 1662 2672; x_wconf 89' lang='lat' dir='ltr'><strong>milliario</strong></span> <span class='ocrx_word' id='word_1_191' title='bbox 1696 2634 1725 2672; x_wconf 90' lang='lat' dir='ltr'><strong>a</strong></span> <span class='ocrx_word' id='word_1_192' title='bbox 1756 2616 2084 2686; x_wconf 88' lang='lat' dir='ltr'><strong>Jerusalem,</strong></span> 
     </span>
    </p>
   </div>
   <div class='ocr_carea' id='block_1_27' title="bbox 496 2708 2090 2781">
    <p class='ocr_par' dir='ltr' id='par_1_27' title="bbox 496 2708 2090 2781">
     <span class='ocr_line' id='line_1_27' title="bbox 496 2708 2090 2781; baseline 0.005 -22"><span class='ocrx_word' id='word_1_193' title='bbox 496 2713 688 2760; x_wconf 87' lang='lat' dir='ltr'><strong>contra</strong></span> <span class='ocrx_word' id='word_1_194' title='bbox 723 2715 993 2773; x_wconf 86' lang='lat' dir='ltr'><strong>austrum,</strong></span> <span class='ocrx_word' id='word_1_195' title='bbox 1027 2708 1289 2779; x_wconf 86' lang='lat' dir='ltr'><strong>oppidum</strong></span> <span class='ocrx_word' id='word_1_196' title='bbox 1339 2709 1472 2765; x_wconf 92' lang='lat' dir='ltr'><strong>illud</strong></span> <span class='ocrx_word' id='word_1_197' title='bbox 1519 2710 1574 2764; x_wconf 92' lang='lat' dir='ltr'><strong>in</strong></span> <span class='ocrx_word' id='word_1_198' title='bbox 1617 2726 1731 2781; x_wconf 91' lang='lat' dir='ltr'><strong>quo</strong></span> <span class='ocrx_word' id='word_1_199' title='bbox 1771 2713 2090 2768; x_wconf 86' lang='lat' dir='ltr'><strong>morabatur</strong></span> 
     </span>
    </p>
   </div>
   <div class='ocr_carea' id='block_1_28' title="bbox 491 2795 2088 2873">
    <p class='ocr_par' dir='ltr' id='par_1_28' title="bbox 491 2795 2088 2873">
     <span class='ocr_line' id='line_1_28' title="bbox 491 2795 2088 2873; baseline 0.007 -22"><span class='ocrx_word' id='word_1_200' title='bbox 491 2795 788 2854; x_wconf 85' lang='lat' dir='ltr'><strong>Zacharias</strong></span> <span class='ocrx_word' id='word_1_201' title='bbox 815 2807 950 2855; x_wconf 90' lang='lat' dir='ltr'><strong>tunc</strong></span> <span class='ocrx_word' id='word_1_202' title='bbox 990 2802 1251 2873; x_wconf 89' lang='lat' dir='ltr'><strong>temporis</strong></span> <span class='ocrx_word' id='word_1_203' title='bbox 1273 2845 1289 2871; x_wconf 94' lang='lat'><strong>,</strong></span> <span class='ocrx_word' id='word_1_204' title='bbox 1343 2818 1508 2873; x_wconf 89' lang='lat' dir='ltr'><strong>quam</strong></span> <span class='ocrx_word' id='word_1_205' title='bbox 1541 2803 1710 2860; x_wconf 84' lang='lat' dir='ltr'><strong>Maria</strong></span> <span class='ocrx_word' id='word_1_206' title='bbox 1741 2815 1914 2862; x_wconf 89' lang='lat' dir='ltr'><strong>mater</strong></span> <span class='ocrx_word' id='word_1_207' title='bbox 1957 2805 2088 2862; x_wconf 83' lang='lat' dir='ltr'><strong>Jesu</strong></span> 
     </span>
    </p>
   </div>
   <div class='ocr_carea' id='block_1_29' title="bbox 490 2891 2087 2964">
    <p class='ocr_par' dir='ltr' id='par_1_29' title="bbox 490 2891 2087 2964">
     <span class='ocr_line' id='line_1_29' title="bbox 490 2891 2087 2964; baseline 0.006 -19"><span class='ocrx_word' id='word_1_208' title='bbox 490 2891 762 2949; x_wconf 74' lang='lat' dir='ltr'><strong>festinans</strong></span> <span class='ocrx_word' id='word_1_209' title='bbox 787 2893 902 2964; x_wconf 91' lang='lat' dir='ltr'><strong>jam</strong></span> <span class='ocrx_word' id='word_1_210' title='bbox 932 2895 1143 2950; x_wconf 86' lang='lat' dir='ltr'><strong>habens</strong></span> <span class='ocrx_word' id='word_1_211' title='bbox 1179 2896 1233 2950; x_wconf 91' lang='lat' dir='ltr'><strong>in</strong></span> <span class='ocrx_word' id='word_1_212' title='bbox 1265 2905 1422 2951; x_wconf 85' lang='lat' dir='ltr'><strong>utero</strong></span> <span class='ocrx_word' id='word_1_213' title='bbox 1451 2895 1652 2952; x_wconf 85' lang='lat' dir='ltr'><strong>Filium</strong></span> <span class='ocrx_word' id='word_1_214' title='bbox 1697 2897 1788 2954; x_wconf 90' lang='lat' dir='ltr'><strong>Dei</strong></span> <span class='ocrx_word' id='word_1_215' title='bbox 1827 2900 1976 2954; x_wconf 89' lang='lat' dir='ltr'><strong>venit</strong></span> <span class='ocrx_word' id='word_1_216' title='bbox 2019 2900 2087 2955; x_wconf 91' lang='lat' dir='ltr'><strong>ad</strong></span> 
     </span>
    </p>
   </div>
   <div class='ocr_carea' id='block_1_30' title="bbox 491 2983 2089 3064">
    <p class='ocr_par' dir='ltr' id='par_1_30' title="bbox 491 2983 2089 3064">
     <span class='ocr_line' id='line_1_30' title="bbox 491 2983 2089 3064; baseline 0.005 -26"><span class='ocrx_word' id='word_1_217' title='bbox 491 2983 838 3041; x_wconf 87' lang='lat' dir='ltr'><strong>salutandam</strong></span> <span class='ocrx_word' id='word_1_218' title='bbox 879 2985 1158 3044; x_wconf 86' lang='lat' dir='ltr'><strong>Elisabeth</strong></span> <span class='ocrx_word' id='word_1_219' title='bbox 1199 2998 1490 3060; x_wconf 76' lang='lat' dir='ltr'><strong>cognatam</strong></span> <span class='ocrx_word' id='word_1_220' title='bbox 1521 3007 1703 3058; x_wconf 88' lang='lat' dir='ltr'><strong>suam,</strong></span> <span class='ocrx_word' id='word_1_221' title='bbox 1745 2991 1860 3062; x_wconf 89' lang='lat' dir='ltr'><strong>jam</strong></span> <span class='ocrx_word' id='word_1_222' title='bbox 1909 2992 2089 3064; x_wconf 86' lang='lat' dir='ltr'><strong>gravi-</strong></span> 
     </span>
    </p>
   </div>
   <div class='ocr_carea' id='block_1_31' title="bbox 491 3073 2088 3153">
    <p class='ocr_par' dir='ltr' id='par_1_31' title="bbox 491 3073 2088 3153">
     <span class='ocr_line' id='line_1_31' title="bbox 491 3073 2088 3153; baseline 0.007 -23"><span class='ocrx_word' id='word_1_223' title='bbox 491 3073 619 3130; x_wconf 90' lang='lat' dir='ltr'><strong>dam</strong></span> <span class='ocrx_word' id='word_1_224' title='bbox 644 3073 712 3130; x_wconf 89' lang='lat' dir='ltr'><strong>de</strong></span> <span class='ocrx_word' id='word_1_225' title='bbox 735 3073 948 3134; x_wconf 89' lang='lat' dir='ltr'><strong>Joanne</strong></span> <span class='ocrx_word' id='word_1_226' title='bbox 989 3078 1101 3136; x_wconf 82' lang='lat' dir='ltr'><strong>lilio</strong></span> <span class='ocrx_word' id='word_1_227' title='bbox 1147 3095 1268 3150; x_wconf 88' lang='lat' dir='ltr'><strong>suo,</strong></span> <span class='ocrx_word' id='word_1_228' title='bbox 1312 3097 1476 3153; x_wconf 91' lang='lat' dir='ltr'><strong>quem</strong></span> <span class='ocrx_word' id='word_1_229' title='bbox 1505 3090 1559 3137; x_wconf 92' lang='lat' dir='ltr'><strong>et</strong></span> <span class='ocrx_word' id='word_1_230' title='bbox 1591 3082 1664 3138; x_wconf 86' lang='lat' dir='ltr'><strong>ibi</strong></span> <span class='ocrx_word' id='word_1_231' title='bbox 1695 3091 1886 3139; x_wconf 89' lang='lat' dir='ltr'><strong>natum</strong></span> <span class='ocrx_word' id='word_1_232' title='bbox 1918 3083 2088 3142; x_wconf 85' lang='lat' dir='ltr'><strong>fuisse</strong></span> 
     </span>
    </p>
   </div>
   <div class='ocr_carea' id='block_1_32' title="bbox 493 3167 1480 3238">
    <p class='ocr_par' dir='ltr' id='par_1_32' title="bbox 493 3167 1480 3238">
     <span class='ocr_line' id='line_1_32' title="bbox 493 3167 1480 3238; baseline 0 -16"><span class='ocrx_word' id='word_1_233' title='bbox 493 3167 804 3238; x_wconf 88' lang='lat' dir='ltr'><strong>perhibent.</strong></span> <span class='ocrx_word' id='word_1_234' title='bbox 1475 3218 1480 3222; x_wconf 89' lang='lat'><strong>.</strong></span> 
     </span>
    </p>
   </div>
   <div class='ocr_carea' id='block_1_33' title="bbox 558 3257 2085 3324">
    <p class='ocr_par' dir='ltr' id='par_1_33' title="bbox 558 3257 2085 3324">
     <span class='ocr_line' id='line_1_33' title="bbox 558 3257 2085 3324; baseline 0.007 -11"><span class='ocrx_word' id='word_1_235' title='bbox 558 3257 784 3316; x_wconf 88' lang='lat' dir='ltr'><strong>Decimo</strong></span> <span class='ocrx_word' id='word_1_236' title='bbox 815 3262 977 3318; x_wconf 91' lang='lat' dir='ltr'><strong>tertio</strong></span> <span class='ocrx_word' id='word_1_237' title='bbox 1021 3263 1283 3321; x_wconf 91' lang='lat' dir='ltr'><strong>milliario</strong></span> <span class='ocrx_word' id='word_1_238' title='bbox 1326 3281 1357 3321; x_wconf 88' lang='lat' dir='ltr'><strong>a</strong></span> <span class='ocrx_word' id='word_1_239' title='bbox 1405 3264 1712 3322; x_wconf 87' lang='lat' dir='ltr'><strong>Jerusalem</strong></span> <span class='ocrx_word' id='word_1_240' title='bbox 1761 3276 1951 3323; x_wconf 88' lang='lat' dir='ltr'><strong>contra</strong></span> <span class='ocrx_word' id='word_1_241' title='bbox 1981 3267 2085 3324; x_wconf 87' lang='lat' dir='ltr'><strong>bo-</strong></span> 
     </span>
    </p>
   </div>
   <div class='ocr_carea' id='block_1_34' title="bbox 492 3351 2086 3432">
    <p class='ocr_par' dir='ltr' id='par_1_34' title="bbox 492 3351 2086 3432">
     <span class='ocr_line' id='line_1_34' title="bbox 492 3351 2086 3432; baseline 0.008 -27"><span class='ocrx_word' id='word_1_242' title='bbox 492 3365 644 3407; x_wconf 82' lang='lat' dir='ltr'><strong>ream</strong></span> <span class='ocrx_word' id='word_1_243' title='bbox 671 3361 756 3408; x_wconf 90' lang='lat' dir='ltr'><strong>est</strong></span> <span class='ocrx_word' id='word_1_244' title='bbox 790 3351 1029 3422; x_wconf 84' lang='lat' dir='ltr'><strong>Jericho,</strong></span> <span class='ocrx_word' id='word_1_245' title='bbox 1076 3371 1145 3412; x_wconf 85' lang='lat' dir='ltr'><strong>ex</strong></span> <span class='ocrx_word' id='word_1_246' title='bbox 1183 3374 1292 3428; x_wconf 87' lang='lat' dir='ltr'><strong>qua</strong></span> <span class='ocrx_word' id='word_1_247' title='bbox 1323 3357 1478 3414; x_wconf 84' lang='lat' dir='ltr'><strong>Raab</strong></span> <span class='ocrx_word' id='word_1_248' title='bbox 1514 3359 1771 3416; x_wconf 83' lang='lat' dir='ltr'><strong>meretrix</strong></span> <span class='ocrx_word' id='word_1_249' title='bbox 1814 3361 2086 3432; x_wconf 89' lang='lat' dir='ltr'><strong>bospitata</strong></span> 
     </span>
    </p>
   </div>
   <div class='ocr_carea' id='block_1_35' title="bbox 491 3446 2086 3522">
    <p class='ocr_par' dir='ltr' id='par_1_35' title="bbox 491 3446 2086 3522">
     <span class='ocr_line' id='line_1_35' title="bbox 491 3446 2086 3522; baseline 0.008 -26"><span class='ocrx_word' id='word_1_250' title='bbox 491 3449 576 3497; x_wconf 89' lang='lat' dir='ltr'><strong>est</strong></span> <span class='ocrx_word' id='word_1_251' title='bbox 597 3451 835 3512; x_wconf 86' lang='lat' dir='ltr'><strong>quatuor</strong></span> <span class='ocrx_word' id='word_1_252' title='bbox 857 3446 1236 3516; x_wconf 80' lang='lat' dir='ltr'><strong>exploratores</strong></span> <span class='ocrx_word' id='word_1_253' title='bbox 1266 3448 1504 3505; x_wconf 85' lang='lat' dir='ltr'><strong>ﬁliorum</strong></span> <span class='ocrx_word' id='word_1_254' title='bbox 1535 3449 1720 3518; x_wconf 89' lang='lat' dir='ltr'><strong>lsrael,</strong></span> <span class='ocrx_word' id='word_1_255' title='bbox 1747 3461 1801 3507; x_wconf 94' lang='lat' dir='ltr'><strong>et</strong></span> <span class='ocrx_word' id='word_1_256' title='bbox 1830 3454 2086 3522; x_wconf 73' lang='lat' dir='ltr'><strong>coenavit,</strong></span> 
     </span>
    </p>
   </div>
   <div class='ocr_carea' id='block_1_36' title="bbox 492 3528 2085 3613">
    <p class='ocr_par' dir='ltr' id='par_1_36' title="bbox 492 3528 2085 3613">
     <span class='ocr_line' id='line_1_36' title="bbox 492 3528 2085 3613; baseline 0.009 -27"><span class='ocrx_word' id='word_1_257' title='bbox 492 3528 648 3600; x_wconf 77' lang='lat' dir='ltr'><strong>fovit,</strong></span> <span class='ocrx_word' id='word_1_258' title='bbox 673 3542 728 3589; x_wconf 92' lang='lat' dir='ltr'><strong>et</strong></span> <span class='ocrx_word' id='word_1_259' title='bbox 755 3535 927 3604; x_wconf 85' lang='lat' dir='ltr'><strong>pavit,</strong></span> <span class='ocrx_word' id='word_1_260' title='bbox 959 3552 1023 3592; x_wconf 87' lang='lat' dir='ltr'><strong>ex</strong></span> <span class='ocrx_word' id='word_1_261' title='bbox 1055 3553 1165 3608; x_wconf 88' lang='lat' dir='ltr'><strong>qua</strong></span> <span class='ocrx_word' id='word_1_262' title='bbox 1195 3549 1251 3593; x_wconf 89' lang='lat' dir='ltr'><strong>et</strong></span> <span class='ocrx_word' id='word_1_263' title='bbox 1280 3538 1564 3607; x_wconf 75' lang='lat' dir='ltr'><strong>Zachzeus,</strong></span> <span class='ocrx_word' id='word_1_264' title='bbox 1591 3550 1799 3597; x_wconf 89' lang='lat' dir='ltr'><strong>statura</strong></span> <span class='ocrx_word' id='word_1_265' title='bbox 1828 3545 2085 3613; x_wconf 88' lang='lat' dir='ltr'><strong>pusillus.</strong></span> 
     </span>
    </p>
   </div>
   <div class='ocr_carea' id='block_1_37' title="bbox 491 3621 2091 3708">
    <p class='ocr_par' dir='ltr' id='par_1_37' title="bbox 491 3621 2091 3708">
     <span class='ocr_line' id='line_1_37' title="bbox 491 3621 2091 3708; baseline 0.011 -33"><span class='ocrx_word' id='word_1_266' title='bbox 491 3621 720 3679; x_wconf 78' lang='lat' dir='ltr'><strong>audiens</strong></span> <span class='ocrx_word' id='word_1_267' title='bbox 757 3623 946 3681; x_wconf 91' lang='lat' dir='ltr'><strong>Jesum</strong></span> <span class='ocrx_word' id='word_1_268' title='bbox 979 3639 1164 3698; x_wconf 88' lang='lat' dir='ltr'><strong>partes</strong></span> <span class='ocrx_word' id='word_1_269' title='bbox 1193 3630 1315 3685; x_wconf 90' lang='lat' dir='ltr'><strong>illas</strong></span> <span class='ocrx_word' id='word_1_270' title='bbox 1343 3631 1802 3703; x_wconf 88' lang='lat' dir='ltr'><strong>deambulantem,</strong></span> <span class='ocrx_word' id='word_1_271' title='bbox 1829 3634 2091 3708; x_wconf 91' lang='lat' dir='ltr'><strong>Sycomo-</strong></span> 
     </span>
    </p>
   </div>
   <div class='ocr_carea' id='block_1_38' title="bbox 492 3716 2088 3794">
    <p class='ocr_par' dir='ltr' id='par_1_38' title="bbox 492 3716 2088 3794">
     <span class='ocr_line' id='line_1_38' title="bbox 492 3716 2088 3794; baseline 0.011 -27"><span class='ocrx_word' id='word_1_272' title='bbox 492 3729 616 3769; x_wconf 81' lang='lat' dir='ltr'><strong>rum</strong></span> <span class='ocrx_word' id='word_1_273' title='bbox 645 3716 898 3774; x_wconf 87' lang='lat' dir='ltr'><strong>arborem</strong></span> <span class='ocrx_word' id='word_1_274' title='bbox 929 3722 1198 3790; x_wconf 89' lang='lat' dir='ltr'><strong>ascendit,</strong></span> <span class='ocrx_word' id='word_1_275' title='bbox 1231 3731 1292 3778; x_wconf 89' lang='lat' dir='ltr'><strong>ttt</strong></span> <span class='ocrx_word' id='word_1_276' title='bbox 1323 3722 1493 3779; x_wconf 91' lang='lat' dir='ltr'><strong>Deum</strong></span> <span class='ocrx_word' id='word_1_277' title='bbox 1522 3725 1750 3794; x_wconf 89' lang='lat' dir='ltr'><strong>videret,</strong></span> <span class='ocrx_word' id='word_1_278' title='bbox 1781 3735 1838 3782; x_wconf 89' lang='lat' dir='ltr'><strong>et</strong></span> <span class='ocrx_word' id='word_1_279' title='bbox 1865 3744 1990 3784; x_wconf 90' lang='lat' dir='ltr'><strong>cum</strong></span> <span class='ocrx_word' id='word_1_280' title='bbox 2020 3746 2088 3785; x_wconf 91' lang='lat' dir='ltr'><strong>eo</strong></span> 
     </span>
    </p>
   </div>
   <div class='ocr_carea' id='block_1_39' title="bbox 491 3805 2092 3891">
    <p class='ocr_par' dir='ltr' id='par_1_39' title="bbox 491 3805 2092 3891">
     <span class='ocr_line' id='line_1_39' title="bbox 491 3805 2092 3891; baseline 0.011 -31"><span class='ocrx_word' id='word_1_281' title='bbox 491 3805 828 3877; x_wconf 87' lang='lat' dir='ltr'><strong>loqueretur,</strong></span> <span class='ocrx_word' id='word_1_282' title='bbox 859 3825 918 3866; x_wconf 91' lang='lat' dir='ltr'><strong>se</strong></span> <span class='ocrx_word' id='word_1_283' title='bbox 939 3811 1194 3881; x_wconf 90' lang='lat' dir='ltr'><strong>judicans</strong></span> <span class='ocrx_word' id='word_1_284' title='bbox 1221 3823 1276 3869; x_wconf 92' lang='lat' dir='ltr'><strong>et</strong></span> <span class='ocrx_word' id='word_1_285' title='bbox 1305 3823 1496 3884; x_wconf 84' lang='lat' dir='ltr'><strong>petens</strong></span> <span class='ocrx_word' id='word_1_286' title='bbox 1529 3817 1767 3885; x_wconf 88' lang='lat' dir='ltr'><strong>veniam,</strong></span> <span class='ocrx_word' id='word_1_287' title='bbox 1800 3833 1867 3874; x_wconf 90' lang='lat' dir='ltr'><strong>ex</strong></span> <span class='ocrx_word' id='word_1_288' title='bbox 1898 3837 2008 3891; x_wconf 89' lang='lat' dir='ltr'><strong>qua</strong></span> <span class='ocrx_word' id='word_1_289' title='bbox 2036 3831 2092 3877; x_wconf 91' lang='lat' dir='ltr'><strong>et</strong></span> 
     </span>
    </p>
   </div>
   <div class='ocr_carea' id='block_1_40' title="bbox 492 3900 2086 3985">
    <p class='ocr_par' dir='ltr' id='par_1_40' title="bbox 492 3900 2086 3985">
     <span class='ocr_line' id='line_1_40' title="bbox 492 3900 2086 3985; baseline 0.01 -33"><span class='ocrx_word' id='word_1_290' title='bbox 492 3900 681 3969; x_wconf 88' lang='lat' dir='ltr'><strong>pueri,</strong></span> <span class='ocrx_word' id='word_1_291' title='bbox 729 3903 824 3972; x_wconf 90' lang='lat' dir='ltr'><strong>qui</strong></span> <span class='ocrx_word' id='word_1_292' title='bbox 864 3901 926 3958; x_wconf 90' lang='lat' dir='ltr'><strong>B.</strong></span> <span class='ocrx_word' id='word_1_293' title='bbox 978 3902 1220 3985; x_wconf 83' lang='lat' dir='ltr'><strong>Eliseum</strong></span> <span class='ocrx_word' id='word_1_294' title='bbox 1260 3905 1657 3979; x_wconf 86' lang='lat' dir='ltr'><strong>Jerosolymam</strong></span> <span class='ocrx_word' id='word_1_295' title='bbox 1702 3912 2086 3968; x_wconf 87' lang='lat' dir='ltr'><strong>ascendentem</strong></span> 
     </span>
    </p>
   </div>
   <div class='ocr_carea' id='block_1_41' title="bbox 493 3991 2086 4074">
    <p class='ocr_par' dir='ltr' id='par_1_41' title="bbox 493 3991 2086 4074">
     <span class='ocr_line' id='line_1_41' title="bbox 493 3991 2086 4074; baseline 0.009 -28"><span class='ocrx_word' id='word_1_296' title='bbox 493 3991 805 4049; x_wconf 83' lang='lat' dir='ltr'><strong>deriserunt</strong></span> <span class='ocrx_word' id='word_1_297' title='bbox 833 3996 1204 4054; x_wconf 80' lang='lat' dir='ltr'><strong>exclamantes</strong></span> <span class='ocrx_word' id='word_1_298' title='bbox 1247 4018 1261 4054; x_wconf 89' lang='lat'><strong>:</strong></span> <span class='ocrx_word' id='word_1_299' title='bbox 1304 4000 1570 4071; x_wconf 82' lang='lat' dir='ltr'><strong>Ascende,</strong></span> <span class='ocrx_word' id='word_1_300' title='bbox 1621 4001 1787 4070; x_wconf 80' lang='lat' dir='ltr'><strong>calve,</strong></span> <span class='ocrx_word' id='word_1_301' title='bbox 1840 4005 2086 4074; x_wconf 79' lang='lat' dir='ltr'><strong>ascende,</strong></span> 
     </span>
    </p>
   </div>
   <div class='ocr_carea' id='block_1_42' title="bbox 493 4083 2088 4164">
    <p class='ocr_par' dir='ltr' id='par_1_42' title="bbox 493 4083 2088 4164">
     <span class='ocr_line' id='line_1_42' title="bbox 493 4083 2088 4164; baseline 0.011 -27"><span class='ocrx_word' id='word_1_302' title='bbox 493 4083 638 4139; x_wconf 80' lang='lat' dir='ltr'><strong>calve</strong></span> <span class='ocrx_word' id='word_1_303' title='bbox 673 4085 783 4156; x_wconf 83' lang='lat' dir='ltr'><strong>(IV</strong></span> <span class='ocrx_word' id='word_1_304' title='bbox 815 4087 942 4160; x_wconf 86' lang='lat' dir='ltr'><strong>Reg.</strong></span> <span class='ocrx_word' id='word_1_305' title='bbox 976 4105 1036 4157; x_wconf 90' lang='lat' dir='ltr'><strong>tt,</strong></span> <span class='ocrx_word' id='word_1_306' title='bbox 1067 4089 1181 4162; x_wconf 76' lang='lat'><strong>23).</strong></span> <span class='ocrx_word' id='word_1_307' title='bbox 1215 4089 1469 4148; x_wconf 90' lang='lat' dir='ltr'><strong>Secundo</strong></span> <span class='ocrx_word' id='word_1_308' title='bbox 1499 4093 1680 4164; x_wconf 89' lang='lat' dir='ltr'><strong>lapide</strong></span> <span class='ocrx_word' id='word_1_309' title='bbox 1706 4111 1738 4150; x_wconf 90' lang='lat' dir='ltr'><strong>a</strong></span> <span class='ocrx_word' id='word_1_310' title='bbox 1764 4095 1986 4154; x_wconf 88' lang='lat' dir='ltr'><strong>Jericho</strong></span> <span class='ocrx_word' id='word_1_311' title='bbox 2019 4099 2088 4154; x_wconf 92' lang='lat' dir='ltr'><strong>ad</strong></span> 
     </span>
    </p>
   </div>
   <div class='ocr_carea' id='block_1_43' title="bbox 493 4174 2086 4257">
    <p class='ocr_par' dir='ltr' id='par_1_43' title="bbox 493 4174 2086 4257">
     <span class='ocr_line' id='line_1_43' title="bbox 493 4174 2086 4257; baseline 0.01 -27"><span class='ocrx_word' id='word_1_312' title='bbox 493 4174 780 4232; x_wconf 87' lang='lat' dir='ltr'><strong>sinistram</strong></span> <span class='ocrx_word' id='word_1_313' title='bbox 816 4189 900 4236; x_wconf 90' lang='lat' dir='ltr'><strong>est</strong></span> <span class='ocrx_word' id='word_1_314' title='bbox 928 4180 1228 4250; x_wconf 90' lang='lat' dir='ltr'><strong>desertum,</strong></span> <span class='ocrx_word' id='word_1_315' title='bbox 1256 4185 1405 4255; x_wconf 91' lang='lat' dir='ltr'><strong>quod</strong></span> <span class='ocrx_word' id='word_1_316' title='bbox 1431 4184 1737 4242; x_wconf 87' lang='lat' dir='ltr'><strong>Carentena</strong></span> <span class='ocrx_word' id='word_1_317' title='bbox 1767 4188 1990 4257; x_wconf 88' lang='lat' dir='ltr'><strong>dicitur,</strong></span> <span class='ocrx_word' id='word_1_318' title='bbox 2031 4191 2086 4247; x_wconf 92' lang='lat' dir='ltr'><strong>in</strong></span> 
     </span>
    </p>
   </div>
   <div class='ocr_carea' id='block_1_44' title="bbox 493 4267 2086 4349">
    <p class='ocr_par' dir='ltr' id='par_1_44' title="bbox 493 4267 2086 4349">
     <span class='ocr_line' id='line_1_44' title="bbox 493 4267 2086 4349; baseline 0.01 -27"><span class='ocrx_word' id='word_1_319' title='bbox 493 4283 606 4337; x_wconf 87' lang='lat' dir='ltr'><strong>quo</strong></span> <span class='ocrx_word' id='word_1_320' title='bbox 625 4267 816 4326; x_wconf 78' lang='lat' dir='ltr'><strong>&#39;Jesus</strong></span> <span class='ocrx_word' id='word_1_321' title='bbox 857 4272 1223 4347; x_wconf 76' lang='lat' dir='ltr'><strong>quadraginta</strong></span> <span class='ocrx_word' id='word_1_322' title='bbox 1268 4276 1485 4332; x_wconf 88' lang='lat' dir='ltr'><strong>dierum</strong></span> <span class='ocrx_word' id='word_1_323' title='bbox 1517 4279 1698 4349; x_wconf 90' lang='lat' dir='ltr'><strong>spatio</strong></span> <span class='ocrx_word' id='word_1_324' title='bbox 1727 4280 1952 4336; x_wconf 86' lang='lat' dir='ltr'><strong>totidem</strong></span> <span class='ocrx_word' id='word_1_325' title='bbox 1982 4298 2086 4337; x_wconf 88' lang='lat' dir='ltr'><strong>no-</strong></span> 
     </span>
    </p>
   </div>
   <div class='ocr_carea' id='block_1_45' title="bbox 495 4361 2087 4440">
    <p class='ocr_par' dir='ltr' id='par_1_45' title="bbox 495 4361 2087 4440">
     <span class='ocr_line' id='line_1_45' title="bbox 495 4361 2087 4440; baseline 0.009 -25"><span class='ocrx_word' id='word_1_326' title='bbox 495 4361 666 4416; x_wconf 89' lang='lat' dir='ltr'><strong>ctium</strong></span> <span class='ocrx_word' id='word_1_327' title='bbox 693 4362 968 4433; x_wconf 87' lang='lat' dir='ltr'><strong>jejunium</strong></span> <span class='ocrx_word' id='word_1_328' title='bbox 999 4367 1329 4438; x_wconf 86' lang='lat' dir='ltr'><strong>complevit;</strong></span> <span class='ocrx_word' id='word_1_329' title='bbox 1371 4384 1608 4440; x_wconf 91' lang='lat' dir='ltr'><strong>eumque</strong></span> <span class='ocrx_word' id='word_1_330' title='bbox 1644 4370 1719 4426; x_wconf 93' lang='lat' dir='ltr'><strong>ibi</strong></span> <span class='ocrx_word' id='word_1_331' title='bbox 1754 4372 2087 4428; x_wconf 83' lang='lat' dir='ltr'><strong>esurientem</strong></span> 
     </span>
    </p>
   </div>
   <div class='ocr_carea' id='block_1_46' title="bbox 497 4454 2088 4534">
    <p class='ocr_par' dir='ltr' id='par_1_46' title="bbox 497 4454 2088 4534">
     <span class='ocr_line' id='line_1_46' title="bbox 497 4454 2088 4534; baseline 0.009 -28"><span class='ocrx_word' id='word_1_332' title='bbox 497 4459 715 4509; x_wconf 90' lang='lat' dir='ltr'><strong>tentans</strong></span> <span class='ocrx_word' id='word_1_333' title='bbox 761 4454 1014 4514; x_wconf 87' lang='lat' dir='ltr'><strong>diabolus</strong></span> <span class='ocrx_word' id='word_1_334' title='bbox 1044 4457 1183 4514; x_wconf 81' lang='lat' dir='ltr'><strong>dixit</strong></span> <span class='ocrx_word' id='word_1_335' title='bbox 1226 4477 1240 4514; x_wconf 92' lang='lat'><strong>:</strong></span> <span class='ocrx_word' id='word_1_336' title='bbox 1289 4459 1392 4514; x_wconf 87' lang='lat' dir='ltr'><strong>Dic</strong></span> <span class='ocrx_word' id='word_1_337' title='bbox 1437 4468 1497 4513; x_wconf 85' lang='lat' dir='ltr'><strong>ut</strong></span> <span class='ocrx_word' id='word_1_338' title='bbox 1531 4459 1736 4529; x_wconf 83' lang='lat' dir='ltr'><strong>lapides</strong></span> <span class='ocrx_word' id='word_1_339' title='bbox 1785 4463 1880 4517; x_wconf 85' lang='lat' dir='ltr'><strong>isti</strong></span> <span class='ocrx_word' id='word_1_340' title='bbox 1925 4481 2088 4534; x_wconf 85' lang='lat' dir='ltr'><strong>panes</strong></span> 
     </span>
    </p>
   </div>
   <div class='ocr_carea' id='block_1_47' title="bbox 2191 563 3693 645">
    <p class='ocr_par' dir='ltr' id='par_1_47' title="bbox 2191 563 3693 645">
     <span class='ocr_line' id='line_1_47' title="bbox 2191 563 3693 645; baseline 0.006 -27"><span class='ocrx_word' id='word_1_341' title='bbox 2191 579 2358 635; x_wconf 84' lang='lat' dir='ltr'><strong>regna</strong></span> <span class='ocrx_word' id='word_1_342' title='bbox 2388 564 2598 631; x_wconf 89' lang='lat' dir='ltr'><strong>mundi,</strong></span> <span class='ocrx_word' id='word_1_343' title='bbox 2625 573 2682 620; x_wconf 87' lang='lat' dir='ltr'><strong>et</strong></span> <span class='ocrx_word' id='word_1_344' title='bbox 2707 563 2964 634; x_wconf 85' lang='lat' dir='ltr'><strong>inquiens</strong></span> <span class='ocrx_word' id='word_1_345' title='bbox 3000 583 3012 619; x_wconf 89' lang='lat'><strong>:</strong></span> <span class='ocrx_word' id='word_1_346' title='bbox 3048 563 3110 620; x_wconf 88' lang='lat' dir='ltr'><strong>Si</strong></span> <span class='ocrx_word' id='word_1_347' title='bbox 3131 564 3324 619; x_wconf 78' lang='lat' dir='ltr'><strong>cadens</strong></span> <span class='ocrx_word' id='word_1_348' title='bbox 3348 567 3611 626; x_wconf 66' lang='lat' dir='ltr'><strong>adorarent</strong></span> <span class='ocrx_word' id='word_1_349' title='bbox 3629 593 3693 645; x_wconf 64' lang='lat' dir='ltr'><strong>me,</strong></span> 
     </span>
    </p>
   </div>
   <div class='ocr_carea' id='block_1_48' title="bbox 2189 656 3694 729">
    <p class='ocr_par' dir='ltr' id='par_1_48' title="bbox 2189 656 3694 729">
     <span class='ocr_line' id='line_1_48' title="bbox 2189 656 3694 729; baseline 0.006 -19"><span class='ocrx_word' id='word_1_350' title='bbox 2189 656 2302 711; x_wconf 78' lang='lat' dir='ltr'><strong>luce</strong></span> <span class='ocrx_word' id='word_1_351' title='bbox 2348 657 2527 714; x_wconf 81' lang='lat' dir='ltr'><strong>omnia</strong></span> <span class='ocrx_word' id='word_1_352' title='bbox 2569 657 2666 712; x_wconf 85' lang='lat' dir='ltr'><strong>tibi</strong></span> <span class='ocrx_word' id='word_1_353' title='bbox 2703 657 2840 712; x_wconf 85' lang='lat' dir='ltr'><strong>dabo</strong></span> <span class='ocrx_word' id='word_1_354' title='bbox 2873 658 3006 729; x_wconf 85' lang='lat' dir='ltr'><strong>(ibid</strong></span> <span class='ocrx_word' id='word_1_355' title='bbox 3039 700 3054 725; x_wconf 94' lang='lat'><strong>,</strong></span> <span class='ocrx_word' id='word_1_356' title='bbox 3085 658 3163 729; x_wconf 85' lang='lat'><strong>9).</strong></span> <span class='ocrx_word' id='word_1_357' title='bbox 3197 657 3313 714; x_wconf 86' lang='lat' dir='ltr'><strong>Sub</strong></span> <span class='ocrx_word' id='word_1_358' title='bbox 3343 658 3613 719; x_wconf 78' lang='lat' dir='ltr'><strong>Carantena</strong></span> <span class='ocrx_word' id='word_1_359' title='bbox 3641 682 3694 725; x_wconf 78' lang='lat' dir='ltr'><strong>est</strong></span> 
     </span>
    </p>
   </div>
   <div class='ocr_carea' id='block_1_49' title="bbox 2190 747 3692 826">
    <p class='ocr_par' dir='ltr' id='par_1_49' title="bbox 2190 747 3692 826">
     <span class='ocr_line' id='line_1_49' title="bbox 2190 747 3692 826; baseline 0.007 -23"><span class='ocrx_word' id='word_1_360' title='bbox 2190 747 2359 806; x_wconf 79' lang='lat' dir='ltr'><strong>fontis</strong></span> <span class='ocrx_word' id='word_1_361' title='bbox 2387 750 2535 806; x_wconf 89' lang='lat' dir='ltr'><strong>illius</strong></span> <span class='ocrx_word' id='word_1_362' title='bbox 2573 750 2807 818; x_wconf 87' lang='lat' dir='ltr'><strong>rivulus,</strong></span> <span class='ocrx_word' id='word_1_363' title='bbox 2837 766 3002 822; x_wconf 88' lang='lat' dir='ltr'><strong>quem</strong></span> <span class='ocrx_word' id='word_1_364' title='bbox 3048 751 3246 807; x_wconf 89' lang='lat' dir='ltr'><strong>beatus</strong></span> <span class='ocrx_word' id='word_1_365' title='bbox 3279 750 3487 809; x_wconf 81' lang='lat' dir='ltr'><strong>Eliseus</strong></span> <span class='ocrx_word' id='word_1_366' title='bbox 3509 754 3605 826; x_wconf 85' lang='lat' dir='ltr'><strong>ejus</strong></span> <span class='ocrx_word' id='word_1_367' title='bbox 3634 777 3692 817; x_wconf 80' lang='lat' dir='ltr'><strong>sa.</strong></span> 
     </span>
    </p>
   </div>
   <div class='ocr_carea' id='block_1_50' title="bbox 2190 841 3695 913">
    <p class='ocr_par' dir='ltr' id='par_1_50' title="bbox 2190 841 3695 913">
     <span class='ocr_line' id='line_1_50' title="bbox 2190 841 3695 913; baseline 0.004 -17"><span class='ocrx_word' id='word_1_368' title='bbox 2190 848 2319 897; x_wconf 87' lang='lat' dir='ltr'><strong>nata</strong></span> <span class='ocrx_word' id='word_1_369' title='bbox 2351 841 2640 898; x_wconf 69' lang='lat' dir='ltr'><strong>sterilitate</strong></span> <span class='ocrx_word' id='word_1_370' title='bbox 2671 842 2740 898; x_wconf 90' lang='lat' dir='ltr'><strong>de</strong></span> <span class='ocrx_word' id='word_1_371' title='bbox 2776 858 2968 898; x_wconf 89' lang='lat' dir='ltr'><strong>amara</strong></span> <span class='ocrx_word' id='word_1_372' title='bbox 2998 843 3298 913; x_wconf 87' lang='lat' dir='ltr'><strong>potabilem</strong></span> <span class='ocrx_word' id='word_1_373' title='bbox 3339 843 3568 901; x_wconf 85' lang='lat' dir='ltr'><strong>reddidit.</strong></span> <span class='ocrx_word' id='word_1_374' title='bbox 3605 849 3695 909; x_wconf 76' lang='lat' dir='ltr'><strong>Ante</strong></span> 
     </span>
    </p>
   </div>
   <div class='ocr_carea' id='block_1_51' title="bbox 2187 933 3694 1002">
    <p class='ocr_par' dir='ltr' id='par_1_51' title="bbox 2187 933 3694 1002">
     <span class='ocr_line' id='line_1_51' title="bbox 2187 933 3694 1002; baseline 0.006 -12"><span class='ocrx_word' id='word_1_375' title='bbox 2187 933 2409 991; x_wconf 88' lang='lat' dir='ltr'><strong>Jericho</strong></span> <span class='ocrx_word' id='word_1_376' title='bbox 2457 951 2621 991; x_wconf 90' lang='lat' dir='ltr'><strong>secus</strong></span> <span class='ocrx_word' id='word_1_377' title='bbox 2651 935 2798 990; x_wconf 89' lang='lat' dir='ltr'><strong>viam</strong></span> <span class='ocrx_word' id='word_1_378' title='bbox 2844 936 2995 992; x_wconf 90' lang='lat' dir='ltr'><strong>stetit</strong></span> <span class='ocrx_word' id='word_1_379' title='bbox 3023 951 3204 992; x_wconf 75' lang='lat' dir='ltr'><strong>aecus</strong></span> <span class='ocrx_word' id='word_1_380' title='bbox 3236 937 3510 993; x_wconf 88' lang='lat' dir='ltr'><strong>mendicus</strong></span> <span class='ocrx_word' id='word_1_381' title='bbox 3537 943 3694 1002; x_wconf 81' lang='lat' dir='ltr'><strong>audiens</strong></span> 
     </span>
    </p>
   </div>
   <div class='ocr_carea' id='block_1_52' title="bbox 2189 1026 3695 1098">
    <p class='ocr_par' dir='ltr' id='par_1_52' title="bbox 2189 1026 3695 1098">
     <span class='ocr_line' id='line_1_52' title="bbox 2189 1026 3695 1098; baseline 0.004 -17"><span class='ocrx_word' id='word_1_382' title='bbox 2189 1027 2319 1097; x_wconf 90' lang='lat' dir='ltr'><strong>quia</strong></span> <span class='ocrx_word' id='word_1_383' title='bbox 2345 1026 2506 1084; x_wconf 90' lang='lat' dir='ltr'><strong>Jesus</strong></span> <span class='ocrx_word' id='word_1_384' title='bbox 2534 1028 2812 1096; x_wconf 88' lang='lat' dir='ltr'><strong>transiret,</strong></span> <span class='ocrx_word' id='word_1_385' title='bbox 2845 1029 3091 1084; x_wconf 88' lang='lat' dir='ltr'><strong>clamans</strong></span> <span class='ocrx_word' id='word_1_386' title='bbox 3119 1047 3133 1083; x_wconf 86' lang='lat'>:</span> <span class='ocrx_word' id='word_1_387' title='bbox 3159 1027 3292 1083; x_wconf 79' lang='lat' dir='ltr'><strong>Jesu</strong></span> <span class='ocrx_word' id='word_1_388' title='bbox 3325 1029 3409 1097; x_wconf 78' lang='lat' dir='ltr'><strong>[ili</strong></span> <span class='ocrx_word' id='word_1_389' title='bbox 3436 1028 3599 1098; x_wconf 70' lang='lat' dir='ltr'><strong>Dauid,</strong></span> <span class='ocrx_word' id='word_1_390' title='bbox 3630 1037 3695 1087; x_wconf 79' lang='lat' dir='ltr'><strong>ui-</strong></span> 
     </span>
    </p>
   </div>
   <div class='ocr_carea' id='block_1_53' title="bbox 2187 1121 3696 1194">
    <p class='ocr_par' dir='ltr' id='par_1_53' title="bbox 2187 1121 3696 1194">
     <span class='ocr_line' id='line_1_53' title="bbox 2187 1121 3696 1194; baseline 0.005 -19"><span class='ocrx_word' id='word_1_391' title='bbox 2187 1137 2358 1176; x_wconf 81' lang='lat' dir='ltr'><strong>serere</strong></span> <span class='ocrx_word' id='word_1_392' title='bbox 2389 1123 2491 1176; x_wconf 87' lang='lat' dir='ltr'><strong>mei</strong></span> <span class='ocrx_word' id='word_1_393' title='bbox 2522 1121 2676 1194; x_wconf 84' lang='lat' dir='ltr'><strong>(Luc.</strong></span> <span class='ocrx_word' id='word_1_394' title='bbox 2709 1139 2888 1188; x_wconf 57' lang='lat' dir='ltr'><strong>xvtttp</strong></span> <span class='ocrx_word' id='word_1_395' title='bbox 2915 1122 3029 1193; x_wconf 80' lang='lat'><strong>38),</strong></span> <span class='ocrx_word' id='word_1_396' title='bbox 3063 1123 3132 1178; x_wconf 87' lang='lat' dir='ltr'><strong>ab</strong></span> <span class='ocrx_word' id='word_1_397' title='bbox 3156 1137 3225 1178; x_wconf 88' lang='lat' dir='ltr'><strong>eo</strong></span> <span class='ocrx_word' id='word_1_398' title='bbox 3256 1123 3540 1179; x_wconf 80' lang='lat' dir='ltr'><strong>illuminari</strong></span> <span class='ocrx_word' id='word_1_399' title='bbox 3562 1131 3696 1184; x_wconf 75' lang='lat' dir='ltr'><strong>met-nit</strong></span> 
     </span>
    </p>
   </div>
   <div class='ocr_carea' id='block_1_54' title="bbox 2188 1213 3698 1286">
    <p class='ocr_par' dir='ltr' id='par_1_54' title="bbox 2188 1213 3698 1286">
     <span class='ocr_line' id='line_1_54' title="bbox 2188 1213 3698 1286; baseline 0.005 -17"><span class='ocrx_word' id='word_1_400' title='bbox 2188 1222 2300 1269; x_wconf 88' lang='lat' dir='ltr'><strong>tam</strong></span> <span class='ocrx_word' id='word_1_401' title='bbox 2327 1213 2570 1270; x_wconf 87' lang='lat' dir='ltr'><strong>exterius</strong></span> <span class='ocrx_word' id='word_1_402' title='bbox 2593 1230 2758 1286; x_wconf 90' lang='lat' dir='ltr'><strong>quam</strong></span> <span class='ocrx_word' id='word_1_403' title='bbox 2786 1214 3040 1272; x_wconf 90' lang='lat' dir='ltr'><strong>interius.</strong></span> <span class='ocrx_word' id='word_1_404' title='bbox 3068 1215 3255 1271; x_wconf 89' lang='lat' dir='ltr'><strong>Tertio</strong></span> <span class='ocrx_word' id='word_1_405' title='bbox 3283 1215 3460 1285; x_wconf 87' lang='lat' dir='ltr'><strong>lapide</strong></span> <span class='ocrx_word' id='word_1_406' title='bbox 3497 1232 3526 1272; x_wconf 89' lang='lat' dir='ltr'><strong>a</strong></span> <span class='ocrx_word' id='word_1_407' title='bbox 3549 1216 3698 1277; x_wconf 76' lang='lat' dir='ltr'><strong>Jericho</strong></span> 
     </span>
    </p>
   </div>
   <div class='ocr_carea' id='block_1_55' title="bbox 2187 1307 3698 1381">
    <p class='ocr_par' dir='ltr' id='par_1_55' title="bbox 2187 1307 3698 1381">
     <span class='ocr_line' id='line_1_55' title="bbox 2187 1307 3698 1381; baseline 0.003 -18"><span class='ocrx_word' id='word_1_408' title='bbox 2187 1307 2404 1363; x_wconf 92' lang='lat' dir='ltr'><strong>duobus</strong></span> <span class='ocrx_word' id='word_1_409' title='bbox 2431 1308 2760 1365; x_wconf 88' lang='lat' dir='ltr'><strong>milliaribus</strong></span> <span class='ocrx_word' id='word_1_410' title='bbox 2784 1325 2815 1365; x_wconf 88' lang='lat' dir='ltr'><strong>a</strong></span> <span class='ocrx_word' id='word_1_411' title='bbox 2838 1308 3079 1366; x_wconf 89' lang='lat' dir='ltr'><strong>Jordane</strong></span> <span class='ocrx_word' id='word_1_412' title='bbox 3105 1320 3192 1366; x_wconf 91' lang='lat' dir='ltr'><strong>est</strong></span> <span class='ocrx_word' id='word_1_413' title='bbox 3219 1307 3496 1381; x_wconf 84' lang='lat' dir='ltr'><strong>Bethagla,</strong></span> <span class='ocrx_word' id='word_1_414' title='bbox 3515 1312 3625 1380; x_wconf 82' lang='lat' dir='ltr'><strong>quod</strong></span> <span class='ocrx_word' id='word_1_415' title='bbox 3645 1314 3698 1367; x_wconf 85' lang='lat' dir='ltr'><strong>in-</strong></span> 
     </span>
    </p>
   </div>
   <div class='ocr_carea' id='block_1_56' title="bbox 2189 1401 3698 1473">
    <p class='ocr_par' dir='ltr' id='par_1_56' title="bbox 2189 1401 3698 1473">
     <span class='ocr_line' id='line_1_56' title="bbox 2189 1401 3698 1473; baseline 0.003 -18"><span class='ocrx_word' id='word_1_416' title='bbox 2189 1407 2519 1469; x_wconf 87' lang='lat' dir='ltr'><strong>terpretatur</strong></span> <span class='ocrx_word' id='word_1_417' title='bbox 2543 1401 2691 1456; x_wconf 85' lang='lat' dir='ltr'><strong>locus</strong></span> <span class='ocrx_word' id='word_1_418' title='bbox 2719 1402 2860 1472; x_wconf 80' lang='lat' dir='ltr'><strong>gyri,</strong></span> <span class='ocrx_word' id='word_1_419' title='bbox 2910 1417 2980 1458; x_wconf 90' lang='lat' dir='ltr'><strong>eo</strong></span> <span class='ocrx_word' id='word_1_420' title='bbox 3001 1402 3130 1473; x_wconf 89' lang='lat' dir='ltr'><strong>quia</strong></span> <span class='ocrx_word' id='word_1_421' title='bbox 3161 1401 3237 1456; x_wconf 87' lang='lat' dir='ltr'><strong>ibi</strong></span> <span class='ocrx_word' id='word_1_422' title='bbox 3265 1401 3606 1472; x_wconf 72' lang='lat' dir='ltr'><strong>plangentium</strong></span> <span class='ocrx_word' id='word_1_423' title='bbox 3626 1405 3698 1460; x_wconf 83' lang='lat' dir='ltr'><strong>cir-</strong></span> 
     </span>
    </p>
   </div>
   <div class='ocr_carea' id='block_1_57' title="bbox 2189 1491 3701 1566">
    <p class='ocr_par' dir='ltr' id='par_1_57' title="bbox 2189 1491 3701 1566">
     <span class='ocr_line' id='line_1_57' title="bbox 2189 1491 3701 1566; baseline 0.001 -17"><span class='ocrx_word' id='word_1_424' title='bbox 2189 1493 2432 1550; x_wconf 88' lang='lat' dir='ltr'><strong>euissent</strong></span> <span class='ocrx_word' id='word_1_425' title='bbox 2460 1491 2654 1550; x_wconf 82' lang='lat' dir='ltr'><strong>funera</strong></span> <span class='ocrx_word' id='word_1_426' title='bbox 2679 1493 2852 1550; x_wconf 88' lang='lat' dir='ltr'><strong>Jacob</strong></span> <span class='ocrx_word' id='word_1_427' title='bbox 2876 1495 2976 1550; x_wconf 84' lang='lat' dir='ltr'><strong>ﬁlii</strong></span> <span class='ocrx_word' id='word_1_428' title='bbox 3000 1495 3122 1565; x_wconf 88' lang='lat' dir='ltr'><strong>ejus</strong></span> <span class='ocrx_word' id='word_1_429' title='bbox 3143 1508 3391 1566; x_wconf 88' lang='lat' dir='ltr'><strong>gensque</strong></span> <span class='ocrx_word' id='word_1_430' title='bbox 3417 1508 3508 1548; x_wconf 89' lang='lat' dir='ltr'><strong>sua</strong></span> <span class='ocrx_word' id='word_1_431' title='bbox 3533 1494 3701 1551; x_wconf 73' lang='lat' dir='ltr'><strong>reicies-</strong></span> 
     </span>
    </p>
   </div>
   <div class='ocr_carea' id='block_1_58' title="bbox 2187 1586 3249 1660">
    <p class='ocr_par' dir='ltr' id='par_1_58' title="bbox 2187 1586 3249 1660">
     <span class='ocr_line' id='line_1_58' title="bbox 2187 1586 3249 1660; baseline 0.001 -19"><span class='ocrx_word' id='word_1_432' title='bbox 2187 1595 2272 1643; x_wconf 90' lang='lat' dir='ltr'><strong>tes</strong></span> <span class='ocrx_word' id='word_1_433' title='bbox 2293 1587 2546 1643; x_wconf 88' lang='lat' dir='ltr'><strong>eumdem</strong></span> <span class='ocrx_word' id='word_1_434' title='bbox 2572 1603 2639 1644; x_wconf 90' lang='lat' dir='ltr'><strong>ex</strong></span> <span class='ocrx_word' id='word_1_435' title='bbox 2667 1586 2908 1660; x_wconf 69' lang='lat' dir='ltr'><strong>Egypto</strong></span> <span class='ocrx_word' id='word_1_436' title='bbox 2927 1588 2983 1642; x_wconf 92' lang='lat' dir='ltr'><strong>in</strong></span> <span class='ocrx_word' id='word_1_437' title='bbox 3008 1586 3249 1643; x_wconf 83' lang='lat' dir='ltr'><strong>Hebron.</strong></span> 
     </span>
    </p>
   </div>
   <div class='ocr_carea' id='block_1_59' title="bbox 2258 1698 3703 1772">
    <p class='ocr_par' dir='ltr' id='par_1_59' title="bbox 2258 1698 3703 1772">
     <span class='ocr_line' id='line_1_59' title="bbox 2258 1698 3703 1772; baseline 0.002 -18"><span class='ocrx_word' id='word_1_438' title='bbox 2258 1699 2499 1772; x_wconf 83' lang='lat' dir='ltr'><strong>Engaddi</strong></span> <span class='ocrx_word' id='word_1_439' title='bbox 2533 1700 2590 1756; x_wconf 91' lang='lat' dir='ltr'><strong>in</strong></span> <span class='ocrx_word' id='word_1_440' title='bbox 2621 1701 2764 1758; x_wconf 89' lang='lat' dir='ltr'><strong>tribu</strong></span> <span class='ocrx_word' id='word_1_441' title='bbox 2791 1699 2931 1757; x_wconf 89' lang='lat' dir='ltr'><strong>Juda</strong></span> <span class='ocrx_word' id='word_1_442' title='bbox 2961 1701 3054 1757; x_wconf 89' lang='lat' dir='ltr'><strong>ubi</strong></span> <span class='ocrx_word' id='word_1_443' title='bbox 3083 1700 3373 1757; x_wconf 86' lang='lat' dir='ltr'><strong>abscondit</strong></span> <span class='ocrx_word' id='word_1_444' title='bbox 3416 1715 3472 1756; x_wconf 88' lang='lat' dir='ltr'><strong>se</strong></span> <span class='ocrx_word' id='word_1_445' title='bbox 3505 1698 3636 1756; x_wconf 77' lang='lat' dir='ltr'><strong>David</strong></span> <span class='ocrx_word' id='word_1_446' title='bbox 3667 1703 3703 1757; x_wconf 85' lang='lat' dir='ltr'><strong>in</strong></span> 
     </span>
    </p>
   </div>
   <div class='ocr_carea' id='block_1_60' title="bbox 2187 1788 3705 1862">
    <p class='ocr_par' dir='ltr' id='par_1_60' title="bbox 2187 1788 3705 1862">
     <span class='ocr_line' id='line_1_60' title="bbox 2187 1788 3705 1862; baseline 0.003 -18"><span class='ocrx_word' id='word_1_447' title='bbox 2187 1788 2502 1856; x_wconf 82' lang='lat' dir='ltr'><strong>solitudine,</strong></span> <span class='ocrx_word' id='word_1_448' title='bbox 2545 1807 2669 1862; x_wconf 64' lang='lat' dir='ltr'><strong>quae</strong></span> <span class='ocrx_word' id='word_1_449' title='bbox 2697 1801 2784 1846; x_wconf 91' lang='lat' dir='ltr'><strong>est</strong></span> <span class='ocrx_word' id='word_1_450' title='bbox 2828 1792 2885 1846; x_wconf 92' lang='lat' dir='ltr'><strong>in</strong></span> <span class='ocrx_word' id='word_1_451' title='bbox 2930 1791 3144 1847; x_wconf 86' lang='lat' dir='ltr'><strong>Aulone</strong></span> <span class='ocrx_word' id='word_1_452' title='bbox 3193 1791 3440 1857; x_wconf 79' lang='lat' dir='ltr'><strong>Jericho,</strong></span> <span class='ocrx_word' id='word_1_453' title='bbox 3477 1791 3565 1847; x_wconf 84' lang='lat' dir='ltr'><strong>hoc</strong></span> <span class='ocrx_word' id='word_1_454' title='bbox 3587 1794 3705 1848; x_wconf 82' lang='lat' dir='ltr'><strong>estin</strong></span> 
     </span>
    </p>
   </div>
   <div class='ocr_carea' id='block_1_61' title="bbox 2189 1881 3708 1956">
    <p class='ocr_par' dir='ltr' id='par_1_61' title="bbox 2189 1881 3708 1956">
     <span class='ocr_line' id='line_1_61' title="bbox 2189 1881 3708 1956; baseline 0.003 -21"><span class='ocrx_word' id='word_1_455' title='bbox 2189 1881 2412 1953; x_wconf 79' lang='lat' dir='ltr'><strong>regione</strong></span> <span class='ocrx_word' id='word_1_456' title='bbox 2442 1881 2531 1936; x_wconf 83' lang='lat' dir='ltr'><strong>illa</strong></span> <span class='ocrx_word' id='word_1_457' title='bbox 2560 1884 2872 1954; x_wconf 86' lang='lat' dir='ltr'><strong>campestri,</strong></span> <span class='ocrx_word' id='word_1_458' title='bbox 2915 1883 2983 1939; x_wconf 91' lang='lat' dir='ltr'><strong>de</strong></span> <span class='ocrx_word' id='word_1_459' title='bbox 3029 1900 3139 1954; x_wconf 89' lang='lat' dir='ltr'><strong>qua</strong></span> <span class='ocrx_word' id='word_1_460' title='bbox 3187 1899 3355 1954; x_wconf 89' lang='lat' dir='ltr'><strong>supra</strong></span> <span class='ocrx_word' id='word_1_461' title='bbox 3394 1883 3621 1956; x_wconf 80' lang='lat' dir='ltr'><strong>diximus;</strong></span> <span class='ocrx_word' id='word_1_462' title='bbox 3649 1903 3708 1940; x_wconf 75' lang='lat'><strong>\‘0-</strong></span> 
     </span>
    </p>
   </div>
   <div class='ocr_carea' id='block_1_62' title="bbox 2188 1973 3709 2048">
    <p class='ocr_par' dir='ltr' id='par_1_62' title="bbox 2188 1973 3709 2048">
     <span class='ocr_line' id='line_1_62' title="bbox 2188 1973 3709 2048; baseline 0.002 -19"><span class='ocrx_word' id='word_1_463' title='bbox 2188 1984 2345 2030; x_wconf 86' lang='lat' dir='ltr'><strong>catus</strong></span> <span class='ocrx_word' id='word_1_464' title='bbox 2382 1973 2545 2030; x_wconf 88' lang='lat' dir='ltr'><strong>Vicus</strong></span> <span class='ocrx_word' id='word_1_465' title='bbox 2585 1977 2907 2048; x_wconf 83' lang='lat' dir='ltr'><strong>pergrandis</strong></span> <span class='ocrx_word' id='word_1_466' title='bbox 2949 1975 3290 2045; x_wconf 65' lang='lat' dir='ltr'><strong>Judaaorutn,</strong></span> <span class='ocrx_word' id='word_1_467' title='bbox 3332 1975 3566 2047; x_wconf 61' lang='lat' dir='ltr'><strong>&#39;Engaddi</strong></span> <span class='ocrx_word' id='word_1_468' title='bbox 3600 1978 3709 2047; x_wconf 78' lang='lat' dir='ltr'><strong>juxta</strong></span> 
     </span>
    </p>
   </div>
   <div class='ocr_carea' id='block_1_63' title="bbox 2187 2067 3711 2141">
    <p class='ocr_par' dir='ltr' id='par_1_63' title="bbox 2187 2067 3711 2141">
     <span class='ocr_line' id='line_1_63' title="bbox 2187 2067 3711 2141; baseline 0.002 -19"><span class='ocrx_word' id='word_1_469' title='bbox 2187 2082 2341 2124; x_wconf 90' lang='lat' dir='ltr'><strong>mare</strong></span> <span class='ocrx_word' id='word_1_470' title='bbox 2370 2067 2668 2137; x_wconf 78' lang='lat' dir='ltr'><strong>Mortuum,</strong></span> <span class='ocrx_word' id='word_1_471' title='bbox 2701 2069 2845 2126; x_wconf 90' lang='lat' dir='ltr'><strong>unde</strong></span> <span class='ocrx_word' id='word_1_472' title='bbox 2875 2071 3254 2141; x_wconf 89' lang='lat' dir='ltr'><strong>pobalsamum</strong></span> <span class='ocrx_word' id='word_1_473' title='bbox 3286 2069 3468 2125; x_wconf 78' lang='lat' dir='ltr'><strong>aﬂ‘erri</strong></span> <span class='ocrx_word' id='word_1_474' title='bbox 3494 2070 3657 2125; x_wconf 82' lang='lat' dir='ltr'><strong>solebat</strong></span> <span class='ocrx_word' id='word_1_475' title='bbox 3675 2083 3711 2125; x_wconf 76' lang='lat' dir='ltr'><strong>et</strong></span> 
     </span>
    </p>
   </div>
   <div class='ocr_carea' id='block_1_64' title="bbox 2187 2159 3714 2233">
    <p class='ocr_par' dir='ltr' id='par_1_64' title="bbox 2187 2159 3714 2233">
     <span class='ocr_line' id='line_1_64' title="bbox 2187 2159 3714 2233; baseline 0.001 -19"><span class='ocrx_word' id='word_1_476' title='bbox 2187 2159 2360 2227; x_wconf 90' lang='lat' dir='ltr'><strong>oriri,</strong></span> <span class='ocrx_word' id='word_1_477' title='bbox 2400 2159 2546 2216; x_wconf 88' lang='lat' dir='ltr'><strong>unde</strong></span> <span class='ocrx_word' id='word_1_478' title='bbox 2578 2167 2633 2215; x_wconf 89' lang='lat' dir='ltr'><strong>et</strong></span> <span class='ocrx_word' id='word_1_479' title='bbox 2662 2161 2806 2216; x_wconf 67' lang='lat' dir='ltr'><strong>vittae</strong></span> <span class='ocrx_word' id='word_1_480' title='bbox 2846 2160 3092 2233; x_wconf 85' lang='lat' dir='ltr'><strong>Engaddi</strong></span> <span class='ocrx_word' id='word_1_481' title='bbox 3123 2169 3528 2230; x_wconf 89' lang='lat' dir='ltr'><strong>nuncupantur.</strong></span> <span class='ocrx_word' id='word_1_482' title='bbox 3565 2159 3714 2216; x_wconf 72' lang='lat' dir='ltr'><strong>Octavo</strong></span> 
     </span>
    </p>
   </div>
   <div class='ocr_carea' id='block_1_65' title="bbox 2188 2252 3710 2317">
    <p class='ocr_par' dir='ltr' id='par_1_65' title="bbox 2188 2252 3710 2317">
     <span class='ocr_line' id='line_1_65' title="bbox 2188 2252 3710 2317; baseline 0.001 -11"><span class='ocrx_word' id='word_1_483' title='bbox 2188 2252 2447 2307; x_wconf 89' lang='lat' dir='ltr'><strong>milliario</strong></span> <span class='ocrx_word' id='word_1_484' title='bbox 2481 2269 2511 2308; x_wconf 72' lang='grc' dir='ltr'><strong>τι</strong></span> <span class='ocrx_word' id='word_1_485' title='bbox 2550 2252 2820 2309; x_wconf 82' lang='lat' dir='ltr'><strong>Nazareth</strong></span> <span class='ocrx_word' id='word_1_486' title='bbox 2869 2261 3062 2310; x_wconf 86' lang='lat' dir='ltr'><strong>contra</strong></span> <span class='ocrx_word' id='word_1_487' title='bbox 3108 2253 3426 2309; x_wconf 90' lang='lat' dir='ltr'><strong>Carmelum</strong></span> <span class='ocrx_word' id='word_1_488' title='bbox 3469 2263 3545 2308; x_wconf 89' lang='lat' dir='ltr'><strong>est</strong></span> <span class='ocrx_word' id='word_1_489' title='bbox 3582 2269 3710 2317; x_wconf 85' lang='lat' dir='ltr'><strong>mons,</strong></span> 
     </span>
    </p>
   </div>
   <div class='ocr_carea' id='block_1_66' title="bbox 2189 2345 3715 2418">
    <p class='ocr_par' dir='ltr' id='par_1_66' title="bbox 2189 2345 3715 2418">
     <span class='ocr_line' id='line_1_66' title="bbox 2189 2345 3715 2418; baseline 0.002 -19"><span class='ocrx_word' id='word_1_490' title='bbox 2189 2346 2256 2400; x_wconf 91' lang='lat' dir='ltr'><strong>ad</strong></span> <span class='ocrx_word' id='word_1_491' title='bbox 2287 2345 2526 2402; x_wconf 88' lang='lat' dir='ltr'><strong>radicem</strong></span> <span class='ocrx_word' id='word_1_492' title='bbox 2559 2347 2718 2418; x_wconf 86' lang='lat' dir='ltr'><strong>cujus</strong></span> <span class='ocrx_word' id='word_1_493' title='bbox 2742 2348 2899 2417; x_wconf 82' lang='lat' dir='ltr'><strong>juxta</strong></span> <span class='ocrx_word' id='word_1_494' title='bbox 2929 2346 3157 2413; x_wconf 77' lang='lat' dir='ltr'><strong>fontem,</strong></span> <span class='ocrx_word' id='word_1_495' title='bbox 3200 2346 3442 2402; x_wconf 88' lang='lat' dir='ltr'><strong>Lamecb</strong></span> <span class='ocrx_word' id='word_1_496' title='bbox 3471 2355 3603 2417; x_wconf 81' lang='lat' dir='ltr'><strong>pater</strong></span> <span class='ocrx_word' id='word_1_497' title='bbox 3637 2345 3715 2402; x_wconf 68' lang='lat' dir='ltr'><strong>Noe</strong></span> 
     </span>
    </p>
   </div>
   <div class='ocr_carea' id='block_1_67' title="bbox 2189 2439 3716 2512">
    <p class='ocr_par' dir='ltr' id='par_1_67' title="bbox 2189 2439 3716 2512">
     <span class='ocr_line' id='line_1_67' title="bbox 2189 2439 3716 2512; baseline 0.002 -20"><span class='ocrx_word' id='word_1_498' title='bbox 2189 2439 2386 2510; x_wconf 81' lang='lat' dir='ltr'><strong>sagitta</strong></span> <span class='ocrx_word' id='word_1_499' title='bbox 2415 2456 2515 2495; x_wconf 90' lang='lat' dir='ltr'><strong>sua</strong></span> <span class='ocrx_word' id='word_1_500' title='bbox 2545 2441 2778 2512; x_wconf 88' lang='lat' dir='ltr'><strong>peremit</strong></span> <span class='ocrx_word' id='word_1_501' title='bbox 2797 2440 2956 2509; x_wconf 91' lang='lat' dir='ltr'><strong>Cain,</strong></span> <span class='ocrx_word' id='word_1_502' title='bbox 2979 2456 3224 2512; x_wconf 85' lang='lat' dir='ltr'><strong>arcuque</strong></span> <span class='ocrx_word' id='word_1_503' title='bbox 3245 2455 3355 2496; x_wconf 86' lang='lat' dir='ltr'><strong>suo</strong></span> <span class='ocrx_word' id='word_1_504' title='bbox 3373 2441 3560 2496; x_wconf 84' lang='lat' dir='ltr'><strong>ducem</strong></span> <span class='ocrx_word' id='word_1_505' title='bbox 3579 2457 3716 2506; x_wconf 73' lang='lat' dir='ltr'><strong>suum,</strong></span> 
     </span>
    </p>
   </div>
   <div class='ocr_carea' id='block_1_68' title="bbox 2189 2530 3719 2602">
    <p class='ocr_par' dir='ltr' id='par_1_68' title="bbox 2189 2530 3719 2602">
     <span class='ocr_line' id='line_1_68' title="bbox 2189 2530 3719 2602; baseline -0.001 -18"><span class='ocrx_word' id='word_1_506' title='bbox 2189 2530 2334 2586; x_wconf 88' lang='lat' dir='ltr'><strong>unde</strong></span> <span class='ocrx_word' id='word_1_507' title='bbox 2368 2530 2554 2586; x_wconf 80' lang='lat' dir='ltr'><strong>furore</strong></span> <span class='ocrx_word' id='word_1_508' title='bbox 2589 2531 2829 2602; x_wconf 88' lang='lat' dir='ltr'><strong>repletus</strong></span> <span class='ocrx_word' id='word_1_509' title='bbox 2871 2531 2951 2586; x_wconf 89' lang='lat' dir='ltr'><strong>ait</strong></span> <span class='ocrx_word' id='word_1_510' title='bbox 2995 2549 3010 2587; x_wconf 88' lang='lat'><strong>:</strong></span> <span class='ocrx_word' id='word_1_511' title='bbox 3058 2530 3465 2586; x_wconf 76' lang='lat' dir='ltr'><strong>Occidi&#39;rirum</strong></span> <span class='ocrx_word' id='word_1_512' title='bbox 3504 2533 3556 2584; x_wconf 83' lang='lat' dir='ltr'><strong>in</strong></span> <span class='ocrx_word' id='word_1_513' title='bbox 3585 2531 3719 2584; x_wconf 73' lang='lat' dir='ltr'><strong>ruinas</strong></span> 
     </span>
    </p>
   </div>
   <div class='ocr_carea' id='block_1_69' title="bbox 2189 2622 3721 2696">
    <p class='ocr_par' dir='ltr' id='par_1_69' title="bbox 2189 2622 3721 2696">
     <span class='ocr_line' id='line_1_69' title="bbox 2189 2622 3721 2696; baseline -0.001 -21"><span class='ocrx_word' id='word_1_514' title='bbox 2189 2638 2382 2688; x_wconf 83' lang='lat' dir='ltr'><strong>meum,</strong></span> <span class='ocrx_word' id='word_1_515' title='bbox 2415 2631 2465 2676; x_wconf 89' lang='lat' dir='ltr'><strong>et</strong></span> <span class='ocrx_word' id='word_1_516' title='bbox 2495 2622 2944 2677; x_wconf 84' lang='lat' dir='ltr'><strong>adolescentulum</strong></span> <span class='ocrx_word' id='word_1_517' title='bbox 2975 2623 3030 2677; x_wconf 88' lang='lat' dir='ltr'><strong>in</strong></span> <span class='ocrx_word' id='word_1_518' title='bbox 3065 2622 3286 2677; x_wconf 84' lang='lat' dir='ltr'><strong>livorem</strong></span> <span class='ocrx_word' id='word_1_519' title='bbox 3319 2639 3488 2677; x_wconf 82' lang='lat' dir='ltr'><strong>meum</strong></span> <span class='ocrx_word' id='word_1_520' title='bbox 3513 2622 3647 2696; x_wconf 78' lang='lat' dir='ltr'><strong>(Cen.</strong></span> <span class='ocrx_word' id='word_1_521' title='bbox 3670 2639 3721 2688; x_wconf 68' lang='grc' dir='ltr'><strong>ιγ,</strong></span> 
     </span>
    </p>
   </div>
   <div class='ocr_carea' id='block_1_70' title="bbox 2187 2713 3724 2786">
    <p class='ocr_par' dir='ltr' id='par_1_70' title="bbox 2187 2713 3724 2786">
     <span class='ocr_line' id='line_1_70' title="bbox 2187 2713 3724 2786; baseline 0 -19"><span class='ocrx_word' id='word_1_522' title='bbox 2187 2713 2302 2783; x_wconf 75' lang='lat'><strong>23).</strong></span> <span class='ocrx_word' id='word_1_523' title='bbox 2337 2713 2409 2769; x_wconf 92' lang='lat' dir='ltr'><strong>De</strong></span> <span class='ocrx_word' id='word_1_524' title='bbox 2437 2713 2574 2769; x_wconf 91' lang='lat' dir='ltr'><strong>Cain</strong></span> <span class='ocrx_word' id='word_1_525' title='bbox 2602 2730 2733 2770; x_wconf 82' lang='lat' dir='ltr'><strong>vero</strong></span> <span class='ocrx_word' id='word_1_526' title='bbox 2761 2713 3028 2771; x_wconf 90' lang='lat' dir='ltr'><strong>Dominus</strong></span> <span class='ocrx_word' id='word_1_527' title='bbox 3055 2716 3388 2786; x_wconf 75' lang='lat' dir='ltr'><strong>praedixerat</strong></span> <span class='ocrx_word' id='word_1_528' title='bbox 3413 2735 3426 2770; x_wconf 92' lang='lat'><strong>:</strong></span> <span class='ocrx_word' id='word_1_529' title='bbox 3456 2713 3620 2770; x_wconf 72' lang='lat' dir='ltr'><strong>Omnis</strong></span> <span class='ocrx_word' id='word_1_530' title='bbox 3662 2717 3724 2784; x_wconf 76' lang='lat' dir='ltr'><strong>qui</strong></span> 
     </span>
    </p>
   </div>
   <div class='ocr_carea' id='block_1_71' title="bbox 2189 2805 3725 2880">
    <p class='ocr_par' dir='ltr' id='par_1_71' title="bbox 2189 2805 3725 2880">
     <span class='ocr_line' id='line_1_71' title="bbox 2189 2805 3725 2880; baseline 0.001 -22"><span class='ocrx_word' id='word_1_531' title='bbox 2189 2805 2442 2860; x_wconf 85' lang='lat' dir='ltr'><strong>occiderit</strong></span> <span class='ocrx_word' id='word_1_532' title='bbox 2467 2805 2624 2869; x_wconf 88' lang='lat' dir='ltr'><strong>Cain,</strong></span> <span class='ocrx_word' id='word_1_533' title='bbox 2649 2807 2946 2878; x_wconf 85' lang='lat' dir='ltr'><strong>septuplum</strong></span> <span class='ocrx_word' id='word_1_534' title='bbox 2984 2809 3235 2878; x_wconf 87' lang='lat' dir='ltr'><strong>punietur</strong></span> <span class='ocrx_word' id='word_1_535' title='bbox 3257 2807 3439 2880; x_wconf 82' lang='lat' dir='ltr'><strong>(ibid.,</strong></span> <span class='ocrx_word' id='word_1_536' title='bbox 3465 2807 3568 2876; x_wconf 74' lang='lat'><strong>{5).</strong></span> <span class='ocrx_word' id='word_1_537' title='bbox 3589 2805 3725 2860; x_wconf 84' lang='lat' dir='ltr'><strong>Tertio</strong></span> 
     </span>
    </p>
   </div>
   <div class='ocr_carea' id='block_1_72' title="bbox 2192 2896 3726 2969">
    <p class='ocr_par' dir='ltr' id='par_1_72' title="bbox 2192 2896 3726 2969">
     <span class='ocr_line' id='line_1_72' title="bbox 2192 2896 3726 2969; baseline 0.001 -19"><span class='ocrx_word' id='word_1_538' title='bbox 2192 2896 2450 2969; x_wconf 78' lang='lat' dir='ltr'><strong>milliario</strong></span> <span class='ocrx_word' id='word_1_539' title='bbox 2489 2913 2520 2952; x_wconf 95' lang='lat' dir='ltr'><strong>a</strong></span> <span class='ocrx_word' id='word_1_540' title='bbox 2558 2896 2714 2953; x_wconf 91' lang='lat' dir='ltr'><strong>Caim</strong></span> <span class='ocrx_word' id='word_1_541' title='bbox 2757 2907 2944 2954; x_wconf 85' lang='lat' dir='ltr'><strong>monte</strong></span> <span class='ocrx_word' id='word_1_542' title='bbox 2992 2915 3152 2956; x_wconf 90' lang='lat' dir='ltr'><strong>mons</strong></span> <span class='ocrx_word' id='word_1_543' title='bbox 3177 2898 3443 2968; x_wconf 87' lang='lat' dir='ltr'><strong>Carmeli,</strong></span> <span class='ocrx_word' id='word_1_544' title='bbox 3486 2899 3548 2955; x_wconf 88' lang='lat' dir='ltr'><strong>de</strong></span> <span class='ocrx_word' id='word_1_545' title='bbox 3581 2899 3726 2969; x_wconf 84' lang='lat' dir='ltr'><strong>quoin</strong></span> 
     </span>
    </p>
   </div>
   <div class='ocr_carea' id='block_1_73' title="bbox 2188 2988 3729 3065">
    <p class='ocr_par' dir='ltr' id='par_1_73' title="bbox 2188 2988 3729 3065">
     <span class='ocr_line' id='line_1_73' title="bbox 2188 2988 3729 3065; baseline 0 -21"><span class='ocrx_word' id='word_1_546' title='bbox 2188 2988 2433 3046; x_wconf 88' lang='lat' dir='ltr'><strong>Canticis</strong></span> <span class='ocrx_word' id='word_1_547' title='bbox 2462 3009 2475 3044; x_wconf 90' lang='lat'><strong>:</strong></span> <span class='ocrx_word' id='word_1_548' title='bbox 2503 2989 2716 3046; x_wconf 83' lang='lat' dir='ltr'><strong>Collum</strong></span> <span class='ocrx_word' id='word_1_549' title='bbox 2747 3000 2896 3047; x_wconf 83' lang='lat' dir='ltr'><strong>tuum</strong></span> <span class='ocrx_word' id='word_1_550' title='bbox 2935 3002 2994 3046; x_wconf 69' lang='lat' dir='ltr'><strong>ut</strong></span> <span class='ocrx_word' id='word_1_551' title='bbox 3030 2991 3312 3048; x_wconf 84' lang='lat' dir='ltr'><strong>Carmelus</strong></span> <span class='ocrx_word' id='word_1_552' title='bbox 3358 2991 3534 3065; x_wconf 83' lang='lat' dir='ltr'><strong>(Cant.</strong></span> <span class='ocrx_word' id='word_1_553' title='bbox 3563 3007 3643 3058; x_wconf 80' lang='lat' dir='ltr'><strong>vn,</strong></span> <span class='ocrx_word' id='word_1_554' title='bbox 3673 2991 3729 3056; x_wconf 77' lang='lat'><strong>5),</strong></span> 
     </span>
    </p>
   </div>
   <div class='ocr_carea' id='block_1_74' title="bbox 2193 3081 3729 3156">
    <p class='ocr_par' dir='ltr' id='par_1_74' title="bbox 2193 3081 3729 3156">
     <span class='ocr_line' id='line_1_74' title="bbox 2193 3081 3729 3156; baseline -0.001 -21"><span class='ocrx_word' id='word_1_555' title='bbox 2193 3081 2248 3135; x_wconf 84' lang='lat' dir='ltr'><strong>in</strong></span> <span class='ocrx_word' id='word_1_556' title='bbox 2295 3097 2408 3152; x_wconf 91' lang='lat' dir='ltr'><strong>quo</strong></span> <span class='ocrx_word' id='word_1_557' title='bbox 2455 3091 2510 3139; x_wconf 92' lang='lat' dir='ltr'><strong>et</strong></span> <span class='ocrx_word' id='word_1_558' title='bbox 2557 3085 2790 3139; x_wconf 90' lang='lat' dir='ltr'><strong>multum</strong></span> <span class='ocrx_word' id='word_1_559' title='bbox 2830 3084 3093 3156; x_wconf 89' lang='lat' dir='ltr'><strong>temporis</strong></span> <span class='ocrx_word' id='word_1_560' title='bbox 3141 3085 3466 3141; x_wconf 82' lang='lat' dir='ltr'><strong>conversari</strong></span> <span class='ocrx_word' id='word_1_561' title='bbox 3505 3083 3653 3141; x_wconf 83' lang='lat' dir='ltr'><strong>voluit</strong></span> <span class='ocrx_word' id='word_1_562' title='bbox 3685 3082 3729 3135; x_wconf 79' lang='grc' dir='ltr'><strong>Β.</strong></span> 
     </span>
    </p>
   </div>
   <div class='ocr_carea' id='block_1_75' title="bbox 2115 3173 3735 3270">
    <p class='ocr_par' dir='ltr' id='par_1_75' title="bbox 2115 3173 3735 3270">
     <span class='ocr_line' id='line_1_75' title="bbox 2115 3173 3735 3270; baseline -0.001 -42"><span class='ocrx_word' id='word_1_563' title='bbox 2115 3208 2160 3270; x_wconf 79' lang='lat' dir='ltr'><strong>C</strong></span> <span class='ocrx_word' id='word_1_564' title='bbox 2194 3173 2360 3242; x_wconf 87' lang='lat' dir='ltr'><strong>Elias,</strong></span> <span class='ocrx_word' id='word_1_565' title='bbox 2391 3175 2622 3246; x_wconf 84' lang='lat' dir='ltr'><strong>ejusque</strong></span> <span class='ocrx_word' id='word_1_566' title='bbox 2650 3177 2952 3248; x_wconf 83' lang='lat' dir='ltr'><strong>discipulus</strong></span> <span class='ocrx_word' id='word_1_567' title='bbox 2988 3194 3113 3233; x_wconf 91' lang='lat' dir='ltr'><strong>cum</strong></span> <span class='ocrx_word' id='word_1_568' title='bbox 3147 3193 3212 3233; x_wconf 91' lang='lat' dir='ltr'><strong>eo</strong></span> <span class='ocrx_word' id='word_1_569' title='bbox 3250 3177 3313 3233; x_wconf 84' lang='lat' dir='ltr'><strong>B.</strong></span> <span class='ocrx_word' id='word_1_570' title='bbox 3345 3177 3573 3234; x_wconf 83' lang='lat' dir='ltr'><strong>Eliseus.</strong></span> <span class='ocrx_word' id='word_1_571' title='bbox 3612 3175 3735 3230; x_wconf 75' lang='lat' dir='ltr'><strong>Sexto</strong></span> 
     </span>
    </p>
   </div>
   <div class='ocr_carea' id='block_1_76' title="bbox 2192 3266 3736 3341">
    <p class='ocr_par' dir='ltr' id='par_1_76' title="bbox 2192 3266 3736 3341">
     <span class='ocr_line' id='line_1_76' title="bbox 2192 3266 3736 3341; baseline -0.002 -19"><span class='ocrx_word' id='word_1_572' title='bbox 2192 3266 2452 3323; x_wconf 90' lang='lat' dir='ltr'><strong>milliario</strong></span> <span class='ocrx_word' id='word_1_573' title='bbox 2485 3284 2516 3322; x_wconf 91' lang='lat' dir='ltr'><strong>a</strong></span> <span class='ocrx_word' id='word_1_574' title='bbox 2545 3266 2816 3323; x_wconf 84' lang='lat' dir='ltr'><strong>Nazareth</strong></span> <span class='ocrx_word' id='word_1_575' title='bbox 2861 3277 3052 3326; x_wconf 88' lang='lat' dir='ltr'><strong>contra</strong></span> <span class='ocrx_word' id='word_1_576' title='bbox 3097 3285 3240 3341; x_wconf 84' lang='lat' dir='ltr'><strong>genu</strong></span> <span class='ocrx_word' id='word_1_577' title='bbox 3280 3279 3370 3326; x_wconf 90' lang='lat' dir='ltr'><strong>est</strong></span> <span class='ocrx_word' id='word_1_578' title='bbox 3410 3270 3563 3325; x_wconf 88' lang='lat' dir='ltr'><strong>locus</strong></span> <span class='ocrx_word' id='word_1_579' title='bbox 3587 3268 3736 3337; x_wconf 85' lang='lat' dir='ltr'><strong>inquo</strong></span> 
     </span>
    </p>
   </div>
   <div class='ocr_carea' id='block_1_77' title="bbox 2190 3359 3735 3437">
    <p class='ocr_par' dir='ltr' id='par_1_77' title="bbox 2190 3359 3735 3437">
     <span class='ocr_line' id='line_1_77' title="bbox 2190 3359 3735 3437; baseline -0.003 -21"><span class='ocrx_word' id='word_1_580' title='bbox 2190 3361 2329 3437; x_wconf 68' lang='lat' dir='ltr'><strong>Jehu</strong></span> <span class='ocrx_word' id='word_1_581' title='bbox 2369 3377 2463 3418; x_wconf 89' lang='lat' dir='ltr'><strong>rex</strong></span> <span class='ocrx_word' id='word_1_582' title='bbox 2512 3361 2975 3434; x_wconf 81' lang='lat' dir='ltr'><strong>lsraelpercusstt</strong></span> <span class='ocrx_word' id='word_1_583' title='bbox 3025 3361 3325 3419; x_wconf 87' lang='lat' dir='ltr'><strong>Oehoziam</strong></span> <span class='ocrx_word' id='word_1_584' title='bbox 3382 3378 3562 3435; x_wconf 81' lang='lat' dir='ltr'><strong>regem</strong></span> <span class='ocrx_word' id='word_1_585' title='bbox 3607 3359 3735 3414; x_wconf 66' lang='lat' dir='ltr'><strong>Judas.</strong></span> 
     </span>
    </p>
   </div>
   <div class='ocr_carea' id='block_1_78' title="bbox 2193 3450 3734 3510">
    <p class='ocr_par' dir='ltr' id='par_1_78' title="bbox 2193 3450 3734 3510">
     <span class='ocr_line' id='line_1_78' title="bbox 2193 3450 3734 3510; baseline -0.003 -3"><span class='ocrx_word' id='word_1_586' title='bbox 2193 3451 2360 3508; x_wconf 84' lang='lat' dir='ltr'><strong>Sexto</strong></span> <span class='ocrx_word' id='word_1_587' title='bbox 2393 3453 2606 3508; x_wconf 90' lang='lat' dir='ltr'><strong>decimo</strong></span> <span class='ocrx_word' id='word_1_588' title='bbox 2636 3455 2894 3510; x_wconf 90' lang='lat' dir='ltr'><strong>milliario</strong></span> <span class='ocrx_word' id='word_1_589' title='bbox 2923 3471 2953 3509; x_wconf 90' lang='lat' dir='ltr'><strong>a</strong></span> <span class='ocrx_word' id='word_1_590' title='bbox 2993 3453 3266 3509; x_wconf 82' lang='lat' dir='ltr'><strong>Nazaretlt</strong></span> <span class='ocrx_word' id='word_1_591' title='bbox 3297 3463 3498 3510; x_wconf 90' lang='lat' dir='ltr'><strong>contra</strong></span> <span class='ocrx_word' id='word_1_592' title='bbox 3521 3450 3734 3508; x_wconf 84' lang='lat' dir='ltr'><strong>orientem</strong></span> 
     </span>
    </p>
   </div>
   <div class='ocr_carea' id='block_1_79' title="bbox 2191 3545 3738 3619">
    <p class='ocr_par' dir='ltr' id='par_1_79' title="bbox 2191 3545 3738 3619">
     <span class='ocr_line' id='line_1_79' title="bbox 2191 3545 3738 3619; baseline -0.003 -18"><span class='ocrx_word' id='word_1_593' title='bbox 2191 3561 2360 3617; x_wconf 90' lang='lat' dir='ltr'><strong>supra</strong></span> <span class='ocrx_word' id='word_1_594' title='bbox 2380 3562 2532 3602; x_wconf 88' lang='lat' dir='ltr'><strong>mare</strong></span> <span class='ocrx_word' id='word_1_595' title='bbox 2554 3546 2790 3602; x_wconf 69' lang='lat' dir='ltr'><strong>Galiltezr</strong></span> <span class='ocrx_word' id='word_1_596' title='bbox 2809 3556 2893 3602; x_wconf 89' lang='lat' dir='ltr'><strong>est</strong></span> <span class='ocrx_word' id='word_1_597' title='bbox 2917 3545 3192 3619; x_wconf 80' lang='lat' dir='ltr'><strong>Gergessa.</strong></span> <span class='ocrx_word' id='word_1_598' title='bbox 3217 3548 3440 3604; x_wconf 88' lang='lat' dir='ltr'><strong>viculus</strong></span> <span class='ocrx_word' id='word_1_599' title='bbox 3461 3548 3572 3605; x_wconf 80' lang='lat' dir='ltr'><strong>ille.</strong></span> <span class='ocrx_word' id='word_1_600' title='bbox 3661 3558 3738 3614; x_wconf 76' lang='lat' dir='ltr'><strong>quo</strong></span> 
     </span>
    </p>
   </div>
   <div class='ocr_carea' id='block_1_80' title="bbox 2193 3633 3744 3709">
    <p class='ocr_par' dir='ltr' id='par_1_80' title="bbox 2193 3633 3744 3709">
     <span class='ocr_line' id='line_1_80' title="bbox 2193 3633 3744 3709; baseline -0.006 -17"><span class='ocrx_word' id='word_1_601' title='bbox 2193 3636 2444 3692; x_wconf 88' lang='lat' dir='ltr'><strong>Salvator</strong></span> <span class='ocrx_word' id='word_1_602' title='bbox 2481 3653 2578 3693; x_wconf 86' lang='lat' dir='ltr'><strong>eos</strong></span> <span class='ocrx_word' id='word_1_603' title='bbox 2616 3639 2710 3709; x_wconf 90' lang='lat' dir='ltr'><strong>qui</strong></span> <span class='ocrx_word' id='word_1_604' title='bbox 2746 3654 2776 3692; x_wconf 91' lang='lat' dir='ltr'><strong>a</strong></span> <span class='ocrx_word' id='word_1_605' title='bbox 2817 3637 3162 3696; x_wconf 65' lang='lat' dir='ltr'><strong>deemonibus</strong></span> <span class='ocrx_word' id='word_1_606' title='bbox 3188 3637 3538 3693; x_wconf 78' lang='lat' dir='ltr'><strong>vexabantur</strong></span> <span class='ocrx_word' id='word_1_607' title='bbox 3569 3633 3744 3689; x_wconf 75' lang='lat' dir='ltr'><strong>sanitati</strong></span> 
     </span>
    </p>
   </div>
   <div class='ocr_carea' id='block_1_81' title="bbox 2190 3725 3746 3801">
    <p class='ocr_par' dir='ltr' id='par_1_81' title="bbox 2190 3725 3746 3801">
     <span class='ocr_line' id='line_1_81' title="bbox 2190 3725 3746 3801; baseline -0.004 -17"><span class='ocrx_word' id='word_1_608' title='bbox 2190 3729 2448 3796; x_wconf 89' lang='lat' dir='ltr'><strong>restituit,</strong></span> <span class='ocrx_word' id='word_1_609' title='bbox 2479 3745 2545 3784; x_wconf 87' lang='lat' dir='ltr'><strong>ex</strong></span> <span class='ocrx_word' id='word_1_610' title='bbox 2575 3746 2708 3800; x_wconf 90' lang='lat' dir='ltr'><strong>quo,</strong></span> <span class='ocrx_word' id='word_1_611' title='bbox 2734 3739 2788 3785; x_wconf 89' lang='lat' dir='ltr'><strong>et</strong></span> <span class='ocrx_word' id='word_1_612' title='bbox 2819 3729 2876 3784; x_wconf 91' lang='lat' dir='ltr'><strong>in</strong></span> <span class='ocrx_word' id='word_1_613' title='bbox 2907 3730 3046 3785; x_wconf 91' lang='lat' dir='ltr'><strong>mari</strong></span> <span class='ocrx_word' id='word_1_614' title='bbox 3074 3730 3228 3801; x_wconf 91' lang='lat' dir='ltr'><strong>porci</strong></span> <span class='ocrx_word' id='word_1_615' title='bbox 3263 3728 3625 3800; x_wconf 62' lang='lat' dir='ltr'><strong>praecipitium</strong></span> <span class='ocrx_word' id='word_1_616' title='bbox 3648 3725 3746 3780; x_wconf 50' lang='lat' dir='ltr'><strong>suis</strong></span> 
     </span>
    </p>
   </div>
   <div class='ocr_carea' id='block_1_82' title="bbox 2190 3820 3741 3878">
    <p class='ocr_par' dir='ltr' id='par_1_82' title="bbox 2190 3820 3741 3878">
     <span class='ocr_line' id='line_1_82' title="bbox 2190 3820 3741 3878; baseline -0.003 -1"><span class='ocrx_word' id='word_1_617' title='bbox 2190 3823 2322 3878; x_wconf 88' lang='lat' dir='ltr'><strong>iere.</strong></span> <span class='ocrx_word' id='word_1_618' title='bbox 2357 3822 2526 3878; x_wconf 90' lang='lat' dir='ltr'><strong>Sexto</strong></span> <span class='ocrx_word' id='word_1_619' title='bbox 2545 3822 2759 3878; x_wconf 89' lang='lat' dir='ltr'><strong>decimo</strong></span> <span class='ocrx_word' id='word_1_620' title='bbox 2783 3822 3036 3876; x_wconf 88' lang='lat' dir='ltr'><strong>milliario</strong></span> <span class='ocrx_word' id='word_1_621' title='bbox 3063 3838 3094 3876; x_wconf 92' lang='lat' dir='ltr'><strong>a</strong></span> <span class='ocrx_word' id='word_1_622' title='bbox 3119 3830 3310 3876; x_wconf 90' lang='lat' dir='ltr'><strong>monte</strong></span> <span class='ocrx_word' id='word_1_623' title='bbox 3335 3820 3579 3876; x_wconf 87' lang='lat' dir='ltr'><strong>Carmeli</strong></span> <span class='ocrx_word' id='word_1_624' title='bbox 3655 3825 3741 3872; x_wconf 70' lang='lat' dir='ltr'><strong>nm</strong></span> 
     </span>
    </p>
   </div>
   <div class='ocr_carea' id='block_1_83' title="bbox 2191 3915 3752 3986">
    <p class='ocr_par' dir='ltr' id='par_1_83' title="bbox 2191 3915 3752 3986">
     <span class='ocr_line' id='line_1_83' title="bbox 2191 3915 3752 3986; baseline -0.001 -12"><span class='ocrx_word' id='word_1_625' title='bbox 2191 3918 2474 3974; x_wconf 81' lang='lat' dir='ltr'><strong>meridiem</strong></span> <span class='ocrx_word' id='word_1_626' title='bbox 2503 3926 2587 3974; x_wconf 89' lang='lat' dir='ltr'><strong>est</strong></span> <span class='ocrx_word' id='word_1_627' title='bbox 2614 3917 2879 3973; x_wconf 67' lang='lat' dir='ltr'><strong>Caesarum</strong></span> <span class='ocrx_word' id='word_1_628' title='bbox 2901 3916 3188 3972; x_wconf 78' lang='lat' dir='ltr'><strong>Palestina:</strong></span> <span class='ocrx_word' id='word_1_629' title='bbox 3217 3915 3568 3986; x_wconf 85' lang='lat' dir='ltr'><strong>metropolis,</strong></span> <span class='ocrx_word' id='word_1_630' title='bbox 3591 3930 3648 3969; x_wconf 86' lang='lat' dir='ltr'><strong>ex</strong></span> <span class='ocrx_word' id='word_1_631' title='bbox 3675 3919 3752 3972; x_wconf 65' lang='grc' dir='ltr'><strong>ειυθ</strong></span> 
     </span>
    </p>
   </div>
   <div class='ocr_carea' id='block_1_84' title="bbox 2189 4004 3753 4079">
    <p class='ocr_par' dir='ltr' id='par_1_84' title="bbox 2189 4004 3753 4079">
     <span class='ocr_line' id='line_1_84' title="bbox 2189 4004 3753 4079; baseline -0.007 -12"><span class='ocrx_word' id='word_1_632' title='bbox 2189 4011 2294 4067; x_wconf 80' lang='lat' dir='ltr'><strong>fuit</strong></span> <span class='ocrx_word' id='word_1_633' title='bbox 2336 4010 2626 4067; x_wconf 91' lang='lat' dir='ltr'><strong>Cornelius</strong></span> <span class='ocrx_word' id='word_1_634' title='bbox 2669 4009 2947 4076; x_wconf 87' lang='lat' dir='ltr'><strong>centurio,</strong></span> <span class='ocrx_word' id='word_1_635' title='bbox 2993 4024 3156 4079; x_wconf 87' lang='lat' dir='ltr'><strong>quem</strong></span> <span class='ocrx_word' id='word_1_636' title='bbox 3192 4007 3248 4062; x_wconf 90' lang='lat' dir='ltr'><strong>in</strong></span> <span class='ocrx_word' id='word_1_637' title='bbox 3279 4023 3346 4062; x_wconf 85' lang='lat' dir='ltr'><strong>ea</strong></span> <span class='ocrx_word' id='word_1_638' title='bbox 3394 4005 3676 4077; x_wconf 79' lang='lat' dir='ltr'><strong>baptizavit</strong></span> <span class='ocrx_word' id='word_1_639' title='bbox 3710 4004 3753 4057; x_wconf 82' lang='grc' dir='ltr'><strong>Β.</strong></span> 
     </span>
    </p>
   </div>
   <div class='ocr_carea' id='block_1_85' title="bbox 2189 4094 3754 4170">
    <p class='ocr_par' dir='ltr' id='par_1_85' title="bbox 2189 4094 3754 4170">
     <span class='ocr_line' id='line_1_85' title="bbox 2189 4094 3754 4170; baseline -0.005 -13"><span class='ocrx_word' id='word_1_640' title='bbox 2189 4103 2385 4160; x_wconf 89' lang='lat' dir='ltr'><strong>Petrus</strong></span> <span class='ocrx_word' id='word_1_641' title='bbox 2409 4145 2424 4170; x_wconf 98' lang='lat'><strong>,</strong></span> <span class='ocrx_word' id='word_1_642' title='bbox 2475 4111 2530 4158; x_wconf 92' lang='lat' dir='ltr'><strong>et</strong></span> <span class='ocrx_word' id='word_1_643' title='bbox 2577 4101 2784 4157; x_wconf 87' lang='lat' dir='ltr'><strong>creavit</strong></span> <span class='ocrx_word' id='word_1_644' title='bbox 2814 4101 2869 4154; x_wconf 92' lang='lat' dir='ltr'><strong>in</strong></span> <span class='ocrx_word' id='word_1_645' title='bbox 2901 4100 3217 4170; x_wconf 91' lang='lat' dir='ltr'><strong>episcopum</strong></span> <span class='ocrx_word' id='word_1_646' title='bbox 3245 4141 3260 4164; x_wconf 94' lang='lat'><strong>,</strong></span> <span class='ocrx_word' id='word_1_647' title='bbox 3297 4099 3358 4153; x_wconf 91' lang='lat' dir='ltr'><strong>in</strong></span> <span class='ocrx_word' id='word_1_648' title='bbox 3399 4114 3512 4168; x_wconf 87' lang='lat' dir='ltr'><strong>qua</strong></span> <span class='ocrx_word' id='word_1_649' title='bbox 3547 4107 3597 4151; x_wconf 89' lang='lat' dir='ltr'><strong>et</strong></span> <span class='ocrx_word' id='word_1_650' title='bbox 3627 4094 3754 4149; x_wconf 77' lang='lat' dir='ltr'><strong>turris</strong></span> 
     </span>
    </p>
   </div>
   <div class='ocr_carea' id='block_1_86' title="bbox 2193 4185 3755 4263">
    <p class='ocr_par' dir='ltr' id='par_1_86' title="bbox 2193 4185 3755 4263">
     <span class='ocr_line' id='line_1_86' title="bbox 2193 4185 3755 4263; baseline -0.01 -12"><span class='ocrx_word' id='word_1_651' title='bbox 2193 4195 2488 4261; x_wconf 89' lang='lat' dir='ltr'><strong>Stratonis,</strong></span> <span class='ocrx_word' id='word_1_652' title='bbox 2525 4193 2582 4247; x_wconf 91' lang='lat' dir='ltr'><strong>in</strong></span> <span class='ocrx_word' id='word_1_653' title='bbox 2621 4208 2730 4263; x_wconf 90' lang='lat' dir='ltr'><strong>qua</strong></span> <span class='ocrx_word' id='word_1_654' title='bbox 2753 4202 2810 4247; x_wconf 87' lang='lat' dir='ltr'><strong>et</strong></span> <span class='ocrx_word' id='word_1_655' title='bbox 2853 4189 3096 4246; x_wconf 82' lang='lat' dir='ltr'><strong>Herodes</strong></span> <span class='ocrx_word' id='word_1_656' title='bbox 3130 4197 3326 4246; x_wconf 87' lang='lat' dir='ltr'><strong>contra</strong></span> <span class='ocrx_word' id='word_1_657' title='bbox 3359 4189 3649 4244; x_wconf 85' lang='lat' dir='ltr'><strong>adventum</strong></span> <span class='ocrx_word' id='word_1_658' title='bbox 3672 4185 3755 4237; x_wconf 66' lang='lat' dir='ltr'><strong>Att-</strong></span> 
     </span>
    </p>
   </div>
   <div class='ocr_carea' id='block_1_87' title="bbox 2162 4281 3756 4360">
    <p class='ocr_par' dir='ltr' id='par_1_87' title="bbox 2162 4281 3756 4360">
     <span class='ocr_line' id='line_1_87' title="bbox 2162 4281 3756 4360; baseline -0.009 -17"><span class='ocrx_word' id='word_1_659' title='bbox 2162 4331 2163 4336; x_wconf 57' lang='grc' dir='ltr'><strong>η</strong></span> <span class='ocrx_word' id='word_1_660' title='bbox 2189 4287 2335 4360; x_wconf 86' lang='lat' dir='ltr'><strong>gusti</strong></span> <span class='ocrx_word' id='word_1_661' title='bbox 2363 4284 2599 4341; x_wconf 71' lang='lat' dir='ltr'><strong>Caesaris</strong></span> <span class='ocrx_word' id='word_1_662' title='bbox 2628 4282 2936 4339; x_wconf 82' lang='lat' dir='ltr'><strong>construxit</strong></span> <span class='ocrx_word' id='word_1_663' title='bbox 2966 4281 3088 4337; x_wconf 88' lang='lat' dir='ltr'><strong>albo</strong></span> <span class='ocrx_word' id='word_1_664' title='bbox 3129 4281 3197 4336; x_wconf 90' lang='lat' dir='ltr'><strong>de</strong></span> <span class='ocrx_word' id='word_1_665' title='bbox 3236 4295 3533 4336; x_wconf 85' lang='lat' dir='ltr'><strong>marmore</strong></span> <span class='ocrx_word' id='word_1_666' title='bbox 3560 4286 3756 4350; x_wconf 86' lang='lat' dir='ltr'><strong>portum,</strong></span> 
     </span>
    </p>
   </div>
   <div class='ocr_carea' id='block_1_88' title="bbox 2190 4372 3757 4453">
    <p class='ocr_par' dir='ltr' id='par_1_88' title="bbox 2190 4372 3757 4453">
     <span class='ocr_line' id='line_1_88' title="bbox 2190 4372 3757 4453; baseline -0.01 -15"><span class='ocrx_word' id='word_1_667' title='bbox 2190 4383 2307 4453; x_wconf 88' lang='lat' dir='ltr'><strong>ipse</strong></span> <span class='ocrx_word' id='word_1_668' title='bbox 2330 4380 2472 4437; x_wconf 91' lang='lat' dir='ltr'><strong>idem</strong></span> <span class='ocrx_word' id='word_1_669' title='bbox 2497 4377 2738 4434; x_wconf 79' lang='lat' dir='ltr'><strong>Herodes</strong></span> <span class='ocrx_word' id='word_1_670' title='bbox 2764 4375 2980 4441; x_wconf 92' lang='lat' dir='ltr'><strong>turrim,</strong></span> <span class='ocrx_word' id='word_1_671' title='bbox 3011 4389 3135 4444; x_wconf 69' lang='lat' dir='ltr'><strong>quae</strong></span> <span class='ocrx_word' id='word_1_672' title='bbox 3164 4372 3580 4445; x_wconf 82' lang='lat' dir='ltr'><strong>Jerosolymam</strong></span> <span class='ocrx_word' id='word_1_673' title='bbox 3615 4383 3757 4439; x_wconf 81' lang='lat' dir='ltr'><strong>super-</strong></span> 
     </span>
    </p>
   </div>
   <div class='ocr_carea' id='block_1_89' title="bbox 2193 4463 3762 4544">
    <p class='ocr_par' dir='ltr' id='par_1_89' title="bbox 2193 4463 3762 4544">
     <span class='ocr_line' id='line_1_89' title="bbox 2193 4463 3762 4544; baseline -0.01 -15"><span class='ocrx_word' id='word_1_674' title='bbox 2193 4474 2417 4540; x_wconf 89' lang='lat' dir='ltr'><strong>eminet,</strong></span> <span class='ocrx_word' id='word_1_675' title='bbox 2453 4486 2578 4544; x_wconf 75' lang='lat' dir='ltr'><strong>qua:</strong></span> <span class='ocrx_word' id='word_1_676' title='bbox 2613 4477 2666 4525; x_wconf 92' lang='lat' dir='ltr'><strong>et</strong></span> <span class='ocrx_word' id='word_1_677' title='bbox 2715 4468 2884 4523; x_wconf 89' lang='lat' dir='ltr'><strong>turris</strong></span> <span class='ocrx_word' id='word_1_678' title='bbox 2919 4465 3090 4522; x_wconf 79' lang='lat' dir='ltr'><strong>David</strong></span> <span class='ocrx_word' id='word_1_679' title='bbox 3143 4465 3379 4532; x_wconf 85' lang='lat' dir='ltr'><strong>dicitur,</strong></span> <span class='ocrx_word' id='word_1_680' title='bbox 3437 4463 3667 4535; x_wconf 83' lang='lat' dir='ltr'><strong>Josepho</strong></span> <span class='ocrx_word' id='word_1_681' title='bbox 3705 4471 3762 4513; x_wconf 79' lang='lat' dir='ltr'><strong>te-</strong></span> 
     </span>
    </p>
   </div>
   <div class='ocr_carea' id='block_1_90' title="bbox 495 4545 3571 4638">
    <p class='ocr_par' dir='ltr' id='par_1_90' title="bbox 495 4545 3571 4638">
     <span class='ocr_line' id='line_1_90' title="bbox 495 4545 3571 4638; baseline 0.007 -40"><span class='ocrx_word' id='word_1_682' title='bbox 495 4545 631 4614; x_wconf 83' lang='lat' dir='ltr'><strong>ﬁant</strong></span> <span class='ocrx_word' id='word_1_683' title='bbox 667 4545 885 4617; x_wconf 82' lang='lat' dir='ltr'><strong>(Matth.</strong></span> <span class='ocrx_word' id='word_1_684' title='bbox 918 4565 992 4617; x_wconf 89' lang='lat' dir='ltr'><strong>tv,</strong></span> <span class='ocrx_word' id='word_1_685' title='bbox 1023 4551 1101 4621; x_wconf 78' lang='lat'><strong>3).</strong></span> <span class='ocrx_word' id='word_1_686' title='bbox 1131 4549 1386 4608; x_wconf 90' lang='lat' dir='ltr'><strong>Secundo</strong></span> <span class='ocrx_word' id='word_1_687' title='bbox 1427 4552 1686 4609; x_wconf 88' lang='lat' dir='ltr'><strong>milliario</strong></span> <span class='ocrx_word' id='word_1_688' title='bbox 1719 4570 1749 4609; x_wconf 91' lang='lat' dir='ltr'><strong>a</strong></span> <span class='ocrx_word' id='word_1_689' title='bbox 1784 4554 2087 4613; x_wconf 88' lang='lat' dir='ltr'><strong>Carentena</strong></span> <span class='ocrx_word' id='word_1_690' title='bbox 2121 4578 2169 4638; x_wconf 76' lang='grc' dir='ltr'><strong>υ</strong></span> <span class='ocrx_word' id='word_1_691' title='bbox 2195 4574 2393 4633; x_wconf 82' lang='lat' dir='ltr'><strong>stante,</strong></span> <span class='ocrx_word' id='word_1_692' title='bbox 2427 4561 2732 4627; x_wconf 84' lang='lat' dir='ltr'><strong>fabricavit,</strong></span> <span class='ocrx_word' id='word_1_693' title='bbox 2765 4568 2820 4616; x_wconf 89' lang='lat' dir='ltr'><strong>et</strong></span> <span class='ocrx_word' id='word_1_694' title='bbox 2847 4575 2969 4617; x_wconf 90' lang='lat' dir='ltr'><strong>eam</strong></span> <span class='ocrx_word' id='word_1_695' title='bbox 2995 4558 3291 4614; x_wconf 82' lang='lat' dir='ltr'><strong>Antoniam</strong></span> <span class='ocrx_word' id='word_1_696' title='bbox 3320 4559 3571 4615; x_wconf 72' lang='lat' dir='ltr'><strong>vocavit.</strong></span> 
     </span>
    </p>
   </div>
   <div class='ocr_carea' id='block_1_91' title="bbox 496 4640 2092 4721">
    <p class='ocr_par' dir='ltr' id='par_1_91' title="bbox 496 4640 2092 4721">
     <span class='ocr_line' id='line_1_91' title="bbox 496 4640 2092 4721; baseline 0.011 -29"><span class='ocrx_word' id='word_1_697' title='bbox 496 4647 689 4695; x_wconf 89' lang='lat' dir='ltr'><strong>contra</strong></span> <span class='ocrx_word' id='word_1_698' title='bbox 736 4640 1034 4699; x_wconf 75' lang='lat' dir='ltr'><strong>Gallilteam</strong></span> <span class='ocrx_word' id='word_1_699' title='bbox 1072 4653 1158 4702; x_wconf 90' lang='lat' dir='ltr'><strong>est</strong></span> <span class='ocrx_word' id='word_1_700' title='bbox 1210 4661 1372 4702; x_wconf 89' lang='lat' dir='ltr'><strong>mons</strong></span> <span class='ocrx_word' id='word_1_701' title='bbox 1417 4645 1670 4704; x_wconf 84' lang='lat' dir='ltr'><strong>excelsus</strong></span> <span class='ocrx_word' id='word_1_702' title='bbox 1696 4689 1712 4717; x_wconf 97' lang='lat'><strong>,</strong></span> <span class='ocrx_word' id='word_1_703' title='bbox 1766 4648 1823 4704; x_wconf 92' lang='lat' dir='ltr'><strong>in</strong></span> <span class='ocrx_word' id='word_1_704' title='bbox 1856 4665 1967 4721; x_wconf 90' lang='lat' dir='ltr'><strong>quo</strong></span> <span class='ocrx_word' id='word_1_705' title='bbox 2002 4652 2092 4710; x_wconf 89' lang='lat' dir='ltr'><strong>ille</strong></span> 
     </span>
    </p>
   </div>
   <div class='ocr_carea' id='block_1_92' title="bbox 571 4776 3767 4872">
    <p class='ocr_par' dir='ltr' id='par_1_92' title="bbox 571 4776 3767 4872">
     <span class='ocr_line' id='line_1_92' title="bbox 571 4776 3767 4872; baseline 0 -41"><span class='ocrx_word' id='word_1_706' title='bbox 571 4777 770 4861; x_wconf 72' lang='lat' dir='ltr'><strong>Statim</strong></span> <span class='ocrx_word' id='word_1_707' title='bbox 792 4790 907 4864; x_wconf 59' lang='lat' dir='ltr'><strong>post</strong></span> <span class='ocrx_word' id='word_1_708' title='bbox 933 4782 1029 4835; x_wconf 83' lang='lat' dir='ltr'><strong>hoc</strong></span> <span class='ocrx_word' id='word_1_709' title='bbox 1050 4780 1681 4872; x_wconf 61' lang='lat' dir='ltr'><strong>opusculum&#39;fardinalis</strong></span> <span class='ocrx_word' id='word_1_710' title='bbox 1707 4784 2029 4872; x_wconf 67' lang='lat' dir='ltr'><strong>Aragonius,</strong></span> <span class='ocrx_word' id='word_1_711' title='bbox 2066 4809 2157 4847; x_wconf 87' lang='lat' dir='ltr'><strong>seu</strong></span> <span class='ocrx_word' id='word_1_712' title='bbox 2182 4791 2318 4872; x_wconf 56' lang='lat' dir='ltr'><strong>forte</strong></span> <span class='ocrx_word' id='word_1_713' title='bbox 2341 4787 2480 4869; x_wconf 74' lang='lat' dir='ltr'><strong>idem</strong></span> <span class='ocrx_word' id='word_1_714' title='bbox 2527 4783 2791 4872; x_wconf 53' lang='lat' dir='ltr'><strong>Fretcl‘lus</strong></span> <span class='ocrx_word' id='word_1_715' title='bbox 2820 4781 3083 4872; x_wconf 44' lang='lat' dir='ltr'><strong>ejusde&#39;m‘</strong></span> <span class='ocrx_word' id='word_1_716' title='bbox 3096 4783 3545 4872; x_wconf 38' lang='lat' dir='ltr'><strong>scripti‘attcto&#39;r,</strong></span> <span class='ocrx_word' id='word_1_717' title='bbox 3592 4776 3767 4872; x_wconf 60' lang='lat' dir='ltr'><strong>s&#39;ttbjccit</strong></span> 
     </span>
    </p>
   </div>
   <div class='ocr_carea' id='block_1_93' title="bbox 495 4851 3769 4936">
    <p class='ocr_par' dir='ltr' id='par_1_93' title="bbox 495 4851 3769 4936">
     <span class='ocr_line' id='line_1_93' title="bbox 495 4851 3769 4936; baseline -0.008 -11"><span class='ocrx_word' id='word_1_718' title='bbox 495 4851 712 4936; x_wconf 54' lang='grc' dir='ltr'><strong>ξοηιέηα</strong></span> <span class='ocrx_word' id='word_1_719' title='bbox 744 4851 1106 4936; x_wconf 65' lang='grc' dir='ltr'><strong>ερδδερροηυέι</strong></span> <span class='ocrx_word' id='word_1_720' title='bbox 1135 4853 1225 4924; x_wconf 62' lang='lat' dir='ltr'><strong>qui</strong></span> <span class='ocrx_word' id='word_1_721' title='bbox 1252 4853 1310 4906; x_wconf 68' lang='grc' dir='ltr'><strong>ίη</strong></span> <span class='ocrx_word' id='word_1_722' title='bbox 1333 4851 1666 4936; x_wconf 63' lang='grc' dir='ltr'><strong>Ιέῖοεοζνηξᾳ</strong></span> <span class='ocrx_word' id='word_1_723' title='bbox 1685 4851 1855 4936; x_wconf 40' lang='lat' dir='ltr'><strong>sacris</strong></span> <span class='ocrx_word' id='word_1_724' title='bbox 1891 4851 2240 4936; x_wconf 66' lang='lat' dir='ltr'><strong>prtefuerunt.</strong></span> <span class='ocrx_word' id='word_1_725' title='bbox 2266 4859 2532 4936; x_wconf 57' lang='lat' dir='ltr'><strong>Desinunt</strong></span> <span class='ocrx_word' id='word_1_726' title='bbox 2577 4857 2634 4910; x_wconf 90' lang='lat' dir='ltr'><strong>in</strong></span> <span class='ocrx_word' id='word_1_727' title='bbox 2679 4851 2953 4936; x_wconf 72' lang='lat' dir='ltr'><strong>Arnulplto</strong></span> <span class='ocrx_word' id='word_1_728' title='bbox 2982 4852 3552 4936; x_wconf 29' lang='lat' dir='ltr'><strong>Latino-patriarcha</strong></span> <span class='ocrx_word' id='word_1_729' title='bbox 3597 4851 3769 4904; x_wconf 69' lang='grc' dir='ltr'><strong>Ιετυςυ-</strong></span> 
     </span>
    </p>
   </div>
   <div class='ocr_carea' id='block_1_94' title="bbox 499 4919 3767 5003">
    <p class='ocr_par' dir='ltr' id='par_1_94' title="bbox 499 4919 3767 5003">
     <span class='ocr_line' id='line_1_94' title="bbox 499 4919 3767 5003; baseline 0.001 -29"><span class='ocrx_word' id='word_1_730' title='bbox 499 4919 892 5003; x_wconf 35' lang='grc' dir='ltr'><strong>ΙῃηιὶιςξῃρΞΙᾳιιὶ</strong></span> <span class='ocrx_word' id='word_1_731' title='bbox 919 4919 1114 5003; x_wconf 66' lang='lat' dir='ltr'><strong>saeculo</strong></span> <span class='ocrx_word' id='word_1_732' title='bbox 1141 4919 1241 5003; x_wconf 70' lang='lat' dir='ltr'><strong>xm</strong></span> <span class='ocrx_word' id='word_1_733' title='bbox 1267 4924 1500 5003; x_wconf 67' lang='lat' dir='ltr'><strong>nondum</strong></span> <span class='ocrx_word' id='word_1_734' title='bbox 1523 4919 1780 4985; x_wconf 78' lang='lat' dir='ltr'><strong>inclinato</strong></span> <span class='ocrx_word' id='word_1_735' title='bbox 1807 4919 2161 5003; x_wconf 58' lang='lat' dir='ltr'><strong>infulas&#39;illas</strong></span> <span class='ocrx_word' id='word_1_736' title='bbox 2186 4929 2429 4986; x_wconf 79' lang='lat' dir='ltr'><strong>habebat.</strong></span> <span class='ocrx_word' id='word_1_737' title='bbox 2466 4927 2598 4982; x_wconf 67' lang='lat' dir='ltr'><strong>Haec</strong></span> <span class='ocrx_word' id='word_1_738' title='bbox 2629 4941 2751 4999; x_wconf 87' lang='lat' dir='ltr'><strong>ergo</strong></span> <span class='ocrx_word' id='word_1_739' title='bbox 2781 4919 3027 4990; x_wconf 72' lang='lat' dir='ltr'><strong>numina,</strong></span> <span class='ocrx_word' id='word_1_740' title='bbox 3064 4919 3600 4995; x_wconf 54' lang='lat' dir='ltr'><strong>velut&#39;appendicetn</strong></span> <span class='ocrx_word' id='word_1_741' title='bbox 3620 4936 3767 4992; x_wconf 68' lang='lat' dir='ltr'><strong>quam-</strong></span> 
     </span>
    </p>
   </div>
   <div class='ocr_carea' id='block_1_95' title="bbox 539 4993 1439 5064">
    <p class='ocr_par' dir='ltr' id='par_1_95' title="bbox 539 4993 1439 5064">
     <span class='ocr_line' id='line_1_95' title="bbox 539 4993 1439 5064; baseline 0.006 -18"><span class='ocrx_word' id='word_1_742' title='bbox 539 5008 624 5046; x_wconf 89' lang='lat' dir='ltr'><strong>am</strong></span> <span class='ocrx_word' id='word_1_743' title='bbox 645 4993 824 5048; x_wconf 84' lang='lat' dir='ltr'><strong>libe&#39;llo</strong></span> <span class='ocrx_word' id='word_1_744' title='bbox 845 4995 1166 5064; x_wconf 60' lang='lat' dir='ltr'><strong>precedenti</strong></span> <span class='ocrx_word' id='word_1_745' title='bbox 1194 4994 1439 5064; x_wconf 85' lang='lat' dir='ltr'><strong>subjicio.</strong></span> 
     </span>
    </p>
   </div>
   <div class='ocr_carea' id='block_1_96' title="bbox 502 5101 2096 5182">
    <p class='ocr_par' dir='ltr' id='par_1_96' title="bbox 502 5101 2096 5182">
     <span class='ocr_line' id='line_1_96' title="bbox 502 5101 2096 5182; baseline 0.009 -24"><span class='ocrx_word' id='word_1_746' title='bbox 502 5101 808 5182; x_wconf 72' lang='lat' dir='ltr'><strong>Sequuntur</strong></span> <span class='ocrx_word' id='word_1_747' title='bbox 837 5105 1055 5159; x_wconf 86' lang='lat' dir='ltr'><strong>nomina</strong></span> <span class='ocrx_word' id='word_1_748' title='bbox 1093 5107 1455 5178; x_wconf 80' lang='lat' dir='ltr'><strong>episcoporum</strong></span> <span class='ocrx_word' id='word_1_749' title='bbox 1480 5111 1571 5182; x_wconf 85' lang='lat' dir='ltr'><strong>qui</strong></span> <span class='ocrx_word' id='word_1_750' title='bbox 1596 5112 1810 5182; x_wconf 81' lang='lat' dir='ltr'><strong>fuerunt</strong></span> <span class='ocrx_word' id='word_1_751' title='bbox 1840 5115 1895 5169; x_wconf 88' lang='lat' dir='ltr'><strong>in</strong></span> <span class='ocrx_word' id='word_1_752' title='bbox 1935 5115 2096 5172; x_wconf 77' lang='lat' dir='ltr'><strong>Jeru—</strong></span> 
     </span>
    </p>
   </div>
   <div class='ocr_carea' id='block_1_97' title="bbox 572 5175 2092 5298">
    <p class='ocr_par' dir='ltr' id='par_1_97' title="bbox 572 5175 2092 5298">
     <span class='ocr_line' id='line_1_97' title="bbox 572 5175 2092 5298; baseline 0.011 -70"><span class='ocrx_word' id='word_1_753' title='bbox 572 5175 738 5298; x_wconf 55' lang='lat' dir='ltr'><strong>salc’m</strong></span> <span class='ocrx_word' id='word_1_754' title='bbox 784 5185 1067 5246; x_wconf 84' lang='lat' dir='ltr'><strong>antequam</strong></span> <span class='ocrx_word' id='word_1_755' title='bbox 1121 5175 1278 5234; x_wconf 61' lang='lat' dir='ltr'><strong>esset</strong></span> <span class='ocrx_word' id='word_1_756' title='bbox 1301 5175 1700 5251; x_wconf 68' lang='lat' dir='ltr'><strong>patriarchatus</strong></span> <span class='ocrx_word' id='word_1_757' title='bbox 1727 5225 1743 5253; x_wconf 92' lang='lat'><strong>,</strong></span> <span class='ocrx_word' id='word_1_758' title='bbox 1806 5202 1926 5257; x_wconf 69' lang='lat' dir='ltr'><strong>quis</strong></span> <span class='ocrx_word' id='word_1_759' title='bbox 1973 5190 2092 5259; x_wconf 81' lang='lat' dir='ltr'><strong>fue-</strong></span> 
     </span>
     <span class='ocr_line' id='line_1_98' title="bbox 575 5261 890 5298; baseline 0 0"><span class='ocrx_word' id='word_1_760' title='bbox 575 5261 672 5298; x_wconf 86' lang='lat' dir='ltr'><strong>run</strong></span> <span class='ocrx_word' id='word_1_761' title='bbox 735 5261 890 5298; x_wconf 80' lang='lat' dir='ltr'><strong>xuii.</strong></span> 
     </span>
    </p>
   </div>
   <div class='ocr_carea' id='block_1_98' title="bbox 575 5261 890 5300">
    <p class='ocr_par' dir='ltr' id='par_1_98' title="bbox 575 5261 890 5300">
     <span class='ocr_line' id='line_1_99' title="bbox 575 5261 890 5300; baseline 0 -2"><span class='ocrx_word' id='word_1_762' title='bbox 575 5261 698 5298; x_wconf 82' lang='lat' dir='ltr'><strong>runt</strong></span> <span class='ocrx_word' id='word_1_763' title='bbox 735 5261 890 5300; x_wconf 71' lang='lat' dir='ltr'><strong>XLIII.</strong></span> 
     </span>
    </p>
   </div>
   <div class='ocr_carea' id='block_1_99' title="bbox 573 5377 2088 5462">
    <p class='ocr_par' dir='ltr' id='par_1_99' title="bbox 573 5377 2088 5462">
     <span class='ocr_line' id='line_1_100' title="bbox 573 5377 2088 5462; baseline 0.011 -30"><span class='ocrx_word' id='word_1_764' title='bbox 573 5377 830 5450; x_wconf 89' lang='lat' dir='ltr'><strong>Episcopi</strong></span> <span class='ocrx_word' id='word_1_765' title='bbox 869 5379 1310 5456; x_wconf 81' lang='lat' dir='ltr'><strong>Jerosolymitani</strong></span> <span class='ocrx_word' id='word_1_766' title='bbox 1354 5386 1592 5445; x_wconf 87' lang='lat' dir='ltr'><strong>Jacobus</strong></span> <span class='ocrx_word' id='word_1_767' title='bbox 1629 5387 1800 5446; x_wconf 80' lang='lat' dir='ltr'><strong>frater</strong></span> <span class='ocrx_word' id='word_1_768' title='bbox 1839 5390 2088 5462; x_wconf 91' lang='lat' dir='ltr'><strong>Domini,</strong></span> 
     </span>
    </p>
   </div>
   <div class='ocr_carea' id='block_1_100' title="bbox 506 5467 2087 5553">
    <p class='ocr_par' dir='ltr' id='par_1_100' title="bbox 506 5467 2087 5553">
     <span class='ocr_line' id='line_1_101' title="bbox 506 5467 2087 5553; baseline 0.011 -32"><span class='ocrx_word' id='word_1_769' title='bbox 506 5467 697 5523; x_wconf 88' lang='lat' dir='ltr'><strong>Simon</strong></span> <span class='ocrx_word' id='word_1_770' title='bbox 747 5470 978 5540; x_wconf 90' lang='lat' dir='ltr'><strong>Justus,</strong></span> <span class='ocrx_word' id='word_1_771' title='bbox 1035 5474 1398 5545; x_wconf 88' lang='lat' dir='ltr'><strong>Zaccharias,</strong></span> <span class='ocrx_word' id='word_1_772' title='bbox 1449 5479 1722 5549; x_wconf 89' lang='lat' dir='ltr'><strong>Thobias,</strong></span> <span class='ocrx_word' id='word_1_773' title='bbox 1780 5482 2087 5553; x_wconf 90' lang='lat' dir='ltr'><strong>Benjamin,</strong></span> 
     </span>
    </p>
   </div>
   <div class='ocr_carea' id='block_1_101' title="bbox 502 5561 2092 5644">
    <p class='ocr_par' dir='ltr' id='par_1_101' title="bbox 502 5561 2092 5644">
     <span class='ocr_line' id='line_1_102' title="bbox 502 5561 2092 5644; baseline 0.009 -28"><span class='ocrx_word' id='word_1_774' title='bbox 502 5561 760 5630; x_wconf 87' lang='lat' dir='ltr'><strong>Joannes,</strong></span> <span class='ocrx_word' id='word_1_775' title='bbox 795 5564 1104 5636; x_wconf 85' lang='lat' dir='ltr'><strong>Matbatias,</strong></span> <span class='ocrx_word' id='word_1_776' title='bbox 1127 5569 1433 5644; x_wconf 86' lang='lat' dir='ltr'><strong>Philippus,</strong></span> <span class='ocrx_word' id='word_1_777' title='bbox 1468 5572 1695 5640; x_wconf 86' lang='lat' dir='ltr'><strong>Seneca,</strong></span> <span class='ocrx_word' id='word_1_778' title='bbox 1727 5573 1937 5642; x_wconf 83' lang='lat' dir='ltr'><strong>Justus,</strong></span> <span class='ocrx_word' id='word_1_779' title='bbox 1962 5574 2092 5631; x_wconf 78' lang='lat' dir='ltr'><strong>Levi</strong></span> 
     </span>
    </p>
   </div>
   <div class='ocr_carea' id='block_1_102' title="bbox 503 5651 2094 5733">
    <p class='ocr_par' dir='ltr' id='par_1_102' title="bbox 503 5651 2094 5733">
     <span class='ocr_line' id='line_1_103' title="bbox 503 5651 2094 5733; baseline 0.008 -26"><span class='ocrx_word' id='word_1_780' title='bbox 503 5651 709 5722; x_wconf 75' lang='lat' dir='ltr'><strong>Eﬂ&#39;ren,</strong></span> <span class='ocrx_word' id='word_1_781' title='bbox 735 5653 907 5723; x_wconf 85' lang='lat' dir='ltr'><strong>Jesse,</strong></span> <span class='ocrx_word' id='word_1_782' title='bbox 945 5656 1134 5715; x_wconf 90' lang='lat' dir='ltr'><strong>Judas.</strong></span> <span class='ocrx_word' id='word_1_783' title='bbox 1168 5659 1260 5717; x_wconf 90' lang='lat' dir='ltr'><strong>lsti</strong></span> <span class='ocrx_word' id='word_1_784' title='bbox 1286 5662 1599 5733; x_wconf 89' lang='lat' dir='ltr'><strong>quindecim</strong></span> <span class='ocrx_word' id='word_1_785' title='bbox 1632 5664 1942 5720; x_wconf 78' lang='lat' dir='ltr'><strong>circumcisi</strong></span> <span class='ocrx_word' id='word_1_786' title='bbox 1974 5664 2094 5720; x_wconf 84' lang='lat' dir='ltr'><strong>fue-</strong></span> 
     </span>
    </p>
   </div>
   <div class='ocr_carea' id='block_1_103' title="bbox 502 5747 2094 5822">
    <p class='ocr_par' dir='ltr' id='par_1_103' title="bbox 502 5747 2094 5822">
     <span class='ocr_line' id='line_1_104' title="bbox 502 5747 2094 5822; baseline 0.009 -24"><span class='ocrx_word' id='word_1_787' title='bbox 502 5753 655 5800; x_wconf 85' lang='lat' dir='ltr'><strong>runt.</strong></span> <span class='ocrx_word' id='word_1_788' title='bbox 687 5747 1006 5817; x_wconf 88' lang='lat' dir='ltr'><strong>Cassianus,</strong></span> <span class='ocrx_word' id='word_1_789' title='bbox 1036 5750 1284 5819; x_wconf 78' lang='lat' dir='ltr'><strong>Publius,</strong></span> <span class='ocrx_word' id='word_1_790' title='bbox 1326 5753 1620 5822; x_wconf 82' lang='lat' dir='ltr'><strong>Maximus,</strong></span> <span class='ocrx_word' id='word_1_791' title='bbox 1670 5754 1943 5820; x_wconf 81' lang='lat' dir='ltr'><strong>Julianus,</strong></span> <span class='ocrx_word' id='word_1_792' title='bbox 1986 5756 2094 5812; x_wconf 86' lang='lat' dir='ltr'><strong>Ga-</strong></span> 
     </span>
    </p>
   </div>
   <div class='ocr_carea' id='block_1_104' title="bbox 507 5835 2093 5918">
    <p class='ocr_par' dir='ltr' id='par_1_104' title="bbox 507 5835 2093 5918">
     <span class='ocr_line' id='line_1_105' title="bbox 507 5835 2093 5918; baseline 0.009 -28"><span class='ocrx_word' id='word_1_793' title='bbox 507 5836 654 5892; x_wconf 67' lang='lat' dir='ltr'><strong>mus‘.</strong></span> <span class='ocrx_word' id='word_1_794' title='bbox 688 5835 795 5894; x_wconf 87' lang='lat' dir='ltr'><strong>Iste</strong></span> <span class='ocrx_word' id='word_1_795' title='bbox 828 5838 981 5909; x_wconf 90' lang='lat' dir='ltr'><strong>prius</strong></span> <span class='ocrx_word' id='word_1_796' title='bbox 1020 5841 1314 5900; x_wconf 78' lang='lat' dir='ltr'><strong>celebravit</strong></span> <span class='ocrx_word' id='word_1_797' title='bbox 1341 5845 1840 5918; x_wconf 76' lang='lat' dir='ltr'><strong>quadragesimum,</strong></span> <span class='ocrx_word' id='word_1_798' title='bbox 1889 5859 1943 5904; x_wconf 90' lang='lat' dir='ltr'><strong>et</strong></span> <span class='ocrx_word' id='word_1_799' title='bbox 1992 5848 2093 5904; x_wconf 88' lang='lat' dir='ltr'><strong>Pa-</strong></span> 
     </span>
    </p>
   </div>
   <div class='ocr_carea' id='block_1_105' title="bbox 2203 5107 3770 5181">
    <p class='ocr_par' dir='ltr' id='par_1_105' title="bbox 2203 5107 3770 5181">
     <span class='ocr_line' id='line_1_106' title="bbox 2203 5107 3770 5181; baseline -0.008 -9"><span class='ocrx_word' id='word_1_800' title='bbox 2203 5114 2336 5172; x_wconf 88' lang='lat' dir='ltr'><strong>scha</strong></span> <span class='ocrx_word' id='word_1_801' title='bbox 2365 5126 2521 5170; x_wconf 89' lang='lat' dir='ltr'><strong>more</strong></span> <span class='ocrx_word' id='word_1_802' title='bbox 2559 5108 3021 5166; x_wconf 88' lang='lat' dir='ltr'><strong>Christianorum.</strong></span> <span class='ocrx_word' id='word_1_803' title='bbox 3068 5107 3412 5181; x_wconf 86' lang='lat' dir='ltr'><strong>Symachus,</strong></span> <span class='ocrx_word' id='word_1_804' title='bbox 3454 5109 3638 5179; x_wconf 84' lang='lat' dir='ltr'><strong>Cajus,</strong></span> <span class='ocrx_word' id='word_1_805' title='bbox 3669 5107 3770 5162; x_wconf 68' lang='lat' dir='ltr'><strong>Ger-</strong></span> 
     </span>
    </p>
   </div>
   <div class='ocr_carea' id='block_1_106' title="bbox 2202 5199 3770 5273">
    <p class='ocr_par' dir='ltr' id='par_1_106' title="bbox 2202 5199 3770 5273">
     <span class='ocr_line' id='line_1_107' title="bbox 2202 5199 3770 5273; baseline -0.003 -11"><span class='ocrx_word' id='word_1_806' title='bbox 2202 5221 2423 5273; x_wconf 90' lang='lat' dir='ltr'><strong>manus,</strong></span> <span class='ocrx_word' id='word_1_807' title='bbox 2452 5202 2728 5270; x_wconf 91' lang='lat' dir='ltr'><strong>Julianus,</strong></span> <span class='ocrx_word' id='word_1_808' title='bbox 2759 5201 2977 5273; x_wconf 88' lang='lat' dir='ltr'><strong>Capito,</strong></span> <span class='ocrx_word' id='word_1_809' title='bbox 3012 5200 3311 5268; x_wconf 84' lang='lat' dir='ltr'><strong>Maximus,</strong></span> <span class='ocrx_word' id='word_1_810' title='bbox 3347 5203 3651 5268; x_wconf 80' lang='lat' dir='ltr'><strong>Antonius,</strong></span> <span class='ocrx_word' id='word_1_811' title='bbox 3695 5199 3770 5253; x_wconf 72' lang='lat' dir='ltr'><strong>Va-</strong></span> 
     </span>
    </p>
   </div>
   <div class='ocr_carea' id='block_1_107' title="bbox 2199 5293 3770 5370">
    <p class='ocr_par' dir='ltr' id='par_1_107' title="bbox 2199 5293 3770 5370">
     <span class='ocr_line' id='line_1_108' title="bbox 2199 5293 3770 5370; baseline -0.003 -15"><span class='ocrx_word' id='word_1_812' title='bbox 2199 5300 2340 5366; x_wconf 88' lang='lat' dir='ltr'><strong>lens,</strong></span> <span class='ocrx_word' id='word_1_813' title='bbox 2367 5297 2698 5370; x_wconf 86' lang='lat' dir='ltr'><strong>Laycianus,</strong></span> <span class='ocrx_word' id='word_1_814' title='bbox 2727 5293 3022 5352; x_wconf 90' lang='lat' dir='ltr'><strong>Narcissus</strong></span> <span class='ocrx_word' id='word_1_815' title='bbox 3048 5294 3196 5366; x_wconf 90' lang='lat' dir='ltr'><strong>pius,</strong></span> <span class='ocrx_word' id='word_1_816' title='bbox 3220 5293 3483 5352; x_wconf 87' lang='lat' dir='ltr'><strong>Tordius</strong></span> <span class='ocrx_word' id='word_1_817' title='bbox 3508 5296 3770 5352; x_wconf 72' lang='lat' dir='ltr'><strong>Narcissus.</strong></span> 
     </span>
    </p>
   </div>
   <div class='ocr_carea' id='block_1_108' title="bbox 2197 5385 3773 5457">
    <p class='ocr_par' dir='ltr' id='par_1_108' title="bbox 2197 5385 3773 5457">
     <span class='ocr_line' id='line_1_109' title="bbox 2197 5385 3773 5457; baseline -0.006 -11"><span class='ocrx_word' id='word_1_818' title='bbox 2197 5388 2920 5457; x_wconf 81' lang='lat' dir='ltr'><strong>Alexander,Maxalemus</strong></span> <span class='ocrx_word' id='word_1_819' title='bbox 2964 5385 3380 5456; x_wconf 88' lang='lat' dir='ltr'><strong>Nihirmentus,</strong></span> <span class='ocrx_word' id='word_1_820' title='bbox 3435 5388 3641 5456; x_wconf 85' lang='lat' dir='ltr'><strong>Taldis,</strong></span> <span class='ocrx_word' id='word_1_821' title='bbox 3675 5386 3773 5442; x_wconf 78' lang='lat' dir='ltr'><strong>Iler-</strong></span> 
     </span>
    </p>
   </div>
   <div class='ocr_carea' id='block_1_109' title="bbox 2198 5478 3773 5552">
    <p class='ocr_par' dir='ltr' id='par_1_109' title="bbox 2198 5478 3773 5552">
     <span class='ocr_line' id='line_1_110' title="bbox 2198 5478 3773 5552; baseline -0.006 -12"><span class='ocrx_word' id='word_1_822' title='bbox 2198 5499 2352 5551; x_wconf 90' lang='lat' dir='ltr'><strong>mon,</strong></span> <span class='ocrx_word' id='word_1_823' title='bbox 2383 5481 2714 5538; x_wconf 86' lang='lat' dir='ltr'><strong>Macharius.</strong></span> <span class='ocrx_word' id='word_1_824' title='bbox 2748 5480 2808 5537; x_wconf 91' lang='lat' dir='ltr'><strong>ln</strong></span> <span class='ocrx_word' id='word_1_825' title='bbox 2843 5489 3090 5552; x_wconf 74' lang='lat' dir='ltr'><strong>tempore</strong></span> <span class='ocrx_word' id='word_1_826' title='bbox 3120 5481 3281 5552; x_wconf 88' lang='lat' dir='ltr'><strong>cujus</strong></span> <span class='ocrx_word' id='word_1_827' title='bbox 3306 5482 3480 5538; x_wconf 81' lang='lat' dir='ltr'><strong>Crux</strong></span> <span class='ocrx_word' id='word_1_828' title='bbox 3510 5480 3703 5538; x_wconf 86' lang='lat' dir='ltr'><strong>Domini</strong></span> <span class='ocrx_word' id='word_1_829' title='bbox 3725 5478 3773 5532; x_wconf 77' lang='lat' dir='ltr'><strong>ab</strong></span> 
     </span>
    </p>
   </div>
   <div class='ocr_carea' id='block_1_110' title="bbox 2200 5570 3773 5648">
    <p class='ocr_par' dir='ltr' id='par_1_110' title="bbox 2200 5570 3773 5648">
     <span class='ocr_line' id='line_1_111' title="bbox 2200 5570 3773 5648; baseline -0.004 -17"><span class='ocrx_word' id='word_1_830' title='bbox 2200 5575 2368 5631; x_wconf 88' lang='lat' dir='ltr'><strong>Elena</strong></span> <span class='ocrx_word' id='word_1_831' title='bbox 2395 5575 2604 5648; x_wconf 83' lang='lat' dir='ltr'><strong>Regina</strong></span> <span class='ocrx_word' id='word_1_832' title='bbox 2633 5573 2736 5630; x_wconf 83' lang='lat' dir='ltr'><strong>fuit</strong></span> <span class='ocrx_word' id='word_1_833' title='bbox 2757 5575 2998 5630; x_wconf 87' lang='lat' dir='ltr'><strong>inventa.</strong></span> <span class='ocrx_word' id='word_1_834' title='bbox 3033 5571 3360 5644; x_wconf 86' lang='lat' dir='ltr'><strong>Quiriacus,</strong></span> <span class='ocrx_word' id='word_1_835' title='bbox 3397 5574 3685 5640; x_wconf 77' lang='lat' dir='ltr'><strong>Maximus,</strong></span> <span class='ocrx_word' id='word_1_836' title='bbox 3706 5570 3773 5626; x_wconf 83' lang='lat' dir='ltr'><strong>Ci-</strong></span> 
     </span>
    </p>
   </div>
   <div class='ocr_carea' id='block_1_111' title="bbox 2199 5663 3773 5738">
    <p class='ocr_par' dir='ltr' id='par_1_111' title="bbox 2199 5663 3773 5738">
     <span class='ocr_line' id='line_1_112' title="bbox 2199 5663 3773 5738; baseline -0.003 -18"><span class='ocrx_word' id='word_1_837' title='bbox 2199 5664 2378 5720; x_wconf 88' lang='lat' dir='ltr'><strong>rillus.</strong></span> <span class='ocrx_word' id='word_1_838' title='bbox 2416 5663 2523 5721; x_wconf 86' lang='lat' dir='ltr'><strong>iste</strong></span> <span class='ocrx_word' id='word_1_839' title='bbox 2541 5665 2851 5722; x_wconf 82' lang='lat' dir='ltr'><strong>construxit</strong></span> <span class='ocrx_word' id='word_1_840' title='bbox 2876 5665 3060 5720; x_wconf 90' lang='lat' dir='ltr'><strong>locum</strong></span> <span class='ocrx_word' id='word_1_841' title='bbox 3088 5663 3376 5722; x_wconf 86' lang='lat' dir='ltr'><strong>Dominici</strong></span> <span class='ocrx_word' id='word_1_842' title='bbox 3418 5665 3713 5738; x_wconf 79' lang='lat' dir='ltr'><strong>Sepulchri,</strong></span> <span class='ocrx_word' id='word_1_843' title='bbox 3737 5669 3773 5715; x_wconf 84' lang='lat' dir='ltr'><strong>et</strong></span> 
     </span>
    </p>
   </div>
   <div class='ocr_carea' id='block_1_112' title="bbox 2199 5756 3773 5833">
    <p class='ocr_par' dir='ltr' id='par_1_112' title="bbox 2199 5756 3773 5833">
     <span class='ocr_line' id='line_1_113' title="bbox 2199 5756 3773 5833; baseline -0.001 -21"><span class='ocrx_word' id='word_1_844' title='bbox 2199 5757 2485 5824; x_wconf 73' lang='lat' dir='ltr'><strong>Calvarite,</strong></span> <span class='ocrx_word' id='word_1_845' title='bbox 2516 5766 2571 5814; x_wconf 90' lang='lat' dir='ltr'><strong>et</strong></span> <span class='ocrx_word' id='word_1_846' title='bbox 2595 5757 2797 5816; x_wconf 84' lang='lat' dir='ltr'><strong>Montis</strong></span> <span class='ocrx_word' id='word_1_847' title='bbox 2836 5757 3053 5828; x_wconf 83' lang='lat' dir='ltr'><strong>Oliveti,</strong></span> <span class='ocrx_word' id='word_1_848' title='bbox 3105 5768 3159 5815; x_wconf 92' lang='lat' dir='ltr'><strong>et</strong></span> <span class='ocrx_word' id='word_1_849' title='bbox 3207 5756 3392 5815; x_wconf 80' lang='lat' dir='ltr'><strong>Vallis</strong></span> <span class='ocrx_word' id='word_1_850' title='bbox 3434 5758 3704 5833; x_wconf 79' lang='lat' dir='ltr'><strong>Josaphat,</strong></span> <span class='ocrx_word' id='word_1_851' title='bbox 3735 5763 3773 5811; x_wconf 74' lang='lat' dir='ltr'><strong>et</strong></span> 
     </span>
    </p>
   </div>
   <div class='ocr_carea' id='block_1_113' title="bbox 2201 5849 2535 5906">
    <p class='ocr_par' dir='ltr' id='par_1_113' title="bbox 2201 5849 2535 5906">
     <span class='ocr_line' id='line_1_114' title="bbox 2201 5849 2535 5906; baseline 0.009 -4"><span class='ocrx_word' id='word_1_852' title='bbox 2201 5849 2535 5906; x_wconf 86' lang='lat' dir='ltr'><strong>Bethlebem.</strong></span> 
     </span>
    </p>
   </div>
  </div>
