3816 6306
87 384 207 444 1057

964 378 1252 438 IOANNIS
1289 377 1688 436 WIBZBURG.
1733 378 1980 438 DESCB.
2020 378 2280 436 TERIUE
2323 379 2382 436 S.

3177 391 3319 448 {058

82 499 195 559 briel
220 495 568 572 archangelus
591 495 648 553 in
669 495 862 553 eadem
889 493 1162 553 Nazaretb
1181 495 1382 552 Filium
1403 494 1626 552 Altissi-
1657 500 1700 557 Λ
1729 509 1840 566 qua
1865 493 2084 552 Iezabel
2112 495 2437 567 impiissima
2469 496 2655 568 regina
2683 497 2808 568 fuit,
2837 516 2962 574 quae
2987 504 3218 562 abstulit
3240 509 3288 563 vi

80 595 140 649 mi
161 591 484 648 nasciturum
505 589 795 658 nuntiavit,
821 589 1078 661 inquiens
1102 607 1116 644 :
1142 589 1268 656 Ave,
1293 587 1494 654 Maria,
1511 596 1618 644 etc.

77 685 159 740 Cui
183 691 232 739 et
265 682 352 738 illa
380 700 393 737 :
426 681 560 740 Ecce
591 681 794 736 ancilla
827 680 1066 747 Domini,
1106 688 1212 736 etc.
1255 680 1526 736 Cmterum
1555 680 1623 736 de

74 775 327 845 Nazareth,
349 776 485 832 alias
509 775 755 831 natalitia
778 773 1000 830 Davidis
1024 773 1182 841 urbe,
1205 788 1272 828 eo
1293 781 1537 844 tempore
1564 771 1620 826 in

73 886 150 928 ore
170 869 432 926 ferebatur
457 869 741 924 hominum
767 886 780 922 :
807 866 884 922 De
913 865 968 921 Ν
971 867 1190 922 azareth
1215 875 1386 936 potest
1413 865 1622 937 aliquid

72 967 174 1022 boni
191 980 291 1020 esse
305 965 331 1018 2
353 962 508 1035 quasi
529 977 663 1018 vero
701 975 914 1032 magna!
937 968 992 1016 et
1017 969 1222 1016 sanctae
1243 959 1462 1028 animat,
1507 973 1618 1014 non

72 1059 158 1115 nisi
185 1058 233 1112 in
261 1056 468 1128 magnis
495 1054 725 1111 urbibus
765 1061 1152 1109 nascerentur.

127 1150 355 1207 Secundo
399 1147 658 1204 milliario
708 1163 740 1202 a
786 1145 1078 1212 Nazaretb,
1127 1143 1392 1216 Sephoris
1423 1141 1622 1199 civitas

69 1254 152 1312 est,
179 1245 256 1300 via
285 1258 404 1315 qua:
446 1243 598 1298 ducit
644 1241 816 1297 Acho.
856 1239 935 1296 Ex
975 1238 1208 1310 Sephori
1237 1237 1417 1304 Anna,
1443 1245 1619 1292 mater

68 1337 221 1392 Maria:
242 1334 426 1391 lati-is
464 1335 684 1391 Domini
709 1332 905 1390 nostri.
935 1331 996 1387 In
1029 1331 1260 1402 Sephori
1289 1330 1454 1386 etiam
1481 1329 1617 1386 dici-

67 1437 139 1482 tur
160 1425 314 1484 fuisse
341 1435 471 1484 nata
503 1426 667 1482 beata
695 1423 864 1497 Virgo
892 1422 1082 1478 Maria.
1111 1422 1218 1479 Sed
1245 1430 1382 1479 teste
1419 1421 1614 1478 Hiero-

66 1536 220 1597 nymo,
241 1529 299 1578 ut
330 1520 406 1577 ait
433 1519 490 1575 in
528 1518 766 1591 Prologo
806 1515 1080 1572 sermonis
1119 1515 1266 1572 illius
1289 1531 1454 1587 quem
1481 1514 1614 1572 fecit

65 1619 116 1676 al
143 1616 470 1674 Heliodorum
509 1613 590 1671 De
631 1614 916 1670 nativitate
941 1621 1144 1669 sanctae
1175 1610 1382 1680 Mariae,
1410 1611 1468 1667 in
1494 1612 1613 1684 ipsa

65 1713 247 1768 civitate
287 1709 558 1767 Nazareth
601 1718 730 1766 nata
779 1724 904 1766 esse
935 1707 1164 1774 dicitur;
1200 1714 1256 1762 et
1293 1705 1514 1777 quidem
1557 1706 1613 1762 in

63 1805 220 1860 eodem
249 1803 495 1860 cubiculo
523 1803 617 1858 ubi
640 1811 693 1858 et
715 1802 1066 1873 postmodum
1095 1815 1161 1856 ex
1193 1798 1614 1856 obumbratione

1726 599 1886 640 neam
1913 583 2150 654 Naboth,
2183 594 2236 642 et
2271 602 2371 657 pro
2407 587 2819 658 importunitate
2859 607 2960 648 sua
3001 595 3069 652 de
3099 611 3318 654 summa

1726 677 1912 746 palatii
1944 677 2030 734 sui
2061 679 2395 750 praecipitata
2424 680 2650 748 interiit,
2687 682 2849 756 cujus
2868 686 3050 744 adhuc
3070 671 3316 762 pyramis

1725 783 1902 838 nuper
1943 778 2222 840 superstes
2271 770 2578 828 videbatur.
2630 772 2797 830 Juxta
2832 775 3043 834 Iezrael
3086 796 3316 854 campus

1725 859 2047 932 Mageddon,
2067 861 2121 916 in
2145 879 2256 934 quo
2279 879 2373 919 rex
2391 863 2597 921 Oziasa
2621 882 2745 938 rege
2768 866 3029 926 Samaria:
3053 873 3316 930 subactus

1723 951 2002 1018 occubuit,
2032 961 2087 1008 et
2128 953 2324 1010 exinde
2355 955 2654 1013 translatus
2685 955 2739 1012 in
2767 957 2899 1016 Sion
2929 963 3175 1032 sepultus
3206 975 3310 1021 est.

1792 1045 2048 1114 Milliario
2071 1062 2102 1101 a
2132 1045 2341 1102 Iezrael
2377 1057 2505 1104 sunt
2535 1058 2748 1106 montes
2775 1051 3000 1120 Gelboe,
3033 1053 3084 1110 in
3110 1057 3312 1126 quibus

1726 1135 1857 1194 Saul
1881 1147 1936 1194 et
1963 1136 2232 1196 Iouathas
2260 1141 2405 1198 li-lius
2433 1141 2556 1213 ejus
2583 1142 2637 1198 iu
2664 1145 2852 1214 przelio
2881 1146 3077 1202 devicti
3101 1149 3313 1204 cecide-

1720 1240 1879 1300 runt;
1911 1232 2056 1290 unde
2081 1231 2253 1290 David
2281 1252 2295 1290 :
2328 1233 2532 1291 Montes
2577 1234 2786 1307 Gelboe,
2810 1254 2902 1293 nec
2950 1256 3034 1294 ros
3065 1257 3155 1295 nec
3192 1240 3314 1312 [illl-

1721 1323 1828 1392 οἱα,
1858 1333 1964 1380 etc.

1795 1415 2049 1474 Secundo
2075 1417 2334 1474 milliario
2351 1434 2383 1475 a
2404 1418 2625 1488 Gelboe,
2641 1430 2830 1478 contra
2855 1423 3143 1492 orientem,
3177 1425 3312 1498 Scy-

1723 1508 1982 1580 thopolis,
2005 1509 2239 1567 Galilaae
2253 1513 2447 1569 civitas
2473 1515 2811 1585 metropolis,
2834 1531 2957 1587 qua:
2972 1525 3026 1572 et
3051 1517 3310 1585 Bethsan,

1721 1599 1776 1654 id
1801 1609 1888 1656 est
1920 1600 2106 1656 domus
2131 1601 2280 1670 solis,
2301 1612 2677 1674 nuncupatur.
2710 1603 2886 1676 Supra
2928 1622 3115 1662 muros
3143 1608 3308 1678 hujus

1720 1691 1957 1749 civitatis
1979 1695 2382 1764 suspenderunt
2402 1703 2566 1766 caput
2594 1694 2794 1752 Saulis.
2820 1695 3022 1764 Quinto
3053 1699 3308 1756 milliario

1721 1802 1754 1842 a
1783 1784 2012 1854 Iezrael,
2047 1787 2360 1844 Genunium
2406 1789 2689 1860 oppidum,
2721 1789 2869 1860 quod
2899 1791 3062 1845 modo
3097 1808 3309 1858 crassa,

63 1897 206 1954 sancti
239 1893 470 1968 Spiritus
503 1893 572 1951 ad
601 1863 902 1967 angelicam
929 1893 1311 1950 salutationem
1335 1892 1604 1963 concepit.

1743 1879 1878 1951 'ulgo
1905 1879 2082 1951 major
2109 1879 2323 1937 Gallina
2353 1881 2574 1937 dicitur.
2618 1879 2763 1938 Inter
2807 1881 2912 1938 hoc
2957 1891 3011 1938 et
3041 1882 3306 1940 Sebasten

62 1988 154 2047 lloc
173 1990 337 2047 adhuc
378 1990 583 2046 ibidem
636 1989 942 2046 ostenditur
967 1988 1025 2044 in
1074 1989 1200 2045 loco
1239 1987 1521 2057 distincto,
1547 1997 1610 2045 ut

61 2099 261 2155 prmscns
280 2083 384 2139 vidi
407 2091 460 2138 et
483 2083 693 2138 notavi.

113 2173 294 2242 Quarto
328 2174 593 2230 milliario
629 2189 660 2230 a
697 2172 988 2244 Nazareth,
1029 2174 1274 2232 secundo
1315 2190 1345 2230 a
1379 2173 1610 2246 Sephori

60 2265 179 2321 Cana
205 2265 429 2322 Calilzem
467 2275 557 2322 est
600 2265 668 2322 ad
709 2266 1001 2332 orientem,
1033 2283 1065 2324 a
1103 2283 1211 2340 qua
1251 2267 1536 2340 Philippus
1557 2275 1614 2324 et

59 2353 333 2424 Nathanael,
356 2358 410 2412 in
427 2375 540 2430 qua
559 2373 696 2430 puer
714 2356 876 2414 Iesus
897 2374 1023 2415 cum
1051 2369 1226 2416 matre
1250 2376 1348 2416 sua
1371 2361 1614 2416 discum-

59 2451 167 2510 bens
197 2453 246 2509 in
267 2455 492 2527 nuptiis,
524 2471 726 2526 aquam
764 2455 819 2510 in
869 2455 1059 2510 vinum
1101 2456 1389 2512 convertit.
1415 2454 1473 2510 In
1501 2454 1613 2512 Na-

60 2548 210 2602 zareth
247 2547 442 2603 labitur
465 2547 596 2603 fons
623 2549 714 2604 ille
735 2548 990 2621 exiguus,
1019 2548 1113 2605 sed
1143 2557 1328 2606 tamen
1351 2549 1608 2616 eximius,

58 2653 109 2693 ex
132 2654 227 2710 quo
249 2639 299 2694 iu
322 2639 559 2711 pueritia
589 2656 690 2695 sua
717 2639 880 2696 Iesus
907 2640 1116 2697 solebat
1147 2641 1372 2697 haurire
1412 2657 1607 2714 aquas,

57 2742 99 2788 et
120 2733 225 2789 inde
245 2733 560 2790 ministrare
589 2731 748 2789 Matri
781 2749 915 2790 suae.

111 2829 313 2888 Milliare
352 2847 384 2888 a
411 2829 712 2898 Nazareth,
748 2839 938 2886 contra
987 2830 1294 2900 meridiem,
1329 2840 1415 2888 est
1455 2831 1610 2888 locus

55 2923 131 2995 qui
151 2923 497 2996 praecipitium
541 2921 765 2993 dicitur,
794 2940 860 2980 ex
900 2938 1012 2996 quo
1050 2921 1238 2980 Iesum
1269 2926 1610 2996 praecipitare

57 3019 305 3076 voluerunt
332 3017 532 3086 Iudaei,
570 3019 664 3075 sed
693 3018 763 3074 ab
789 3019 870 3075 eis
906 3017 964 3074 in
1002 3025 1282 3074 momento
1305 3017 1604 3089 disparuit:

58 3111 159 3168 hinc
180 3113 331 3187 vulgo
358 3113 566 3170 dicitur
607 3111 656 3169 is
690 3111 870 3168 adhuc
895 3110 1062 3168 hodie
1088 3111 1245 3168 locus
1285 3110 1470 3168 Saltus
1493 3109 1606 3166 Do-

57 3205 180 3261 mini.
1385 3280 1389 3284 4
1635 3233 1676 3292 ο

109 3296 310 3369 Quarto,
357 3299 622 3355 milliario
665 3314 696 3354 a
735 3295 1027 3365 Nazareth;
1074 3305 1264 3353 contra
1317 3297 1604 3364 orientem,

53 3380 180 3444 mons
202 3387 414 3445 Thabor
437 3396 548 3455 est,
593 3388 649 3443 in
693 3403 803 3459 quo
833 3387 1242 3458 transﬁguravit
1270 3403 1329 3443 se
1354 3386 1610 3443 Christus

54 3479 276 3548 apostolis
298 3481 414 3537 suis
440 3479 830 3552 prmsentibus,
876 3494 1074 3548 nempe
1103 3477 1288 3544 Petro,
1322 3477 1531 3534 Ioanue
1557 3488 1634 3533 et‘

50 3567 239 3639 Iacobo,
258 3588 441 3629 coram
473 3571 662 3645 Moyse
683 3579 736 3626 et
759 3569 896 3625 Elia.
922 3569 1078 3638 Quod
1107 3568 1306 3626 festum
1335 3569 1612 3642 Ierosoly-

52 3661 135 3717 mis
161 3665 464 3720 solemniter
486 3663 816 3728 celebratur,
842 3679 968 3717 eum
993 3662 1064 3718 ibi
1093 3679 1196 3718 vox
1219 3662 1402 3717 Patris
1425 3662 1608 3718 audita

50 3763 114 3808 est
132 3773 142 3809 :
162 3753 252 3810 Hic
265 3766 338 3812 est
354 3755 534 3811 Filius
549 3773 711 3822 meus,
725 3765 829 3811 etc.
846 3753 949 3823 Qui
961 3754 1156 3811 deinde
1169 3753 1418 3811 Salvator
1427 3754 1606 3822 Petro,

49 3841 212 3900 Ioanni
232 3855 284 3903 et
309 3846 519 3904 Iacobo
548 3847 719 3903 vetuit
751 3861 820 3902 ne
845 3847 990 3918 quod
1023 3847 1290 3924 viderant,
1316 3847 1484 3902 alicui
1515 3863 1606 3902 rc-

50 3936 273 4006 velareut,
297 3939 473 3996 donec
505 3955 535 3995 a
555 3939 792 3996 mortuis
819 3939 990 3995 Filius
1012 3939 1253 3995 hominis
1274 3948 1603 4011 resurgeret.

48 4024 110 4083 lbi
133 4046 334 4103 quoque
363 4029 569 4088 Petrus
596 4031 736 4086 dixit
760 4049 774 4086 :
800 4031 1044 4098 Domine,
1079 4029 1271 4084 bonum
1292 4038 1370 4085 est
1400 4046 1493 4085 nos
1522 4031 1607 4085 hic

46 4134 154 4176 €888.

105 4211 334 4273 Secundo
376 4215 640 4274 milliario
683 4231 714 4272 a
763 4214 1016 4282 Thabor,
1073 4223 1263 4271 contra
1311 4215 1602 4282 orientem,

48 4320 180 4364 mons
213 4305 473 4365 Her-mon.
502 4307 563 4364 In
591 4309 856 4365 descensu
887 4305 1110 4362 Thabor
1130 4308 1334 4364 montis
1365 4307 1605 4362 obviavit

47 4397 245 4456 Abrahae
266 4400 516 4458 redeunti
550 4416 582 4456 a
611 4400 756 4457 czede
784 4399 1044 4456 Amalech
1093 4399 1352 4456 dominus
1381 4398 1595 4456 Melchi-

47 4483 233 4559 sedech,
255 4507 321 4549 ex
349 4492 562 4550 semine
586 4489 722 4559 Noe,
747 4490 1024 4558 sacerdos,
1051 4499 1106 4546 et
1127 4503 1220 4546 rex
1249 4489 1430 4545 Salem
1459 4505 1602 4560 prae-

1717 1973 2026 2028 ostenditur
2080 1973 2356 2045 planities,
2405 1990 2569 2046 quam
2627 1984 2830 2030 vocant
2874 1974 3150 2043 Dothaim,
3211 1975 3306 2031 ubi

1716 2080 1886 2136 prope
1919 2066 2064 2122 viam
2115 2066 2298 2122 adhuc
2342 2075 2570 2138 apparet
2616 2076 2772 2124 vetus
2822 2069 2911 2124 illa
2961 2070 3199 2126 cisterna
3250 2069 3310 2123 in

1715 2172 1880 2230 quam
1909 2158 2114 2236 missus
2137 2156 2239 2213 fuit
2257 2141 2458 2230 Ioseph
2491 2174 2523 2214 a
2549 2158 2812 2216 fratribus
2834 2159 2970 2217 suis.
2995 2161 3038 2214 A
3056 2160 3306 2217 Genunio

1713 2251 1914 2322 oppido
1935 2251 2249 2322 supradicto
2280 2251 2471 2322 incipit
2500 2251 2769 2308 Samaria.
2919 2251 2924 2256 ’
3013 2327 3018 2332 ν

1784 2341 2008 2398 Decimo
2047 2343 2392 2400 milliarioa
2425 2343 2678 2400 Genuuio
2729 2344 2846 2418 [aut
2893 2346 3169 2420 Genuino]
3221 2357 3305 2404 est

1715 2433 1987 2503 Samaria,
2020 2452 2144 2508 quae
2177 2446 2232 2494 et
2269 2436 2554 2507 Sebasten,
2593 2447 2648 2495 et
2677 2439 2921 2511 Augusta
2959 2443 3028 2496 ab
3057 2443 3304 2515 Augusto

1711 2529 1906 2585 civitas
1927 2529 2092 2597 dicta,
2124 2530 2178 2586 in
2203 2547 2311 2602 qua
2343 2533 2589 2603 sepultus
2618 2532 2722 2589 fuit
2745 2535 2834 2592 ille
2861 2551 3168 2606 przecursor
3189 2536 3301 2592 Do-
3355 2605 3358 2608 ἢ

1710 2621 1869 2689 mini,
1902 2619 2144 2680 Ioannes
2173 2622 2433 2696 Baptista,
2458 2626 2528 2681 ab
2553 2623 2766 2682 Herode
2798 2627 3120 2696 decollatus,
3150 2638 3304 2685 trans

1601 2763 1604 2766 .
1708 2715 2001 2774 Iordanem
2029 2717 2186 2788 juxta
2217 2719 2398 2774 lacum
2422 2720 2804 2791 Asphaltitem,
2836 2721 2890 2775 in
2918 2722 3141 2778 castello
3176 2721 3305 2804 'Ma-

1710 2821 1924 2879 scouta,
1957 2812 2083 2868 inde
2131 2826 2162 2868 a
2209 2811 2492 2884 discipulis
2537 2813 2655 2870 suis
2684 2815 2984 2870 translatus
3014 2813 3300 2884 Sebasten,

1720 2904 1908 2976 illique
1958 2906 2206 2978 sepultus
2258 2906 2398 2962 inter
2425 2907 2665 2964 Eliseum
2711 2917 2767 2964 et
2808 2908 3058 2966 Abdiam.
3093 2909 3302 2967 Exinde

1710 3012 1840 3052 vero
1868 3007 2058 3069 postea
2099 3013 2128 3054 a
2157 2997 2376 3054 Iuliano
2403 2999 2667 3071 Apostata
2699 3016 2915 3059 sacrum
2944 3017 3144 3073 corpus
3171 3019 3302 3076 rap-

1711 3103 1825 3150 tum
1855 3109 2372 3168 roncrematumque
2395 3096 2564 3154 fuisse
2588 3099 2924 3170 perhibetur,
2967 3100 3110 3157 datis
3132 3111 3299 3158 vento

1708 3183 2007 3253 cineribus,
2039 3187 2132 3242 sed
2163 3187 2370 3258 absque
2394 3188 2592 3259 capite,
2619 3197 2807 3261 utpote
2836 3191 2984 3263 quod
3011 3183 3166 3262 prius
3183 3194 3298 3265 jam

1712 3278 2097 3335 Alexandriam
2121 3288 2174 3335 et
2195 3289 2384 3350 postea
2409 3280 2944 3356 Constantinopolim
2969 3287 3296 3342 translatum

1711 3371 1908 3441 fuerat,
1940 3374 2008 3430 ad
2035 3374 2288 3430 ultimum
2312 3390 2442 3430 vero
2463 3375 2516 3430 in
2545 3375 2775 3433 Galliam
2803 3378 2870 3433 ad
2891 3395 3088 3450 pagum
3113 3378 3282 3434 Picta-

1709 3467 1952 3524 viensem
1981 3475 2070 3523 :ct
2096 3467 2304 3538 absque
2339 3461 2517 3523 inilicc
2551 3483 2749 3524 manus
2788 3469 3044 3536 dexterae,
3074 3484 3185 3540 quo
3206 3483 3302 3524 ve-

1711 3557 1947 3613 nientem
1974 3558 2041 3614 ad
2074 3559 2343 3628 baptisma
2384 3557 2665 3613 Christum
2701 3557 3038 3614 indicaverat
3066 3559 3298 3617 dicens:

1711 3649 1847 3704 Ecce
1867 3651 2046 3721 Agnus
2077 3649 2195 3716 Dei,
2219 3658 2322 3706 etc.
2357 3648 2514 3706 Hunc
2547 3650 2722 3721 ipsum
2752 3650 2990 3708 indicem
3025 3661 3150 3708 ante
3190 3669 3296 3710 sae-

1709 3759 1806 3799 vas
1836 3744 1891 3799 in
1923 3758 2141 3800 sacrum
2170 3757 2370 3813 corpus
2405 3741 2607 3800 Iuliani
2633 3744 2911 3815 Apostatae
2937 3745 3185 3814 flammas
3210 3763 3302 3819 see-

1708 3852 1834 3893 cum
1865 3837 2022 3891 beata
2067 3835 2222 3907 virgo
2257 3835 2457 3892 Thecla
2502 3836 2643 3892 inter
2673 3837 2837 3908 Alpes
2871 3837 3083 3906 detulit,
3113 3839 3298 3910 ibique

1708 3945 1832 3987 cum
1871 3930 2112 3984 maxima
2143 3930 2491 3986 veneratione
2530 3930 2804 3992 detinetur
2838 3930 2891 3986 in
2927 3932 3158 3989 ecclesia
3179 3933 3297 3990 Mo-

1709 4021 1964 4078 riacensi.
2015 4021 2287 4077 Caeterum
2333 4020 2584 4078 Samaria
2639 4030 2726 4078 est
2769 4039 2970 4080 nomen
3023 4024 3196 4094 urbis,
3239 4032 3296 4082 et

1725 4115 1914 4170 )atriae.

1725 4133 1914 4170 )atriaa.

1707 4133 1724 4187 l
1777 4205 1984 4273 Quarto
1998 4204 2254 4260 milliario
2288 4220 2319 4260 a
2347 4202 2596 4260 Samaria
2622 4203 2999 4261 estSebastem
3015 4203 3202 4279 Neapo

1668 4298 1829 4370 'quec
1859 4305 1914 4354 et
1936 4297 2155 4353 Sichem
2181 4295 2400 4362 dicitur,
2426 4312 2456 4350 a
2486 4294 2730 4364 Sichem,
2781 4305 2931 4366 patre
2966 4295 3154 4364 Emor,
3188 4314 3295 4352 no-

1707 4391 1933 4457 minata,
1962 4390 2102 4444 inter
2131 4387 2246 4443 Dan
2292 4396 2347 4443 et
2391 4386 2578 4444 Bethel
2627 4389 2824 4459 posita.
2860 4389 2898 4442 A
2955 4387 3174 4444 Sichem
3210 4401 3294 4443 est
3339 4457 3342 4466 ί

1707 4491 1850 4538 terra
1877 4480 1967 4534 illa
2003 4487 2195 4534 vocata
2234 4475 2478 4544 Sichem,
2514 4493 2546 4533 a
2590 4475 2807 4533 Sichem
2851 4478 3081 4543 scilicet,
3139 4485 3231 4548 pat
3262 4492 3292 4531 c

45 4594 238 4643 sentans
267 4587 316 4644 ei
352 4602 556 4660 panem
600 4594 656 4641 et
696 4583 909 4652 vinum,
955 4599 1053 4655 per
1085 4583 1233 4656 quod
1263 4581 1602 4655 ﬁgurabatur
1632 4582 1680 4640 1)
1703 4573 1891 4639 Emor,
1935 4572 2032 4642 qui
2069 4570 2263 4626 Dinam
2297 4570 2464 4625 tiliam
2493 4569 2664 4626 Iacob
2712 4570 2892 4642 rapuit
2937 4570 3135 4626 ﬁnibus
3186 4570 3291 4624 illis

45 4673 188 4730 altare
216 4677 418 4735 Christi
452 4679 558 4734 sub
585 4677 779 4752 gratia.

100 4763 272 4825 itidem
303 4771 546 4827 secundo
575 4771 830 4826 milliario
865 4786 895 4826 a
919 4769 1155 4838 Thabor,
1178 4773 1266 4826 via
1296 4769 1422 4838 alia,
1443 4769 1602 4827 Naim

44 4857 208 4918 civitas
227 4874 328 4932 est,
344 4865 414 4920 ad
442 4864 602 4936 cujus
621 4865 859 4921 civitatis
881 4873 1091 4936 portam
1115 4863 1275 4920 Iesus
1294 4865 1419 4920 vitae
1439 4865 1603 4921 resti-

45 4953 318 5014 tuitlilium
348 4960 549 5028 viduae,
596 4974 757 5031 quem
811 4958 1002 5014 incola:
1045 4967 1271 5013 narrant
1315 4957 1604 5012 Bartholo-

46 5061 216 5104 mutum
238 5047 424 5118 fuisse,
445 5059 632 5124 postea
661 5049 863 5106 factum
891 5049 1220 5121 apostolum.
1244 5047 1419 5119 Supra
1440 5045 1599 5103 Naim

45 5154 184 5198 mons
207 5142 416 5212 Endor;
448 5144 516 5200 ad
551 5144 790 5200 radicem
825 5143 946 5212 ejus
986 5157 1151 5213 super
1173 5149 1467 5196 torrentem
1497 5140 1604 5195 Ca-

45 5228 231 5300 dumin,
259 5235 351 5305 qui
387 5246 442 5290 et
467 5244 681 5290 torrens
701 5232 935 5306 Cysson,
965 5231 1194 5286 consilio
1218 5229 1445 5284 Deborze
1469 5243 1601 5300 pro-

45 5320 272 5388 phetissae
288 5324 501 5380 Baruch
524 5324 670 5380 ﬁlius
689 5321 866 5378 Amon
890 5321 1086 5376 devicit
1101 5319 1390 5386 Idumzcos,
1416 5319 1602 5375 occiso

48 5410 238 5479 Sisara;
271 5416 380 5473 Zeb
405 5426 605 5484 autem,
632 5423 687 5472 et
717 5414 907 5476 Zebee.
935 5422 988 5469 et
1017 5413 1272 5469 Salmana
1300 5421 1452 5467 trans
1473 5412 1600 5468 Ior-

47 5500 217 5562 danem
241 5524 590 5580 persequens,
619 5507 798 5579 gladio
831 5505 1124 5561 interemit.
1147 5502 1362 5559 Baruch
1391 5518 1522 5558 vero
1542 5503 1595 5557 in

49 5590 208 5651 Endor
226 5608 278 5654 et
299 5601 400 5656 sub
417 5601 616 5668 Endor,
639 5614 782 5656 caeso
808 5598 1072 5664 exercitu,
1098 5596 1244 5652 unde
1271 5596 1325 5650 in
1355 5595 1594 5666 psalmo:

53 5683 252 5758 Thabor,
271 5701 320 5748 et
345 5692 573 5749 Hermon
599 5694 658 5748 in
680 5693 888 5748 nomine
913 5700 1002 5746 tuo
1027 5689 1389 5757 exsultabant,
1415 5697 1520 5746 etc.

109 5776 292 5846 Quinto
331 5785 582 5856 milliaria
615 5801 646 5841 a
676 5782 834 5840 Naim
881 5782 1094 5840 Iczrael
1123 5780 1337 5846 civitas,
1388 5795 1512 5852 quae
1543 5789 1599 5836 et

54 5865 262 5943 lamin),
285 5876 439 5932 modo
459 5893 589 5934 vero
633 5877 799 5949 vulgo
826 5874 1006 5930 minor
1028 5873 1242 5930 Gallina
1267 5871 1496 5940 dicitur;
1528 5885 1593 5926 ex

1706 4666 2164 4723 deambulantem.
2195 4662 2254 4719 in
2293 4663 2511 4718 Sichem
2547 4677 2677 4718 vero
2717 4663 2881 4719 relata
2923 4661 3138 4718 fuerant
3165 4677 3291 4718 ossa

1704 4763 1903 4835 Ioseph
1935 4777 2002 4817 ex
2032 4759 2287 4832 Egypto.
2331 4759 2504 4816 Porro
2533 4759 2588 4814 in
2627 4759 2844 4814 Sichem
2881 4761 3036 4829 juxta
3083 4757 3288 4812 fontem

1707 4853 1991 4910 fabricavit
2021 4850 2312 4906 Ieroboam
2341 4851 2479 4905 duos
2509 4850 2730 4915 vitulos,
2760 4865 2898 4918 quos
2922 4847 3136 4902 adorari
3165 4845 3294 4901 fecit

1705 4947 1876 5004 instar
1911 4945 2094 5000 Aaron
2118 4943 2305 4999 decem
2333 4943 2606 5008 tribubus,
2629 4957 2770 5011 quas
2799 4955 2984 4995 secum
3023 4939 3089 4994 de
3127 4937 3289 4994 Jeru-

1704 5043 1873 5100 salem
1906 5042 2204 5097 adduxerat
2229 5046 2284 5094 et
2310 5037 2620 5092 scduxcrat.
2654 5033 2832 5088 Unum
2878 5048 2946 5087 ex
2997 5031 3078 5087 eis
3108 5019 3291 5101 posuit

1705 5136 1759 5191 in
1784 5133 1920 5199 Dan,
1950 5133 2118 5188 alium
2144 5132 2198 5186 iu
2221 5127 2429 5184 Bethel.
2461 5125 2680 5180 Sichem
2705 5124 2896 5178 urbem
2946 5123 3092 5178 illam
3137 5122 3288 5178 delc-

1703 5233 1898 5280 verunt
1937 5223 2031 5278 lilii
2066 5220 2261 5286 Iacob;
2305 5217 2470 5272 Emor
2516 5229 2735 5285 quoque
2777 5219 3144 5284 peremerunt,
3185 5211 3286 5265 do-

1703 5319 1876 5373 lentes
1899 5316 1968 5371 de
1997 5313 2264 5370 adulterio
2311 5309 2462 5364 Dina:
2507 5306 2712 5363 sororis
2765 5321 2898 5360 sum.
2955 5303 3170 5362 Sichem
3204 5295 3322 5361 Lis

1699 5411 1893 5467 diebus
1920 5407 2174 5480 Neapolis
2207 5405 2430 5470 dicitur,
2457 5403 2511 5460 id
2541 5411 2626 5458 cst
2653 5399 2856 5456 Civitas
2902 5416 3054 5454 nova.

1776 5499 1970 5556 Sichar
1999 5507 2125 5554 ante
2155 5495 2396 5564 Sichem,
2443 5495 2602 5566 juxta
2653 5493 2916 5563 praalium
2947 5491 3094 5562 quod
3141 5489 3288 5544 dedit

1700 5591 1871 5650 Iacob
1901 5592 2013 5647 lilio
2039 5604 2176 5658 suo;
2227 5591 2283 5644 in
2303 5605 2414 5660 quo
2447 5591 2569 5642 fons
2596 5585 2784 5652 Iacob,
2825 5585 2920 5655 qui
2971 5593 3025 5640 et
3067 5593 3287 5653 puteus,

1701 5698 1869 5755 supra
1898 5695 2062 5754 quem
2099 5681 2507 5752 evangelizatur
2529 5677 2737 5734 fessum
2767 5677 2961 5732 itinere
2983 5673 3165 5729 Iesum
3200 5688 3308 5742 se-~

1699 5777 1868 5846 disse,
1887 5786 1946 5834 et
1973 5791 2282 5833 sermonem
2315 5775 2574 5834 habuisse
2597 5789 2724 5830 cum
2769 5773 2997 5829 muliere
3045 5769 3288 5826 Samari-

1703 5877 1860 5938 tana;
1904 5868 1998 5926 ubi
2019 5883 2167 5938 nunc
2203 5867 2436 5924 ecclesia
2465 5865 2836 5924 constituitur.
2865 5862 3030 5920 quta
3067 5860 3287 5918 Sichem
