3816 6306
89 343 198 401 1061
953 333 1240 392 JOANNIS
1276 335 1674 394 wmzsunc.
1719 335 1964 394 nnscn.
2007 335 2267 394 renuis:
2306 336 2364 392 s.
2753 365 2758 370 -
3176 348 3336 406 loss

85 458 270 516 Nechao
283 450 538 525 templum
558 449 777 517 delevit,
805 458 863 507 et
905 450 1119 507 urbem.
1157 449 1320 507 Modo
1371 466 1503 508 vero
1555 467 1632 509 ne
1650 461 1702 520 Α
1732 468 1855 508 rum
1892 452 1947 508 in
1991 453 2272 510 mentibus
2318 452 2552 510 aliorum
2595 454 2884 527 signiticet,
2918 468 3126 531 tamen,
3177 467 3308 536 quia

83 548 270 607 relatori
295 545 535 604 videatur
570 541 895 610 absurdum,
924 543 1272 614 auditorique
1309 543 1618 612 taediosum,
1723 541 1792 598 ad
1819 541 1981 598 Vetus
2008 542 2420 600 Testamentum
2440 545 2694 616 pertinet,
2719 555 2980 620 tanquam
3004 553 3058 608 in
3079 569 3148 610 eo
3168 571 3308 612 con--

82 641 167 696 sub
181 637 374 710 quibus
383 644 439 692 et
456 650 488 691 a
509 635 710 706 quibus
731 634 1136 692 destructiones
1153 643 1210 690 et
1229 635 1620 694 restructiones
1721 636 2148 696 summationem
2191 635 2490 707 accipiens,
2517 640 2727 698 amodo
2753 655 2972 700 cessare
3003 643 3219 715 debeat,
3243 656 3306 704 ut

80 734 232 807 primi,
261 732 478 790 secundi
514 738 568 788 et
590 731 736 788 tertii
787 731 1034 802 ejusdem
1065 731 1253 802 templi
1291 732 1622 789 exstiterunt
1720 729 1862 784 inter
1894 737 2239 786 saerameta
2255 726 2396 785 Novi
2423 727 2758 810 Testamenti
2798 731 3146 792 circumcisio
3189 754 3302 795 non

79 831 379 891 enumerare,
415 823 518 880 hoc
565 823 634 879 de
671 822 926 894 presenti
977 823 1184 890 Bethel,
1217 833 1383 895 prout
1431 823 1620 881 verius
1717 829 2084 892 computetur.
2121 819 2263 877 Hine
2297 836 2410 878 non
2450 821 2684 894 pertinet
2717 822 2788 878 ad
2828 825 3048 897 aliquod
3092 839 3300 899 septem

78 931 262 987 queam,
401 913 594 970 dilecte
615 913 712 982 mi,
733 913 1012 970 elucidare
1045 914 1306 970 conabor.
1707 905 2008 978 sigillorum
2036 907 2440 977 pmlictorum.
2478 909 2635 966 Sicut
2670 911 2788 983 jam
2826 912 3089 982 diximus,
3119 913 3310 972 Domi-

136 1007 200 1064 De
222 1005 396 1063 Betbel
425 1007 630 1078 itaque,
651 1005 755 1062 sub
773 1021 888 1078 quo
911 1015 966 1062 et
992 1022 1024 1062 a
1039 1022 1151 1077 quo
1175 1006 1425 1078 principe
1451 1005 1616 1062 resti-

79 1107 222 1152 tutum
241 1097 476 1169 sit,_vere
493 1095 798 1170 ignoratur,
846 1113 1024 1168 neque
1057 1098 1114 1153 in
1139 1113 1328 1154 veram
1357 1096 1614 1153 notitiam

76 1191 140 1245 rei
156 1189 387 1245 devenire
409 1189 584 1259 potui.
616 1189 849 1256 Quidam
900 1190 1049 1245 enim
1099 1190 1204 1246 sub
1253 1190 1615 1246 Constantino

75 1283 356 1352 imperatore
387 1281 456 1336 ab
475 1279 680 1337 Helena
705 1291 881 1338 matre
901 1297 1002 1340 sua
1025 1282 1414 1339 remdiﬁcatum
1432 1281 1616 1339 fuisse

76 1372 318 1442 perhibent
349 1387 449 1444 pro
473 1374 780 1429 reverentia
807 1384 1011 1430 sanctae
1047 1374 1230 1431 crucis
1250 1375 1322 1430 ab
1343 1389 1410 1430 ea
1457 1389 1613 1430 rece-

1708 1015 1815 1056 nus
1853 1007 2038 1056 noster
2061 999 2223 1060 Jesus
2247 1001 2501 1062 Christus
2522 1020 2553 1061 a
2582 1022 2680 1062 sua
2710 1007 2884 1065 Matre
2908 1010 2964 1065 in
2997 1012 3200 1082 templo
3223 1021 3310 1068 est

1705 1100 2086 1162 prmsentatus,
2127 1102 2184 1148 et
2217 1095 2273 1150 in
2314 1096 2474 1154 ulnas
2519 1097 2662 1155 beati
2709 1098 2982 1158 Simeonis
3029 1112 3304 1174 receptus,

1706 1181 1901 1252 Spiritu
1928 1184 2251 1254 prophetico
2282 1184 2566 1246 inferentis
2602 1209 2616 1244 :
2649 1189 2808 1246 Nunc
2833 1193 3067 1248 dimittis
3098 1211 3306 1249 servum

1705 1285 1876 1343 tuum,
1901 1275 2148 1346 Domine,
2174 1287 2280 1336 etc.
2314 1278 2372 1336 In
2407 1283 2607 1354 templo
2637 1281 2902 1342 Dominus
2929 1295 3116 1344 noster
3144 1285 3306 1344 Jesus

1703 1365 1980 1434 Christus,
2009 1367 2124 1438 jam
2161 1368 2339 1441 major
2358 1370 2561 1442 factus,
2588 1389 2716 1430 cum
2748 1384 3058 1432 moraretur
3077 1375 3304 1432 Jerusa-

1702 1451 1834 1521 lem,
1865 1455 2030 1510 etiam
2061 1455 2372 1515 duodennis
2396 1459 2712 1532 disputabat
2740 1479 2867 1520 cum
2897 1462 3130 1530 Judaeis,
3163 1473 3217 1520 et
3240 1464 3304 1517 li-

1703 1553 1790 1602 cet
1816 1561 1946 1603 eum
1989 1547 2116 1606 odio
2161 1550 2494 1622 habuerunt,
2539 1564 2720 1612 tamen
2747 1572 2842 1614 eos
2879 1574 3023 1630 saepe
3051 1557 3302 1614 docebat.

74 1471 172 1532 ptas.
191 1463 285 1518 Alii
306 1464 373 1518 ab
394 1463 650 1521 Heraclio
678 1464 1009 1536 imperatore
1038 1480 1138 1536 pro
1158 1465 1460 1522 reverentia
1479 1465 1612 1536 ligni

73 1554 270 1623 Domini,
295 1557 438 1627 quod
466 1557 536 1612 de
556 1556 781 1614 Perside
805 1557 1152 1628 triumphans
1180 1557 1470 1625 retulerat;
1517 1556 1610 1612 alii

73 1647 387 1704 alustiniano
404 1648 698 1720 Augusto;
753 1649 849 1704 alii
897 1664 929 1704 a
983 1649 1223 1721 quodam
1283 1649 1612 1720 imperatore
1710 1653 1849 1710 bam
1880 1655 1934 1710 in
1961 1653 2163 1726 templo
2208 1651 2452 1708 laudavit
2491 1665 2696 1708 munus
2720 1646 2968 1704 mulieris
3016 1646 3296 1718 pauperis,

72 1729 294 1816 Memphis
319 1745 536 1819 digypti
566 1761 669 1817 pro
693 1745 1000 1802 reverentia
1035 1745 1368 1813 Allachiber,
1421 1746 1477 1802 id
1527 1759 1612 1804 est
1651 1813 1679 1820 η
1712 1748 1860 1820 quod
1884 1747 1940 1803 in
1967 1745 2418 1820 gazophylacium
2456 1744 2704 1812 miserat,
2744 1750 2850 1798 etc.
2888 1739 3066 1812 Supra
3098 1738 3296 1810 pinna--

71 1813 236 1890 summi
261 1813 476 1891 Domini
498 1813 618 1892 Dei.
643 1835 892 1893 Praesens
914 1837 1038 1904 hoc,
1069 1837 1316 1908 inquam,
1347 1838 1609 1910 templum
1645 1813 1682 1870 Β
1713 1813 1896 1897 culum
1921 1813 2130 1910 templi,
2154 1813 2300 1910 quod
2327 1845 2612 1909 reputatur
2632 1849 2797 1906 supra
2828 1833 2972 1888 latus
3013 1829 3299 1894 circuitus,
3390 1902 3395 1907 _

70 1937 134 1981 est
151 1926 210 1983 de
225 1943 327 1999 quo
348 1929 682 2000 praedicatur
707 1930 854 2001 quod
878 1929 934 1985 in
958 1944 1028 1986 eo
1051 1944 1188 2001 puer
1214 1928 1378 1986 Jesus
1415 1941 1612 1988 octavo

71 2021 228 2078 natalis
258 2023 338 2078 sui
367 2023 456 2080 die
502 2023 672 2080 fuerit
697 2023 1084 2082 circumcisus.
1123 2020 1455 2097 Prmputium
1491 2027 1611 2098 ejus

71 2116 112 2168 in
137 2115 409 2174 Jerusalem
456 2120 514 2174 in
549 2120 753 2190 templo
782 2120 850 2175 de
877 2119 1034 2176 caelis
1071 2120 1142 2175 ab
1181 2121 1376 2192 angelo
1411 2120 1612 2178 Carolo

70 2207 226 2280 Magno
244 2211 346 2281 regi
375 2221 766 2283 praesentatum
795 2211 920 2281 fuit,
946 2221 1002 2268 et
1019 2212 1090 2268 ab
1117 2227 1184 2268 eo
1205 2213 1608 2285 Aquisgranum

71 2301 112 2354 in
133 2301 306 2358 Gallias
333 2303 610 2370 delatum;
660 2313 851 2375 postea
882 2319 1014 2360 vero
1058 2321 1089 2360 a
1113 2303 1316 2361 Carolo
1349 2305 1517 2362 Calvo
1553 2306 1608 2361 in

70 2393 367 2463 Aquitaniam
401 2397 758 2464 translatum,
794 2396 849 2452 in
905 2411 1047 2468 pago
1088 2395 1418 2452 Pictavieusi
1467 2397 1610 2468 apud

69 2486 313 2542 Canusium
360 2489 413 2542 in
453 2487 705 2544 Ecclesia
747 2503 916 2560 quam
963 2489 1018 2543 in
1061 2488 1270 2544 honore
1308 2486 1610 2544 Salvatoris

70 2579 206 2634 nostri
235 2595 324 2636 rex
348 2580 553 2637 Calvus
581 2582 911 2650 construxit,
939 2591 994 2638 et
1017 2583 1166 2655 regie
1192 2583 1352 2638 bonis
1377 2583 1608 2654 amplis-

59 2663 258 2727 'simimis
287 2672 386 2727 sub
413 2673 732 2728 monachali
757 2673 1019 2745 religione
1052 2673 1422 2745 locupletavit,
1461 2675 1609 2746 quod

67 2773 118 2813 ex
141 2767 250 2816 tunc
271 2777 438 2834 usque
459 2763 630 2820 modo
661 2763 736 2820 ibi
761 2765 1080 2823 solemniter
1098 2773 1416 2822 asservatur
1442 2774 1498 2822 et
1515 2781 1605 2823 ve.

69 2858 270 2908 neratur.

651 2989 882 3050 CAPUT
911 2991 1002 3051 Ill.

69 3078 358 3141 Enarrantur
383 3102 456 3159 ea;
482 3103 605 3159 qua:
626 3086 680 3141 in
707 3087 899 3159 templo
920 3085 1368 3159 Jerosolymitano
1416 3103 1448 3142 a
1482 3084 1609 3142 Sal-

1713 1935 1923 1992 habens
1947 1937 2143 1993 subtus
2176 1950 2236 1992 se
2274 1933 2546 1990 fenestras
2567 1929 2726 2002 quasi
2749 1928 2948 2001 pinnas
2971 1925 3058 1981 vel
3082 1923 3298 1986 cinnas,

1711 2029 1904 2084 statuit
1921 2026 2109 2084 Jesum
2139 2026 2417 2093 diabolus,
2455 2032 2511 2080 et
2560 2022 2718 2079 tertio
2761 2036 2887 2077 eum
2933 2026 3154 2090 propter
3198 2015 3299 2072 ba-
3351 2037 3368 2050 κ

1710 2120 1975 2192 ptismum
2007 2120 2338 2191 etjejunium
2364 2115 2735 2174 tentansdixit
2764 2133 2777 2170 :
2809 2113 2867 2168 Si
2896 2113 3074 2168 Filius
3097 2110 3196 2165 Dei
3221 2125 3298 2174 es,

1711 2213 1863 2268 mitte
1892 2222 1942 2267 te
1973 2213 2242 2267 deorsum.
2275 2208 2334 2264 In
2358 2210 2462 2264 hoc
2486 2209 2604 2279 ipso
2625 2204 2826 2276 templo
2855 2203 3072 2258 Domini
3111 2217 3166 2256 xl
3192 2200 3300 2254 Ka-

1711 2306 1857 2362 lend.
1908 2303 2226 2361 Decembris
2271 2302 2474 2358 dicitur
2520 2299 2680 2356 beata
2742 2297 2906 2370 Virgo
2933 2294 3121 2349 'Maria
3159 2293 3297 2362 jam,

1713 2398 1882 2454 trium
1921 2412 2193 2453 annorum
2239 2393 2488 2467 parvula,
2528 2392 2710 2448 oblata
2763 2389 2936 2445 fuisse
2965 2386 3099 2454 Deo,
3146 2393 3204 2440 ut
3242 2383 3298 2438 hi

1710 2491 1966 2548 versiculi
1995 2491 2194 2546 docent
2219 2487 2420 2546 ibidem
2447 2483 2701 2555 inscripti
2737 2499 2750 2537 :

1797 2582 2097 2655 Virginibus
2131 2588 2330 2652 septem
2365 2578 2523 2650 Virgo
2544 2577 2800 2646 comitata
2826 2571 3041 2645 puellis,

1786 2672 2062 2730 Servitum
2083 2671 2216 2738 Deo,
2240 2671 2343 2742 fuit
2363 2670 2449 2724 hic
2470 2669 2652 2724 oblata
2676 2667 2920 2722 triennis.

1713 2765 1792 2822 lbi
1812 2765 2022 2838 absque
2057 2763 2227 2821 dubio
2259 2777 2404 2834 saepe
2436 2760 2683 2817 divinum
2727 2769 2782 2815 et
2807 2759 3117 2831 angelicum
3150 2755 3297 2814 sola-

1711 2839 1851 2916 tium
1885 2857 2148 2930 percepit,
2178 2855 2324 2912 unde
2351 2870 2546 2912 rursus
2572 2852 2674 2910 iste
2701 2843 2896 2910 versus
2923 2872 2940 2910 :

1783 2952 2040 3009 Pascitur
2059 2949 2296 3022 angelico
2337 2948 2492 3021 Virgo
2520 2946 2838 3003 ministerio.

1783 3042 1861 3100 De
1888 3042 2087 3114 templo
2117 3040 2412 3098 vendentes
2445 3048 2500 3096 et
2525 3047 2770 3095 ementes
2816 3036 2978 3110 ejccit
3025 3035 3297 3092 Dominus

122 3129 1602 3230 ﬁliiﬁlii}?13753,};"Z,;;,};ig;j",;i’gj'33,,“,3},
1633 3166 1677 3228 ο
1713 3147 1902 3230 noster
1943 3135 2104 3230 lesus
2151 3134 2407 3190 Christus
2439 3131 2730 3230 :adpujus
2768 3130 2859 3230 rei.
2883 3129 3142 3230 indicium
3201 3129 3304 3184 adv
3393 3189 3398 3196 ,

119 3228 339 3295 expositis
371 3228 506 3284 locis
536 3229 596 3282 in
613 3228 804 3302 quibus
826 3228 1044 3302 pureque
1065 3228 1418 3300 contigerunt.

119 3312 354 3386 Primum,
382 3329 442 3376 ut
498 3319 765 3387 diximus,
813 3326 1220 3376 sacramentum
1276 3319 1331 3374 in
1385 3319 1608 3378 civitate

67 3401 285 3465 Nazaretb
303 3419 384 3467 est
418 3427 521 3482 per
540 3409 978 3467 lncarnationem
1003 3409 1220 3467 Domini
1247 3412 1603 3470 celebratum.

68 3493 331 3556 Secundum
376 3517 514 3558 vero
567 3517 665 3572 per
698 3501 1051 3558 Nativitatem
1096 3501 1269 3573 ipsius
1304 3503 1358 3558 in
1391 3503 1608 3561 Bethle-

67 3587 163 3643 hem
188 3589 326 3648 ludat
347 3605 429 3650 est
459 3602 934 3650 consummatum.
970 3593 1238 3660 Tertium,
1281 3595 1429 3665 quod
1463 3594 1605 3650 dici-

65 3687 134 3734 tur
154 3680 442 3757 Hypapante
474 3686 714 3754 Domini,
743 3687 798 3742 id
822 3694 910 3742 est
935 3688 1349 3757 reprmsentatio
1377 3685 1604 3755 Christi,

65 3771 106 3826 in
130 3777 530 3850 quadragesimo
564 3777 878 3836 Nativitatis
922 3793 1036 3835 suae
1077 3779 1166 3834 die
1193 3779 1248 3833 in
1289 3780 1491 3851 templo
1517 3778 1608 3835 Je-

65 3867 260 3924 rusalem
294 3879 375 3926 est
410 3879 725 3928 ostensum.
767 3869 1158 3927 Verumtamen
1196 3872 1313 3928 haec
1349 3871 1455 3928 tria
1502 3871 1608 3928 sub

65 3970 153 4010 uno
182 3963 710 4033 comprehenduntur
757 3963 1085 4036 sigillorum,
1123 3979 1246 4036 qua:
1286 3971 1492 4035 septem
1518 3964 1606 4021 di-

65 4059 228 4106 cuntur
271 4055 324 4110 in
363 4070 620 4124 numero,
653 4071 765 4128 quo
790 4057 880 4113 ille
909 4057 1050 4112 liber
1085 4058 1141 4113 in
1181 4057 1508 4131 Apocalypsi
1531 4057 1608 4114 si-

64 4153 243 4215 gnatus,
268 4164 298 4204 a
323 4150 475 4206 nullo
521 4150 700 4220 potuit
730 4150 871 4206 solvi
899 4149 1008 4206 nisi
1031 4149 1102 4206 ab
1127 4150 1220 4206 illo
1241 4150 1398 4224 Agno
1423 4151 1516 4222 qui
1538 4151 1608 4207 ab
1643 4177 1650 4204 χ

64 4235 236 4305 origine
265 4241 454 4297 mundi
474 4249 562 4297 est
591 4241 830 4298 occisus.
859 4239 1015 4297 Unde
1047 4249 1103 4298 et
1135 4241 1227 4298 ille
1252 4258 1270 4297 :
1299 4241 1506 4313 Dignus
1527 4258 1605 4310 es,

68 4323 267 4400 Domine,
313 4336 576 4407 accipere,
629 4345 738 4392 etc.
783 4333 1188 4405 Computantur
1219 4343 1401 4392 autem
1431 4351 1462 4391 a
1483 4336 1609 4406 qui-

63 4416 252 4478 busdam
283 4426 398 4483 haec
433 4436 644 4498 septem
665 4427 947 4500 signacula
979 4427 1353 4500 apocalyptica
1380 4428 1435 4482 in
1461 4428 1606 4484 hunc

1712 3229 1820 3286 huc
1853 3229 1908 3286 in
1937 3228 2160 3286 dextera
2205 3234 2360 3298 parte
2405 3224 2592 3296 templi
2647 3222 2958 3280 ostenditur
2998 3222 3140 3292 lapis
3168 3237 3296 3276 cum

1709 3339 1911 3398 magna
1965 3323 2328 3382 veneratione
2358 3319 2809 3388 luminaxior-um,
2857 3327 3120 3391 tanquam
3159 3317 3297 3390 pete

1708 3417 1927 3474 Domini
1959 3418 2203 3474 calcatus
2223 3425 2276 3472 et
2305 3415 2702 3482 sanctiﬁcatus,
2738 3414 3014 3484 eleganter
3041 3421 3298 3476 ornatus,

1707 3510 1804 3566 ubi
1831 3525 2028 3580 nempe
2061 3507 2316 3564 Christus
2343 3507 2495 3564 solus
2517 3507 2717 3562 virtute
2753 3504 2938 3560 divina
2974 3511 3054 3560 tot
3097 3501 3297 3558 restitit

1709 3600 2046 3668 hominibus,
2071 3615 2168 3656 eos
2206 3599 2475 3654 violenter
2494 3595 2806 3668 ejiciendo;
2838 3595 2934 3665 qui
2956 3594 3135 3649 dictus
3155 3593 3296 3664 lapis
3395 3615 3400 3622 ο

1707 3693 2005 3764 adjunctus
2025 3701 2110 3748 est
2139 3691 2303 3763 lapidi
2341 3706 2506 3762 super
2532 3704 2696 3762 quem
2738 3697 3002 3757 tanquam
3034 3687 3088 3742 in
3135 3686 3295 3742 altari

1706 3787 2020 3859 depingitur
2042 3785 2260 3842 oblatus
2310 3783 2482 3840 fuisse
2523 3781 2792 3838 Dominus
2840 3789 3049 3848 noster,
3095 3780 3173 3834 uti
3199 3780 3296 3835 de.

1707 3882 2049 3938 monstratur
2087 3879 2142 3936 in
2174 3878 2387 3951 pictura
2415 3886 2469 3933 et
2513 3875 3000 3948 superscriptione,
3026 3891 3147 3948 qua:
3171 3874 3297 3930 talis

1705 3982 1792 4030 est
1815 3989 1832 4028 :
3339 3961 3342 3964 ’

1777 4065 1882 4121 Hic
1904 4065 2006 4137 fuit
2041 4065 2250 4120 oblatus
2279 4064 2391 4120 Rex
2420 4081 2598 4136 regum
2623 4063 2824 4135 virgine
2849 4070 3028 4129 natus,

1783 4159 2116 4230 Quapropter
2138 4165 2354 4213 sanctus
2383 4157 2529 4212 locus
2555 4165 2632 4212 est
2663 4157 2748 4211 hic
2767 4156 2888 4228 jure
2913 4165 3148 4211 vocatus.

1775 4251 1845 4307 Et
1872 4253 2036 4324 paulo
2073 4260 2198 4324 post
2218 4253 2384 4308 etiam
2413 4253 2716 4323 'scquentes
2750 4266 2944 4308 versus
2990 4251 3190 4307 ibidem
3217 4249 3296 4306 le-

1746 4357 1932 4400 untur.

1746 4361 1932 4400 untur.

1708 4361 1741 4416 g
1780 4434 1886 4490 Hic
1918 4434 2086 4491 Iacob
2113 4435 2314 4491 scalam
2337 4436 2491 4504 vidit,
2516 4437 2815 4490 construxit
2843 4444 2893 4490 et
2919 4451 3094 4503 aram,

63 4512 267 4615 ῐηοάξιιη,
289 4534 486 4591 nempe
505 4520 653 4615 quo—tl
674 4521 791 4576 hate
818 4520 964 4575 sint:
990 4519 1038 4574 ι.
1068 4518 1337 4615 Ιξειιὶνίιαε
1364 4518 1603 4586 Domini.
1639 4559 1682 4615 υ
1781 4527 1922 4584 Hinc
1949 4528 2095 4584 locus
2121 4537 2364 4596 ornatur,
2392 4545 2494 4600 quo
2529 4539 2744 4584 sanctus
2761 4529 2885 4599 jure
2912 4537 3148 4584 vocatur.

63 4615 139 4690 seu
163 4603 484 4678 lncarnatio;
517 4611 570 4666 2.
605 4611 954 4682 Baptismus;
986 4613 1040 4668 ὅ.
1070 4611 1296 4679 Passio;
1333 4613 1390 4668 4.
1426 4612 1494 4690 ad
1517 4614 1602 4670 in-

63 4688 180 4752 feros
201 4699 502 4772 descensio;
531 4706 586 4760 5.
613 4703 965 4761 Resurreetio
988 4705 1073 4778 :|6.
1102 4705 1400 4772 Ascensio;
1427 4688 1480 4772 7,
1510 4704 1600 4776 fu-
1639 4757 1642 4762 .

63 4788 149 4841 turi
166 4793 341 4860 judicii
367 4797 802 4868 repmsentaiio.
831 4796 908 4854 De
928 4799 1017 4855 his
1042 4809 1225 4854 autem
1256 4808 1464 4870 septem
1483 4788 1599 4870 jam

62 4893 139 4936 sex
159 4883 205 4938 in
228 4889 467 4956 partibus
486 4889 994 4964 Jerosolymitarum
1047 4908 1143 4964 per
1174 4892 1468 4950 Dominum
1501 4909 1602 4950 no-

61 4982 205 5032 strum
248 4979 426 5040 Jesum
470 4985 750 5043 Christum
778 4995 908 5044 sunt
935 4987 1117 5044 soluta
1151 5003 1248 5044 seu
1275 4988 1596 5059 adimpleta;

62 5069 310 5136 septimum
348 5079 732 5150 complendum
764 5096 860 5152 per
883 5081 1138 5137 eumdem
1168 5079 1460 5138 Dominum
1496 5097 1598 5138 no—

63 5165 226 5228 slrum,
273 5168 428 5238 cujus
485 5171 838 5241 eompletioni
867 5186 972 5226 nec
991 5180 1140 5228 certa
1171 5172 1330 5237 hora,
1358 5188 1460 5229 nec
1481 5188 1602 5229 cer-

60 5252 133 5304 tus
155 5252 291 5313 locus
312 5270 394 5316 est
413 5262 702 5332 ascriptus,
735 5263 861 5319 licet
894 5279 926 5318 a
953 5261 1072 5319 Joel
1098 5265 1363 5334 propheta
1396 5265 1450 5320 in
1476 5281 1600 5336 per-
1637 5323 1640 5326 ,

62 5354 172 5399 sona
208 5346 414 5407 Domini
457 5355 662 5410 dictum
695 5356 770 5411 sit
797 5373 811 5410 :
845 5353 1184 5426 Congregabo
1214 5373 1390 5412 omnes
1422 5365 1599 5426 gentes

60 5430 105 5482 in
126 5436 242 5492 valle
275 5439 550 5514 losaphat,
574 5456 625 5500 et
649 5446 952 5516 disceptabo
995 5463 1116 5501 cum
1145 5447 1241 5502 eis.
1279 5444 1386 5504 Sed
1415 5448 1485 5504 de
1514 5448 1600 5504 his

62 5522 183 5581 alibi.
195 5526 340 5590 Nunc
367 5550 491 5592 vero
511 5538 802 5594 redeamus
827 5539 896 5594 ad
919 5541 1460 5610 repraesentationem
1487 5541 1599 5598 Do-

63 5621 192 5690 mini,
235 5628 541 5702 adjicientes
591 5635 697 5692 hoc
732 5636 801 5692 de
833 5636 1258 5694 circumcisione
1294 5639 1437 5710 ejus,
1478 5655 1602 5710 quae

64 5710 180 5770 facta
201 5731 276 5775 est
301 5723 354 5778 in
396 5728 596 5799 templo
645 5727 865 5784 Domini
901 5737 1098 5786 octavo
1143 5731 1253 5796 die,
1288 5731 1600 5802 quodipsa.

63 5811 278 5870 quamvis
304 5814 355 5871 in
385 5831 445 5871 ea
477 5821 664 5877 carnis
715 5820 956 5878 abscisio
997 5823 1401 5896 depositionem
1448 5825 1603 5881 vitio-

1709 4621 1865 4690 Quod
1886 4635 2020 4678 vero
2043 4623 2152 4679 hoc
2171 4623 2296 4693 ipso
2326 4622 2380 4676 in
2404 4623 2582 4694 lapide
2600 4622 2769 4678 Iacob
2791 4622 3103 4694 depingitur
3131 4630 3296 4690 caput

1708 4713 1980 4785 posuisse,
2007 4715 2229 4786 quando
2257 4715 2538 4771 dormiens
2559 4715 2694 4770 vidit
2739 4715 2945 4771 scalam
2996 4715 3053 4769 in
3093 4715 3292 4769 emtum

1708 4818 2040 4880 porrectam,
2088 4825 2187 4881 per
2229 4825 2396 4880 quam
2453 4810 2634 4881 angeli
2673 4808 3040 4866 ascenderunt
3090 4818 3145 4865 et
3194 4808 3293 4864 de-

1709 4901 2066 4970 scenderunt,
2125 4903 2276 4959 salva
2331 4903 2636 4959 reverentia
2691 4903 2900 4974 templi,
2950 4919 3142 4960 verum
3181 4918 3292 4958 non
3333 4931 3340 4944 -

1707 5001 1820 5061 est;
1849 4994 1947 5049 ubi
1970 5002 2026 5050 et
2045 4994 2247 5051 iterum
2271 5010 2466 5054 versus
2491 4995 2582 5051 hic
2610 4995 2896 5066 appositus
2914 5005 3000 5052 est
3025 5015 3039 5050 :

1781 5086 1912 5143 Hac
1936 5096 2027 5142 tua
2049 5089 2120 5143 sit
2165 5097 2330 5154 terra,
2367 5087 2558 5154 Iacob,
2589 5104 2708 5142 cum
2731 5087 2880 5158 prole
2906 5088 3114 5159 futura,

1781 5180 1908 5249 Sed,
1948 5190 2010 5238 ut
2033 5197 2200 5252 supra
2229 5181 2494 5248 diximus,
2526 5181 2689 5252 longe
2709 5181 2764 5236 in
2795 5181 2905 5237 alio
2931 5180 3052 5237 loco
3073 5181 3292 5247 accilit,
3331 5251 3338 5258 .

1707 5275 1917 5331 scilicet
1963 5275 2033 5331 ad
2069 5274 2335 5346 majorem
2389 5272 2820 5330 Maeliumeriam
2865 5275 2934 5332 ad
2981 5274 3292 5348 Mesopota-

1705 5366 1873 5421 miam
1900 5365 2072 5421 eunti.

1778 5455 1836 5510 In
1865 5456 2068 5527 templo
2096 5457 2348 5514 liberavit
2370 5456 2641 5515 Dominus
2671 5469 2859 5516 noster
2884 5460 3190 5518 adulteram
3222 5460 3293 5516 ab

1708 5550 2119 5615 accusantibus,
2147 5551 2336 5608 dicens
2364 5571 2377 5608 :
2406 5550 2512 5618 Qui
2549 5553 2662 5608 sine
2695 5564 2907 5624 peccato
2931 5563 3028 5622 est,
3055 5563 3160 5609 ctc.
3185 5552 3292 5620 Qui

1701 5641 1921 5710 deinde,
1943 5645 2361 5702 accusatoribus
2408 5647 2720 5704 tacentibus
2739 5657 2797 5704 et
2824 5649 3172 5715 exeuntibus,
3207 5645 3289 5703 fe-

1703 5735 1867 5792 mina:
1889 5735 2030 5792 dixit
2061 5755 2074 5792 :
2106 5737 2324 5806 Mulier,
2367 5740 2498 5794 uade
2524 5741 2580 5795 in
2625 5757 2776 5811 pace,
2814 5751 2864 5796 et
2902 5741 3020 5810 jam
3058 5738 3290 5798 amplius

1703 5825 1812 5882 noli
1833 5843 2070 5898 peccare.
2118 5827 2300 5888 Locus
2321 5829 2412 5887 ille
2452 5840 2876 5903 repraesentatur
2900 5832 2955 5888 in
2979 5845 3145 5904 parva
3166 5846 3292 5907 ery-
