3812 6312
490 335 630 394 ίοθδ

1063 335 1156 392 AD
1188 334 1642 394 GODEFRIDUM
1682 331 1974 390 APPEND.
2017 329 2081 386 ιι.
2119 358 2192 369 -—-
2235 327 2505 388 HONUM.
2554 329 2640 386 DE
2674 327 2900 388 BELLO
2942 331 3190 390 SACRO.

3587 340 3677 400 ius

485 461 580 524 pta
603 450 855 523 ejusdem
894 449 1106 521 templi.
1132 449 1200 507 ad
1231 465 1396 521 quam
1422 458 1667 522 cryptam
1705 448 1963 503 introitus
1986 453 2071 501 est
2104 446 2146 502 Α
2171 444 2461 517 ciosa,per
2493 460 2659 517 quam
2700 444 2896 503 Petrus
2922 463 3049 505 cum
3086 446 3300 505 Joanne
3332 454 3579 512 transiens
3593 474 3681 529 pan.

485 543 543 598 in
586 541 814 600 sinistra
863 549 1022 612 parte
1076 542 1267 612 templi
1304 549 1359 596 et
1407 550 1637 596 vocatur
1673 536 1983 595 Confessio.
2011 534 2070 590 In

482 636 737 693 etimdem
759 634 942 690 locum
972 634 1173 690 dicitur
1216 633 1497 704 ingressus
1538 631 1710 687 fuisse
1751 629 2068 695 Zacharias,

483 729 706 802 quando
726 729 795 784 ab
832 727 1027 799 angelo
1057 727 1125 783 de
1160 724 1518 796 conceptione
1558 723 1789 780 Joannis
1834 731 1922 780 est
1952 738 2072 780 cer-

483 821 758 887 titicatus;
796 819 903 874 hoc
932 826 1103 873 totum
1158 816 1364 872 indicat
1414 817 1650 887 pictura,
1675 824 1733 871 et
1760 816 2068 886 superscri-

481 914 724 985 ptiones,
772 926 896 982 quae
938 911 1075 966 tales
1124 916 1271 965 sunt.
1310 909 1550 981 Angelus
1581 908 1649 964 ad
1687 907 2011 965 Zachariam
2049 924 2061 961 :

396 1006 403 1016 ’
483 1004 566 1061 Ns
597 1007 809 1071 timeas,
839 1002 1128 1071 Zacharia,
1155 1002 1418 1057 exaudita
1440 1010 1522 1057 est
1548 1002 1724 1056 oratio
1742 1009 1858 1068 tua,
1881 1010 1989 1057 etc.

554 1098 610 1154 In
640 1095 1045 1169 superliminari
1095 1096 1435 1167 conspicitur
1476 1095 1659 1169 imago
1703 1094 1910 1152 Christi
1938 1110 2065 1151 cum

478 1190 583 1247 hac
603 1187 902 1261 epigraphe
936 1207 952 1244 :

547 1281 775 1338 Absolve
796 1290 970 1355 gentes
990 1298 1089 1337 sua
1110 1280 1338 1337 crimina
1361 1281 1517 1337 corde
1534 1281 1783 1353 fatentes.

546 1372 605 1429 In
628 1372 829 1447 templo
858 1375 927 1431 ad
958 1374 1129 1431 altare
1149 1375 1297 1446 quod
1327 1383 1484 1430 extra
1510 1382 1630 1429 erat
1655 1373 1759 1430 sub
1788 1373 1949 1439 clivo,
1983 1387 2070 1427 re-

474 1474 686 1522 motum
718 1483 749 1523 a
800 1468 1007 1539 templo
1047 1468 1339 1539 plusquam
1387 1482 1459 1521 xx
1501 1482 1725 1537 passus,
1774 1464 2069 1522 Zacharias

475 1557 623 1615 Illius
668 1557 952 1615 Barachim
997 1567 1207 1632 martyr
1239 1557 1533 1626 occubuit;
1592 1573 1756 1630 supra
1817 1559 1965 1630 quol
2012 1558 2066 1612 in

479 1650 660 1708 Veteri
698 1650 1051 1710 Testamento
1097 1650 1270 1708 Judazi
1300 1660 1546 1708 turtures
1575 1660 1632 1707 et
1661 1651 1946 1707 columbas
1974 1665 2067 1705 sa-

474 1744 738 1802 crifaccre
767 1752 1187 1813 consueverant,
1206 1745 1300 1801 sed
1319 1752 1511 1817 postea
1536 1760 1567 1799 a
1600 1742 1920 1800 Sarracenis
1943 1759 2067 1798 mu-

473 1848 649 1894 tatum
698 1847 783 1895 est
835 1840 1006 1894 altare
1034 1838 1168 1894 illud
1195 1838 1248 1893 in
1273 1837 1641 1909 horologium,
1680 1837 1830 1907 quod
1885 1836 2064 1891 adhuc

472 1931 648 1986 videri
681 1940 737 1986 et
763 1926 942 1986 notari
970 1938 1168 2001 potest,
1192 1945 1317 1986 cum
1341 1930 1525 2001 plures
1550 1927 1867 1995 Sarraceni,
1896 1929 2060 1984 etiam

474 2020 659 2089 hodie,
711 2022 905 2078 orandi
959 2036 1130 2078 causa
1184 2020 1253 2076 ad
1299 2022 1504 2093 ipsum,
1550 2034 1748 2077 versus
1773 2020 2062 2076 meridiem

473 2115 827 2188 dispositum,
853 2116 921 2172 ad
955 2131 1120 2189 quem
1162 2114 1448 2171 meridiem
1500 2113 1604 2185 ipsi
1650 2127 1815 2170 orare
1858 2114 2059 2181 solent,

473 2211 719 2265 veniunt.
751 2208 894 2264 licm
926 2224 1058 2264 vero
1089 2208 1351 2280 templum
1383 2207 1601 2263 Domini
1644 2207 1787 2263 miro
1815 2207 2061 2263 tabulam

474 2318 786 2358 marmoreo
832 2303 980 2359 intus
1007 2310 1060 2358 et
1095 2301 1359 2368 exterius,
1405 2317 1436 2357 a
1474 2315 1808 2372 quocunque
1836 2301 2060 2357 demum

471 2402 835 2458 exstructum,
866 2392 1099 2448 formam
1132 2391 1299 2448 habet
1341 2391 1627 2448 decentem
1663 2399 1720 2447 et
1741 2392 2057 2459 rotundam,

471 2487 584 2542 imo
607 2486 949 2543 circulariter
977 2493 1327 2557 octogenam,
1358 2484 1411 2539 id
1441 2493 1546 2550 est,
1572 2490 1700 2540 octo
1742 2483 1975 2556 angulos
2003 2485 2059 2540 in

470 2577 703 2635 circuitu
728 2577 1058 2633 habentem.
1107 2575 1283 2646 Hujus
1314 2576 1503 2647 templi
1552 2575 1736 2647 paries
1759 2576 1829 2632 de
1851 2576 2060 2647 optimo

471 2669 687 2725 musivo
737 2683 902 2740 opere
946 2667 1290 2723 extrinsecus
1338 2667 1640 2722 adornatus
1662 2674 1750 2722 est
1774 2682 1950 2738 usque
1990 2667 2059 2722 ad

468 2765 816 2821 medietatem
859 2762 1001 2835 ejus,
1049 2778 1177 2819 nam
1218 2763 1429 2835 reliqua
1454 2779 1581 2835 pars
1610 2771 1696 2819 est
1721 2762 1790 2819 de
1817 2778 2052 2819 marmo-

472 2859 587 2915 reis
632 2858 927 2930 lapidibus.
980 2856 1126 2913 ldcm
1155 2858 1339 2930 paries
1386 2855 1609 2912 inferior
1628 2863 1714 2912 est
1742 2856 2057 2922 continuus,

468 2959 837 3022 praeterquam
870 2952 1017 3024 quod
1042 2960 1282 3024 quatuor
1308 2952 1468 3009 ostiis
1493 2951 1929 3022 interrumpitur,
1960 2950 2060 3006 ha-

469 3044 607 3099 bens
641 3043 707 3098 ad
747 3047 1013 3100 orientem
1062 3045 1265 3100 ostium
1308 3060 1502 3110 unum,
1549 3044 1640 3101 cui
1686 3043 1943 3115 adjuncta
1973 3051 2060 3098 est

468 3135 672 3206 capella
707 3135 760 3189 in
795 3135 1060 3191 honorem
1098 3138 1274 3193 sancti
1319 3134 1509 3193 Jacobi
1550 3144 1891 3192 consecrata.
1917 3133 2056 3190 Nam
2085 3156 2131 3219 ρ

470 3229 540 3283 ab
567 3243 631 3283 ea
657 3235 812 3297 parte
841 3224 908 3282 de
943 3234 1086 3283 tecto
1122 3227 1311 3299 templi
1348 3227 1465 3298 ipse
1497 3226 1891 3299 praecipitatus,
1935 3240 2062 3296 pcr-

468 3320 575 3376 tiea
626 3318 848 3376 fullonis
887 3329 972 3376 est
1009 3321 1248 3385 occisus,
1295 3320 1390 3390 qui
1431 3320 1645 3391 primus
1680 3318 1921 3390 pontifex
1959 3317 2062 3374 fuit

469 3413 574 3469 sub
599 3428 756 3469 novae
782 3412 915 3485 legis
937 3413 1112 3486 gratia
1135 3413 1188 3468 in
1214 3410 1538 3469 Jerusalem.
1569 3409 1725 3465 Unde
1750 3418 1807 3466 et
1850 3407 1905 3464 hi
1935 3424 2061 3465 ver-

467 3520 564 3561 sus
599 3512 727 3561 sunt
765 3504 998 3576 appositi
1030 3504 1083 3559 in
1104 3504 1295 3559 eadem
1343 3503 1570 3575 capella,
1633 3502 1687 3558 in
1742 3500 1912 3559 latere
1957 3515 2058 3573 pa-

466 3598 620 3654 rietis
653 3611 669 3654 :

463 3711 696 3767 Iacobus
728 3712 956 3785 Alphaei,
993 3711 1203 3768 Domini
1241 3711 1434 3768 similis
1458 3713 1638 3784 faciei,

464 3802 622 3860 Finit
644 3821 740 3875 pro
768 3803 1004 3872 Christo,
1030 3804 1224 3876 templo
1262 3804 1511 3876 depulsus
1536 3806 1600 3860 ab
1628 3806 1752 3861 isto.

466 3894 559 3952 Sic
585 3894 844 3951 Iacobum
861 3897 1092 3968 justum,
1128 3897 1507 3968 pradicantem
1531 3899 1738 3971 publice
1761 3896 2053 3969 Christum,

466 3985 624 4044 Plebs
660 3988 806 4044 mala
834 3989 1129 4058 mulctavit,
1153 3989 1372 4061 fullonis
1397 3993 1597 4063 pertica
1627 3994 1839 4049 stravit.

465 4097 534 4155 Et
562 4098 618 4155 hi
650 4100 783 4156 dicti
826 4118 1021 4159 versus
1050 4102 1197 4162 intus
1242 4113 1296 4161 et
1341 4104 1475 4164 foris
1510 4107 1670 4179 quasi
1715 4123 1814 4178 per
1859 4124 2052 4181 gyrum

464 4191 710 4261 ejusdem
744 4195 964 4266 capellze
1011 4196 1066 4253 in
1113 4197 1348 4255 circuitu
1389 4201 1761 4267 continentur,
1795 4216 1903 4257 una
1927 4218 2052 4258 cum

466 4284 589 4341 istis
622 4305 635 4341 :
1524 4282 1525 4287 Ἴ

533 4398 770 4457 Iacobus
798 4402 1011 4475 Alpluci
1039 4404 1209 4476 frater
1236 4404 1441 4460 domini
1472 4404 1735 4475 Nasoni,

542 4486 787 4550 Piscator
807 4498 938 4563 rita,
962 4514 1079 4553 uere
1105 4499 1210 4570 fuit
1250 4496 1545 4565 Israelita;

542 4585 615 4643 De
644 4589 827 4660 templi
845 4591 1013 4662 pinna
1035 4592 1338 4661 compulsus
1367 4591 1554 4661 fraude
1576 4592 1832 4665 maligna,

522 4678 617 4737 Ad
648 4679 920 4739 Christum
944 4681 1101 4737 littus
1140 4682 1387 4753 migravit
1425 4692 1564 4739 recte
1588 4697 1906 4759 peremptus.

534 4789 617 4850 Ab
651 4794 908 4865 aquilone
935 4793 1145 4850 habens
1179 4792 1421 4849 cilicium
1461 4809 1631 4851 unum
1682 4811 1875 4855 versus
1901 4800 2052 4857 elau~

463 4894 638 4943 strum
694 4886 1076 4954 Dominarum,
1126 4886 1181 4941 in
1227 4886 1387 4957 cujus
1430 4888 1838 4960 superliminari
1867 4893 2054 4963 plures

462 4977 657 5035 littera:
677 4978 1022 5035 Saracenicte
1047 4987 1178 5035 sunt
1205 4981 1487 5050 appositae.
1514 4981 1718 5038 ibidem
1741 4998 1873 5039 vero
1894 4982 2051 5055 juxta

461 5071 605 5128 idem
631 5072 831 5127 ostium
877 5079 962 5128 est
1016 5072 1170 5128 locus
1206 5073 1352 5128 illius
1388 5089 1545 5145 aqum
1569 5075 1830 5132 salutaris
1850 5076 1916 5132 de
1942 5092 2051 5147 qua

459 5167 722 5237 propheta
751 5184 763 5221 :
816 5163 938 5219 Vidi
960 5178 1153 5237 aquam
1178 5168 1532 5237 egredientem
1560 5170 1625 5223 de
1659 5168 1844 5236 latere,
1870 5178 1974 5225 etc.

528 5258 589 5312 In
621 5258 847 5313 introitu
882 5258 1096 5330 templi,
1140 5275 1333 5318 versus
1372 5261 1732 5328 occidentem,
1757 5276 1924 5333 supra
1950 5276 2046 5317 ve-

459 5349 722 5406 stibulum
760 5349 963 5407 Christi
1000 5352 1180 5425 imago
1202 5361 1308 5420 est,
1342 5357 1488 5410 circa
1522 5370 1687 5425 quam
1734 5355 1841 5411 hoc
1867 5356 2045 5410 conti-

462 5447 623 5494 netur
657 5440 1037 5513 epigramma:
1080 5441 1210 5497 ﬂata
1253 5443 1448 5498 domus
1504 5458 1639 5509 mea,
1691 5443 1879 5498 domus
1918 5458 2045 5498 ora-

464 5532 621 5587 'ienis
646 5535 935 5592 vocabitur.

529 5626 576 5680 A
603 5629 827 5686 meridie
867 5644 1087 5703 quoque
1118 5628 1285 5685 habet
1312 5629 1515 5685 ostium
1534 5642 1729 5686 versus
1754 5630 2045 5686 aedilicium

466 5718 797 5779 Salomonis.
870 5725 952 5779 Ab
1025 5723 1310 5780 occidente
1373 5722 1540 5778 etiam
1603 5722 1767 5778 habet
1841 5723 2047 5780 ostium

465 5828 658 5872 versus
708 5817 1019 5889 sepulcrum
1083 5814 1340 5883 Domini,
1404 5812 1497 5868 ubi
1568 5823 1623 5872 et
1687 5825 1844 5888 porta
1906 5815 2044 5888 Spe-

2096 1798 2139 1856 Β

2172 536 2311 605 peri,
2357 538 2759 610 elecmosynam
2794 541 2866 595 ab
2904 541 2990 597 eis
3027 542 3261 612 potenti,
3284 552 3680 609 messae“.

2172 627 2296 693 dus,
2320 627 2459 684 dixit
2497 647 2510 684 :
2541 629 2835 701 Argentum
2872 640 2927 686 et
2953 648 3149 687 aurum
3170 649 3282 688 non
3320 646 3398 689 est
3438 639 3572 706 mihi,
3608 651 3679 701 etc.

2174 716 2508 777 Utrumlibet
2541 722 2775 778 istorum
2812 724 3052 781 duorum
3085 726 3377 793 ostiorum,
3406 729 3613 789 videlicet
3635 740 3681 794 ab

2170 812 2429 883 aquﬂone
2480 822 2536 870 et
2579 815 2650 870 ab
2706 815 3011 885 occidente,
3037 817 3201 874 habet
3224 833 3321 874 sex
3345 820 3548 890 ianuas,
3568 829 3683 893 modo

2170 903 2453 958 valvarum
2514 906 2872 976 conjunctas;
2920 922 3048 963 nam
3076 908 3214 964 illud
3240 923 3433 966 versus
3473 916 3681 975 meridie:

2170 994 2335 1051 habet
2352 997 2613 1067 quatuor,
2638 998 2772 1055 illud
2799 1015 2932 1056 vero
2959 1000 3028 1057 ad
3055 1002 3327 1059 orientem
3355 1004 3493 1061 duas
3514 1013 3683 1068 tantum.

2174 1084 2238 1142 Ει
2266 1088 2550 1147 hate-circa
2584 1090 2902 1151 inferiorem
2934 1094 3221 1164 parietem.

2238 1176 2361 1234 lam
2390 1180 2447 1236 in
2476 1181 2750 1252 superiori
2796 1191 2950 1253 parte
2989 1182 3241 1254 ejusdem
3275 1186 3515 1256 parietis,
3536 1190 3686 1248 scilicet

2174 1271 2267 1327 ubi
2318 1272 2596 1329 musivum
2626 1290 2770 1346 opus
2811 1277 3082 1346 optimum
3123 1278 3437 1349 appositum
3462 1290 3552 1346 est,
3578 1282 3683 1341 ferie-

2172 1374 2300 1421 strm
2327 1375 2459 1423 sunt
2476 1366 2785 1424 intersertte
2812 1368 2913 1436 sic,
2936 1374 3000 1424 ut
3020 1368 3078 1425 iu
3107 1370 3355 1441 quolibet
3372 1371 3442 1427 de
3472 1381 3578 1429 octo
3590 1375 3688 1433 late-

2169 1456 2324 1515 ribus
2357 1459 2470 1515 sint
2502 1460 2748 1531 quinque
2793 1460 3067 1529 fenestra,
3096 1470 3463 1534 praeterquam
3495 1465 3572 1521 ubi
3600 1481 3689 1525 sum

2168 1550 2310 1605 ostia
2339 1552 2545 1622 templi,
2573 1552 2629 1607 in
2660 1552 2861 1623 quibus
2885 1563 3099 1610 tantum
3122 1563 3366 1627 quatuor
3384 1557 3689 1615 conducetur.

2171 1637 2399 1696 Summa
2444 1642 2702 1699 universa
2750 1642 3114 1703 fenestrarum
3159 1646 3493 1703 ascenditad
3522 1649 3689 1719 triginta

2168 1730 2327 1787 duas.
2359 1730 2507 1790 Inter
2540 1733 2706 1790 istum
2746 1735 3072 1791 exteriorem
3116 1736 3173 1791 in
3210 1738 3446 1794 circuitu
3473 1740 3693 1809 panum,

2165 1830 2222 1877 et
2242 1822 2386 1879 inter
2416 1823 2708 1880 interiores
2746 1825 3035 1882 columnas
3063 1842 3413 1884 marmoreas
3430 1839 3484 1884 et
3501 1845 3693 1901 magnas,

2164 1929 2288 1985 quae
2308 1929 2541 1970 numero
2563 1925 2692 1972 sunt
2729 1916 3038 1984 duodecim,
3061 1927 3118 1974 et
3140 1928 3456 1977 sustentant
3484 1922 3613 1978 illum
3632 1923 3695 1979 in-

2163 2006 2441 2073 teriorem,
2470 2016 2525 2062 et
2552 2007 2905 2076 strictiorcm,
2928 2019 2984 2066 et
3010 2010 3284 2076 latiorem,
3336 2021 3393 2067 et
3440 2012 3699 2083 penitusroo

2163 2098 2395 2154 tundunt
2438 2098 2726 2170 parietem,
2779 2100 2874 2172 qui
2910 2101 3074 2157 habet
3121 2104 3418 2161 duodecim
3466 2107 3699 2175 fenestras.

2162 2190 2459 2262 suppositis
2507 2191 2676 2247 etiam
2728 2192 2833 2249 sibi
2889 2202 3127 2265 quatuor
3178 2196 3468 2266 quadratis
3506 2200 3698 2265 basibus,

2162 2279 2306 2337 inter
2339 2281 2505 2350 hunc,
2551 2283 2800 2353 inquam,
2851 2292 2908 2339 et
2952 2284 3107 2340 illum
3139 2288 3406 2357 parietem
3434 2298 3554 2345 sunt
3580 2292 3698 2347 sede~

2161 2370 2269 2427 cim
2307 2370 2600 2440 columnae,
2625 2381 2681 2429 et
2701 2381 2827 2429 octo
2855 2373 3018 2435 bases
3044 2390 3171 2430 cum
3216 2376 3501 2446 quadratis
3552 2379 3702 2450 lapidi-

2160 2462 2266 2519 bus
2287 2465 2635 2532 marmoreis,
2663 2480 2791 2521 cum
2814 2466 2993 2537 spatio
3014 2474 3141 2522 octo
3163 2483 3453 2537 passuum,
3482 2470 3651 2525 abhinc
3664 2480 3704 2523 et

2161 2554 2290 2612 inde
2325 2564 2701 2613 sustentantes
2731 2565 2939 2614 tectum
2970 2559 3212 2614 medium
3263 2560 3415 2623 inter,
3441 2561 3706 2616 interiorem

2160 2654 2218 2701 et
2263 2648 2590 2713 exteriorem
2630 2648 2918 2720 parietem,
2944 2659 3000 2706 et
3028 2650 3348 2709 interiorem
3410 2648 3570 2711 etiam
3611 2652 3705 2707 stri-

2161 2738 2389 2794 ctiorcm
2465 2756 2592 2796 cum
2655 2741 3044 2812 pulcherrimis
3108 2743 3455 2814 laqueariis:
3483 2760 3629 2815 supra
3664 2759 3711 2800 se

2160 2831 2326 2885 etiam
2352 2830 2510 2901 juxta
2533 2840 2737 2888 tectum
2770 2833 2953 2890 locum
2982 2834 3483 2891 deambulatorium
3510 2836 3707 2890 circulis

2161 2936 2382 2993 quaque
2439 2924 2845 2992 exhibcutibus,
2890 2933 2945 2980 et
2981 2925 3311 2983 habentibus
3333 2928 3555 2984 eanalea
3575 2927 3713 2999 plun-

2161 3016 2316 3084 beos,
2344 3016 2439 3088 qui
2469 3032 2667 3088 aquam
2692 3018 3028 3089 pluviatilem
3053 3026 3335 3074 evomunt.

2234 3108 2409 3183 Super
2432 3121 2577 3167 hunc
2600 3112 2928 3168 strictiorcm
2963 3111 3225 3183 parietem
3250 3111 3486 3183 erigitur
3504 3112 3555 3167 in
3580 3112 3717 3167 altum

2160 3202 2377 3258 testudo
2402 3200 2693 3271 rotundus,
2717 3201 2865 3258 intus
2903 3202 3173 3274 depictus,
3208 3200 3343 3258 foris
3372 3203 3593 3274 plumbo
3613 3219 3716 3259 eoos

2157 3302 2367 3366 pertus,
2399 3295 2493 3351 cui
2514 3294 2732 3366 signum
2754 3303 2960 3351 sanctze
2995 3295 3179 3351 crucis
3204 3295 3261 3350 in
3310 3311 3575 3367 supremo
3596 3295 3722 3366 apice

2159 3401 2190 3440 a
2218 3385 2550 3443 Christianis
2570 3386 2654 3443 est
2681 3387 3014 3458 appositum.
3048 3386 3165 3443 Hoc
3185 3387 3368 3458 ipsum
3404 3388 3621 3460 signum
3641 3386 3720 3441 Sa-

2159 3477 2376 3534 racenis
2395 3486 2483 3534 est
2509 3478 2666 3533 valde
2694 3478 3059 3547 contrarium,
3084 3485 3141 3534 et
3177 3478 3340 3535 multi
3373 3478 3505 3535 auri
3530 3478 3613 3534 sui
3636 3478 3727 3533 dis-

2157 3567 2359 3640 pendio
2384 3568 2586 3625 vellent
2608 3584 2729 3626 esse
2757 3580 3050 3626 remotum.
3084 3568 3222 3645 Nam
3250 3570 3380 3628 licet
3433 3572 3597 3629 (idem
3621 3588 3725 3645 pas-

2158 3662 2331 3721 sionis
2370 3662 2575 3720 Christi
2616 3678 2728 3723 non
2766 3664 3021 3731 habeant,
3058 3674 3302 3722 attamen
3346 3667 3461 3724 hoc
3497 3668 3731 3739 templum

2157 3766 2509 3823 venerantur,
2545 3765 2600 3813 et
2629 3756 2759 3813 huic
2786 3757 2894 3815 vim
2922 3758 3133 3815 nullam
3156 3757 3409 3815 inferunt
3437 3779 3453 3815 :
3487 3763 3617 3832 quin
3640 3761 3729 3815 imo

2157 3848 2215 3905 in
2258 3848 2366 3906 hoc
2401 3850 2523 3922 ipso
2564 3850 2693 3907 licet
2733 3850 2933 3921 templo
2961 3849 3276 3909 Creatorem
3321 3867 3497 3910 suum
3536 3853 3735 3911 adorent

2156 3941 2347 4010 etiam,
2367 3952 2548 3999 tamen
2579 3958 2681 4014 pro
2704 3942 3010 4001 idololatris
3038 3951 3177 4001 teste
3191 3938 3516 4017 Augustino
3528 3943 3735 4001 habendi

2157 4034 2687 4106 sunt,quiexpresse
2713 4034 2932 4101 asserit,
2952 4034 3328 4090 idololatrians
3351 4052 3477 4091 esse
3504 4034 3737 4108 quidem!

2157 4128 2219 4197 ﬁt
2254 4135 2449 4198 praeter
2478 4126 2639 4198 ﬁdem
2661 4125 2883 4184 Christi.
3788 4144 3789 4201 γ

2229 4237 2287 4294 In
2317 4238 2551 4295 circuitu
2579 4220 2767 4310 templi
2802 4239 2963 4310 quasi
2994 4240 3101 4297 sub
3129 4243 3274 4298 tecto
3309 4249 3482 4297 extra
3522 4232 3747 4299 contine-
3788 4246 3789 4301 ἢ

2159 4340 2247 4386 tur
2269 4332 2385 4387 haec
2408 4332 2589 4387 littera
2620 4331 2676 4387 in
2718 4346 2950 4389 ascensu
2971 4346 3171 4390 versus
3200 4333 3560 4391 occidentem
3600 4352 3615 4389 :
3646 4332 3744 4386 Pu

2156 4433 2356 4481 cutem
2393 4424 2461 4478 ab
2499 4433 2697 4479 esterno
2740 4424 2905 4483 Patre
2942 4426 3015 4480 sit
3045 4426 3170 4481 huic
3210 4427 3426 4483 domui.
3478 4427 3747 4483 Benedicta
3788 4448 3789 4501 χ

2084 4510 2132 4573 D
2156 4519 2334 4593 gloria
2362 4512 2579 4573 Domini
2605 4518 2673 4573 de
2698 4518 2815 4573 loco
2847 4526 3033 4574 sancto
3053 4534 3171 4574 suo.
3203 4517 3423 4577 Versus
3447 4521 3745 4576 meridiem:

2157 4611 2300 4667 Bene
2339 4611 2571 4683 fundata
2610 4620 2689 4667 est
2722 4611 2913 4666 domus
2948 4610 3164 4666 Domini
3212 4629 3385 4683 supra
3424 4615 3650 4685 ﬁrmam
3676 4626 3751 4682 μ-

2159 4713 2319 4760 tram.
2353 4698 2626 4776 Beati‘qui
2655 4704 2899 4763 habitant
2923 4704 2979 4757 in
3006 4704 3163 4759 domo
3195 4713 3312 4772 tua,
3338 4706 3405 4760 in
3435 4707 3641 4762 saecula
3664 4720 3749 4758 sc-

2157 4798 2398 4853 culorum
2420 4796 2715 4852 laudabunt
2742 4807 2810 4853 te.
2842 4796 3049 4855 Versus
3069 4799 3339 4854 orientem
3371 4819 3388 4856 :
3424 4800 3568 4856 Vere
3592 4798 3755 4856 Βοώ-
3788 4808 3789 4837 Τ

2158 4904 2257 4943 nus
2292 4898 2371 4944 est
2406 4889 2607 4943 inloco
2635 4890 2761 4955 isto,
2784 4899 2837 4943 et
2858 4904 2954 4961 ego
2982 4888 3299 4945 nesciebam.
3338 4889 3419 4945 In
3462 4892 3626 4947 domo
3654 4900 3753 4951 tu.
3788 4906 3789 4965 ξ

2156 4982 2402 5048 Domine,
2444 4998 2623 5037 omnes
2668 4982 2842 5036 dicent
2884 4981 3133 5052 gloriam.
3168 4981 3383 5039 Versus
3440 4983 3761 5057 septentrio-

2156 5090 2280 5131 nem
2314 5093 2327 5129 :
2363 5072 2635 5145 Templum
2658 5073 2879 5128 Domini
2896 5084 3143 5129 sanetum
3162 5084 3262 5141 est,
3286 5073 3395 5130 Dei
3421 5078 3650 5131 cultura
3672 5084 3759 5138 est,
3784 5110 3785 5113 η

2155 5164 2255 5220 Dei
2277 5166 2567 5236 adiﬁcatio
2589 5174 2690 5221 est.
2729 5163 2882 5221 intus
2906 5180 3037 5223 γει-ο
3058 5167 3113 5221 in
3146 5167 3357 5237 templo
3391 5169 3459 5224 in
3498 5163 3790 5241 supersum

2154 5260 2297 5317 linea
2325 5276 2425 5334 per
2467 5261 2763 5318 circuitum
2806 5262 3121 5332 oppositum
3169 5270 3258 5317 est
3298 5264 3545 5334 magnis
3584 5265 3765 5318 litteris

2148 5354 2279 5410 illud
2306 5358 2717 5425 responsorium
2752 5373 2766 5409 :
2813 5354 2979 5423 Audi,
3015 5354 3260 5422 Domine,
3297 5354 3606 5426 hymnum,
3644 5366 3761 5419 etc.

2148 5460 2272 5501 cum
2306 5460 2469 5501 versu
2504 5460 2606 5501 suo
2635 5462 2650 5502 :
2679 5443 2917 5516 Respice,
2950 5444 3196 5511 Domine,
3223 5454 3335 5503 etc.

2224 5538 2428 5596 Deinde
2448 5539 2505 5594 in
2533 5537 2781 5594 inferiori
2808 5538 3017 5594 ambitu
3038 5552 3171 5594 eum
3195 5539 3393 5596 aureis
3414 5539 3635 5598 litteris
3657 5537 3769 5613 qui-

2152 5633 2277 5689 dam
2348 5631 2610 5687 versiculi
2661 5631 2730 5688 de
2787 5630 2882 5686 illo
2939 5630 3201 5702 hymno:
3258 5629 3407 5686 Urbs
3470 5632 3769 5688 latussic.

2153 5723 2327 5791 beata,
2349 5731 2482 5790 etc.,
2507 5722 2861 5797 continentur
2888 5722 3163 5793 inscripti.
3191 5720 3347 5778 hiem
3389 5725 3681 5797 templum
3698 5723 3769 5779 sie

2151 5814 2408 5871 decenter
2446 5814 2815 5887 compositum
2854 5821 2912 5869 et
2970 5822 3230 5870 ornatum
3256 5853 3276 5882 ,
3321 5815 3773 5891 circumquaque
