3816 6306
62 387 178 446 1065

932 379 1220 440 ιοΑΝΝιδ
1257 379 1658 440 WIRZBURG.
1703 378 1948 440 DESCB.
1989 381 2248 441 TERRIE
2285 385 2344 442 S.

3148 403 3288 460 i060

56 505 192 560 hauet
216 498 407 556 atrium
433 497 600 555 latum
641 505 808 570 atque
849 493 1076 569 planum
1117 494 1429 568 conjunctis
1464 492 1604 565 lapi-
1630 495 1679 558 Α
1706 490 1959 559 ﬂuentes,
1992 494 2096 550 sub
2115 495 2396 552 montibus
2435 497 2636 556 Gelboe
2663 501 3091 579 coniunguntur,
3114 514 3288 570 confl‘

52 593 186 651 dibus
209 590 621 663 pavimentatum
649 597 705 645 et
743 595 976 663 stratum
1005 602 1072 644 ac
1107 587 1166 642 in
1203 586 1437 644 circuitu
1457 601 1598 658 qua-

52 687 253 748 dratum,
281 682 346 737 ad
377 681 523 753 quod
556 697 588 736 a
625 680 804 736 tribus
835 679 1083 752 partibus
1118 677 1307 735 multis
1338 677 1600 752 gradibus

51 773 343 830 ascenditur.
371 771 470 827 Est
499 771 646 827 enim
673 770 819 828 idem
838 771 1039 827 atrium
1065 771 1136 827 ab
1157 770 1468 841 aequalitate
1489 778 1600 826 ter-

50 879 108 920 r2
132 863 251 919 satis
279 860 570 917 artiﬁciose
587 861 880 928 elevatum,
910 867 966 916 et
1009 860 1174 916 habet
1201 859 1272 915 ab
1299 858 1513 915 oriente
1538 857 1597 913 in

49 955 222 1026 pariete
261 969 360 1010 suo
411 953 582 1008 latum
625 951 910 1008 introitum
974 966 1070 1023 per
1107 951 1352 1022 quinque
1405 965 1592 1018 arcus,

47 1056 251 1118 quatuor
275 1044 488 1116 magnis
515 1044 789 1102 columnis
822 1043 927 1101 sibi
955 1058 1234 1100 connexos
1263 1059 1280 1099 :
1309 1050 1366 1098 et
1387 1042 1477 1099 hic
1498 1057 1597 1112 pa-

49 1139 137 1192 ries
177 1137 249 1193 sic
291 1144 438 1207 patet
481 1151 676 1192 versus
733 1147 948 1207 portam
987 1135 1257 1202 Auream,
1295 1149 1394 1206 per
1420 1149 1586 1204 quam

45 1225 272 1283 Dominus
303 1227 498 1298 quinto
523 1226 611 1283 die
644 1234 772 1283 ante
817 1225 1128 1298 passionem
1167 1239 1348 1291 suam,
1391 1223 1592 1280 sedans

46 1309 180 1387 iuper
200 1317 422 1385 asinam,
456 1318 776 1374 salemniter
805 1316 1069 1384 introivit,
1096 1324 1385 1386 susceptus
1408 1330 1440 1370 a
1466 1330 1596 1387 pue-

45 1409 107 1464 ris
136 1407 468 1466 Hebraeorum
497 1425 626 1465 cum
666 1409 835 1466 ramis
876 1409 1204 1480 palmarum,
1236 1407 1590 1464 laudantibus

44 1509 87 1557 et
105 1502 384 1558 dicentibus
419 1520 434 1557 :
467 1500 730 1556 Horarum
770 1501 886 1572 filia
917 1500 1110 1568 Dauid,
1139 1510 1246 1556 etc.
1276 1497 1403 1556 llaec
1432 1510 1589 1572 parta

44 1608 95 1647 ex
115 1593 275 1648 divina
303 1593 686 1664 dispositione,
713 1593 842 1650 licet
869 1601 1059 1665 postea
1101 1591 1404 1649 Jerusalem
1445 1605 1592 1662 saepe

44 1687 242 1742 essetab
267 1687 516 1744 hostibus
543 1696 704 1758 capta
727 1695 782 1743 et
809 1686 1106 1754 destructa,
1155 1694 1342 1740 tamen
1373 1699 1593 1754 semper

43 1779 262 1835 remansit
283 1779 513 1851 integra.
544 1778 613 1836 Et
641 1779 771 1836 hinc
809 1779 882 1836 ob
914 1779 1277 1835 reverentiam
1319 1778 1488 1835 divini
1535 1787 1592 1833 et

1701 582 1863 638 citur.
1903 582 2144 654 Spiritus
2177 601 2396 658 quoque
2435 598 2660 647 sanctus
2695 593 2752 647 in
2785 595 2978 652 eodem
3020 607 3284 672 tempore,

1698 675 1919 746 quando
1947 677 2200 734 Christus
2246 678 2646 751 baptizabatur,
2695 700 2862 757 super
2903 689 3082 760 ipsum
3119 697 3284 764 venit,

1699 767 1995 824 ostendens
2005 767 2307 838 Christum,
2324 787 2432 828 non
2449 773 2714 832 Joannem
2725 781 3102 840 sanctificandi
3115 799 3288 858 aquas

1698 867 2021 929 potestatem
2047 859 2266 917 habere.
2293 862 2496 920 ibidem
2529 883 2749 940 quoque
2771 885 2960 942 prope,
2987 889 3180 946 nempe
3206 891 3288 933 se-

1697 951 1880 1006 cundo
1901 951 2079 1024 lapide
2108 953 2178 1008 ab
2196 952 2437 1024 Jericbo,
2463 959 2530 1014 ad
2553 959 2856 1029 sinistram,
2886 973 2973 1020 est
3001 965 3284 1024 desertum

1695 1043 1845 1115 quod
1867 1043 2215 1112 Quarentena
2235 1055 2500 1117 vocatur;
2527 1051 2582 1106 in
2622 1053 2787 1125 hujus
2814 1055 3016 1113 deserti
3047 1059 3287 1130 quadam

1697 1151 1834 1207 rupe
1868 1146 2126 1209 suscepta
2160 1137 2434 1211 baptismo
2465 1141 2724 1201 Christus
2760 1149 3126 1222 quadraginta
3165 1152 3288 1209 die-

1695 1224 1800 1282 bus
1839 1234 1896 1281 et
1937 1228 2299 1300 quadraginta
2344 1233 2602 1289 noctibus
2640 1233 2911 1304 jejunium
2957 1239 3284 1310 complevit,

1693 1333 1932 1390 eumque
1976 1319 2050 1375 ibi
2085 1321 2420 1378 esurientem
2459 1324 2711 1382 diabolus
2737 1335 2955 1384 tentans
2985 1330 3122 1388 dixit
3146 1349 3161 1388 :
3184 1333 3289 1388 Dic

1695 1419 1752 1464 ut
1783 1410 1989 1481 lapides
2019 1412 2114 1466 isti
2131 1429 2292 1483 partes
2314 1415 2471 1485 ﬁant,
2514 1425 2619 1473 etc.
2660 1417 2913 1477 Secunda
2961 1424 3221 1482 milliaria
3253 1442 3286 1483 a

1693 1502 2039 1570 Quarentena
2075 1513 2269 1562 contra
2305 1506 2584 1564 Galilaeam
2620 1525 2780 1568 mons
2800 1512 2892 1568 ille
2922 1516 3195 1584 excelsus,
3224 1517 3282 1574 in

1692 1609 1805 1664 quo
1833 1595 2060 1667 spiritus
2093 1611 2330 1668 nequam
2359 1597 2645 1658 Christum
2687 1603 2884 1659 iterum
2910 1607 3160 1676 tentavit,
3187 1624 3283 1664 os-

1696 1687 1926 1744 tendens
1948 1688 1999 1743 ei
2024 1689 2209 1744 omnia
2238 1705 2407 1762 regna
2427 1693 2641 1760 mundi,
2671 1709 2738 1751 ac
2757 1695 2948 1754 dicens
2976 1716 2989 1752 :
3017 1697 3148 1754 Hac
3174 1715 3288 1755 out-

1694 1779 1787 1833 m‘a
1815 1780 1914 1835 tibi
1941 1780 2100 1848 dabo,
2123 1790 2229 1838 etc.
2260 1781 2378 1838 Sub
2398 1783 2744 1850 Quarentena
2771 1784 2938 1844 fontis
2963 1789 3114 1846 illius
3137 1791 3289 1848 rivu-

46 1870 220 1940 mystici
264 1871 522 1928 introitus
561 1869 802 1938 Domini,
845 1885 878 1926 a
918 1868 1182 1926 Bethania
1213 1884 1312 1941 per
1345 1877 1588 1925 montem
1624 1854 1668 1915 Β
1693 1872 1801 1937 lus,
1843 1887 2008 1943 quem
2057 1873 2252 1931 beatus
2282 1874 2500 1932 Eliseus
2531 1876 2654 1948 cjus
2685 1887 2875 1934 sanata
2911 1881 3198 1938 sterilitate
3221 1881 3289 1939 de

44 1959 197 2018 Oliveti
222 1961 522 2020 Jerusalem
563 1965 767 2034 euntis,
811 1965 960 2021 intus
988 1965 1197 2032 clausa,
1227 1963 1365 2022 foris
1391 1965 1590 2036 lapidi-

44 2051 125 2108 bus
163 2052 448 2121 obstructa,
483 2054 638 2110 nullo
659 2063 905 2126 tempore
933 2063 1098 2126 patet,
1127 2053 1235 2111 nisi
1269 2054 1326 2111 in
1353 2053 1444 2110 die
1466 2054 1591 2110 Pal-

43 2157 235 2210 narum,
265 2159 372 2216 quo
391 2145 484 2202 die
511 2145 666 2201 omni
693 2161 839 2202 anno
858 2147 932 2203 ob
957 2147 1277 2203 memoriam
1313 2148 1394 2203 rei
1424 2157 1592 2221 gestae

46 2236 313 2294 salemniter
337 2239 961 2311 aperituroprocessioni
990 2249 1046 2296 et
1080 2241 1341 2298 universo
1386 2241 1591 2313 popula

46 2329 406 2402 peregrinorum
437 2348 508 2388 ac
537 2331 764 2389 civium.
798 2332 941 2390 Tum
961 2333 1108 2391 facta
1140 2351 1171 2390 a
1193 2337 1507 2406 patriarcha
1533 2338 1589 2394 in

46 2423 151 2491 pede
167 2425 353 2482 montis
381 2426 582 2483 Oliveti
617 2427 687 2482 ad
717 2428 983 2499 populum
1021 2443 1296 2497 sermone,
1323 2437 1378 2486 et
1411 2429 1590 2487 cilicio

44 2513 114 2568 illa
139 2515 213 2572 die
233 2517 398 2585 linito,
421 2519 628 2574 iterum
662 2519 940 2575 clauditur
961 2535 1060 2592 per
1079 2527 1256 2577 totum
1286 2538 1493 2577 annum
1527 2531 1592 2580 ut

43 2605 180 2677 prius,
203 2620 412 2681 excepta
436 2605 805 2668 Exaltationis
835 2620 1042 2668 sanctae
1069 2612 1253 2670 amcis
1281 2612 1445 2682 festo,
1488 2614 1581 2670 ubi

43 2695 186 2752 denuo
207 2700 529 2771 adaperitur.
568 2701 728 2758 Circa
768 2702 1019 2759 eamdem
1046 2713 1261 2775 portam
1288 2704 1432 2762 infra
1461 2722 1588 2763 mu-

44 2803 115 2846 ros
132 2791 335 2848 celebris
362 2793 648 2865 sepultura
675 2803 1024 2851 mortuorum
1055 2797 1306 2853 habetur.

95 2879 240 2952 Hujus
264 2893 428 2954 portae
463 2885 669 2941 atrium
698 2901 730 2942 a
753 2886 984 2943 meridie
1005 2887 1172 2944 habet
1203 2888 1456 2959 patulum
1488 2905 1585 2946 ac—

43 2987 215 3030 cessum
237 2991 327 3046 per
351 2985 463 3034 tres
495 2993 728 3051 magnos
751 2994 914 3036 arcus
938 2992 1037 3036 seu
1071 2977 1332 3049 fornices,
1371 2981 1588 3038 duabus

40 3067 263 3124 (alumnis
290 3070 619 3126 marmoreis
642 3071 972 3143 conjunctas
995 3088 1010 3137 ;
1037 3080 1094 3129 et
1113 3072 1170 3128 in
1193 3073 1386 3152 eadem
1420 3073 1589 3128 latere

43 3155 171 3219 habet
189 3159 343 3217 alium
363 3176 677 3266 accessum,
706 3161 877 3268 priori
907 3161 1288 3268 latiorem..A_b
1307 3163 1588 3268 occidente
1611 3203 1660 3268 ο

41 3263 159 3317 tera,
174 3267 350 3309 versus
371 3253 678 3323 civitatem,
705 3253 852 3311 idem
878 3253 1082 3310 atrium
1105 3255 1397 3326 pulchrum
1425 3255 1588 3311 habet

43 3355 300 3415 accessum,
329 3365 427 3420 per
455 3359 701 3422 quatuor
720 3365 884 3409 arcus
921 3351 1100 3408 tribus
1131 3351 1405 3408 columnis
1441 3366 1588 3406 mar-

46 3437 205 3494 moreis
247 3440 465 3511 junctus
525 3452 737 3515 patens.
785 3443 868 3502 Ab
910 3445 1166 3517 aquilone
1216 3453 1399 3501 autem
1440 3443 1583 3500 idem

41 3530 203 3587 atrium
239 3545 567 3608 angustatur
607 3553 672 3594 ex
705 3547 880 3610 parte,
925 3547 1151 3616 propter
1179 3539 1585 3610 adjunctionem

41 3617 223 3679 claustri
255 3625 638 3686 Dominarum.
671 3627 730 3685 In
759 3631 974 3703 reliquo
995 3631 1242 3703 ejusdem
1265 3630 1454 3686 lateris
1493 3646 1554 3686 sa
1573 3660 1586 3672 -

41 3708 96 3763 tis
121 3715 374 3783 pulchram
409 3722 581 3778 habet
614 3722 960 3780 latitudinem
1008 3732 1063 3780 et
1113 3738 1416 3780 accessum.
1453 3721 1585 3778 Pul-

41 3800 145 3859 chra
170 3823 392 3884 quoque,
421 3824 480 3871 et
523 3813 660 3872 satis
701 3815 881 3886 ampla
919 3814 1172 3886 planities
1205 3829 1238 3870 a
1266 3813 1494 3871 meridie
1533 3821 1598 3870 et-

40 3893 292 3968 occidente,
315 3902 723 3976 aliquantulum
737 3904 903 3960 etiam
925 3919 1117 3961 versus
1137 3903 1584 3975 septentrionem,

41 3982 181 4042 eidem
201 3993 330 4050 atrio
354 3994 671 4053 forinsecus
699 3996 914 4068 adjacet
943 3998 999 4053 in
1029 3995 1211 4069 plana.

95 4075 244 4150 Atque
269 4085 380 4142 hac
405 4087 706 4158 descriptio
735 4087 946 4159 praefati
969 4087 1174 4159 templi,
1205 4095 1261 4144 et
1284 4086 1589 4160 adiacentis

42 4161 376 4245 locisulliciat;
407 4178 629 4250 potiora
657 4195 754 4251 per
786 4179 952 4251 hujus
987 4180 1267 4237 ulterioris
1307 4181 1583 4240 sermonis

40 4268 221 4318 Cursum
241 4266 568 4326 videbimus.

555 4401 558 4404 '
615 4383 846 4442 CAPUT
879 4381 971 4442 ιν.

41 4459 356 4560 [urgentque
376 4476 565 4560 ﬂuuio,
617 4474 957 4560 ﬂagrantem
994 4477 1578 4560 Δ(ἠλεεῖτο...Βιξμιιξριιι,

1693 1975 1883 2018 amara
1903 1961 2200 2032 potabilem
2233 1965 2486 2022 reddidit.
2512 1966 2653 2024 Ante
2678 1966 2900 2025 Jericha
2950 1985 3110 2029 secus
3140 1973 3289 2028 viam

1692 2068 1872 2109 caecus
1905 2054 2249 2124 mendicans,
2285 2057 2380 2113 ubi
2407 2058 2580 2115 audiit
2605 2060 2755 2131 quod
2795 2059 3050 2120 Christus
3085 2065 3288 2122 transi-

1691 2152 1794 2212 ret,
1823 2145 2149 2204 exclamavit
2179 2163 2193 2204 :
2217 2146 2347 2204 Iesu
2375 2147 2489 2204 Fili
2529 2151 2724 2219 Dauid,
2755 2153 3001 2211 miserere
3030 2157 3156 2225 mei,
3177 2167 3282 2216 etc.

1691 2234 1798 2304 Qui
1813 2237 1976 2293 etiam
2001 2238 2070 2294 ab
2090 2253 2158 2295 ea
2180 2239 2478 2296 illuminari
2501 2241 2702 2297 meruit
2720 2252 2828 2298 tam
2865 2245 3095 2302 interius
3113 2262 3281 2318 quam

1690 2331 1954 2386 exterius.

1765 2421 1951 2479 Tertia
1973 2423 2152 2495 lapide
2183 2441 2213 2481 a
2245 2425 2488 2493 Jericho,
2519 2427 2734 2483 duobus
2776 2430 3048 2486 milliariis
3084 2448 3115 2486 a
3156 2431 3286 2488 Jor-

1691 2512 1852 2581 dane,
1902 2512 2178 2587 Bethagla,
2213 2515 2359 2587 quod
2401 2517 2791 2589 interpretatur
2837 2521 2982 2576 locus
3026 2524 3179 2594 gyri,
3219 2538 3288 2580 eo

1691 2609 1841 2680 quod
1875 2608 1951 2664 ibi
1979 2624 2131 2666 more
2153 2611 2525 2683 plangentium
2548 2613 2880 2670 circuissent
2903 2613 3093 2673 funera
3115 2617 3286 2674 Jacab

1692 2700 1790 2758 lilii
1813 2703 1934 2774 ejus
1949 2717 2194 2775 gensque
2209 2717 2428 2774 eorum,
2446 2704 2746 2764 referentes
2767 2717 2978 2779 patrem
2999 2709 3065 2766 de
3081 2708 3287 2784 Egyp-

1692 2805 1750 2852 to
1785 2795 1841 2851 in
1871 2793 2111 2854 Hebron.

1762 2887 2008 2960 Engaddi
2045 2883 2104 2943 in
2132 2887 2277 2944 tribu
2307 2887 2468 2956 Juda,
2497 2888 2591 2946 ubi
2618 2899 2681 2946 se
2711 2889 3001 2948 abscondit
3023 2891 3190 2950 David
3225 2895 3280 2949 in

1691 2981 2004 3049 solitudine,
2036 2996 2160 3055 quae
2187 2989 2272 3038 est
2291 2981 2346 3038 in
2369 2980 2582 3039 Aulane
2606 2980 2849 3051 Jericho,
2879 2982 2938 3039 id
2971 2993 3056 3040 est
3101 2983 3155 3039 in
3191 3001 3280 3040 rc-

1682 3072 1850 3146 'gione
1883 3073 1975 3129 illa
2018 3073 2307 3146 campestri
2351 3073 2420 3130 de
2456 3088 2565 3145 qua
2601 3089 2788 3146 supra.
2829 3073 3073 3132 Vocatur
3098 3081 3283 3134 autem

1689 3166 1844 3222 vicus
1863 3165 1954 3223 ille
1977 3164 2320 3238 Praegrandis
2341 3165 2655 3223 Judatorum
2679 3167 2945 3241 Engaddi,
2978 3168 3136 3240 juxta
3163 3185 3284 3224 ma-

1691 3275 1750 3314 re
1776 3258 2073 3326 Martuum,
2100 3258 2248 3316 unde
2284 3269 2339 3315 et
2368 3257 2785 3332 opobalsamum
2828 3261 2961 3318 oriri
2998 3262 3204 3319 solebat
3227 3272 3282 3319 et

1688 3349 1891 3408 afer-ri.
1917 3348 2076 3407 Unde
2102 3360 2158 3407 et
2186 3350 2362 3408 vineae
2381 3350 2626 3423 Engaddi
2660 3354 3136 3425 nuncupabantur.

1758 3441 1965 3501 Octava
2015 3445 2271 3502 milliaria
2317 3459 2348 3501 a
2399 3443 2669 3502 Nazareth
2712 3456 2903 3502 contra
2965 3445 3278 3502 Carmelum

1691 3532 1873 3590 Karan
1897 3550 2078 3603 mons,
2095 3537 2162 3592 ad
2185 3537 2345 3606 cujus
2365 3533 2605 3592 radicem
2627 3535 2784 3607 juxta
2815 3536 3020 3593 fontem
3041 3536 3279 3594 Lamech

1689 3633 1845 3696 pater
1887 3625 2002 3682 Noe
2033 3644 2134 3683 sua
2160 3628 2357 3698 sagitta
2408 3629 2642 3700 peremit
2681 3627 2841 3696 Cain,
2891 3644 3134 3701 arcuque
3174 3643 3279 3686 suo

1688 3718 1885 3776 ducem
1914 3735 2098 3776 suum.
2134 3717 2290 3776 Unde
2316 3718 2504 3776 furare
2529 3719 2792 3791 repletus,
2818 3729 2874 3776 et
2905 3720 2984 3776 ira
3015 3728 3129 3777 ait:
3170 3719 3277 3778 0c-

1687 3812 1794 3867 cidi
1826 3813 1997 3868 virum
2036 3814 2091 3867 in
2113 3811 2304 3868 vulnus
2342 3827 2536 3880 meum,
2565 3821 2616 3867 et
2645 3811 3093 3868 adolescentulum
3121 3813 3178 3867 in
3199 3811 3276 3868 li-

1688 3920 1862 3960 vorem
1911 3921 2106 3972 incum,
2154 3913 2260 3959 etc.
2308 3901 2386 3960 De
2431 3900 2568 3958 Cain
2610 3901 2876 3959 Dominus
2912 3903 3276 3974 praedixerat:

1691 3993 1876 4053 Omnis
1903 3997 1994 4070 qui
2018 3996 2271 4052 acciderit
2301 3994 2458 4063 Cain,
2481 3995 2779 4067 septuplum
2800 3997 3065 4066 punietur.

1760 4085 2006 4161 Septimo
2035 4087 2294 4144 milliaria
2313 4103 2346 4144 a
2377 4087 2559 4143 Karan
2589 4094 2776 4144 monte
2814 4102 2974 4144 mons
3009 4085 3244 4144 Carmeli
3273 4126 3290 4154 ,

1685 4184 1754 4240 de
1803 4197 1914 4256 quo
1945 4183 2004 4238 in
2046 4179 2290 4239 Canticis
2337 4180 2682 4237 canticorum
2721 4197 2735 4234 :
2770 4178 2980 4235 Collum
3024 4187 3173 4235 tuum
3216 4185 3277 4235 ut

1686 4270 1983 4329 Carmelus.
2011 4270 2070 4326 In
2093 4272 2199 4328 hoc
2220 4279 2406 4327 monte
2431 4285 2530 4342 per
2551 4270 2774 4342 longum
2799 4278 3016 4340 tempus
3043 4284 3277 4327 conver-

1684 4372 1840 4420 satus
1868 4371 1954 4420 est
1978 4361 2148 4429 Elias,
2174 4361 2404 4434 ejusque
2441 4361 2747 4434 discipulus
2777 4360 2992 4418 Eliseus
3027 4375 3155 4420 cum
3183 4376 3272 4420 eo.

1757 4455 1924 4513 Sexto
1951 4456 2208 4512 milliaria
2229 4471 2260 4510 a
2281 4453 2553 4511 Nazareth
2577 4461 2766 4511 contra
2795 4447 3108 4511 Genuuium
3133 4453 3274 4512 Ger-

97 4533 331 4621 §ngaddi,
363 4533 659 4621 penatibus:
695 4547 911 4621 Charon
955 4556 1015 4621 e_t_
1044 4533 1302 4621 Carmeli,
1320 4533 1577 4621 ξομε-[ἶσος
1611 4556 1652 4610 D
1678 4551 1838 4618 licus,
1869 4550 1926 4607 in
1956 4562 2068 4621 qua
2094 4548 2233 4604 Jchu
2263 4563 2358 4603 rex
2383 4545 2549 4601 Israel
2579 4546 3059 4616 percussitOziam
3092 4559 3296 4618 regem

96 4605 336 4682 Gefgeuo,
350 4615 599 4690 Caesareo
613 4617 946 4690 Palestina,
963 4617 1198 4685 Hebrum,
1213 4605 1574 4690 ualleLucry;

96 4693 297 4798 rerum,
326 4704 460 4773 agro
490 4687 674 4756 Gebal,
710 4706 900 4762 querco
944 4690 1202 4772 Humbre,
1235 4687 1418 4816 Seyr,
1461 4687 1577 4761 spe-

112 4751 537 4828 ttaca_Karnarm,
567 4769 766 4815 montes
788 4759 965 4828 Sinai,
999 4759 1264 4816 montibus
1367 4761 1486 4815 oreb
1527 4769 1578 4815 et

95 4818 306 4894 Abarim,
343 4818 610 4899 Idumam,
643 4831 830 4902 Tyros,
864 4818 1144 4903 Sarepltta.

95 4905 332 4974 Dominus
372 4931 581 4990 noster,
622 4938 749 4978 cum
779 4923 970 4995 viginti
1005 4937 1203 4979 novem
1231 4930 1378 4979 esset
1408 4935 1584 4978 anna-

43 5010 141 5054 tum
168 5011 215 5058 et
243 5006 448 5066 dierum
472 5011 756 5080 tredecim,
783 5021 845 5068 ut
877 5011 1056 5068 Lucas
1078 5012 1176 5081 ait,
1206 5011 1582 5084 inciperetquc

42 5093 174 5160 Quasi
193 5098 521 5160 tricesimum
550 5120 780 5174 annum,
803 5106 995 5162 volens
1020 5105 1501 5162 circumcisionem
1526 5106 1586 5161 ll-

45 5182 157 5252 nire,
175 5197 459 5252 etveterem
475 5197 754 5254 hominem
776 5213 918 5270 aqua
942 5197 1278 5253 sanctiﬁcata
1297 5209 1581 5262 renovare,

43 5277 166 5334 venit
187 5280 237 5338 in
266 5285 534 5346 desertum
562 5291 632 5346 ad
663 5288 932 5346 Joannem
968 5303 1364 5360 praecursorem
1396 5301 1581 5352 suum,

48 5369 385 5442 elbaptizatus
403 5390 488 5438 est
513 5382 584 5438 ab
609 5395 676 5438 eo
717 5383 773 5437 in
814 5379 1076 5449 Jordane,
1125 5380 1184 5437 in
1224 5395 1292 5437 ea
1331 5381 1454 5438 loco
1489 5379 1583 5451 qui

48 5457 186 5520 distat
227 5470 291 5525 ab
332 5469 546 5531 Iericho
585 5473 765 5546 lapide
805 5474 1005 5542 tertio;
1038 5473 1132 5530 ubi
1160 5489 1264 5530 vox
1300 5471 1478 5530 Patris
1497 5473 1598 5529 sui

52 5549 248 5616 intonuit
266 5577 424 5635 super
453 5583 601 5635 eum,
631 5567 856 5624 dicens:
888 5565 992 5622 Hic
1031 5575 1110 5623 est
1139 5565 1316 5622 Filius
1343 5581 1487 5621 meus
1501 5566 1589 5619 di-

53 5639 205 5716 lectus,
231 5663 329 5711 etc.
355 5655 607 5716 Jordanis
627 5670 811 5716 autem
831 5668 922 5717 est
955 5659 1155 5717 ﬂuvius
1183 5659 1280 5730 qui
1309 5674 1341 5714 a
1370 5658 1588 5715 duobus

56 5732 284 5825 lontibus,
304 5750 504 5810 scilicet
552 5751 650 5808 Jor
689 5762 745 5809 et
781 5751 919 5820 Dan,
949 5753 1046 5825 qui
1089 5753 1160 5808 ad
1211 5753 1450 5810 radicem
1490 5751 1576 5807 Li-

55 5823 157 5888 ι)ιηὶ
201 5839 464 5914 oriuntur,
513 5854 568 5901 et
615 5855 740 5916 post
793 5823 1018 5920 longum
1062 5852 1296 5903 tractum
1353 5843 1585 5904 seorsim

351 5938 624 6004 ΡΑτιιοι..
657 5942 838 6007 CLV.

1676 4641 1895 4698 Judazas.

1754 4731 1920 4788 Sexto
1951 4729 2166 4788 decimo
2193 4728 2455 4786 milliaria
2489 4744 2521 4784 a
2545 4727 2838 4795 Nasci-eth,
2867 4737 3058 4784 contra
3083 4727 3274 4785 orien-

1683 4833 1814 4891 tem,
1842 4823 1910 4879 ad
1933 4837 2086 4878 mare
2115 4820 2352 4877 Galilaeae
2381 4813 2672 4892 Gergessa,
2707 4819 2924 4874 viculus
2951 4819 3041 4874 ille
3081 4817 3138 4874 in
3162 4833 3276 4889 quo

1687 4913 1939 4971 Salvator
1981 4929 2077 4970 eos
2113 4912 2208 4985 qui
2247 4927 2278 4967 a
2307 4911 2651 4968 daemonibus
2688 4910 3026 4966 vexabantur
3049 4910 3274 4965 sanitati

1688 5007 1946 5077 restituit,
1985 5021 2053 5063 ex
2087 5021 2198 5079 quo
2228 5006 2284 5062 in
2315 5005 2484 5061 maris
2513 5001 2870 5074 praecipitium
2906 5015 3105 5072 porcos
3135 5000 3268 5058 sub-

1684 5100 1835 5171 jecit.

1761 5194 1930 5252 Sexta
1953 5192 2169 5250 decimo
2205 5189 2460 5247 milliaria
2487 5204 2520 5244 a
2561 5197 2747 5244 monte
2782 5187 3053 5256 Cat-melo,
3083 5196 3276 5246 contra

1691 5287 1974 5345 meridiem
2001 5327 2016 5351 ,
2051 5283 2304 5340 Cresarea
2348 5281 2665 5348 Palestina,
2715 5295 2784 5337 ex
2832 5293 2941 5352 qua
2987 5279 3277 5338 Cornelius

1689 5378 1970 5445 centuria,
2011 5391 2175 5449 quem
2216 5376 2273 5431 in
2317 5391 2382 5432 ea
2437 5373 2732 5446 baptizavit
2771 5381 2825 5431 et
2864 5374 2918 5429 in
2955 5375 3272 5447 episcopum

1695 5470 1900 5528 creavit
1930 5469 2123 5526 beatus
2150 5467 2368 5525 Petrus.

1765 5561 1825 5619 ln
1857 5565 1961 5620 hac
1989 5562 2239 5620 Caesarea
2265 5561 2400 5617 urbe
2418 5559 2588 5617 turris
2611 5559 2885 5617 Stratonis
2911 5580 2924 5615 :
2949 5575 3079 5617 nam
3103 5558 3277 5617 Hera-

1696 5656 1792 5713 des
1835 5663 2027 5712 contra
2076 5655 2370 5711 adventum
2405 5653 2639 5725 Augusti
2677 5653 2908 5724 (dequo
2927 5653 3031 5710 sibi
3051 5665 3275 5722 suaeque

1697 5749 1850 5823 regni
1874 5748 2151 5822 tyrannidi
2202 5746 2450 5818 timebat)
2491 5745 2801 5802 construxit
2850 5745 2919 5800 de
2961 5744 3087 5800 alba
3126 5757 3278 5799 mar-

1695 5857 1848 5901 more
1889 5850 2111 5915 portum
2151 5850 2206 5899 et
2257 5840 2476 5910 turrim,
2499 5853 2624 5910 quae
2639 5837 3106 5907 Jerosolymmam,
3137 5833 3275 5891 alias

2865 5935 2947 5997 3h
