3812 6312
519 369 662 434 1087
1087 365 1180 420 AD
1216 356 1667 422 GODEFRIDUM
1705 353 1999 410 APPEND.
2040 351 2105 412 ll.

515 488 738 547 Turrim
776 485 948 545 David
977 482 1208 549 dictam,
1245 481 1408 551 longe
1435 474 1840 550 supereminet,
1871 470 2106 528 aedifica-

516 583 615 650 vit,
643 579 882 651 Josepho
909 582 1220 640 attestante,
1245 571 1340 644 qui
1363 570 1473 626 ait:
1497 587 1518 622 ι
1548 567 1766 623 Turrim
1790 563 2098 633 fabricavit,

515 687 747 743 eamque
767 667 1059 726 Antoniam
1081 665 1237 722 dixit.
1276 682 1296 714 ›

583 762 669 819 Ex
701 763 878 819 altera
903 769 1064 832 parte
1095 755 1421 820 Jerusalem,
1468 749 1866 820 aliquantulum
1909 763 2103 804 versus

515 856 822 923 meridiem,
870 862 956 909 est
985 851 1179 908 civitas
1223 845 1462 911 Hebron,
1499 857 1624 914 quae
1659 841 1935 912 quondam
1986 848 2105 895 erat

516 947 837 1021 metropolis
865 943 1281 1018 Philistinorum
1322 946 1378 994 et
1405 933 1778 992 habitaculum
1801 931 2102 1004 gigantum,

515 1044 728 1100 distans
749 1057 779 1096 a
816 1046 1006 1096 sancta
1044 1035 1263 1092 civitate
1293 1045 1390 1102 per
1411 1028 1613 1085 dietam
1641 1041 1810 1082 unam
1840 1043 1854 1080 :
1882 1024 1998 1080 haec
2019 1025 2104 1094 ipe

515 1152 576 1193 sa
601 1141 721 1190 erat
746 1132 803 1187 in
832 1129 980 1185 tribu
1005 1125 1172 1192 Juda,
1204 1123 1402 1180 deinde
1437 1118 1632 1177 civitas
1662 1115 2016 1176 sacerdotalis
2051 1124 2107 1171 et

513 1224 734 1298 refugii,
759 1224 862 1280 sita
882 1222 942 1278 in
965 1235 1098 1292 agro
1118 1217 1218 1273 illo
1243 1215 1297 1272 in
1319 1229 1431 1287 quo
1460 1213 1761 1284 plasmator
1787 1208 1933 1266 Deus
1981 1223 2105 1264 om-

512 1318 669 1373 nium
707 1325 916 1388 patrem
953 1322 1203 1368 nostrum
1237 1309 1409 1365 Adam
1450 1303 1741 1378 plasmavit
1774 1310 1830 1360 et
1858 1302 2108 1373 Spiracu-

517 1407 783 1470 lumvita:
807 1405 885 1460 illi
909 1401 1220 1474 inspiravit.
1793 1407 1796 1410 ’

587 1497 807 1555 Hebr-on
862 1492 1289 1550 Kariath-Jarbe
1313 1490 1536 1558 dicitur,
1565 1487 1713 1560 quod
1743 1485 2109 1542 :Sarracenice

515 1599 679 1650 sonat
717 1591 913 1644 civitas
948 1595 1168 1658 quarta,
1195 1599 1392 1655 nempe
1431 1581 1664 1638 Curiatii.
1691 1581 1906 1648 civitas,
1939 1578 2107 1646 Arba,

518 1692 740 1756 quarta,
769 1697 837 1738 eo
872 1680 1022 1752 quod
1071 1687 1310 1751 quatuor
1356 1683 1541 1747 patres
1591 1675 1669 1730 illi
1716 1670 1998 1729 reverendi
2050 1670 2109 1725 in

522 1775 788 1846 spelunca
821 1770 1106 1843 duplici'in
1126 1785 1192 1826 ea
1218 1768 1426 1825 fuerint
1444 1765 1664 1838 sepulti,
1684 1764 1893 1822 scilicet
1911 1762 2108 1831 Adam,

514 1867 822 1933 Abraham,
847 1863 1002 1920 Isaac
1025 1872 1079 1918 et
1091 1860 1290 1929 'Jacob,
1315 1868 1371 1916 et
1399 1873 1592 1915 eorum
1621 1871 1830 1913 uxores
1852 1861 2110 1926 quatuor,

520 1953 860 2025 nempegEva
892 1962 1066 2009 mater
1091 1959 1302 2018 nostra,
1337 1948 1493 2016 Sara,
1530 1947 1778 2003 Rebecca
1803 1957 1857 2001 et
1871 1943 1998 1999 -Lia.
2017 1942 2130 1998 Est.

519 2055 714 2108 autem,
730 2044 946 2102 Hebron
972 2045 1130 2116 juxta
1151 2042 1344 2099 vallem
1372 2040 1774 2112 Lacrymarum
1800 2038 1924 2094 sita.
1943 2035 2114 2091 Vallis

523 2137 920 2210 Laerymarum
950 2153 1015 2192 ex
1040 2151 1106 2191 eo
1137 2134 1284 2191 dicta
1309 2133 1458 2204 quod
1482 2129 1894 2189 centumiannis
1948 2126 2003 2181 in
2046 2141 2129 2182 ea.

521 2231 724 2288 luxerit
749 2231 922 2288 Adam
947 2229 1120 2284 lilium
1151 2241 1314 2283 suum
1339 2225 1498 2281 Abel.
1558 2222 1618 2278 lu
1673 2238 1806 2294 qua,
1867 2220 2114 2276 monitus

520 2329 710 2392 postea
740 2320 809 2376 ab
835 2320 1050 2391 angelo,
1077 2317 1331 2390 cognovit
1383 2331 1613 2371 uxorem
1657 2329 1836 2381 suam,
1886 2328 1954 2368 ex
2001 2326 2112 2381 qua

522 2411 720 2475 deinde
735 2401 940 2481 genuit
966 2409 1139 2464 tilium
1175 2423 1340 2464 suum
1377 2404 1542 2473 Setb,
1591 2404 1658 2460 de
1707 2402 1870 2475 cujus
1922 2410 2114 2474 postea

525 2503 698 2573 stirpe
723 2511 778 2576 et
805 2501 951 2556 tribu
981 2499 1238 2556 Christus
1272 2497 1380 2554 fuit
1416 2496 1705 2554 oriundus.

593 2591 855 2661 Secundo,
873 2591 1136 2648 milliario
1152 2590 1222 2646 ab
1243 2588 1458 2646 Hebron
1477 2587 1756 2658 sepultura
1775 2594 1859 2642 est
1881 2583 2005 2651 Lot,
2017 2597 2115 2638 ne-

525 2682 672 2753 potis
701 2682 1002 2738 Abraham.
1054 2679 1112 2735 ln
1151 2678 1369 2735 Hebron
1423 2677 1657 2734 habetur
1701 2691 1830 2748 ager
1886 2673 2112 2745 quidam

529 2761 719 2840 Gebal,
747 2773 907 2844 cujus
936 2763 1093 2844 gleba
1123 2771 1295 2827 rubea
1321 2777 1438 2837 est;
1486 2769 1603 2824 haec
1629 2767 1699 2823 ab
1744 2765 1939 2822 incolis
1980 2764 2114 2820 ell‘o-

522 2863 696 2932 ditur,
708 2877 763 2922 et
775 2864 1084 2922 comeditur
1103 2871 1161 2919 et
1182 2877 1280 2933 per
1301 2860 1599 2933 [Egyptum
1626 2858 1838 2915 venalis
1865 2867 2116 2929 asporta-

535 2971 645 3028 tur,
670 2966 857 3030 utpote
886 2974 1010 3030 qua:
1050 2958 1105 3012 in
1154 2956 1454 3012 multorum
1491 2955 1722 3011 salutem
1773 2968 1880 3023 pro
1933 2950 2116 3022 specie

525 3052 858 3110 charissima
885 3050 1161 3118 venditur.
1211 3048 1513 3104 Prmdictus
1555 3061 1686 3118 ager
1741 3044 1798 3098 in
1845 3053 2111 3115 quantum

525 3144 635 3198 late
662 3151 716 3197 et
740 3139 1015 3212 profunde
1039 3139 1272 3196 ell‘ossus
1295 3147 1401 3205 est,
1428 3137 1484 3190 in
1505 3145 1719 3191 tantum
1778 3132 1875 3189 Dei
1921 3133 2112 3206 dispo—

527 3237 754 3306 sitione,
788 3249 934 3289 anno
963 3232 1140 3302 finito,
1169 3231 1573 3302 redintegratus
1602 3227 1896 3299 reperitur.

599 3326 766 3382 Juxta
797 3323 1015 3380 Hebron
1043 3339 1204 3379 mons
1244 3321 1511 3390 Mambre,
1552 3321 1620 3376 ad
1664 3320 1824 3390 cujus
1876 3318 2138 3390 radicem

533 3416 876 3474 terebinthus
913 3414 1006 3470 illa
1035 3430 1159 3486 quae
1184 3415 1334 3484 dirps
1364 3419 1614 3479 vocatur,
1650 3409 1702 3465 id
1741 3420 1824 3465 est
1877 3410 1984 3465 ilex
2027 3418 2122 3464 aut

527 3520 787 3577 quercus,
819 3519 991 3580 secus
1037 3519 1209 3574 quam
1239 3517 1337 3573 per
1371 3501 1604 3558 multum
1627 3500 1890 3571 temporis
1918 3500 2123 3555 mansit

527 3603 846 3674 Abraham,
911 3601 1015 3684 sub
1048 3615 1157 3672 qua
1195 3608 1308 3656 tres
1361 3597 1586 3668 angelos
1647 3597 1804 3664 vidit,
1847 3605 1901 3652 et
1949 3611 2124 3651 unum

530 3696 812 3764 adoravit,
856 3693 1206 3765 hospitioque
1247 3699 1419 3764 prout
1474 3689 1695 3761 dignius
1749 3688 1965 3759 potuit,
2025 3703 2122 3742 su-

528 3789 702 3861 scepit
761 3787 1025 3858 fovitque.
1087 3783 1228 3841 Hinc
1279 3783 1455 3856 prima
1503 3781 1758 3838 credendi
1811 3779 1898 3834 via
1935 3786 2124 3850 aperta

528 3891 631 3938 est.
681 3880 790 3951 llex
832 3879 1090 3952 praedicta
1127 3893 1215 3945 ex,
1245 3883 1378 3944 tunc
1424 3891 1600 3946 usque
1656 3873 1818 3929 modo
1874 3872 1941 3928 ad
1981 3881 2124 3927 tem-

529 3991 633 4048 pus
686 3957 982 4029 Theodosii
1044 3972 1271 4042 imper.,
1303 3977 1534 4038 testante
1586 3966 1938 4038 Hieronymo,
1963 3979 2124 4020 suum

530 4082 654 4137 esse
693 4064 959 4132 dilatavit,
987 4072 1042 4119 et
1087 4079 1156 4118 ex
1198 4062 1296 4124 illa
1333 4062 1449 4130 haec
1470 4059 1640 4115 fuisse
1663 4058 1984 4129 perhibetur
2003 4071 2125 4126 quae

532 4159 612 4232 in,
638 4156 892 4228 praesenti
923 4155 992 4210 ab
1046 4153 1158 4222 illic
1203 4150 1563 4223 prasentibus
1608 4147 1823 4202 videtur
1866 4154 1926 4201 et
1955 4145 2125 4200 chara

538 4233 790 4322 liabetur.
855 4245 989 4313 Quae
1032 4245 1160 4300 licet
1208 4239 1376 4298 modo
1425 4237 1579 4294 arida
1643 4236 1734 4303 sit,
1785 4233 2127 4290 medicabilis

536 4351 724 4408 tamen
747 4354 870 4396 esse
898 4337 1194 4410 probatur;
1233 4342 1290 4389 et
1321 4331 1543 4403 quidem
1567 4327 1843 4400 praeipue
1893 4325 1947 4380 in
1997 4325 2140 4396 isto,‘

535 4431 696 4503 quod;
714 4432 760 4488 si
787 4430 916 4501 quis
939 4429 1194 4500 equitans
1217 4427 1286 4482 de
1310 4440 1374 4481 ea
1397 4420 1605 4494 aliquid
1628 4433 1818 4476 secum
1847 4415 2123 4483 detulerit,

535 4542 646 4580 non
689 4523 848 4578 facile
877 4522 1082 4576 animal
1108 4533 1268 4575 suum
1297 4513 1690 4572 confundatur.

607 4626 664 4680 ln
694 4623 911 4682 Hebron
926 4623 1103 4694 primo
1115 4601 1496 4692 applicuerunt
1510 4628 1590 4679 se,
1603 4621 1770 4668 causa
1783 4607 2126 4680 explorendae

534 4729 695 4775 terra:
723 4715 1134 4789 promissionis,
1159 4711 1349 4777 Iosue,
1375 4716 1430 4764 et
1459 4705 1687 4774 Caleph,
1725 4711 1781 4758 et
1809 4716 1998 4757 eorum
2031 4715 2123 4756 so-

533 4812 848 4867 eii'decem.
877 4807 938 4863 In
961 4805 1180 4862 Hebron
1214 4799 1464 4874 regnavit
1494 4795 1666 4852 David
1713 4793 1874 4850 annis
1916 4802 2122 4862 septem

533 4913 589 4960 et
618 4904 882 4960 medium.
909 4899 1138 4955 Demum
1169 4893 1385 4950 decimo
1407 4891 1478 4946 ab
1504 4887 1724 4945 Hebron
1750 4885 2006 4942 milliario
2039 4884 2122 4939 la-

535 5009 636 5049 eus
656 4990 1004 5064 Aspbaltitis,
1027 4987 1122 5057 qui
1150 4993 1206 5041 et
1226 4997 1378 5039 mare
1399 4980 1672 5044 Mortuum
1695 4977 1916 5046 dicitur,
1933 4982 2123 5030 contra

536 5086 806 5141 orientem
837 5089 941 5136 est.
967 5078 1105 5134 Vere
1133 5083 1412 5132 mortuum
1448 5087 1515 5128 ex
1541 5085 1608 5125 eo
1636 5067 1785 5141 quod
1813 5065 1951 5122 nihil
1978 5080 2126 5138 mor-

537 5185 695 5233 tuum
718 5173 934 5243 recipit.
963 5171 1115 5225 Alias
1145 5177 1199 5224 et
1229 5181 1381 5222 mare
1409 5163 1612 5230 diaboli
1655 5161 1764 5218 dici
1819 5157 2125 5223 consuevit,

539 5275 726 5336 utpote
751 5265 899 5335 quod
929 5263 1191 5319 instinctu
1216 5259 1336 5330 ejus
1357 5257 1462 5313 illae
1483 5249 2129 5322 civitatesgeeleberrimae

542 5358 805 5434 Sodoma,
833 5355 1160 5432 Gomorrha,
1189 5351 1408 5423 Sephon
1441 5358 1496 5405 et
1520 5346 1752 5412 Adama,
1774 5356 2129 5433 perseveran-

539 5459 622 5507 tes
654 5430 711 5522 in
740 5429 1077 5522 turpitudine
1107 5464 1232 5515 sua,
1263 5445 1526 5517 sulphure
1544 5506 1548 5509 ,
1567 5427 1990 5512 concremante,
2020 5434 2135 5508 mi-,

543 5542 774 5598 serrime
805 5544 863 5597 in
892 5542 1072 5604 lacum
1095 5540 1248 5595 illum
1279 5538 1555 5594 subversae
1586 5531 1809 5588 fuerint.

619 5633 796 5711 Supra
831 5635 1014 5690 lacum
1037 5633 1094 5689 in
1119 5631 1375 5690 accubitu
1413 5625 1612 5683 Judaeie
1661 5622 1833 5696 Segor
1878 5627 1982 5688 est,
2007 5630 2131 5689 qua:

509 5839 512 5842 ’
614 5831 693 5902 (ί)
729 5829 786 5887 Id
810 5841 896 5891 est
922 5831 1138 5902 primus
1166 5828 1333 5900 hujus
1354 5783 1614 5893 nominis,
1642 5777 1786 5880 inter
1802 5833 1959 5896 reges
2006 5787 2396 5882 Hierosolymis
2417 5787 2708 5862 secundus.

2147 5987 2269 6004 η,.⁴.

2141 380 2210 391 --
2243 347 2515 408 uorum.
2537 347 2647 421 nr:
2683 345 2910 404 BELLO
2949 339 3205 403 saeuo:
3557 358 3647 417 uti

2133 472 2181 530 Α
2204 476 2261 524 et
2293 465 2425 522 Bala
2446 465 2530 522 vel
2559 464 2699 519 Zara
2726 471 2974 519 vocatur.
2999 459 3068 516 Et
3094 460 3212 516 hac
3233 455 3412 531 quinta
3432 460 3649 528 decivitui-

2201 560 2308 616 bus
2338 559 2468 626 illis,
2497 556 2754 629 precibus
2772 554 2877 611 Lot
2917 554 2987 611 de
3036 553 3386 610 subversione
3419 539 3663 634 consenui,

2201 667 2379 723 usque
2415 665 2564 706 nunc
2605 647 2934 714 ostenditur,
2959 653 3016 703 et
3066 645 3231 700 modo
3280 643 3484 721 glorioso
3515 655 3656 712 nomine

2200 743 2475 799 Palmaria
2497 741 2721 798 dicitur.
2745 739 2806 795 In
2831 739 2982 796 exitu
3013 737 3185 809 Segor
3227 751 3365 791 uxor
3389 735 3542 805 Lot,ut
3571 748 3655 802 nihil

2205 835 2390 891 laetum
2418 833 2538 889 sine
2567 831 2805 888 admisto
2829 830 2976 885 tristi
3001 837 3120 895 est,
3143 826 3202 882 in
3243 825 3450 897 etligiem
3487 833 3580 886 salis
3610 847 3661 892 est

2205 925 2517 991 immutata,
2549 923 2708 994 cujus
2744 919 2980 993 prodigii
3019 920 3202 974 adhuc
3236 918 3442 989 vestigia
3471 936 3657 990 apparent,

2208 1017 2387 1088 Supra
2431 1017 2610 1087 ripam
2646 1013 2817 1070 maris
2861 1012 3107 1084 praedicti
3159 1011 3388 1065 multum
3419 1011 3665 1073 aluminisab

2207 1110 2400 1167 incolis
2429 1107 2700 1179 reperitur
2723 1115 2780 1162 et
2801 1105 3095 1176 colligitur,
3119 1118 3222 1159 nec
3243 1116 3350 1156 non
3370 1111 3415 1156 et
3436 1102 3609 1162 bitumen
3623 1123 3662 1162 ei

2207 1202 2346 1258 mari
2373 1199 2700 1265 extrahitur,
2730 1196 2878 1268 quod
2913 1194 3203 1250 Judaicum
3242 1191 3525 1262 appellatur,
3549 1197 3668 1252 multis

2208 1292 2606 1350 necessarium.
2645 1288 2818 1360 Segor
2870 1297 3079 1355 autem,
3118 1295 3181 1341 ut
3231 1285 3471 1352 diximus,
3507 1289 3618 1342 modo
3649 1304 3668 1342 ι

2123 1433 2128 1444 .
2205 1383 2582 1456 eompatriotis
2614 1382 2872 1454 oppidum
2903 1379 3098 1434 Palma
3119 1393 3216 1434 seu
3237 1376 3482 1432 Palmaria
3509 1388 3672 1438 vocatur.

2283 1478 2458 1549 Supra
2498 1477 2682 1532 lacum
2728 1473 3070 1546 Asphaltitis,
3118 1473 3176 1527 in
3230 1471 3476 1526 descensu
3518 1471 3670 1538 Arabia,

2210 1570 2472 1627 Karnaim
2517 1567 2781 1638 spelunca
2823 1567 2878 1620 in
2913 1572 3100 1620 monte
3126 1561 3552 1628 Moabitarum,in
3573 1578 3676 1632 quem

2208 1659 2413 1716 Balach
2443 1659 2592 1715 filius
2628 1655 2812 1712 Behor
2838 1654 3059 1710 Balaam
3071 1651 3310 1709 adduxit
3351 1651 3412 1706 ad
3448 1647 3677 1707 maledicer-

2210 1752 2342 1808 dum
2396 1751 2599 1822 populo
2653 1747 2857 1814 Israel;
2914 1747 3006 1802 hic
3050 1760 3212 1800 mons
3250 1751 3462 1814 propter
3477 1744 3683 1798 vehemens

2143 1825 2194 1896 Β,
2213 1851 2551 1915 prieruptum
2580 1840 2800 1897 excisus
2826 1846 3076 1894 vocatur.
3091 1835 3364 1891 Caeterum
3393 1834 3520 1890 lacus
3535 1836 3682 1904 Aspliai

2214 1935 2330 1991 titis
2365 1934 2608 1990 Iudaeam
2638 1932 2708 1987 ab
2734 1930 2935 1986 Arabia
2963 1929 3177 1985 dividit.
3225 1927 3422 1981 Arabia
3445 1936 3627 1997 tempore
3643 1927 3684 1980 i-

2212 2030 2413 2086 liorum
2444 2027 2612 2084 Israel
2640 2025 2879 2083 solitudo
2899 2031 3037 2090 erat,
3061 2037 3160 2079 seu
3188 2021 3459 2077 desertum
3497 2019 3610 2085 illud,
3629 2029 3690 2073 aut

2213 2134 2455 2184 eremus,
2481 2125 2626 2172 terra
2666 2115 2815 2170 invia
2856 2121 2912 2168 et
2951 2112 3244 2182 inaquosa,
3289 2110 3347 2164 in
3397 2125 3493 2181 qua
3537 2110 3692 2164 detinuit

2215 2209 2482 2265 Dominus
2499 2206 2772 2279 populum
2811 2219 2975 2261 suum
3003 2202 3371 2274 quadraginta
3395 2201 3551 2268 annis,
3567 2200 3693 2270 pineus

2215 2302 2324 2356 illis
2355 2315 2556 2356 manna
2590 2298 2662 2354 ad
2683 2296 3152 2362 manducandum,
3179 2308 3329 2365 aqua
3354 2292 3555 2364 depetra
3573 2291 3693 2346 duris-

2215 2395 2355 2452 sima
2372 2387 2668 2465 producta.

2286 2485 2347 2540 1n
2379 2460 2584 2540 Arabia
2607 2483 2712 2538 hac
2735 2497 2902 2538 mons
2931 2480 3105 2548 Sinai»,
3141 2479 3197 2534 in
3248 2494 3361 2550 quo
3406 2460 3582 2550 lloyses
3613 2492 3698 2547 qua

2215 2578 2466 2650 draginta
2493 2577 2688 2633 diebus
2721 2574 3056 2645 totidemque
3079 2572 3342 2627 noctibus
3361 2570 3520 2626 omnis
3547 2569 3701 2624 cibis:-

2216 2686 2344 2743 pers
2386 2678 2635 2726 moratus
2667 2678 2822 2737 erat;
2874 2667 2932 2722 in
2978 2680 3088 2737 quo
3125 2665 3252 2720 loco
3300 2656 3489 2718 deinde
3522 2659 3704 2715 Dominus

2217 2763 2393 2836 Moysi
2422 2764 2596 2836 legem
2618 2762 2790 2831 dedit,
2810 2761 3054 2834 proprio
3079 2760 3255 2830 digito
3289 2774 3390 2814 suo
3429 2757 3640 2826 scriptam
3673 2755 3709 2807 in

2217 2856 2422 2912 tabulis
2450 2855 2702 2926 lapideis.
2733 2853 2796 2909 In
2822 2852 3037 2908 Arabiae
3072 2850 3209 2905 valle
3271 2848 3530 2920 percussit
3566 2844 3710 2915 Moyses

2217 2949 2306 3006 bis
2329 2949 2558 3016 silicem,
2597 2947 2692 3018 qui
2728 2960 3030 3017 percussus
3065 2943 3208 2998 duos
3247 2956 3408 3012 aqua:
3451 2939 3616 2994 rivulos
3649 2951 3713 3005 [κγ

2219 3042 2350 3114 pulo
2381 3041 2474 3096 Dei
2497 3040 2752 3106 reddidit,
2780 3039 2848 3094 de
2873 3037 3077 3108 quibus
3103 3036 3291 3090 adhuc
3317 3034 3473 3090 hodie
3515 3025 3604 3086 tota
3642 3029 3714 3092 illa,

2142 3183 2190 3247 ο
2222 3135 2458 3191 antehac
2483 3135 2774 3203 inaquosa,
2797 3139 2946 3185 terra
2983 3135 3272 3200 irrigatur.
3323 3200 3328 3204 .

2293 3225 2355 3281 In
2376 3223 2578 3279 Arabia
2598 3221 2885 3294 praecessit
2905 3219 3032 3275 [iliis
3057 3216 3230 3274 lsrael
3258 3217 3508 3274 columna
3535 3213 3642 3286 ignis
3659 3226 3722 3281 per

2224 3328 2461 3384 noctem,
2490 3316 2664 3372 nubes
2695 3330 2828 3370 vero
2849 3328 2944 3368 eos
2969 3311 3191 3367 vallavit
3220 3310 3422 3366 diebus
3447 3306 3652 3379 singulis.
3688 3300 3725 3356 In

2223 3412 2424 3467 Arabia
2447 3410 2622 3465 Helim
2645 3417 2749 3476 est,
2779 3408 2869 3463 ubi
2897 3407 2992 3462 lilii
3016 3405 3183 3462 lsrael
3204 3401 3725 3466 castrametatimempe

2225 3503 2492 3588 locusille
2519 3503 2574 3556 in
2605 3501 2842 3566 deserto,
2870 3498 2963 3554 ubi
2999 3497 3132 3554 dicti
3171 3497 3278 3551 lilii
3326 3495 3489 3550 lsrael
3524 3489 3729 3548 duodecim

2225 3582 2407 3652 fontes
2431 3603 2486 3651 et
2509 3595 2852 3664 septuaginta
2867 3591 3102 3662 palmas,
3117 3590 3352 3664 quando
3378 3589 3444 3643 de
3469 3586 3586 3642 mari
3604 3582 3730 3636 Rubro

2224 3688 2468 3753 exibant,
2491 3663 2830 3755 repererunt.
2861 3681 2919 3736 In
2941 3663 3534 3752 Arabiaquadraginta
3564 3673 3736 3730 mansion

2225 3796 2325 3854 nes
2345 3778 2606 3849 ﬁliorum
2626 3776 2793 3832 Israel
2823 3783 2973 3831 sunt.
3004 3773 3064 3829 In
3100 3773 3316 3828 Arabia
3341 3787 3499 3828 mons
3525 3767 3683 3831 Horeh,
3701 3765 3735 3815 in

2226 3887 2338 3944 quo
2377 3871 2624 3941 sepultus
2675 3868 2857 3922 Aaron
2908 3865 3229 3938 requiescit.
3289 3864 3350 3918 In
3410 3861 3593 3918 Arabia
3635 3869 3742 3912 mons

2225 3964 2472 4032 Abarim,
2505 3963 2560 4018 in
2582 3951 2694 4032 quo
2722 3959 2989 4015 Dominus
3012 3957 3240 4031 Moysen
3265 3973 3370 4027 per
3404 3953 3606 4025 angelos
3636 3963 3738 4016 sepe-

2226 4057 2363 4125 livit,
2391 4056 2511 4127 ejus
2540 4064 2725 4111 tamen
2749 4070 3025 4127 nusquam
3051 4062 3364 4125 apparente
3422 4049 3600 4107 tuuli
3632 4043 3744 4098 vesti-

2228 4152 2337 4222 gio.
2370 4149 2429 4204 lu
2463 4149 2668 4204 Arabia
2716 4164 2878 4204 mons
2922 4147 3014 4203 ille
3063 4146 3294 4218 regalis,
3355 4159 3519 4215 quem
3580 4139 3745 4194 domnus

2229 4242 2530 4297 Balduinus
2551 4241 2763 4313 primus
2788 4242 2888 4311 (l),
2909 4255 3007 4296 rex
3039 4238 3396 4307 Francorum
3429 4237 3484 4292 in
3507 4229 3752 4290 Jerusalem

2229 4335 2296 4390 ad
2330 4343 2530 4389 terram
2559 4331 2906 4387 Christicolis
2951 4329 3298 4409 subjugavit,
3332 4339 3390 4384 et
3446 4326 3514 4382 ad
3564 4319 3751 4378 tuendum

2231 4439 2459 4494 regnum
2490 4421 2660 4476 David
2695 4419 2916 4476 firmum
2948 4420 3206 4475 reddidit.

2157 4529 2204 4586 ι)
2303 4493 2575 4570 Caeterum
2604 4513 2806 4584 Arabia
2827 4513 3079 4585 jungitur
3105 4510 3380 4567 Idumm
3404 4511 3460 4566 in
3495 4499 3665 4563 ﬁnibus
3689 4500 3755 4552 BD—
3778 4493 3779 4528 λ

2232 4617 2424 4663 strom.
2449 4605 2683 4662 ldumiea
2711 4615 2894 4660 tamen
2921 4604 3026 4660 sub
3056 4603 3242 4676 Syria,
3267 4602 3452 4675 Syria:
3477 4611 3637 4657 autem

2231 4700 2552 4755 Damascus.
2578 4697 2871 4754 ldumteam
2901 4706 2954 4753 et
2973 4696 3333 4752 Phaniciam
3360 4694 3551 4750 dividit
3569 4690 3760 4745 Libanvs.

2231 4793 2290 4847 ln
2324 4793 2605 4848 l‘lwnieia
2637 4801 2722 4872 est
2749 4791 2902 4858 Sors,
2926 4806 3022 4845 seu
3050 4789 3229 4861 Syris,
3279 4789 3437 4844 dicta
3466 4779 3779 4872 'l‘yrusJ‘bO-q

2231 4889 2419 4944 nicum
2470 4885 2814 4942 nobilissima
2873 4884 3069 4938 civitas
3117 4877 3486 4960 metropolis,
3521 4893 3628 4949 quae
3656 4871 3779 4956 (Πιτίῄ

2231 4991 2377 5036 stum
2399 4996 2493 5051 per
2514 4979 2788 5035 maritima
2815 4977 3186 5037 ambulantem
3215 4976 3484 5046 recipere
3502 4961 3779 5051 noluithri

2229 5081 2285 5128 et
2332 5073 2517 5128 divina
2564 5079 2802 5127 testante
2854 5070 3051 5141 pagina
3107 5077 3404 5140 martyres
3434 5066 3544 5120 Deo
3575 5058 3772 5133 plurimas

2231 5163 2490 5232 reddidit,
2519 5176 2757 5233 quorum
2790 5160 2888 5215 Dei
2917 5160 3090 5215 solius
3123 5159 3380 5214 scientia
3414 5166 3679 5213 numerum
3701 5141 3766 5202 Nl-

2231 5255 2378 5326 legit.
2413 5252 2642 5324 Insuper
2672 5251 2854 5324 Tyrus
2881 5250 3147 5322 originem
3176 5243 3584 5322 [Origenemi’]
3607 5237 3772 5326 tumuhf

2233 5325 2350 5404 tum
2377 5347 2536 5416 celat.
2569 5347 2708 5418 Ante
2737 5339 2941 5416 Tyrum
2971 5342 3113 5419 lapis
3139 5341 3239 5396 ille
3294 5353 3638 5397 marmoreus
3679 5325 3779 5404 haud}

2231 5441 2484 5508 modicus
2507 5455 2670 5510 super
2699 5452 2864 5508 quem
2887 5435 3035 5510 sedit
3058 5433 3252 5502 Iesus,
3290 5451 3326 5489 a
3360 5445 3601 5508 tempore
3635 5419 3775 5480 Christi

2233 5532 2508 5603 usquead
2547 5529 2923 5603 expulsionem
2974 5529 3227 5599 gentium
3303 5526 3412 5604 ab‘
3447 5524 3576 5580 urbe
3626 5525 3772 5584 θωνα

2236 5627 2463 5695 ἱιιςεειιε,
2489 5624 2586 5680 sed
2614 5623 2810 5679 deinde
2841 5637 2872 5676 a
2902 5619 3130 5676 Francis
3170 5629 3254 5698 et.
3277 5617 3564 5675 Veneticis
3609 5613 3776 5668 fractis.

3198 5833 3236 5861 σέ

3778 4805 3779 4872 ἢ

3777 5192 3780 5242 ι

3778 5243 3779 5273 ι

3778 5353 3779 5404 1
