3816 6306
49 293 162 349 1069

926 287 1210 346 IOANNIS
1247 291 1645 351 WIRZBURG.
1690 289 1936 351 DESCR.
1977 293 2236 351 TERRE
2279 297 2335 350 S.

3124 297 3212 358 1οἳ
3222 298 3259 355 (ι

47 408 196 477 Supra
220 417 346 460 vero
379 401 651 458 residuum
678 401 826 460 illius
855 401 1052 474 lapidis
1082 404 1138 460 in
1170 404 1434 461 honorem
1461 404 1567 462 Sal-
1608 412 1658 472 Α
1687 407 1816 478 illis,
1841 408 1895 463 in
1930 409 2130 480 quibus
2152 408 2348 466 beatus
2378 407 2706 468 Eustachius
2734 426 2906 468 uxore
2933 427 3032 468 sua
3081 413 3265 484 priva-

43 497 218 554 vatoris
243 494 492 566 quadam
516 494 743 550 ecclesia
777 502 1096 552 constructa
1112 508 1216 552 est.

95 586 278 643 Octavo
299 585 556 642 milliario
579 601 610 640 a
651 584 795 658 Tyro
813 626 828 652 ,
859 594 1050 642 contra
1097 586 1387 655 orientem,
1417 603 1582 659 supra

41 694 183 745 mare,
206 676 450 748 Sarphen
479 686 578 745 est,
601 679 748 748 quod
779 677 982 733 dicitur
1028 678 1167 735 alias
1217 680 1446 750 Sarepta
1496 678 1584 734 Si-

38 769 218 835 doniae;
247 769 302 822 in
329 781 442 838 quo
463 767 738 838 quondam
765 767 1031 823 habitavit
1054 769 1320 840 propheta
1363 768 1583 825 Domini

39 860 178 916 Elias.
214 858 310 914 llic
336 859 684 915 resuscitavit
706 859 881 914 ﬁlium
907 859 1108 928 viduae,
1147 859 1377 916 Ioanam
1426 859 1583 916 vide-

38 953 158 1017 licet,
186 965 250 1006 eo
290 951 441 1022 quod
486 950 646 1007 vidua
698 951 1022 1024 prophetam
1080 951 1296 1008 Domini
1347 951 1582 1023 benigne

37 1043 199 1101 foverit
222 1052 273 1100 et
294 1043 524 1114 paverit.

621 1155 854 1216 CAPUT
893 1156 958 1215 V.

35 1274 189 1345 Sidon,
211 1272 491 1345 Berytlms,
523 1271 846 1345 Damascus,
870 1273 1110 1345 Arphat,
1170 1271 1336 1345 Huss,
1391 1273 1572 1343 Suita,

90 1316 297 1412 ἵιὶἓῖηῖ
310 1316 934 1411 Ἧὲἑὶιῖἲιᾶιῖῗιῖἇιὶῗὲἑίῖ
947 1316 1572 1416 ’ἑῖῖεόαῆἓῖῖἒιτῇιῗὲξ

75 1416 282 1488 Albana
303 1416 477 1488 ﬂuuii,
505 1415 714 1488 [faueas
732 1417 1010 1488 oppidum,
1042 1416 1163 1472 Dan
1195 1417 1335 1488 fons,
1361 1415 1574 1486 Medati,

85 1486 192 1554 Ior,
213 1484 488 1551 Belsaida,
514 1484 818 1556 Corosaint,
849 1486 1046 1543 Cedat.

88 1593 236 1651 Sexto
275 1594 536 1649 milliario
566 1610 598 1650 a
635 1594 904 1666 Sarphen,
956 1592 1126 1651 Sidon
1169 1595 1387 1668 egregia
1434 1595 1584 1668 jacet

31 1689 210 1756 civitas,
233 1704 296 1744 ex
323 1703 434 1758 qua
465 1687 626 1756 Dido,
678 1703 803 1760 quae
846 1688 904 1744 in
955 1687 1140 1746 Africa
1187 1689 1576 1762 Carthaginem

1687 508 1778 555 tus
1804 507 1859 555 et
1887 515 1917 554 a
1952 500 2079 556 ﬁliis
2105 499 2387 558 desolatus
2412 502 2660 558 recessit.
2696 501 2890 558 Farfar
2920 519 3017 575 per
3051 505 3266 578 Syriam

1687 589 1859 645 tendit
1896 589 1963 646 ad
2015 591 2385 660 Antiochiam,
2416 593 2606 650 labens
2657 609 2820 650 secus
2875 611 3065 652 muros
3113 597 3264 669 ejus;

1685 679 1900 737 decimo
1928 683 2128 740 abhinc
2166 684 2425 740 milliario
2461 685 2513 740 in
2541 694 2703 755 portu
2736 684 2930 754 Solim,
2953 697 3113 758 portu
3153 690 3264 745 sci-

1685 773 1814 828 licet
1853 771 2039 829 Sancti
2069 773 2365 844 Simeonis,
2392 775 2787 834 Mediterraneo
2821 793 2880 834 se
2921 779 3062 834 mari
3113 795 3268 837 com-

1685 863 1927 920 mendat.
1954 865 2259 922 Antiochiae
2283 867 2462 938 primo
2491 867 2631 924 sedit
2660 877 2886 926 sanctus
2907 869 3105 928 Petrus
3135 887 3268 944 apo-

1685 958 1883 1025 stolus,
1914 966 2118 1029 septem
2149 959 2330 1026 annis,
2369 960 2668 1031 pontiﬁcali
2723 963 3014 1019 decoratus
3069 963 3264 1021 infula.

1683 1050 1766 1106 Ad
1788 1050 2028 1107 radicem
2059 1051 2254 1107 Libani
2281 1051 2494 1110 Paucas
2519 1053 2713 1110 civitas
2741 1053 2846 1111 sita
2871 1064 2978 1124 est,
3003 1057 3140 1113 alias
3157 1055 3271 1113 Ca3-

1597 1179 1600 1182 ~
1685 1137 1842 1199 sarea
1877 1141 2112 1214 Philippi
2140 1142 2307 1200 dicta.

1753 1232 1928 1290 Porro
1978 1235 2109 1290 item
2145 1234 2214 1291 ad
2262 1235 2501 1292 radicem
2549 1235 2743 1292 Libani
2789 1237 3043 1294 oriuntur
3076 1237 3173 1296 Ior
3215 1249 3271 1296 et

1684 1326 1822 1396 Dan,
1853 1328 1933 1384 illi
1958 1327 2070 1384 duo
2101 1327 2283 1385 fontes
2323 1329 2392 1385 de
2423 1329 2648 1401 quibus,
2682 1338 2744 1385 ut
2777 1323 2961 1403 supra
3009 1332 3270 1389 memini-

1683 1433 1828 1487 mus,
1862 1418 1966 1475 sub
1992 1417 2274 1474 montibus
2313 1417 2516 1475 Gelboe
2559 1417 2814 1476 Iordanis
2863 1421 3168 1478 conﬁcitur.
3221 1423 3268 1477 A

1683 1507 1962 1564 montibus
1985 1507 2188 1588 Gelboe
2215 1522 2394 1579 usque
2439 1507 2508 1563 ad
2548 1507 2728 1565 lacum
2758 1507 3080 1581 Asphaltitis
3104 1511 3265 1567 vallis

1681 1609 1765 1657 est
1805 1601 1894 1656 illa
1944 1615 2041 1672 per
2080 1616 2246 1672 quam
2278 1599 2482 1656 labitur
2522 1598 2816 1670 Iordanis;
2865 1610 2922 1658 et
2966 1602 3086 1658 haec
3114 1602 3274 1658 vallis

1682 1703 1932 1760 vocatur,
1969 1701 2030 1748 ut
2069 1688 2342 1760 diximus,
2387 1693 2726 1765 praegrandis
2779 1708 2874 1750 seu
2923 1694 3294 1765 campestris,

32 1781 251 1842 condidit.
279 1779 535 1835 oriunda.
571 1779 738 1836 Sexto
764 1779 978 1836 decimo
999 1781 1256 1839 milliario
1298 1797 1331 1839 a
1369 1782 1576 1841 Sidone
1606 1772 1655 1837 Β
1678 1802 1801 1858 quae
1820 1801 1887 1843 ex
1918 1793 2153 1858 utraque
2178 1794 2332 1858 parte
2364 1783 2600 1841 vallatur
2625 1781 2904 1842 continuis
2931 1787 3216 1846 montibus
3243 1801 3275 1844 a

31 1875 221 1947 Berytus
245 1873 664 1946 opulentissima
700 1873 918 1930 civitas.
963 1871 1024 1928 In
1081 1873 1279 1948 Beryto
1325 1877 1575 1947 quaedam
1680 1876 1913 1946 Libano,
1943 1892 2120 1949 usque
2147 1877 2218 1934 ad
2247 1878 2527 1934 desertum
2571 1875 2810 1932 Pharan.
2861 1876 3067 1934 Dividit
3091 1888 3275 1936 autem

35 1967 296 2023 Salvatoris
318 1967 497 2024 nostri
528 1967 730 2038 imago,
754 1966 902 2022 haud
935 1966 1170 2022 multum
1193 1975 1320 2038 post
1362 1967 1576 2038 passio-
1637 2005 1640 2008 ~
1677 1967 1934 2026 Iordanis
1960 1968 2240 2025 Galilaeam
2267 1977 2324 2026 et
2349 1968 2668 2037 Idumaeam,
2694 1977 2751 2025 et
2775 1979 2978 2026 terram
2997 1970 3273 2039 Bostrom,

31 2076 129 2115 nem
151 2060 278 2132 ejus,
308 2075 340 2116 a
369 2059 706 2132 quibusdam
739 2056 946 2115 Iudaeis
967 2058 1072 2116 sub
1098 2059 1359 2115 Cruciﬁxi
1405 2059 1579 2133 efﬁgie

31 2152 347 2222 ignominiosa
371 2161 426 2208 et
445 2151 746 2208 ridiculose
769 2151 949 2222 posita
990 2151 1311 2224 sanguinem
1361 2151 1580 2208 sudavit

30 2259 72 2301 et
89 2263 262 2318 aquam
289 2265 303 2302 :
328 2262 455 2318 quae
472 2261 649 2302 causa
671 2243 776 2300 fuit
807 2254 869 2302 ut
897 2243 1255 2301 Sidoniorum
1281 2245 1464 2312 multi,
1519 2245 1576 2300 in

29 2352 181 2393 verum
201 2337 386 2394 Iesum
407 2338 738 2394 cruciﬁxum
755 2336 1060 2406 credentes,
1077 2352 1296 2394 sacrum
1318 2337 1576 2409 baptismi

31 2430 268 2486 lavacrum
297 2432 666 2503 susceperint.
707 2429 1035 2501 Quicunque
1085 2431 1252 2486 etiam
1306 2446 1376 2486 ex
1430 2431 1576 2486 stilla

29 2523 419 2596 «ﬁctaimaginis
443 2522 700 2596 peruncti
727 2522 973 2590 fuerunt,
998 2522 1118 2578 sani
1142 2523 1410 2590 ﬁebant,a
1440 2539 1577 2594 qua-

30 2633 205 2700 cunque
229 2618 618 2674 detinebantur
645 2615 985 2672 iuﬁrmitate.
1012 2613 1260 2688 Denique
1280 2624 1336 2672 et
1369 2615 1579 2688 Arplmt

31 2713 135 2768 urbs
158 2722 234 2769 est
261 2711 538 2768 Damasci.
562 2709 684 2766 Iam
716 2709 898 2767 fusius
918 2709 988 2766 de
1015 2707 1305 2767 Damasco.

85 2805 353 2862 Damascus
373 2815 462 2863 est
479 2814 647 2876 caput
679 2803 870 2877 Syriae,
895 2812 951 2860 et
977 2805 1273 2860 reverenda
1299 2813 1580 2876 metropo-

32 2899 83 2954 lis
101 2899 246 2954 illius.
279 2897 430 2955 Hanc
466 2897 784 2955 construxit
811 2895 1042 2966 Eiiezer,
1091 2912 1286 2954 servus
1317 2896 1574 2966 Abrahae,

31 2989 72 3043 in
95 3006 206 3062 agro
231 2990 320 3047 illo
346 2991 406 3046 in
425 3005 544 3062 quo
569 2988 710 3045 Cain
740 2988 940 3046 occidit
968 2989 1103 3045 Abel
1133 2987 1360 3045 fratrem
1388 3004 1578 3052 suum,

1677 2074 1804 2132 qua:
1827 2068 1884 2116 et
1911 2059 2146 2118 ldumeaa
2173 2061 2415 2119 secunda
2456 2061 2802 2133 metropolis.
2847 2059 3120 2119 Caeterum
3151 2062 3276 2120 Ior-

1678 2151 1839 2210 (lanis
1866 2141 2148 2209 descensus
2179 2151 2594 2223 interpretatur.
2915 2199 2918 2201 Α

1749 2243 2074 2302 Fonticulus
2101 2244 2219 2300 Dan
2269 2242 2340 2300 ab
2367 2251 2494 2300 ortu
2540 2257 2646 2300 suo
2675 2243 3093 2300 subterraneum
3125 2245 3280 2302 ducit

1678 2336 1948 2408 gurgitem
1979 2352 2141 2392 suum
2170 2351 2348 2408 usque
2377 2337 2445 2392 ad
2475 2334 2697 2403 Mcdan,
2728 2335 3009 2406 planitiem
3037 2337 3186 2392 illam
3217 2337 3272 2392 in

1677 2445 1808 2502 qua,
1835 2429 2084 2486 adauctis
2109 2428 2291 2501 aquis,
2319 2429 2457 2485 satis
2477 2437 2728 2500 patenter
2751 2445 2914 2484 suum
2938 2427 3088 2484 foras
3111 2429 3276 2485 emit-

1675 2522 1743 2576 tit
1771 2521 2007 2576 alveum.
2039 2518 2302 2576 Planities
2329 2527 2512 2576 autem
2541 2517 2646 2574 illa'
2679 2517 2802 2575 ideo
2827 2517 3020 2574 Medan
3046 2526 3277 2574 vocatur

1675 2626 1744 2668 eo
1771 2612 1919 2684 quod
1945 2611 2061 2668 Dan
2093 2619 2149 2668 et
2177 2611 2267 2667 illa
2295 2611 2511 2667 medius
2541 2609 2632 2664 sit.
2659 2607 3030 2666 Sarracenice
3049 2607 3272 2679 quidem

1677 2711 1840 2760 sonat
1885 2701 2064 2774 platea
2115 2702 2210 2758 illa
2261 2701 2478 2768 Medan,
2509 2699 2702 2756 Latine
2731 2707 2914 2754 autem
2943 2698 3153 2769 platea;
3186 2694 3273 2754 fo-

1675 2811 1801 2852 rum
1833 2812 1966 2852 vero
1993 2803 2225 2852 vocatur
2251 2793 2468 2861 Medan,
2505 2807 2572 2848 eo
2614 2790 2762 2863 quod
2813 2791 3050 2846 intrante
3083 2798 3276 2847 astate

1677 2889 2093 2946 innumerabilis
2142 2888 2218 2944 ibi
2268 2887 2504 2960 populus
2557 2901 2744 2942 secum
2792 2883 2977 2940 omnia
3021 2883 3274 2940 deferens

1676 2983 1892 3038 venalia
1959 2979 2251 3048 convenit;
2323 2988 2378 3035 et
2420 2977 2644 3049 insuper
2696 2976 2890 3047 ingens
2943 2975 3273 3032 Barthorum

31 3079 312 3138 Damascum
336 3081 614 3138 habitavit
639 3080 815 3151 Esau;
849 3081 979 3138 hinc
1009 3090 1066 3136 et
1108 3079 1244 3154 seyr
1294 3090 1351 3138 et
1401 3080 1576 3140 Edam
1606 3136 1646 3154 Α
1675 3073 2030 3148 [Parthorum
2041 3069 2088 3145 1]
2115 3078 2172 3127 et
2194 3069 2436 3126 Arabum
2466 3068 2758 3125 multitudo
2781 3068 2852 3124 ad
2881 3068 3146 3152 tuendum
3174 3083 3276 3140 po—

31 3136 216 3244 dicitur,
231 3136 362 3232 nam
395 3136 815 3249 Serr'pilosus,’
855 3181 911 3230 et
961 3136 1137 3230 Edoni
1159 3136 1422 3243 “rubens,
1453 3136 1576 3231 “se;
1601 3136 1648 3204 ο
1677 3136 1890 3237 pulum,
1917 3172 1974 3220 et
1999 3136 2399 3234 ald-pascendos
2421 3176 2614 3234 greges
2643 3176 2778 3218 suos
2804 3161 2862 3217 in
2904 3145 3127 3234 pascuis
3165 3136 3277 3218 illis

30 3267 151 3336 rufus
175 3268 579 3341 interpretatur.
593 3267 678 3323 Ab
701 3266 877 3324 Edom
905 3274 1019 3324 tota
1047 3276 1196 3324 terra
1225 3266 1317 3322 illa
1348 3277 1578 3323 vocatur

31 3357 256 3430 ldumu;
284 3363 350 3419 de
374 3379 492 3436 qua
518 3362 572 3417 in
599 3361 812 3432 psalmo
834 3377 848 3417 :
867 3358 937 3416 In
972 3359 1272 3416 Idumam
1293 3361 1577 3417 extendam

30 3453 396 3510 tutamentum
421 3470 624 3510 meum.
677 3452 746 3510 Et
796 3453 994 3510 iterum
1048 3453 1189 3511 alius
1237 3453 1502 3525 propheta
1559 3473 1574 3510 :

33 3543 136 3609 Quis
159 3550 352 3603 est—iste
371 3549 464 3620 qui
493 3547 636 3601 venit
675 3546 738 3600 de
765 3543 958 3613 Edont,
1002 3545 1183 3600 tinctis
1227 3538 1457 3602 uestibus
1511 3547 1578 3600 de

28 3633 208 3692 Βοτταέ
230 3637 323 3694 Est
348 3646 542 3694 autem
587 3635 656 3692 de
701 3633 875 3692 Edoni
919 3633 1176 3706 quaedam
1238 3649 1368 3706 pars
1421 3643 1580 3690 tari-at

30 3725 148 3784 illius
173 3727 327 3799 liuss,
359 3746 428 3786 ex
459 3744 571 3802 qua
593 3728 788 3784 beatus
810 3725 940 3794 Iob;
968 3743 1091 3799 quae
1117 3737 1171 3783 et
1211 3725 1366 3783 Suita
1399 3745 1412 3782 :
1451 3727 1579 3781 hinc

28 3819 80 3874 de
98 3837 151 3876 ea
173 3820 343 3880 dictus
364 3822 565 3878 Baldat
592 3819 796 3878 Suites.
825 3819 886 3876 In
921 3835 1030 3891 qua
1058 3828 1113 3875 et
1139 3818 1344 3875 Thema
1377 3827 1579 3873 metro-

28 3917 141 3985 polis
161 3917 434 3987 ldum;
461 3935 534 3976 ex
557 3918 662 3974 hac
685 3916 893 3973 Thema
919 3915 1145 3986 Elipbaz
1189 3913 1574 3982 Themanites;

29 4009 70 4062 in
97 4027 189 4082 qua
215 4021 270 4069 et
298 4012 553 4069 Naamon
579 4010 841 4082 oppidum
872 4028 885 4066 :
927 4009 981 4065 in
1008 4022 1120 4081 quo
1171 4006 1386 4081 Sophar
1437 4007 1579 4065 Naa-

29 4103 210 4159 matites
239 4123 253 4160 :
283 4105 340 4160 bi
377 4114 496 4161 tres
522 4103 895 4160 consolatores
917 4100 1040 4158 Iob.

83 4195 132 4251 ln
155 4194 396 4253 Idumam
424 4195 651 4264 finibus,
683 4193 928 4252 secundo
955 4194 1214 4251 milliaria
1248 4209 1280 4250 a
1317 4192 1574 4264 Iordane,

1675 3269 1774 3326 per
1800 3262 1969 3311 totam
2012 3261 2260 3311 aestatem
2288 3252 2624 3310 demoratur.
2677 3251 2872 3309 Medan
2923 3254 3279 3326 componitur

1677 3361 1746 3403 ex
1781 3347 1992 3418 medjet
2037 3346 2164 3402 dan.
2188 3344 2330 3412 Med,
2364 3343 2670 3413 Sarranice,
2697 3362 2838 3418 aqua
2851 3364 2873 3411 ,ο
2901 3345 3032 3413 dan,
3057 3347 3279 3416 ﬂuvius.-

1678 3437 1760 3494 Ex
1800 3429 2061 3509 praedicta
2117 3437 2348 3509 planitie
2392 3435 2508 3493 Dan
2558 3453 2620 3494 se
2649 3437 2885 3494 reddens
2941 3437 2999 3492 in
3044 3436 3294 3494 ﬂuvium

1681 3529 1903 3587 Suetam
1953 3545 2052 3587 seu
2100 3528 2314 3585 Suitam
2368 3537 2724 3601 peragratur,
2771 3529 2830 3583 in
2875 3541 2986 3598 qua
3031 3528 3276 3600 pyramis

1678 3623 1821 3679 beati
1851 3620 1955 3677 Iob
1983 3621 2165 3678 adhuc
2194 3627 2477 3692 superstes
2501 3634 2531 3674 a
2564 3619 2787 3692 regibus
2813 3627 2870 3675 et
2896 3618 3152 3690 gentibus
3177 3627 3273 3676 εθ-

1678 3714 1877 3773 lemnis
1907 3713 2156 3770 habetur.

1751 3806 1996 3877 Denique
2025 3804 2144 3860 Dan
2186 3813 2378 3861 contra
2425 3805 2706 3862 Galilaeam
2748 3805 2992 3877 gentium
3043 3821 3103 3862 se
3135 3806 3276 3864 obli-

1677 3914 1878 3972 quans,
1905 3897 2011 3954 sub
2041 3897 2177 3954 urbe
2204 3897 2400 3964 Cedar,
2453 3912 2622 3968 penes
2666 3897 3008 3976 medicabilia
3055 3899 3273 3969 balnea,

1681 3987 1888 4060 Spineti
1938 3988 2101 4062 plana
2130 3985 2465 4044 transﬂuens
2511 3985 2608 4042 Ior
2639 3987 2947 4058 copulatur.
3003 3985 3098 4044 Io'r
3124 3988 3274 4046 haud

1678 4081 1842 4156 longe
1863 4097 1896 4139 a
1925 4081 2137 4140 Paucas
2165 4081 2347 4137 lacum
2398 4079 2547 4136 illius
2571 4079 2678 4137 luci
2707 4081 2905 4149 reddit,
2937 4080 3178 4154 facitque
3202 4098 3272 4140 ex

1679 4191 1770 4243 se;
1816 4161 2008 4248 postea
2051 4188 2207 4231 mare
2254 4172 2491 4231 Galilaeaa
2517 4172 2660 4229 inter
2685 4171 3036 4256 Bethsaidam
3065 4183 3121 4231 et
3161 4173 3270 4231 Ca-

28 4280 192 4343 ﬂuvius
212 4287 398 4358 Iacob,
423 4299 544 4361 quo
571 4263 1314 4356 transvadatoaIacob,cum
1328 4289 1576 4346 redireta
1679 4267 1983 4361 Phaman
2012 4281 2080 4322 ⁸³
2112 4280 2180 4322 θο
2208 4263 2382 4361 ῗυφίί
2408 4265 2720 4361 exordjum;
2773 4263 2821 4320 Α
2845 4264 3140 4361 βξθψεέίάδ
3169 4265 3274 4324 pe‘

29 4355 402 4450 Mesopotamia,
421 4355 666 4436 luctatus
691 4388 778 4437 est
804 4395 931 4436 cum
957 4380 1171 4453 angelo,
1190 4379 1284 4452 qui
1305 4379 1497 4436 deinde
1525 4379 1578 4436 ei
1680 4367 1800 4453 ml}
1823 4366 1878 4415 εί
1900 4356 2166 4453 ³⁰³Ἦῖθετ
2192 4355 2441 4453 Αηάξθεξε
2475 4355 2798 4453 993001)")
2836 4356 3080 4453 Alpheio'

27 4483 192 4527 nomen
223 4471 392 4532 Iacob
416 4474 653 4531 mutavit
676 4473 731 4530 in
759 4472 959 4542 Israel,
1007 4489 1246 4545 eumque
1295 4482 1440 4531 tacto
1492 4471 1576 4548 [ᾳ-
1605 4485 1656 4548 ι)

27 4575 153 4618 more
181 4564 491 4623 claudicare
512 4564 659 4622 fecit.
702 4563 764 4620 ln
790 4539 1033 4623 ldum-aea
1075 4539 1237 4622 mons
1286 4564 1441 4639 Seyr,
1475 4543 1580 4623 sub
1605 4539 1647 4548 ⁷
1681 4541 2049 4639 Ληίίοξπὴξξιε
2080 4539 2338 4639 δὲάξιοῑοι·
2358 4539 2508 4639 orbis
2534 4539 2825 4639 nutrietur.
2877 4539 2953 4639 De
2979 4539 3270 4639 Corozaim

26 4669 116 4722 quo
141 4656 454 4717 Damascus.
481 4657 735 4717 Secundo
791 4658 1052 4716 milliaria
1097 4674 1130 4715 a
1180 4629 1449 4716 Damagcg
1495 4669 1581 4716 es,
1681 4642 1736 4690 et
1755 4631 2043 4689 Bethsaida
2066 4631 2150 4722 ait
2175 4629 2404 4722 Iesus;
2437 4629 2522 4722 Vae
2551 4631 2671 4722 tibi,
2696 4631 3011 4712 ϐοτριαὶωέ
3043 4646 3136 4722 me
3150 4632 3272 4722 tibi.

26 4751 319 4808 venerabilis
337 4753 498 4809 locus
525 4751 630 4808 iste
681 4750 738 4808 in
789 4765 904 4825 quo
951 4751 1139 4819 Saulo,
1192 4760 1384 4824 postea
1428 4751 1576 4809 dicto

25 4831 188 4908 Paulo,
210 4841 464 4902 Christus
493 4842 748 4915 apparuit
775 4843 965 4900 dicens
994 4840 1224 4913 :,Saule,
1253 4840 1434 4911 Saule,
1450 4843 1578 4914 quid

28 4939 416 5008 mepersequeris
434 4939 460 4992 ?
488 4935 546 4992 In
575 4952 686 5008 quo
710 4937 830 4992 loco
871 4934 1100 4992 Saulum
1149 4950 1259 4991 non
1296 4935 1572 4992 modicum

26 5017 183 5078 lumen
215 5026 282 5082 de
301 5029 457 5084 caelis
491 5025 877 5085 circumfulsit.
903 5024 962 5080 In
989 5024 1258 5080 Dainasco
1279 5023 1576 5096 baptizavit

29 5108 226 5174 Saulum
253 5119 516 5188 Ananias,
540 5135 741 5176 nomen
777 5118 829 5174 ei
884 5116 1089 5171 Paulus
1145 5116 1453 5187 imponens.
1502 5113 1578 5171 De

26 5207 179 5262 muris
202 5207 448 5266 Damasci
478 5209 753 5267 demissus
779 5206 883 5264 fuit
906 5205 1132 5276 Paulus,
1161 5215 1579 5279 persecutorum

27 5296 208 5353 rabiem
227 5302 450 5358 veritus.
600 5305 602 5308 ’
902 5353 907 5358 .

91 5387 312 5450 Libanus
349 5379 729 5466 interpretatur
785 5393 1006 5462 candor,
1054 5391 1185 5450 hinc
1230 5391 1288 5448 in
1333 5391 1578 5452 Canticis

31 5492 194 5540 cant.:
231 5485 356 5542 Veni
383 5489 445 5544 de
466 5487 694 5557 Libano,
725 5487 970 5544 columba
1002 5503 1138 5543 mea.
1194 5487 1277 5543 Ad
1334 5489 1577 5544 radicem

35 5584 211 5641 montis
234 5584 424 5644 Libani
447 5589 700 5646 oriuntur
723 5586 920 5644 Farfar
942 5597 998 5644 et
1018 5586 1264 5656 Abbana,
1297 5587 1448 5643 fluvii
1472 5587 1582 5644 Da-

1753 4449 1918 4508 Sexto
1947 4450 2208 4507 milliario
2240 4465 2271 4505 a
2304 4448 2592 4505 Bethsaid‘a
2629 4457 2713 4506 est
2739 4449 3050 4518 Corozaim,
3079 4449 3134 4506 in
3163 4466 3271 4522 qua

1680 4721 2006 4779 Bethsaida!
2058 4721 2225 4778 Sexto
2273 4721 2531 4777 milliario
2577 4737 2607 4777 a
2635 4720 2925 4777 Corozaim
2953 4730 3056 4776 est
3097 4719 3274 4776 Cedar

1678 4815 2133 4874 excellentissima
2166 4814 2380 4884 civitas,
2410 4815 2478 4871 de
2521 4830 2631 4885 qua
2666 4813 2722 4869 in
2753 4812 2888 4882 psal.
2948 4830 2963 4867 :
3015 4810 3274 4866 Habitavi

1679 4927 1798 4965 cum
1820 4911 2184 4969 habitantibus
2208 4913 2400 4970 Cedar.
2430 4913 2578 4968 Alias
2604 4911 2782 4968 Cedar
2806 4911 3191 4981 interpretatur
3215 4911 3271 4963 in

1681 5007 1926 5062 tenebris.

2292 5115 2522 5173 CAPUT
2557 5113 2648 5172 Vl.

1683 5212 2080 5284 Capharnartm,
2105 5211 2250 5265 locus
2278 5210 2492 5284 Menam,
2518 5209 2847 5284 Magdalunt,
2879 5208 3137 5284 Tiberius,-
3164 5207 3266 5284 Ife-

1757 5280 1949 5350 tltulia,
1981 5283 2252 5346 Dotltaim,
2285 5281 2608 5337 Carnarium
2639 5280 2850 5344 Leonis,
2877 5295 3024 5333 mons
3065 5280 3268 5347 Modin,

1758 5354 2046 5424 Diospolis,
2077 5353 2269 5424 Tecua,
2302 5352 2536 5418 Iericho,
2563 5351 2792 5424 Sicltem,
2823 5350 3270 5424 mouera/[ensic—

1753 5425 1856 5492 nis,
1889 5420 2174 5478 'natatoria
2215 5423 2379 5490 Siloe,
2422 5425 2644 5494 quercus
2687 5420 2869 5494 Roget,
2910 5420 3066 5476 vallis
3111 5420 3271 5476 Josa-

1753 5497 1898 5566 pltat.
2477 5519 2481 5521 ·
2715 5514 2723 5522 ’

1721 5609 1726 5614 ο
1753 5587 2137 5659 Capharnaum
2169 5587 2222 5642 in
2254 5587 2475 5643 dextera
2523 5587 2696 5643 maris
2738 5586 2931 5642 civitas
2983 5586 3073 5641 illa
3101 5596 3184 5640 est
3214 5585 3270 5639 in

36 5677 199 5731 musci.
226 5676 334 5735 Sed
366 5691 578 5738 montes
600 5679 820 5737 ‘Liban‘i
879 5690 952 5739 et.
982 5680 1238 5752 planities
1295 5679 1581 5761 Archados
1682 5695 1789 5751 qua
1819 5677 1978 5734 Iesus
2008 5679 2179 5734 ﬁlium
2211 5678 2550 5736 centurionis
2574 5676 2815 5743 sanavit,
2851 5677 2916 5732 de
2942 5691 3054 5747 quo
3079 5685 3133 5762 et
3156 5673 3273 5744 ipse

38 5765 279 5824 transﬁuit
301 5769 544 5843 Abbana,
571 5785 773 5844 magno
799 5786 860 5829 se
887 5771 1025 5828 mari
1065 5771 1339 5844 copulam
1379 5770 1582 5828 ﬁnibus
1686 5773 1761 5829 ait
1793 5792 1804 5828 :
1836 5769 1958 5827 Non
1982 5773 2157 5838 inveni
2189 5773 2396 5828 tantum
2417 5769 2574 5842 ﬁdem
2607 5771 2664 5824 in
2703 5767 2894 5832 Israel.
2945 5766 3002 5822 In
3037 5765 3273 5822 civitate

1586 5873 1669 5909 τ..
