3812 6312
481 385 612 441 ΙΘἨ

1032 364 1126 433 Αἰ)
1160 366 1608 433 GODEFRIDUM
1649 361 1939 420 APPEND.
1980 360 2042 416 ll.
2086 388 2151 400 —-
2187 355 2457 414 NONUM.
2499 354 2588 409 DE
2628 352 2851 413 BELLO
2890 352 3137 411 SACRO.

3606 351 3709 415 l07‘2

479 505 584 559 hac
609 501 999 572 Capharnaum
1027 495 1199 551 multa
1231 494 1386 565 signa
1414 488 1541 544 l'ecit
1571 485 1754 552 Jesus,
1781 483 1986 538 docens
2013 479 2068 534 in
2097 480 2145 538 A
2242 475 2430 530 Tertio
2453 471 2715 528 milliaria
2755 488 2788 528 a
2820 471 3138 528 Bethlebem
3183 469 3368 526 Tecua
3395 469 3710 539 oppidanae:

480 570 788 666 Synagoga.
824 588 1067 645 Tandem
1095 585 1480 656 Capharnaum
1523 578 1910 648 interpretatur
1938 570 2069 626 villa

475 685 836 758 pulcherrima
861 722 877 749 ,
926 695 1024 743 seu
1067 677 1243 749 magis
1275 674 1394 746 filia
1439 667 1899 743 pulchritudinis;
1947 678 2071 758 quas

479 754 639 837 nobis
665 775 940 848 signiﬁcat
965 779 1212 829 sanetam
1236 765 1562 833 Ecclesiam,
1588 762 1658 819 ad
1685 774 1854 831 quam
1885 754 2069 814 cuncti

477 871 574 944 qui
609 871 678 927 de
702 868 940 934 Libano,
993 864 1047 920 id
1095 871 1181 919 est
1219 861 1289 916 de
1337 858 1576 914 candore
1619 854 1926 918 virtutum,
1971 863 2070 904 ve-

478 965 658 1030 niunt,
691 963 761 1018 ab
789 975 853 1017 ea
878 967 933 1014 ct
962 958 1017 1011 in
1046 970 1108 1011 ea
1135 953 1429 1009 lucidiares
1458 947 1784 1005 redduntur.

553 1050 806 1108 Secunda
834 1044 1093 1102 milliaria
1121 1058 1152 1097 a
1175 1040 1566 1111 Capharnaum
1591 1036 1892 1093 descensus
1921 1030 2072 1087 illius

479 1143 686 1199 montis
715 1148 803 1197 est
844 1139 900 1194 in
942 1153 1052 1208 quo
1095 1133 1361 1190 Dominus
1425 1127 1828 1187 sermocinatus
1869 1133 1956 1181 est
2001 1123 2070 1179 ad

478 1235 692 1302 turbas,
714 1242 769 1288 et
790 1229 1050 1287 instruxit
1090 1226 1372 1298 apostolos
1411 1238 1568 1290 suos,
1609 1221 1814 1278 docens
1833 1231 1968 1285 eos;
2015 1216 2070 1271 in

476 1347 587 1400 quo
613 1336 670 1385 et
687 1327 970 1398 leprosum
995 1321 1262 1376 Dominus
1306 1318 1541 1374 sanavit.
1569 1313 1825 1370 Milliaria
1849 1311 2070 1374 abhinc,

478 1420 532 1474 id
557 1429 641 1475 est
673 1434 708 1473 a
735 1417 1006 1473 descensu
1047 1413 1251 1468 montis
1286 1410 1454 1476 illius,
1479 1417 1563 1464 est
1584 1408 1737 1463 locus
1762 1405 1852 1460 ille
1871 1403 1928 1458 in
1962 1417 2074 1473 quo

465 1509 638 1566 Jesus
658 1507 904 1580 quinque
925 1504 1212 1560 hominum
1253 1501 1424 1556 millia
1457 1514 1523 1555 ex
1558 1498 1804 1567 quinque
1841 1493 2076 1564 panibus

478 1611 533 1657 et
552 1601 772 1657 duobus
801 1598 1046 1670 piscibus
1075 1595 1242 1666 pavit.
1271 1592 1428 1648 Unde
1461 1593 1615 1648 locus
1647 1589 1734 1644 ille
1773 1586 1958 1641 Mensa
1979 1601 2077 1641 va-

471 1703 657 1761 catur,
682 1693 829 1764 quod
851 1691 996 1747 idem
1019 1697 1104 1746 est
1123 1704 1188 1744 ac
1210 1687 1367 1744 locus
1393 1683 1727 1740 reiectianis.
1777 1679 1918 1736 Huic
1956 1680 2077 1735 loco

480 1787 731 1857 subjaeet
752 1784 843 1840 ille
865 1785 920 1838 in
941 1798 1052 1854 qua
1073 1781 1329 1838 Christus
1355 1779 1471 1836 suis
1493 1776 1781 1848 discipulis
1802 1773 2072 1846 apparuit,

480 1880 778 1936 comedens
798 1892 926 1934 cum
947 1877 1029 1934 eis
1051 1883 1261 1947 partem
1299 1873 1468 1945 piscis
1505 1872 1646 1938 assi,
1689 1885 1857 1940 supra
1901 1882 2074 1936 mare,

481 1970 633 2043 quod
668 1970 813 2027 idem
851 1967 1120 2025 Dominus
1159 1967 1307 2024 sicea
1339 1965 1477 2037 pede
1507 1961 1926 2035 perambulavit,
1950 1975 2079 2016 cum

483 2068 633 2123 circa
679 2071 934 2136 quartam
977 2062 1157 2119 noctis
1215 2059 1459 2133 vigiliam
1517 2057 1686 2114 Petro
1749 2065 1807 2112 et
1847 2053 2082 2110 Andreae

480 2156 827 2229 piscantibus
867 2153 1153 2226 apparuit;
1197 2153 1296 2209 ubi”
1334 2161 1389 2209 et
1428 2149 1592 2206 Petra
1615 2159 1782 2220 supra
1820 2162 1971 2202 mare
2009 2145 2081 2202 ad

481 2262 610 2302 eum
650 2246 732 2302 ire
754 2245 961 2302 volenti
983 2254 1038 2300 et
1063 2243 1330 2315 mergenti
1368 2241 1624 2298 Christus
1644 2240 1782 2296 dixit
1807 2256 1820 2294 :
1853 2236 2081 2292 Modica:

481 2339 627 2409 ﬁdei,
653 2353 816 2409 quare
837 2337 1140 2392 dubitasti?
1173 2345 1228 2392 et
1247 2335 1342 2390 ubi
1365 2333 1470 2390 alia
1493 2334 1632 2400 vice,
1658 2332 1776 2388 suis
1796 2331 2082 2403 discipulis

483 2428 938 2500 periclitantibus,
978 2442 1132 2484 mare
1152 2427 1400 2498 quietum
1434 2425 1688 2481 reddidit.

558 2525 814 2582 Secundo
836 2524 1094 2580 milliaria
1121 2539 1168 2579 a'
1188 2522 1524 2580 Genesareth
1565 2520 1828 2592 oppidum
1855 2518 2081 2591 Magda-

481 2617 618 2686 lum,
643 2634 674 2675 a
696 2633 809 2690 qua
845 2617 1016 2674 Maria
1039 2613 1378 2688 Magdalena.
1414 2612 1540 2671 Haec
1561 2622 1743 2668 autem
1774 2612 1924 2683 regia
1946 2612 2083 2667 alias

482 2720 711 2766 voratur
730 2708 951 2765 Galilaea
975 2708 1240 2780 gentium,
1270 2714 1326 2761 et
1354 2705 1458 2761 sita
1485 2713 1570 2760 est
1590 2704 1644 2758 in
1668 2702 1815 2758 tribu
1839 2701 2082 2757 Zabulon

482 2812 540 2859 et
582 2800 954 2872 Nephthalim.
1017 2797 1076 2853 In
1131 2797 1401 2869 superiori
1445 2792 1611 2866 hujus
1657 2793 1892 2849 Galilzea:
1931 2802 2086 2863 parte

483 2893 679 2965 viginti
722 2891 875 2948 fuere
897 2889 1144 2947 civitates
1173 2904 1310 2960 quas
1350 2903 1446 2943 rex
1471 2884 1737 2942 Salomon
1757 2881 1946 2942 Hiram
1971 2881 2084 2954 regi

488 2985 644 3058 Tyri,
666 2985 848 3040 amica
870 2998 992 3050 suo,
1018 2983 1165 3039 dono
1187 2981 1355 3037 dedit.

565 3076 818 3133 Secundo
835 3075 1091 3131 milliaria
1113 3090 1142 3130 a
1170 3071 1418 3144 Magdala
1439 3071 1714 3143 Chyneret
1733 3068 1948 3135 civitas,
1963 3081 2086 3136 qua

486 3179 542 3226 et
563 3167 891 3236 Tiberiadis,
922 3182 954 3223 a
989 3166 1212 3222 Tiberio
1234 3165 1452 3221 Caesare
1472 3161 1892 3234 cognominata;
1917 3175 2082 3230 quam
2112 3201 2158 3264 Ο

493 3265 549 3319 in
589 3265 874 3334 juventute
917 3275 1016 3319 sua
1041 3259 1203 3317 Jesus
1225 3258 1575 3331 frequentare
1606 3254 1838 3312 solebat.
1869 3253 2082 3320 Quarta

492 3355 753 3412 milliaria
773 3371 806 3411 a
827 3354 1114 3411 Tiberiadc
1136 3352 1384 3408 Bethulia
1413 3350 1632 3418 civitas,
1652 3363 1720 3404 ex
1742 3363 1852 3419 qua
1871 3345 2082 3416 Judith,

492 3465 618 3520 qua:
640 3462 738 3520 pro
761 3456 920 3521 gente
941 3463 1041 3504 sua
1070 3445 1332 3503 salvanda
1355 3444 1491 3499 satis
1512 3451 1692 3499 astate
1711 3439 1946 3513 peremit
1969 3438 2085 3495 llo-

494 3541 760 3598 lai‘crnem
796 3542 851 3597 in
877 3540 1162 3597 obsidione
1182 3538 1358 3594 urbis.
1382 3535 1592 3604 Quarta
1616 3535 1743 3592 item
1768 3533 2026 3589 milliaria
2053 3547 2086 3588 a

493 3633 786 3690 Tiberiadc
810 3641 1004 3690 contra
1037 3631 1321 3688 meridiem
1349 3638 1433 3686 est
1454 3629 1730 3698 Dothaim,
1765 3628 1820 3684 in
1850 3643 1962 3699 quo
1993 3625 2089 3683 Jo-

491 3725 627 3796 seph
663 3724 863 3781 fratres
900 3739 1034 3780 suos
1071 3739 1260 3796 greges
1284 3731 1572 3794 pascentes
1602 3721 1821 3791 reperit,
1845 3735 2011 3792 quem
2033 3729 2088 3776 et

491 3817 568 3874 ibi
589 3832 658 3875 ex
678 3817 805 3874 odio
822 3815 1110 3874 Ismaelitis
1131 3817 1188 3872 in
1209 3814 1504 3890 Egyptum
1527 3814 1906 3873 vendiderunt.

559 3932 703 3989 Ante
726 3939 940 4004 portam
965 3929 1264 3986 Jerusalem
1289 3947 1411 4001 qum
1432 3931 1655 4002 respicit
1696 3929 1765 3986 ad
1806 3943 2087 3995 occasum,

491 4028 642 4086 saxis
680 4003 913 4082 obrutus
941 4025 1131 4082 beatus
1168 4024 1480 4094 Stephanus
1517 4029 1885 4094 protomartyr
1925 4003 2108 4078 accu-l

493 4120 634 4188 buit,
658 4129 714 4176 et
753 4118 1018 4189 sepultus,
1054 4132 1180 4173 cum
1205 4132 1270 4172 ex
1289 4117 1412 4170 loco
1438 4114 1680 4186 martyrii
1706 4114 1760 4168 in
1791 4111 1922 4168 Sion
1945 4111 2087 4168 fuis-

493 4219 578 4266 set
600 4208 922 4276 translatus,
967 4209 1110 4264 inter
1144 4206 1524 4274 Nicodamum,
1550 4214 1603 4261 et
1633 4204 2010 4271 Gamalielem,
2037 4213 2092 4259 et

493 4302 711 4357 Abibon
739 4319 750 4356 :
777 4309 966 4372 postea
1007 4299 1561 4371 Constantinopolim,
1599 4298 1666 4353 ad
1715 4296 1968 4351 ultimum
1992 4296 2090 4352 de-

500 4409 652 4448 mum
691 4391 882 4449 Romae
926 4393 1084 4449 beato
1128 4391 1424 4449 Laurentio
1466 4389 1878 4448 contumulatus
1908 4408 1920 4444 :
1946 4389 2091 4446 unde

497 4485 587 4540 hic
611 4485 663 4540 in
689 4485 902 4541 tumulo
933 4500 1127 4541 versus
1157 4503 1170 4540 :

606 4599 773 4666 Quem
804 4598 935 4656 Sion
964 4598 1181 4665 occidit,
1211 4599 1360 4652 nobis
1385 4593 1654 4666 Byzantia
1682 4593 1850 4648 misit.

569 4711 708 4766 Ante
732 4720 946 4782 portam
968 4707 1294 4774 Jerusalem,
1332 4705 1491 4776 juxta
1534 4703 1715 4758 lacum
1752 4701 1848 4772 qui
1869 4700 2093 4773 respicit

496 4803 806 4871 meridiem,
829 4817 998 4859 cavea
1039 4800 1131 4856 illa
1155 4797 1392 4865 videtur,
1438 4797 1494 4851 in
1525 4811 1690 4868 quam
1715 4794 1825 4852 Leo
1843 4794 2090 4866 quidam,

494 4894 656 4966 jussu
701 4894 799 4950 Dei
840 4891 1252 4963 omnipotentis,
1297 4898 1598 4961 martyrum
1645 4887 1760 4945 fere
1797 4887 2088 4944 duodecim

499 4992 672 5046 millia
709 4991 814 5046 sub
835 4990 1042 5044 Casroe
1061 4995 1360 5059 perempta,
1384 4985 1576 5041 detulit
1606 4994 1764 5042 nocte
1789 5003 1804 5052 ;
1851 4985 1998 5040 unde
2038 4993 2094 5039 et

495 5082 829 5144 Carnarium
851 5080 1052 5137 Leonis
1074 5080 1296 5135 dicitur.

571 5194 743 5250 Sexta
773 5191 1032 5249 milliaria
1051 5208 1084 5248 a
1109 5191 1432 5256 Jerusalem,
1457 5199 1650 5246 contra
1672 5188 1980 5256 meridiem,
2002 5188 2090 5242 via

497 5296 585 5345 est
603 5301 728 5357 qua:
748 5285 900 5342 ducit
918 5283 1206 5352 Ramatha,
1233 5295 1288 5340 et
1327 5299 1487 5339 mons
1507 5282 1717 5349 Modin,
1741 5298 1807 5337 ex
1833 5295 1945 5352 qua
1969 5281 2092 5335 loco

499 5378 769 5436 oriundus
794 5377 1142 5446 Mathathias,
1165 5387 1318 5449 pater
1339 5376 1802 5444 Machabaeorum,
1827 5375 1884 5428 in
1905 5389 2016 5443 quo
2037 5381 2092 5428 et

501 5467 702 5540 sepulti
763 5469 1094 5541 quiescunt,
1155 5469 1336 5526 adhuc
1401 5467 1795 5541 apparentibus
1842 5465 2090 5522 tumulis.

501 5562 706 5620 Octava
745 5562 999 5622 milliaria
1041 5581 1072 5621 a
1111 5563 1327 5632 Madln,
1371 5563 1460 5619 via
1488 5578 1612 5635 quae
1648 5561 1804 5618 ducit
1838 5557 2093 5631 Joppem,

505 5651 694 5724 Lidda,
718 5672 844 5727 qua:
859 5666 914 5712 et
935 5656 1233 5731 Diospolis,
1258 5658 1316 5714 in
1335 5672 1448 5730 qua
1478 5671 1684 5728 corpus
1707 5652 1853 5712 beati
1875 5650 2092 5724 Georgii

499 5747 778 5890 zepultum
809 5749 981 5810 fuisse
1015 5750 1422 5822 manifestatur,
1461 5747 1722 5808 milliaria
1754 5762 1789 5806 a
1815 5743 2087 5804 Ramatha

543 5844 688 5890 istat.

543 5844 688 5895 tstat.

2172 583 2284 639 quo
2306 565 2496 633 Amos,
2519 564 2615 635 qui
2638 573 2693 620 et
2717 563 2793 620 ibi
2818 564 3062 634 sepultus
3084 571 3191 617 est.

2242 660 2451 728 Quarta
2495 658 2754 714 milliaria
2798 675 2832 714 a
2873 657 3176 714 Jerusalem
3199 700 3216 724 ,
3261 665 3455 712 contra
3497 668 3714 725 austrum,

2171 753 2433 826 Oppidum
2481 752 2614 808 illud
2666 752 2723 808 in
2773 767 2886 823 quo
2926 752 3249 808 morabatur
3307 748 3589 805 Zacharias
3623 761 3717 809 tunc

2173 846 2459 918 temporis,
2487 861 2615 902 cum
2645 853 2820 901 mater
2841 843 2972 901 Jesu
3019 843 3194 899 Maria
3217 841 3507 910 festinans,
3531 843 3629 912 jam
3648 845 3717 900 ha-

2173 939 2309 995 bens
2348 938 2407 993 in
2435 947 2593 994 utero
2623 951 2726 993 sua
2759 935 2961 991 Filium
3003 934 3098 992 Dei
3130 935 3282 992 venit
3320 933 3393 988 ad
3425 933 3717 992 salutandam

2173 1031 2452 1090 Elisabeth
2480 1039 2768 1104 cognatam
2800 1047 2981 1099 suam,
3012 1028 3298 1101 gravidam
3333 1024 3620 1083 tle-Joanne
3641 1027 3721 1084 ilio

2175 1140 2308 1194 suo;
2331 1142 2495 1197 quem
2519 1135 2573 1181 et
2599 1125 2674 1180 ibi
2699 1133 2888 1180 natum
2915 1122 3087 1180 fuisse
3109 1122 3426 1194 perhibent.

2247 1219 2432 1274 Tertio
2461 1218 2676 1273 decima
2713 1215 2975 1271 milliaria
3007 1215 3076 1270 ab
3099 1212 3441 1279 Jerusalem,
3465 1219 3637 1266 contra
3660 1212 3724 1268 bo:

2176 1327 2349 1379 ream,
2376 1317 2460 1367 est
2489 1308 2730 1378 Jericho,
2773 1324 2840 1364 ex
2861 1323 2971 1379 qua
3014 1305 3188 1372 Raab,
3221 1304 3486 1361 meretrix
3527 1303 3605 1359 illa
3639 1317 3724 1376 quae

2176 1404 2418 1475 hospitio
2479 1409 2740 1471 exceptas
2804 1407 3044 1470 quatuor
3098 1397 3486 1468 exploratores
3544 1395 3724 1449 ﬁliarum

2176 1496 2346 1553 Israel
2393 1493 2663 1562 liberavit,
2694 1492 2891 1548 celavit
2937 1500 2991 1547 et
3024 1490 3192 1562 pavit.
3245 1487 3326 1543 Ex
3361 1503 3472 1558 qua
3501 1486 3729 1558 lactans,

2179 1599 2392 1648 statura
2416 1589 2671 1660 pusillus,
2702 1586 2931 1643 audiens
2955 1585 3145 1642 Jesum
3177 1601 3277 1656 per
3320 1592 3510 1655 partes
3535 1583 3638 1638 illas
3659 1583 3730 1639 de-

2173 1685 2577 1752 ambulantem,
2606 1693 2958 1754 sycomorum
3005 1679 3264 1735 arborem
3314 1675 3565 1732 ascendit
3598 1674 3732 1732 rules

2178 1795 2303 1836 sum
2323 1778 2529 1834 videret
2552 1785 2758 1833 etcum
2781 1789 2850 1830 eo
2877 1775 3215 1844 loqueretur,
3241 1785 3300 1825 se
3324 1769 3580 1840 judicans
3607 1776 3652 1823 et
3671 1784 3736 1838 pce

2181 1882 2302 1930 tens
2329 1872 2570 1927 veniam.
2625 1869 2703 1924 Ex
2732 1882 2841 1939 qua
2887 1875 2947 1923 et
2990 1865 3147 1938 pueri
3189 1863 3269 1920 illi
3298 1862 3399 1934 qui
3433 1863 3634 1917 beatum
3659 1861 3736 1916 Eli-

2179 1982 2336 2024 seum
2364 1964 2764 2036 Jerasalymam
2791 1956 3179 2017 ascendentem
3209 1957 3558 2020 deriserunt,
3595 1955 3738 2010 dicen-

2178 2067 2264 2114 tes
2301 2077 2314 2112 :
2346 2055 2604 2121 Ascende,
2629 2054 2794 2119 calve,
2822 2051 3064 2118 ascende,
3090 2042 3257 2114 calve,
3283 2055 3396 2102 etc.

2256 2148 2513 2206 Secundo
2547 2147 2805 2203 milliaria
2837 2160 2870 2200 a
2913 2143 3220 2200 Jerusalem
3253 2141 3345 2196 via
3375 2148 3464 2196 est
3491 2154 3604 2210 qua:
3629 2138 3743 2193 ducit

2178 2239 2428 2309 'Sichem,
2460 2250 2516 2297 et
2539 2255 2700 2296 mons
2731 2237 2982 2294 Gabaath
3011 2235 3068 2290 in
3098 2234 3247 2290 tribu
3276 2231 3586 2303 Benjamin.

2254 2335 2511 2391 Milliaria
2537 2351 2569 2390 a
2601 2331 2930 2399 Jerusalem,
2959 2331 3017 2385 in
3047 2328 3306 2385 accubitu
3337 2326 3545 2382 mantis
3569 2322 3742 2390 Glireti,

2181 2439 2346 2486 mons
2374 2425 2710 2484 Oﬂ‘ensionis
2753 2433 2809 2480 et
2833 2423 3163 2480 Continuus.
3218 2419 3426 2476 Dividit
3471 2427 3636 2472 autem
3674 2432 3744 2471 cce

2178 2522 2271 2577 via
2302 2537 2425 2593 qua:
2471 2519 2540 2575 de
2585 2517 2854 2589 Josaphat
2898 2531 2996 2587 per
3030 2513 3349 2584 Bethphage
3397 2511 3545 2567 ducit
3587 2507 3746 2593 Betha-

2182 2591 2334 2670 niam
2353 2631 2368 2680 ;
2416 2621 2708 2682 eaprapter
2755 2609 2950 2663 dictus
2989 2621 3151 2662 mons
3177 2602 3515 2660 Oll’ensionis
3539 2601 3673 2673 quod
3706 2591 3748 2655 in

2183 2718 2252 2759 eo
2298 2717 2396 2758 rex
2442 2700 2706 2756 Salomon
2750 2697 2960 2755 idolum
2988 2694 3238 2768 posuerit
3260 2692 3524 2760 Mailach,
3554 2693 3749 2748 adorans

2186 2795 2341 2851 illud.

2259 2886 2416 2943 Haud
2463 2885 2656 2958 procul
2703 2871 3008 2939 Jerusalem
3048 2879 3152 2938 sub
3182 2869 3504 2936 Salomtmis
3533 2876 3685 2948 regia,
3711 2873 3752 2927 in
3803 2903 3806 2906 ~

2187 2981 2442 3037 accubitu
2474 2980 2528 3034 in
2561 2978 2701 3033 valle
2748 2975 3034 3046 Josaphat,
3081 2981 3168 3030 est
3213 2970 3490 3028 natatoria
3515 2968 3679 3032 Siloe,
3705 2965 3754 3020 ad

2187 3086 2353 3142 quam
2380 3085 2586 3124 caecum
2616 3068 2686 3123 ab
2725 3083 2793 3122 eo
2845 3066 3214 3122 illuminatum
3243 3062 3400 3118 misit
3435 3059 3615 3124 Jesus,
3642 3057 3756 3113 utin

2189 3178 2254 3220 ea
2283 3163 2493 3218 lavaret
2537 3160 2732 3217 oculos
2780 3173 2934 3214 suos.
2967 3144 3094 3224 Qui
3144 3156 3339 3211 abiens
3383 3153 3521 3210 lavit
3558 3162 3613 3207 et
3633 3150 3758 3205 vidit.

2187 3255 2334 3329 Erga
2383 3254 2533 3312 Siloe
2577 3253 2965 3325 interpretatur
3003 3251 3222 3305 missus.
3273 3245 3398 3303 Nan
3449 3247 3522 3302 ad
3547 3244 3758 3302 eamdem

2185 3365 2386 3422 aquam
2417 3347 2664 3404 Naaman
2712 3345 2968 3416 princeps
3014 3341 3187 3415 Syriae
3229 3340 3441 3396 missus
3466 3346 3572 3406 est,
3601 3338 3687 3394 sed
3710 3334 3764 3391 ad

2186 3443 2506 3510 Jordanem,
2520 3441 2590 3498 ab
2601 3439 2782 3496 Eliseo
2808 3427 3167 3510 propheta,u°t
3182 3434 3238 3488 in
3266 3448 3336 3488 eo
3350 3437 3439 3489 ter
3461 3432 3613 3489 latus
3631 3442 3764 3487 curt-

2187 3543 2340 3590 retur
2368 3548 2399 3587 a
2429 3531 2599 3601 lepra.
2650 3528 2825 3596 Quam
2860 3541 3062 3597 aquam
3097 3525 3218 3595 ipse
3264 3519 3518 3577 Naaman
3555 3521 3764 3586 intuens

2189 3624 2350 3699 quasi
2377 3637 2503 3678 cum
2531 3619 2906 3691 indignatione
2951 3616 3134 3674 intulit
3165 3633 3180 3670 :
3218 3612 3483 3685 Nunquid
3521 3611 3768 3682 Farfant

2195 3714 2463 3780 Abbania,
2488 3721 2683 3766 nostra:
2727 3709 3012 3779 provincia:
3067 3707 3317 3777 ﬂumina,
3373 3704 3532 3776 longe
3580 3703 3768 3758 κιινιίοη

2189 3815 2312 3862 sunt
2340 3805 2482 3860 ista?
2534 3802 2779 3858 Tandem
2823 3809 3008 3856 tamen
3057 3797 3285 3854 monitis
3332 3796 3482 3851 servi
3536 3797 3623 3852 sui
3666 3809 3772 3849 cauo

2191 3897 2455 3965 sentiens,
2487 3895 2807 3952 mandatum
2849 3892 3130 3964 propheta:
3177 3889 3430 3960 implevit
3476 3897 3535 3943 et
3578 3895 3772 3943 curatus

2189 4000 2294 4049 est.

2264 4082 2412 4139 Siloe
2456 4078 2756 4137 secundum
2807 4075 3158 4132 traditionem
3228 4072 3527 4144 Syriarum
3573 4085 3639 4125 ex
3682 4064 3774 4121 Silo

2191 4192 2418 4233 manare
2445 4175 2664 4230 dicitur.
2720 4169 2869 4226 Siloe
2897 4167 3168 4240 gurgitem
3223 4180 3390 4222 suum
3423 4179 3556 4220 cum
3587 4159 3777 4218 silentio
3810 4161 3812 4238 ρ

2191 4271 2381 4337 ducit,
2430 4267 2560 4339 quia
2616 4265 3058 4322 subterraneum.
3127 4258 3296 4316 Juxta
3371 4257 3528 4314 Siloe
3593 4252 3812 4312 exstitit

2191 4377 2432 4434 quercus
2507 4357 2671 4430 Ragel
2741 4353 2846 4411 sub
2894 4369 3004 4425 qua
3055 4351 3249 4409 beatus
3315 4347 3508 4406 Josias
3556 4346 3782 4418 sepultus

2191 4453 2446 4526 quiescit.

2122 4563 2168 4618 Ι)
2263 4568 2324 4624 1η
2361 4567 2502 4624 valle
2548 4564 2816 4636 Josaphat
2861 4559 3111 4633 sepultus
3159 4558 3265 4614 fuit
3312 4557 3518 4612 beatus
3565 4529 3812 4636 Jacnbnsé

2194 4659 2423 4730 Alphzei,
2454 4657 2551 4728 qui
2596 4655 2664 4712 de
2691 4652 2917 4725 templo,
2959 4660 3019 4706 ut
3044 4663 3211 4722 supra
3239 4646 3516 4713 diximus,
3548 4642 3812 4730 ρπιιςὶιιίοξ

2196 4719 2340 4808 tatus
2371 4719 2492 4805 fuit:
2526 4747 2622 4803 Est
2648 4719 2828 4802 adhuc
2854 4719 2911 4799 in
2936 4719 3131 4798 eadem
3158 4739 3300 4797 valle
3328 4737 3577 4810 pulchra
3592 4719 3812 4810 capella

2196 4844 2250 4897 in
2276 4857 2384 4914 qua
2416 4842 2710 4913 sepulturae
2736 4839 2858 4910 ejus
2884 4834 3150 4892 indicium
3194 4839 3406 4901 manet,
3434 4842 3578 4887 eum
3714 4825 3790 4880 Za-

2195 4937 2417 5006 scriptis
2443 4935 2696 4991 versibus
2725 4951 2738 4988 :

2304 5046 2501 5118 Urgent
2524 5046 2731 5117 Alpluci
2757 5057 2940 5099 natum
2959 5043 3073 5098 sine
3101 5040 3212 5113 lege
3229 5037 3436 5105 Iudici,

2377 5106 2554 5174 Causa
2577 5106 2718 5172 necis
2746 5119 2806 5187 ﬁt
2833 5118 2902 5182 ei,
2933 5130 3120 5169 nomen
3150 5106 3406 5187 amorque
3441 5106 3575 5164 Dei.

2302 5190 2510 5256 Alphwi
2544 5199 2701 5244 natus
2730 5183 2794 5243 de
2819 5186 3012 5256 templo
3038 5183 3409 5256 praecipitatus

2399 5278 2464 5316 uc
2491 5263 2593 5328 fuit
2624 5259 2849 5326 allatus,
2875 5251 3127 5312 et'dev'ote
3156 5251 3484 5308 tumulatus.

2270 5374 2476 5431 Verum
2505 5375 2701 5430 exinde
2743 5381 2932 5444 postea
2960 5371 3067 5427 fuit
3091 5366 3376 5441 apostolus
3404 5364 3508 5422 Dei
3533 5363 3798 5419 Consum.

2198 5468 2483 5539 tluopalim
2513 5468 2832 5522 translatus.

2271 5559 2332 5616 ln
2361 5559 2500 5616 valle
2525 5558 2786 5630 Josaphat
2833 5557 2938 5613 sub
2985 5562 3149 5612 acuto
3195 5550 3490 5627 pyramide
3537 5565 3634 5606 rex
3662 5547 3802 5600 iam

2195 5652 2460 5724 Josaphat
2489 5653 2790 5708 tumulatus
2839 5648 2960 5714 iuit,
2991 5663 3025 5702 a
3052 5646 3213 5717 cujus
3242 5644 3473 5700 nomine
3506 5651 3620 5698 tota
3651 5637 3806 5692 vallis

2195 5745 2389 5801 sortita
2418 5753 2503 5800 est
2527 5757 2747 5799 nomen.
2781 5739 3173 5810 Interpretatur
3194 5744 3385 5792 autem
3413 5734 3576 5790 callis
3588 5729 3800 5804 judici,

2191 5835 2348 5907 juxta
2377 5833 2508 5892 illud
2541 5851 2554 5887 :
2583 5829 2923 5903 Congregabo
2948 5843 3126 5883 omnes
3160 5832 3363 5898 gentes,
3391 5837 3502 5883 etc.
3536 5822 3734 5878 Porro.
