3816 6306
34 379 178 452 ms‘

941 378 1678 460 iommswmznuac:
1718 403 1964 463 ossea.
2008 409 2288 468 rsum.
2327 409 2383 468 s.

3157 423 3310 482 10τὶ

95 509 281 610 Eadem
313 507 478 610 vallis
503 524 565 610 ex
587 507 738 566 omni
758 493 919 584 parte
947 512 1132 610 plures
1170 515 1344 610 habet
1369 532 1566 574 caveas
1588 560 1603 586 ,
1639 523 1682 582 Α
1788 522 1987 580 Dicunt
2009 524 2073 580 ad
2100 525 2214 582 haec
2239 501 2458 598 quoque
2484 525 2646 583 aliam
2675 527 2848 586 fuisse
2877 529 3133 610 Mariam,
3174 552 3300 609 qua

24 607 70 661 in
122 600 318 674 quibus
375 601 647 673 religiosa:
666 617 915 672 persona:
939 604 1108 660 vitam
1150 607 1360 663 ducunt
1410 610 1609 665 eremi-

24 698 192 752 ticam.
217 693 354 750 Tota
389 694 552 750 vallis
577 695 813 767 pertinet
844 697 910 752 ad
935 699 1247 754 emnobium
1280 700 1335 755 in
1377 703 1610 758 summi—

23 795 112 844 tate
161 786 407 858 ejusdem
451 786 607 844 vallis
665 803 831 860 supra
880 788 1058 846 rivum
1082 793 1342 849 torrentis
1392 791 1604 849 Cedron

21 881 195 946 situm,
222 879 380 950 juxta
435 879 658 936 hortum
709 882 766 936 in
795 898 907 954 quo
937 899 1080 954 saepe
1112 884 1378 943 Dominus
1421 897 1608 944 noster

21 991 127 1034 cum
189 975 479 1047 discipulis
525 979 642 1035 suis
704 980 912 1036 solebat
969 982 1285 1039 convenire.
1339 983 1397 1039 in
1441 984 1608 1058 hujus

20 1067 239 1123 coanobii
286 1077 485 1140 crypta
535 1069 715 1126 adhuc
774 1069 936 1128 hodie
983 1074 1294 1130 ostenditur
1327 1077 1606 1146 sepultura

23 1158 336 1215 Lenissima:
376 1159 610 1233 virginis
643 1160 848 1229 Maria},
877 1164 945 1219 de
971 1181 1078 1237 qua
1125 1179 1313 1238 postea
1335 1167 1603 1226 dicemus.

615 1275 848 1332 CAPUT
891 1277 1008 1340 νη..

32 1386 394 1460 De_Betlsania,
423 1387 752 1460 Betltphagc,
786 1392 900 1446 uico
933 1390 1297 1460 Gethsemani,
1335 1395 1606 1450 cwnaculo

87 1458 582 1540 Dominiinmwnte
631 1459 764 1522 Sion
819 1461 1069 1535 rebusque
1118 1465 1173 1518 in
1201 1458 1427 1538 singulis
1472 1465 1605 1522 locis

87 1530 322 1582 memoria
349 1530 552 1600 dignis.

86 1619 285 1676 Dictum
309 1630 396 1678 est
443 1623 562 1693 jam
587 1624 654 1680 de
679 1624 894 1682 duobus
940 1627 1135 1700 sigillis
1177 1645 1300 1700 qum
1335 1628 1604 1690 Dominus

32 1724 208 1782 noster,
238 1724 506 1786 tanquam
533 1719 620 1774 leo
655 1718 722 1775 de
772 1720 916 1776 tribu
944 1719 1082 1778 Iuda
1109 1724 1380 1790 emissus,
1432 1725 1488 1782 in
1527 1728 1604 1784 si-

34 1812 170 1875 gnato
190 1805 324 1861 libro
353 1804 590 1863 Joannis
614 1809 803 1876 solvit,
845 1810 1056 1868 scilicet
1089 1813 1155 1869 de
1202 1813 1497 1873 Nativitate
1547 1827 1603 1874 et

32 1895 292 1968 Baptismo.
317 1897 442 1955 Iam
469 1916 620 1957 nunc
641 1900 708 1957 de
735 1902 930 1974 sigillis
960 1905 1082 1962 aliis
1105 1906 1416 1978 loquamur.

90 1989 562 2064 Appropinquante
609 1991 908 2051 Dominicae
933 1997 1206 2068 passionis
1228 2009 1475 2072 tempore
1505 2018 1600 2059 ve-

33 2081 96 2137 nit
121 2081 264 2140 Iesus
291 2083 555 2143 Christus
584 2085 852 2144 Dominus
874 2097 1060 2146 noster
1081 2088 1424 2160 Bethaniam,
1454 2109 1600 2160 sero,

35 2185 135 2232 ante
161 2178 294 2233 diem
313 2176 660 2237 Palmarum.
686 2180 828 2238 Tum
854 2183 912 2237 in
942 2183 1193 2255 sequenti
1230 2184 1338 2252 die,
1393 2185 1605 2244 scilicet

37 2266 281 2327 Dominico
302 2287 487 2340 mane,
516 2290 644 2328 cum
666 2290 730 2329 ea
755 2274 1097 2332 solemnitate
1133 2291 1299 2347 quam
1334 2276 1450 2349 jam
1505 2294 1602 2334 su-

34 2365 432 2434 praretulimus,
485 2366 767 2424 civitatem
847 2375 1095 2425 sanctam
1143 2377 1230 2426 est
1299 2349 1599 2443 ingressus.

37 2457 182 2514 Distat
211 2468 392 2515 autem
429 2458 702 2516 Bethania
723 2477 756 2516 a
784 2458 1084 2517 Ierusalem
1129 2477 1227 2533 per
1252 2463 1364 2518 duo
1405 2463 1605 2520 millia-

36 2550 116 2617 ria,
137 2561 183 2607 et
203 2561 283 2608 est
296 2553 564 2624 oppidum
597 2553 729 2608 illud
748 2553 806 2609 in
829 2571 940 2625 quo
972 2553 1185 2624 Simon,
1214 2554 1301 2610 vel
1326 2554 1601 2624 Lazarus,

38 2651 85 2696 ut
108 2645 276 2702 verius
298 2645 572 2714 creditur,
611 2662 755 2718 saepe
785 2645 1069 2703 Christum
1108 2648 1314 2720 recepit
1340 2649 1394 2703 in
1420 2649 1605 2720 hospi-

38 2741 151 2800 tem;
187 2735 270 2791 cui
302 2736 500 2794 devote
564 2737 952 2802 ministrabant
983 2737 1193 2794 Martha
1226 2747 1282 2795 et
1324 2739 1514 2795 Maria.
1544 2739 1604 2796 In

40 2823 259 2883 Bethania
280 2828 451 2886 Maria
473 2828 797 2904 Magdalena
821 2831 1000 2888 fracto
1026 2832 1302 2891 alabastro
1351 2849 1603 2905 unguen-

37 2925 128 2984 tum
154 2920 441 2989 pretiosum
474 2923 670 2978 efiudit
693 2939 860 2979 causa
907 2924 1212 2982 devotionis
1241 2941 1405 2997 supra
1441 2934 1605 2997 caput

39 3011 296 3072 salvatoris
332 3015 384 3073 in
410 3016 672 3073 convivio
717 3017 1108 3087 recumbentis,
1141 3020 1302 3092 cujus
1337 3022 1604 3092 unguenti

37 3103 174 3160 odore
192 3116 296 3164 tota
322 3108 538 3166 domus.
553 3111 753 3182 repleta
800 3122 902 3168 est.
951 3111 1160 3170 Dicitur
1209 3121 1392 3170 autem
1433 3112 1606 3172 Maria

38 3189 310 3305 Magdalena
345 3198 402 3255 in
434 3201 633 3305 eodem
664 3201 808 3270 loco,
838 3202 930 3271 vel
950 3203 1135 3273 potius
1168 3203 1225 3258 in
1271 3204 1396 3273 alio,
1452 3205 1600 3268 seili-
1625 3241 1672 3305 ο

40 3296 104 3341 cet
143 3288 192 3344 in
235 3291 396 3350 domo
463 3291 713 3351 Simonis
774 3294 998 3365 leprosi,
1038 3295 1152 3366 jam
1202 3295 1432 3365 dudum,
1469 3314 1596 3354 cum

39 3378 184 3438 adhuc
223 3393 366 3441 esset
404 3387 710 3458 peccatrix,
737 3387 906 3444 ductu
947 3388 1282 3460 poenitentiae
1321 3391 1388 3447 ad
1433 3391 1598 3463 pedes

40 3466 239 3543 Domini,
263 3464 522 3536 similiter
548 3478 603 3534 in
649 3479 902 3536 convivio
949 3482 1321 3539 recumbentis
1356 3485 1598 3557 venisse,

39 3571 81 3614 et
141 3564 245 3622 suis
317 3568 583 3642 lacrymis
637 3569 800 3642 pedes
874 3569 1007 3628 Iesu
1063 3570 1271 3628 Christi
1341 3573 1549 3646 rigasse
1579 3617 1594 3642 ,

40 3653 353 3731 crinibusque
387 3663 512 3722 SUiS
555 3664 874 3733 extersisse,
912 3673 967 3722 et
993 3665 1102 3720 alio
1133 3667 1414 3736 quodam,
1449 3669 1598 3724 scili-

39 3757 106 3802 cet
142 3755 576 3825 compunctionis
628 3769 911 3830 unguento
953 3759 1214 3827 unxisse,
1243 3768 1297 3818 et
1350 3761 1430 3818 sic
1479 3777 1615 3834 pec-._

41 3850 249 3900 calorum
298 3864 534 3905 suorum
606 3851 824 3914 veniam
869 3852 1016 3923 apud
1059 3851 1352 3910 Dominum
1380 3868 1598 3924 prome-

40 3931 204 3990 ruisse.
262 3935 414 3996 Unde
449 3957 579 3996 cum
637 3957 793 3997 saera
828 3943 881 3997 in
932 3942 1217 4014 Scriptura
1269 3945 1474 4001 alicubi
1513 3961 1600 4001 re-

39 4027 283 4100 pariatur',
308 4034 475 4090 aliam
532 4033 762 4094 Mariam
803 4037 871 4092 ad
913 4037 1080 4108 pedes
1102 4039 1224 4110 ejus
1269 4038 1608 4108 accessisse,

40 4115 172 4176 aliam
198 4137 354 4197 caput
404 4127 630 4184 Domini
694 4130 1014 4199 inunxisse,
1060 4140 1190 4197 etc.,
1215 4131 1470 4188 doctores
1496 4131 1599 4188 Ee-

41 4211 188 4271 clesiae
221 4229 421 4291 sancta»
470 4221 551 4277 ita
579 4237 804 4296 sensum
830 4231 1114 4295 exponunt
1139 4241 1153 4282 :
1185 4239 1382 4295 nempe
1411 4224 1596 4294 aliam,

39 4300 178 4363 idest
201 4311 446 4384 alteram,
503 4330 599 4371 seu
633 4313 918 4371 oneratam
957 4315 1208 4385 Mariam,
1232 4318 1361 4388 quia
1401 4316 1496 4384 ibi,
1544 4324 1606 4374 et

40 4409 185 4468 usque
207 4411 333 4462 tunc
369 4405 672 4477 peccatrix,
709 4407 765 4462 in
813 4407 1179 4464 amaritudine
1225 4408 1596 4480 poenitentiae,

39 4483 111 4543 hic
132 4490 232 4560 jam
250 4494 549 4566 justiﬁeata
583 4513 708 4555 eum
751 4499 1058 4556 devotionis
1105 4501 1470 4564 exsultatione
1509 4517 1600 4559 ac-

1711 631 1870 671 soror
1900 626 2018 671 erat
2045 615 2238 672 Lazari
2265 629 2316 673 et
2349 617 2594 685 Marthae,
2617 636 2740 692 qua:
2760 623 2815 680 in
2843 621 3127 697 Bethania,
3151 631 3320 701 quod.

1711 708 1972 780 Oppidum
2005 709 2221 765 illorum
2271 712 2434 768 trium
2484 723 2622 782 erat,
2665 713 2840 773 fracto
2871 717 3146 777 alabastro
3175 739 3300 798 pre-

1711 802 1916 857 tiosum
1954 812 2292 876 unguentum
2328 804 2465 861 fudit
2491 823 2656 879 super
2697 819 2862 881 caput
2899 812 3144 883 ejusdem
3186 813 3298 872 Do-

1711 894 1847 949 mini
1884 895 2082 951 nostri.
2114 895 2286 967 Cujus
2315 898 2650 968 sepulturam
2686 902 2868 960 adhuc
2892 905 3053 962 hodie
3074 907 3129 962 in
3150 910 3301 966 taba-

1708 988 1791 1044 ria
1817 989 2014 1046 dicunt
2041 1005 2322 1060 apparere,
2351 1007 2578 1062 corpore
2605 992 2777 1064 ipsius
2813 995 3014 1053 ibidem
3063 999 3296 1070 sepulto.

1709 1079 1976 1136 Fatentur
2009 1089 2192 1138 autem
2227 1098 2428 1153 corpus
2455 1080 2640 1140 Maria:
2659 1084 2991 1158 Magdalenae
3030 1089 3092 1145 in
3124 1091 3298 1162 parti-

1706 1174 1812 1229 bus
1837 1174 2044 1231 nostris
2079 1175 2222 1246 apud
2254 1174 2563 1233 Virzlacum
2600 1176 2980 1256 [Vizeliacum]
3025 1184 3298 1254 sepultum

1705 1266 2008 1338 quiescere.
2038 1265 2240 1322 V'erum
2273 1267 2377 1324 hoc
2403 1269 2592 1341 utique
2616 1270 2693 1326 illi
2713 1271 2980 1334 duntaxat
3005 1275 3296 1346 atiirmant,

1707 1358 1850 1414 sicut
1879 1357 1997 1428 ipse
2042 1374 2285 1430 przesens
2331 1359 2550 1427 audivi;
2591 1359 2708 1427 sed,
2745 1369 2806 1416 ut
2835 1361 3097 1433 diximus,
3127 1380 3298 1420 unam

1705 1450 2065 1524 eamdemque
2086 1467 2208 1524 quae
2230 1451 2388 1506 unxit
2413 1451 2577 1522 pedes
2614 1459 2668 1508 et
2713 1464 2876 1524 caput
2905 1454 3070 1525 Iesu,
3109 1456 3301 1514 dicunt

1706 1541 1876 1600 fuisse
1897 1543 2146 1613 Mariam,
2177 1553 2230 1600 et
2250 1544 2497 1600 eamdem
2529 1543 2722 1601 Lazari
2749 1562 3024 1614 sororem,
3046 1558 3101 1608 et
3121 1563 3300 1621 quan-

1703 1637 1884 1708 doque
1930 1637 2313 1707 peccatricem.
2383 1635 2605 1693 interim
2659 1645 2844 1694 tamen
2901 1639 3064 1696 lectio
3120 1641 3301 1697 sancti

1693 1715 1986 1800 Evangelii
2011 1729 2079 1785 de
2106 1729 2211 1785 hoc
2233 1730 2425 1786 eodem
2454 1728 2600 1785 facto
2622 1730 2776 1786 valde
2805 1739 2889 1786 est
2921 1731 3184 1802 implicita
3205 1775 3220 1799 ,
3249 1743 3303 1789 et

1706 1817 1871 1874 etiam
1897 1818 2210 1890 diligentem
2234 1820 2539 1876 auditorem
2569 1819 2745 1877 reddit
2781 1821 3010 1877 dubium
3049 1821 3117 1878 de
3161 1822 3301 1888 hoc,

1707 1928 1777 1968 an
1819 1913 2029 1970 scilicet
2054 1912 2242 1969 Simon
2269 1913 2519 1985 leprosus
2546 1914 2600 1970 in
2622 1913 2885 1970 Bethania
2913 1912 3166 1970 habuerit
3194 1913 3340 1969 ho-'

1706 2003 1961 2075 spitium,
1989 2013 2042 2060 et
2063 2004 2211 2076 quod
2238 2005 2548 2061 invitaverit
2575 2004 2906 2073 Dominum;
2932 2005 3080 2078 quod
3114 2013 3303 2063 tamen

1706 2111 1815 2152 non
1859 2097 2074 2152 videtur
2122 2097 2402 2164 idoneum,
2433 2113 2557 2154 cum
2597 2096 2804 2153 dictum
2847 2110 2902 2154 et
2930 2098 3197 2169 scriptum
3226 2098 3299 2155 sit

1705 2187 1850 2259 quod
1882 2197 2054 2243 totum
2086 2187 2216 2243 illud
2243 2188 2498 2259 oppidum
2532 2188 2793 2244 Bethania
2821 2187 2988 2244 fuerit
3021 2188 3217 2245 Lazari
3246 2198 3300 2246 et

1709 2297 1960 2338 sororum
1997 2298 2246 2337 suarum.
2277 2281 2344 2336 Et
2379 2282 2426 2338 si
2458 2280 2602 2338 idem
2633 2280 2822 2337 Simon
2867 2282 3122 2338 habuerit
3166 2281 3298 2338 alibi

1706 2375 2025 2446 hospitium,
2052 2385 2106 2431 et
2137 2373 2276 2430 forte
2313 2374 2367 2429 in
2400 2383 2821 2445 praemonstrato
2859 2375 2981 2431 loco
3001 2417 3019 2445 ,
3073 2390 3300 2432 necesse

1705 2475 1790 2524 est
1818 2467 2000 2522 dicere
2025 2464 2172 2537 quod
2204 2474 2335 2521 tunc
2358 2465 2478 2520 vice
2509 2465 2687 2536 prima
2732 2480 2843 2521 non
2888 2465 3067 2522 solum
3099 2464 3290 2538 pedes,

1708 2559 1803 2616 sed
1830 2559 1992 2614 etiam
2017 2566 2182 2630 caput
2207 2556 2337 2614 Iesu
2361 2557 2579 2613 dicatur
2605 2553 2773 2611 Maria
2821 2555 3047 2612 unxisse
3066 2598 3082 2624 ,
3127 2563 3188 2612 ut
3228 2571 3296 2610 ex
3331 2589 3336 2594 -

1708 2653 1880 2725 ipsius
1911 2649 2128 2706 Domini
2154 2650 2335 2707 verbis
2357 2650 2412 2705 in
2447 2649 2741 2722 Evangelia
2771 2648 3004 2705 dicentis
3041 2667 3055 2703 :
3085 2645 3294 2713 Simon,

1706 2746 1920 2801 introivi
1944 2747 1998 2810 in
2025 2745 2238 2799 domum
2271 2754 2441 2812 tuam,
2479 2752 2584 2802 etc.
2603 2783 2620 2811 ,
2664 2750 2845 2816 potest
2873 2740 3123 2814 intelligi.
3176 2739 3297 2794 Alia

1705 2855 1836 2896 vero
1858 2839 1975 2896 vice
1995 2839 2050 2894 in
2080 2837 2344 2894 Bethania
2368 2845 2631 2908 tanquam
2670 2836 2727 2894 in
2755 2836 2920 2892 domo
2967 2849 3069 2892 sua
3101 2825 3293 2890 eadem

1706 2930 1875 2987 Maria
1906 2940 2118 2987 tantum
2147 2939 2313 3002 caput
2332 2930 2452 3000 ejus
2491 2927 2670 2997 unxit,
2711 2926 2886 2984 fracto
2914 2942 3080 3000 super
3111 2925 3292 2997 ipsum

1706 3023 1999 3080 alabastro.
2030 3021 2186 3078 Unde
2217 3023 2272 3078 in
2311 3020 2608 3094 Evangelia
2641 3039 2655 3076 :
2696 3017 2830 3077 Cum
2857 3027 2988 3075 esset
3017 3017 3296 3074 Bethania,-

1704 3113 1895 3182 Jesus,
1940 3121 2044 3170 etc.
2079 3111 2138 3168 Si
2159 3113 2284 3185 quis
2306 3112 2373 3168 de
2402 3112 2490 3168 his
2518 3111 2753 3184 amplius
2800 3111 2932 3168 velit
2977 3111 3292 3179 certiorari,

1705 3207 1888 3263 veniat
1930 3207 2048 3278 ipse
2066 3249 2082 3276 ,
2112 3215 2167 3262 et
2192 3221 2223 3260 a
2248 3203 2694 3277 prudentioribus
2724 3203 2918 3260 incolis
2945 3211 3102 3259 terrae
3128 3185 3296 3276 hujus

1701 3298 1951 3356 ordinem
1981 3307 2038 3355 et
2066 3297 2353 3354 veritatem
2396 3297 2476 3354 rei
2534 3304 2701 3371 gesta:
2758 3295 3020 3367 inquirat.
3068 3291 3206 3349 Nam
3237 3293 3292 3347 in
3339 3281 3344 3286 ’

1701 3392 1884 3466 aliqua
1922 3391 2194 3464 scriptura
2249 3405 2352 3447 nec
2394 3398 2608 3447 tantum
2663 3389 2732 3446 de
2779 3388 2866 3446 his
2896 3387 3094 3460 reperi.
3143 3383 3294 3442 inter

1699 3485 1948 3542 eamdem
1978 3482 2300 3540 Bethaniam
2329 3491 2385 3540 et
2416 3467 2790 3540 summitatem
2826 3483 3033 3538 montis
3071 3478 3291 3549 Oliveti,

1703 3585 1964 3649 tanquam
1996 3575 2053 3642 in
2081 3574 2284 3645 medio,
2314 3582 2434 3632 erat
2477 3573 2822 3646 Bethphage,
2855 3573 3010 3629 vicus
3062 3571 3287 3643 quidam

1701 3653 2072 3736 sacerdotum,
2103 3666 2262 3738 cujus
2285 3665 2354 3722 ad
2377 3664 2641 3721 indicium
2682 3664 2862 3720 adhuc
2889 3671 3108 3718 exstant
3131 3661 3294 3734 quasi

1701 3770 1885 3823 turres
1911 3761 2035 3816 duae
2057 3759 2306 3831 lapideae,
2335 3756 2404 3814 de
2439 3756 2642 3828 quibus
2665 3763 2750 3812 est
2786 3769 2896 3809 una
2927 3753 3178 3811 ecclesia:

1771 3850 1830 3916 In
1861 3851 1998 3923 pede
2019 3849 2224 3906 montis
2251 3846 2446 3907 Oliveti
2470 3861 2664 3903 versus
2688 3846 2985 3913 civitatem,
3012 3844 3104 3900 ubi
3127 3849 3291 3900 modo

1707 3937 2014 3996 ostenditur
2045 3938 2324 4009 sepultura
2347 3937 2521 3994 beatae
2545 3934 2731 3991 Maria:
2753 3933 2994 4008 Virginis
3013 3977 3027 4002 ,
3061 3941 3179 3990 erat
3206 3933 3286 3988 vi-

1703 4032 1862 4097 culus
1891 4031 1985 4104 qui
2011 4030 2296 4087 dicebatur
2334 4028 2707 4086 Cethsemani.

1771 4123 2290 4195 Appropinquante,
2330 4129 2393 4186 ut
2421 4120 2696 4186 diximus,
2741 4118 2959 4175 Domini
3013 4115 3290 4190 passione,

1701 4224 1825 4290 post
1844 4215 2040 4272 Lazari
2083 4214 2583 4281 resuscitationem,
2633 4211 2722 4269 die
2767 4211 3078 4268 Palmarum
3131 4209 3294 4267 Iesus

1702 4308 1852 4366 venit
1887 4306 2317 4382 Ierosolymam;
2345 4307 2534 4363 eadem
2563 4305 2650 4362 die
2687 4305 3032 4363 solemnitate
3051 4305 3166 4376 jam
3203 4303 3292 4359 di-

1703 4411 1790 4461 cta
1816 4409 2037 4475 peracta
2062 4401 2226 4459 rediit
2248 4400 2317 4457 ad
2346 4399 2542 4458 Oliveti
2567 4408 2850 4468 montana,
2877 4407 3192 4455 moraturus
3216 4397 3292 4453 ibi

1704 4512 1879 4572 usque
1913 4496 1983 4554 ad
2017 4494 2210 4551 feriam
2237 4494 2517 4567 quintam;
2545 4493 2600 4548 in
2630 4507 2738 4563 qua
2769 4491 3015 4548 facturus
3039 4497 3155 4546 erat
3181 4505 3292 4544 una

38 4583 194 4640 cessit.
239 4585 333 4644 Est
379 4598 568 4646 tamen
603 4589 856 4662 quaedam
901 4590 1134 4650 ecclesia
1187 4592 1331 4650 infra
1400 4609 1592 4652 muros
1624 4593 1672 4651 Ι)
1697 4605 1823 4647 cum
1848 4587 2135 4659 discipulis
2163 4587 2282 4649 suis
2303 4601 2517 4643 caenam
2543 4583 2885 4640 Dominicam
2915 4583 2970 4638 in
3002 4599 3110 4653 qua
3141 4588 3294 4638 vete-

41 4683 212 4732 sancta‘.
257 4679 496 4752 civitatis
535 4682 695 4754 juxta
755 4682 1022 4740 Sanctam.
1103 4685 1355 4755 Annam,
1402 4703 1598 4744 versus

41 4771 458 4842 septentrionem,
488 4789 660 4847 prope
690 4790 882 4833 muros
909 4776 1062 4833 urbis
1083 4777 1137 4832 in
1160 4777 1371 4842 honore
1393 4788 1598 4837 sanctae

39 4849 194 4914 Maria
226 4860 556 4940 Magdalena‘.
603 4877 962 4937 consecrata;
992 4884 1104 4940 quo
1149 4869 1272 4926 loco
1352 4871 1600 4928 habitant

42 4954 265 5012 monachi
303 4955 588 5028 Iacobite,
619 4961 713 5032 qui
742 4970 999 5022 asserunt
1042 4963 1118 5018 ibi
1171 4963 1395 5019 domum
1427 4963 1599 5022 fuisse

43 5037 251 5105 Simonis
275 5049 506 5124 leprosi,
521 5055 617 5126 qui
636 5053 889 5110 invitavit
931 5051 1224 5111 Dominum
1252 5066 1500 5113 nostrum
1529 5057 1597 5115 ad

43 5138 340 5232 convivium,
356 5143 413 5200 in
440 5160 553 5219 ᾳιο
581 5147 894 5218 supervenit
910 5145 1080 5205 Maria
1105 5147 1442 5221 Magdalena,
1471 5165 1599 5221 pro-

47 5223 208 5313 cidens
232 5233 296 5287 ad
318 5236 486 5305 pedes
507 5235 660 5306 Iesu,
677 5253 818 5309 quos
839 5239 1098 5313 lacrymis
1127 5239 1419 5313 rigavil,et
1435 5257 1597 5302 oscu-

46 5309 164 5374 latos
189 5325 424 5385 crinibus
462 5329 706 5398 detersit,
744 5309 972 5404 ungens'
993 5309 1293 5405 unguento.
1330 5309 1471 5405 Hoc,
1507 5335 1595 5391 in-

48 5420 205 5506 fluant,
236 5417 473 5506 quidem
531 5422 666 5479 dicti
719 5423 825 5480 loci
852 5424 1109 5480 monachi
1155 5435 1428 5494 asserunt,
1462 5435 1516 5482 et
1541 5427 1594 5485 id

52 5507 204 5565 llJSum
234 5505 351 5565 loco
377 5511 429 5566 in
460 5514 794 5584 pavimento,
819 5515 1002 5572 crucis
1035 5514 1211 5572 forma
1235 5517 1468 5589 signato,
1500 5518 1593 5574 ubi

52 5594 176 5692 venit
197 5596 358 5692 hlaria
385 5604 450 5660 ad
479 5607 646 5692 pedes
672 5606 801 5665 Iesu
828 5651 843 5678 ,
868 5617 924 5666 et
949 5609 1002 5663 in
1041 5609 1259 5680 pictura.
1280 5611 1591 5670 tabularum

58 5684 126 5738 sic
147 5684 300 5748 fuisse
339 5689 713 5771 comprobant,
747 5701 1095 5759 ostendentes
1142 5702 1366 5774 insuper
1415 5703 1595 5760 adhuc

58 5777 275 5873 οξρξιιιιω
293 5787 528 5858 ejusdem
559 5791 768 5863 Mariae,
811 5793 908 5864 qui
948 5795 1263 5852 continetur
1289 5796 1345 5851 in
1371 5797 1596 5854 vasculo

62 5870 163 5928 utri
183 5878 452 5953 perspicui,
479 5894 730 5962 repertus
757 5885 982 5947 ibidem.

1703 4683 1783 4739 ris
1813 4681 2122 4738 testamenti
2154 4679 2451 4736 terminum
2475 4685 2531 4734 et
2554 4677 2682 4733 novi
2711 4675 3022 4732 testamenti
3075 4674 3291 4730 initium

1705 4785 1954 4849 poneret.
1990 4773 2284 4844 Discipulis
2309 4787 2440 4844 ergo
2463 4771 2580 4828 suis
2611 4769 3015 4843 inquirentibus
3066 4767 3160 4822 ubi
3196 4783 3292 4822 ve—

1703 4869 1767 4926 lit
1793 4867 1897 4926 sibi
1919 4867 2130 4924 Pascha
2155 4865 2296 4936 tieri,
2318 4865 2470 4921 misit
2489 4880 2553 4921 ex
2577 4865 2660 4921 eis
2694 4863 2964 4935 quosdam
2998 4861 3056 4917 in
3095 4859 3293 4916 civita-

1701 4971 1925 5031 tem,,ut
1951 4960 2199 5026 venirent
2231 4967 2284 5015 et
2323 4965 2694 5030 praepararent
2731 4953 2835 5011 sibi
2896 4952 3291 5018 habitaculum,

1705 5053 1792 5110 vel
1828 5050 2012 5109 locum
2059 5049 2129 5106 ad
2172 5046 2496 5119 complenda
2531 5044 2845 5117 hujusmodi
2893 5058 3067 5099 sacra:
3120 5057 3293 5098 omne

1701 5153 2048 5203 sacramenta
2071 5143 2358 5209 idoneum;
2383 5140 2450 5197 de
2477 5154 2588 5212 quo
2617 5137 2831 5210 plenius
2856 5137 2913 5192 in
2943 5133 3238 5208 Evangelio
3274 5154 3287 5190 ε

1705 5237 1790 5296 Ite
1834 5242 1888 5296 in
1943 5241 2248 5307 civitatem,
2294 5245 2344 5294 et
2382 5233 2657 5290 invenietis
2689 5232 2950 5286 hominem
2980 5229 3292 5302 amphoram

1702 5351 1856 5406 aqua:
1883 5332 2242 5406 bajulantem;
2279 5328 2561 5402 sequimini
2582 5343 2722 5393 eum,
2747 5333 2850 5382 etc.
2882 5323 2997 5382 Hoc
3034 5338 3292 5381 caenacu-

1703 5427 1818 5483 lum
1860 5425 1914 5482 in
1959 5433 2145 5481 monte
2185 5424 2316 5481 Sion
2372 5431 2460 5479 est
2500 5421 2814 5488 inventum,
2849 5415 3054 5474 inloco
3095 5417 3150 5472 in
3179 5423 3291 5487 quo

1702 5515 1960 5578 Salomon
2009 5515 2286 5588 quondam
2337 5513 2615 5588 egregium
2667 5509 2864 5567 dicitur
2917 5507 3294 5566 construxisse

1699 5610 2012 5677 aediﬁcium,
2043 5609 2110 5664 de
2131 5623 2244 5681 quo
2270 5608 2326 5664 in
2357 5606 2600 5664 Canticis
2625 5613 2772 5662 cant.
2801 5622 2813 5659 :
2850 5600 3136 5657 Ferculum
3165 5598 3290 5668 fecit

1699 5701 1800 5762 sibi
1827 5717 1920 5756 rea:
1950 5697 2226 5769 Salomon,
2257 5709 2362 5756 etc.
2387 5697 2746 5755 Cmnaculum
2778 5693 2912 5750 illud
2940 5693 2994 5746 in
3017 5687 3288 5761 superiori

1699 5803 1852 5868 parte
1877 5792 2084 5868 grande
2117 5802 2170 5849 et
2198 5793 2371 5850 latum
2413 5801 2550 5862 erat,
2583 5791 2638 5846 in
2667 5805 2780 5862 quo
2820 5795 3038 5858 propter
3085 5791 3290 5856 myste-

1701 5888 1765 5944 rii
1812 5889 2082 5946 rationem
2123 5885 2390 5944 Dominus
2429 5894 2616 5944 noster
2670 5899 2796 5939 cum
2848 5877 3132 5951 discipulis
3173 5875 3289 5932 suis
3335 5891 3358 5912 ι’
