3816 6306
497 5877 524 5901 δ

575 414 717 514 i073

575 661 783 720 dicavit
817 659 1206 732 descriptione,
1233 657 1478 728 reliquos
1508 654 1828 713 confortans
1847 654 1915 710 de
1936 653 2175 709 instante

574 753 682 815 sibi
711 752 1000 826 passione,
1025 760 1081 809 et
1109 751 1250 808 dans
1277 750 1359 806 eis
1401 749 1506 806 sub
1553 749 1736 820 specie
1767 745 1925 819 panis
1974 760 2174 816 corpus

575 865 743 908 suum
771 850 840 906 ad
880 847 1348 915 manducandum,
1371 854 1427 903 et
1465 829 1571 903 sub
1600 844 1784 916 specie
1807 843 1924 900 vini
1950 842 2175 916 sangui-

576 957 704 1000 nem
755 955 918 998 suum
975 940 1044 996 ad
1108 938 1407 995 bibendum
1457 957 1471 993 :
1517 935 1982 1007 Quotiescunque,
2039 942 2170 1002 etc.,

576 1032 786 1090 dicens.
1003 1079 1006 1082 .

648 1122 813 1178 Facta
841 1121 956 1192 jam
988 1121 1042 1176 in
1081 1117 1354 1191 superiori
1395 1125 1552 1190 parte
1579 1115 1829 1188 ejusdem
1874 1114 2173 1175 habitaculi

574 1230 764 1283 coena,
813 1213 1113 1270 verisimile
1137 1221 1223 1270 est
1255 1227 1324 1269 ex
1354 1211 1602 1283 ejusdem
1631 1209 1878 1282 mysterii
1918 1208 2171 1288 ratione,

574 1307 870 1363 Dominum
891 1315 1146 1364 nostrum
1169 1305 1226 1360 in
1255 1303 1507 1361 inferiori
1531 1304 1730 1360 domus
1764 1311 1919 1375 parte
1941 1303 2170 1360 humili-

577 1399 711 1456 tatis
759 1400 1075 1471 exemplum
1111 1399 1166 1454 in
1202 1397 1476 1454 lavatione
1523 1397 1724 1471 pedum
1776 1395 2171 1467 discipulorum

575 1492 918 1560 ostendisse;
961 1492 1079 1548 sive
1109 1489 1286 1547 mavis
1330 1491 1439 1546 hoc
1489 1497 1616 1545 ante
1664 1504 1879 1546 coenam
1918 1489 2006 1546 vel
2033 1489 2175 1561 'post

574 1584 782 1640 factum
814 1584 1018 1650 fuisse,
1064 1592 1124 1639 ut
1167 1583 1416 1655 quaedam
1464 1581 1738 1653 expositio
1779 1582 1961 1653 innuit
2007 1597 2174 1654 super

575 1677 668 1732 illa
701 1675 932 1733 Joannis
971 1677 1025 1732 in
1065 1675 1361 1748 Evangelio
1382 1675 1548 1730 verba
1577 1673 1681 1741 :Et
1705 1675 1850 1743 facta
1881 1691 2028 1730 caena
2056 1690 2174 1730 sur-

579 1770 738 1837 rexit,
772 1778 879 1826 etc.
931 1766 1058 1825 Sive
1094 1784 1227 1840 ergo
1267 1769 1373 1836 hoc
1406 1777 1534 1824 ante
1552 1767 1646 1824 vel
1678 1777 1803 1839 post
1832 1783 2046 1824 coenam
2084 1765 2170 1822 fa--

576 1871 726 1918 etum
762 1861 867 1930 sit,
910 1876 1106 1932 parum
1143 1859 1342 1928 refert;
1403 1859 1497 1917 sed
1531 1860 1636 1916 hoe
1682 1860 1769 1915 vel
1818 1859 1961 1916 scire
2014 1859 2172 1930 juvat

1174 452 1262 508 AD
1298 421 1746 508 consparsum
1781 443 2070 503 APPEND.
2108 421 2284 503 ηιξ
2314 440 2584 501 MONUM.
2623 441 2712 498 ne
2746 439 2972 512 nemo
3009 439 3252 510 SACRO,

563 571 778 632 dicitur
805 582 1090 634 manasse;
1127 567 1219 622 ubi
1248 575 1302 622 et
1328 564 1663 637 proditorem
1693 577 1856 620 suum
1894 569 2056 618 cauta
2083 560 2164 618 in-
2197 561 2242 623 Α
2271 531 2602 633 proditionis
2625 567 2681 627 et
2706 558 3018 626 traditionis
3041 557 3283 631 Magistri
3310 557 3388 614 sui
3410 562 3628 634 mercede,
3656 559 3715 640 pr

3628 439 3714 508 itit

2277 655 2381 716 etis
2405 663 2462 712 et
2491 654 2731 727 acceptis
2758 653 2980 726 triginta
3004 653 3293 726 argenteis,
3324 669 3568 726 aggressus
3585 671 3643 722 est
3663 664 3712 720 ζ..

2275 745 2501 814 fandum
2534 745 2758 817 scelus),
2797 745 2926 814 hoc,
2973 744 3197 816 inquam
3222 785 3238 812 ,
3267 744 3432 802 sciens
3448 745 3713 815 lesus,im-

2274 839 2399 896 dem
2423 853 2660 906 caverna
2689 837 2781 893 illa
2802 836 2943 905 dixit
2970 823 3255 908 discipulis
3285 834 3426 892 suis:
3451 834 3640 910 Surgite,
3662 860 3714 896 ω-

2277 947 2392 986 mus
2413 971 2428 998 ,
2482 945 2598 988 ecce
2643 928 3105 1000 appropinquavit,
3137 936 3244 982 etc.
3271 925 3358 982 Sic
3380 943 3585 999 egressus
3617 933 3713 988 (icth-

2275 1021 2507 1094 semani,
2536 1039 2634 1094 per
2655 1023 2907 1091 osculum
2949 1020 3102 1077 Iudae
3131 1019 3375 1088 traditus,
3394 1031 3442 1077 et
3462 1025 3714 1082 att-anuus:

2275 1117 2504 1184 cohorte
2529 1115 2728 1186 exinde
2757 1113 3035 1188 cognitus,
3067 1113 3138 1169 ab
3164 1113 3233 1179 iis
3254 1113 3513 1190 detentus,l
3531 1117 3716 1184 vinumet

2274 1208 2545 1265 deductus
2602 1215 2708 1264 est.
2758 1205 3149 1274 Verumtamen
3219 1205 3275 1260 in
3334 1203 3528 1277 praefata
3575 1223 3714 1266 carem
3780 1267 3781 1272 η

2275 1300 2644 1357 ostenduntur
2672 1299 2920 1370 quinque
2973 1297 3246 1354 foramina
3273 1297 3328 1352 in
3353 1313 3454 1352 uno
3486 1297 3715 1368 lapide,»

2273 1387 2440 1462 quam
2466 1407 2565 1463 per
2588 1390 2838 1462 Quinque
2863 1389 3065 1462 digitos
3088 1391 3301 1446 'manus
3327 1389 3516 1445 Domini
3536 1392 3714 1462 imp-esst.

2273 1481 2493 1542 Domini
2533 1484 2688 1552 dico,
2721 1483 2818 1540 sed
2839 1482 2955 1555 jam
2985 1482 3153 1555 capti,
3175 1491 3337 1554 atque
3360 1498 3386 1541 a
3410 1485 3717 1553 persecutoribus

2271 1577 2538 1635 violenter
2559 1577 2743 1648 tracti,
2771 1593 2837 1634 ac
2863 1577 2910 1634 si
2933 1578 2991 1645 in
3013 1576 3210 1634 eodem
3234 1575 3376 1632 illius
3401 1575 3492 1638 loci
3511 1576 3636 1648 lapide
3652 1593 3714 1632 sse
3780 1615 3781 1624 η

2272 1666 2539 1724 voluisset
2563 1667 2825 1736 retinere,

2342 1757 2619 1841 Quidquid
2671 1767 2856 1825 autem
2903 1757 2971 1814 de
3021 1759 3128 1816 hoc
3172 1757 3280 1826 sit,
3328 1774 3424 1814 nos
3458 1760 3604 1830 procul
3623 1758 3714 1813 tulit

2271 1851 2480 1908 scimus
2508 1866 2636 1908 eum
2659 1850 2890 1924 majoris
2924 1851 3217 1922 potestatis
3255 1859 3310 1907 et
3334 1851 3523 1906 virtutis
3557 1851 3716 1921 amplum
3780 1853 3781 1858 “

577 1951 724 2023 quod
750 1950 1125 2007 diversitatem
1174 1949 1280 2005 loci
1309 1950 1395 2006 vel
1434 1947 1599 2005 hodie
1630 1949 1812 2014 adhuc
1868 1947 2167 2020 descriptio
2199 1949 2241 2008 Β
2269 1944 2450 2002 facere
2490 1944 2760 2017 potuisse.
2816 1943 3076 2001 Traditus
3121 1944 3311 2018 itaque
3355 1942 3575 1999 Dominus
3611 1953 3717 1996 costa
3780 1979 3781 2010 ;

581 2041 662 2097 rei
701 2049 866 2111 gesta:
896 2041 953 2095 in
991 2040 1226 2109 ecclesia
1277 2038 1482 2094 montis
1535 2036 1668 2094 Sion
1702 2039 1914 2098 innuat.
1945 2036 2082 2093 Nam
2114 2037 2172 2108 in

580 2134 805 2192 sinistra
831 2141 986 2204 parte
1017 2132 1263 2204 ejusdem
1291 2130 1562 2206 ecclesiae,
1607 2131 1664 2187 in
1707 2131 1831 2187 loco
1878 2129 2170 2203 superiori,

579 2223 795 2297 de'picta
831 2232 1060 2298 apparet
1087 2241 1245 2289 omna
1269 2267 1284 2293 ,
1310 2224 1364 2279 in
1395 2223 1644 2280 inferiori
1686 2235 1904 2293 autent,
1963 2225 2176 2282 scilicet

576 2315 635 2374 in
695 2326 914 2390 crypta,
969 2316 1172 2386 lavatio
1219 2317 1419 2388 pedum
1449 2316 1842 2387 discipulorum
1869 2317 2174 2374 ostenditur

579 2408 854 2465 exhibita.
877 2407 976 2464 His
1013 2408 1200 2490 itaque
1223 2409 1624 2480 consummatis
1653 2410 1930 2481 mysteriis
1967 2410 2172 2481 oratio-

581 2501 672 2558 nis
701 2517 872 2558 causa
897 2517 1024 2558 cum
1049 2501 1337 2573 discipulis
1361 2501 1479 2558 suis
1503 2501 1662 2561 rediit
1687 2502 1756 2570 ad
1787 2511 2029 2559 montem
2059 2501 2174 2574 Oli-

579 2590 711 2660 veti,
729 2591 784 2647 in
811 2591 972 2663 cujus
995 2593 1202 2648 montis
1230 2590 1368 2667 pede
1395 2599 1450 2648 et
1475 2592 1731 2649 accubitu
1759 2592 2041 2667 dimittens
2065 2594 2174 2655 dis-

579 2682 953 2757 cipulos'suos
983 2685 1137 2753 solus
1172 2684 1404 2757 secessit
1431 2685 1501 2759 ab
1543 2683 1660 2754 eis,
1699 2694 1967 2757 quantum
1990 2686 2172 2757 jactus

577 2785 666 2832 est
687 2774 1020 2850 lapidis.Hic
1048 2776 1229 2840 oravit
1249 2777 1320 2833 ad
1355 2776 1577 2833 Patrem
1604 2795 1768 2834 suum
1803 2779 1992 2840 dicens
2022 2797 2034 2833 :
2061 2778 2173 2834 Pa-

579 2878 680 2938 ter,
702 2871 750 2926 si
773 2870 891 2940 ﬁeri
919 2878 1110 2943 potest,
1145 2877 1275 2938 etc.,
1301 2869 1394 2926 ubi
1420 2878 1474 2926 et
1491 2881 1561 2927 ex
1591 2879 1830 2928 tremore
1859 2872 2040 2948 carnis
2071 2888 2170 2934 su-

582 2963 773 3019 dorem
806 2961 948 3018 ludit
996 2963 1158 3034 quasi
1205 2962 1606 3037 sanguineum;
1657 2972 1711 3020 et
1757 2965 1826 3034 ad
1870 2963 2171 3036 discipulos

579 3070 714 3112 suos
753 3070 1008 3120 reversus
1033 3096 1053 3133 κ
1093 3063 1149 3110 et
1176 3055 1465 3124 inveniens
1515 3070 1614 3118 eos
1655 3056 2019 3126 dormientes,
2048 3073 2172 3128 spe-

581 3145 795 3203 cialiter
814 3144 1038 3201 Petrum
1063 3145 1370 3218 increpavit
1403 3144 1593 3215 dicens
1621 3163 1634 3201 :
1660 3144 1750 3201 Sic
1779 3162 1882 3200 non
1919 3149 2170 3218 potuistis

585 3253 697 3292 una
727 3237 859 3293 liora
899 3235 1126 3310 vigilare
1147 3253 1370 3308 mecum,
1393 3245 1499 3292 etc.
1523 3237 1548 3290 ?
1582 3235 1648 3292 Et
1677 3237 1874 3306 iterum
1914 3258 1928 3294 :
1957 3239 2163 3294 Dormi-

2275 2052 2379 2095 suo
2403 2052 2440 2095 a
2464 2036 2737 2109 discipulo
2751 2077 2769 2106 ,
2791 2045 2984 2107 captus
3006 2043 3062 2091 et
3089 2035 3294 2108 ligatus
3316 2051 3346 2091 a
3370 2033 3519 2090 milite
3541 2032 3717 2096 Romano,

2274 2129 2536 2197 reductus
2557 2136 2642 2185 est
2665 2127 2735 2201 ad
2760 2136 3005 2196 montem
3043 2127 3178 2191 Sion
3201 2170 3218 2196 ,
3246 2127 3339 2198 ubi
3365 2136 3483 2182 tunc
3501 2134 3715 2196 enti

2274 2219 2420 2290 rium
2441 2217 2602 2277 Pilati
2619 2261 2640 2293 ι
2660 2226 3042 2291 nuncupatum
3061 2217 3448 2298 Lithostrqtos,
3465 2215 3652 2284 Hebraice
3667 2231 3717 2269 n-
3780 2221 3781 2280 ξ

2273 2321 2384 2386 tem
2419 2313 2682 2384 Gabalhq.
2717 2314 2873 2382 Tunc
2917 2315 3064 2374 enim
3093 2315 3357 2387 temporis
3395 2313 3563 2384 optima
3591 2327 3669 2383 pars
3690 2321 3716 2363 tt
3780 2303 3781 2334 Τ

2273 2405 2536 2468 fortitudo
2578 2407 2748 2478 totius
2805 2407 2960 2464 urbis
3006 2416 3127 2464 erat
3179 2408 3238 2463 in
3289 2395 3538 2466 altitudine
3573 2402 3715 2474 eju‘deu

2273 2500 2514 2568 montis,
2561 2501 2704 2556 sicut
2755 2500 2921 2556 etiam
2970 2501 3141 2557 turris
3185 2499 3382 2567 David,
3413 2515 3516 2570 quae
3541 2507 3623 2552 erat
3651 2510 3717 2563 spt-

2272 2593 2398 2648 cula
2419 2602 2474 2650 et
2498 2601 2743 2649 tutamen
2793 2593 3019 2664 reliquae
3051 2592 3325 2660 civitatis,
3351 2601 3480 2648 esset
3507 2591 3548 2645 in
3584 2605 3629 2644 eo
3654 2586 3714 2642 ειε-
3780 2669 3781 2672 η

2272 2694 2432 2752 vata;
2465 2691 2520 2741 et
2550 2685 2682 2741 hinc
2703 2685 2920 2741 ratione
2941 2695 3210 2742 maternae
3233 2683 3577 2757 generationis,
3597 2689 3632 2735 et
3647 2693 3717 2749 pm-
3780 2687 3781 2757 ᾗ

2273 2777 2578 2850 curationis,
2606 2793 2701 2834 seu
2729 2778 2915 2848 potius
2944 2779 3308 2850 protectionis
3325 2821 3340 2845 ,
3363 2775 3552 2832 inferior
3573 2770 3716 2843 ejnadu
3780 2770 3781 2844 ξ

2274 2869 2511 2928 civitatis
2562 2885 2689 2940 pars
2742 2863 3101 2940 dieiturlilia
3131 2870 3294 2942 ejus;
3331 2869 3579 2938 secundum
3604 2863 3717 2918 istud:

2272 2961 2451 3018 Dicite
2473 2962 2604 3035 ﬁlia:
2627 2960 2758 3018 Sion
2776 3005 2792 3034 ,_
2812 2971 2916 3018 etc.
2941 2961 3139 3020 Postea
3158 2971 3344 3025 autem
3366 2963 3588 3018 destructa
3605 2955 3718 3012 ibid-3

2271 3053 2513 3122 civitate,
2548 3063 2602 3110 et
2636 3053 2689 3109 in
2718 3055 2889 3112 alium
2910 3055 3124 3132 locum,
3151 3055 3250 3112 ubi
3281 3071 3418 3126 nunc
3436 3062 3588 3117 exstat,
3612 3061 3718 3104 trans-
3780 3053 3781 3120 ξ

2273 3146 2384 3208 lata
2426 3162 2492 3204 ac
2530 3147 2634 3203 sub
2663 3147 2811 3202 Ᾰίιίο
2841 3147 3176 3218 imperatore
3221 3147 3492 3218 aediﬁcata,
3524 3143 3623 3199 idem
3640 3155 3716 3211 qm»

2274 3255 2383 3310 que
2404 3254 2566 3297 mons
2592 3239 2648 3311 in
2681 3255 2781 3295 sua
2821 3238 3146 3296 celsitudine
3172 3239 3332 3294 valde
3358 3247 3434 3294 est
3456 3233 3718 3292 humiliatnsn

581 3341 632 3385 te
669 3331 809 3401 jam,
853 3316 904 3386 et
927 3330 1256 3406 requiescite,
1285 3331 1398 3402 etc.
1426 3329 1517 3386 Sic
1543 3346 1720 3402 usque
1743 3331 1904 3388 tertio
1930 3331 1986 3387 in
2010 3347 2168 3397 eum-
2196 3321 2242 3385 C
2273 3334 2626 3411 adaequatus,
2670 3342 2822 3389 turre
2877 3342 2934 3390 et
2977 3333 3104 3402 aliis
3151 3332 3427 3400 aediliciis,
3469 3337 3514 3386 et
3551 3319 3718 3382 [οι-ιιϋῶ

579 3422 702 3478 dem
736 3423 916 3478 locum
962 3413 1034 3478 ab
1061 3422 1142 3483 eis
1167 3424 1428 3490 secedens
1447 3464 1462 3490 ,
1507 3430 1562 3478 et
1589 3422 1806 3479 easdem
1837 3439 2026 3494 preces
2058 3421 2170 3480 Deo

579 3511 730 3570 Patri
755 3531 857 3570 suo
886 3514 1196 3597 porrigens,
1223 3515 1446 3583 tandem
1471 3514 1777 3574 secundum
1800 3515 1946 3597 quod
1977 3515 2167 3584 homo,

574 3606 922 3662 confortatus
967 3607 1037 3662 ab
1095 3607 1289 3677 angelo
1335 3615 1452 3674 est,
1485 3617 1538 3662 et
1563 3622 1595 3661 a
1626 3607 1831 3676 seipso,
1865 3605 2168 3678 secundum

575 3699 727 3771 quod
755 3698 922 3767 Deus,
959 3699 1121 3772 tertio
1150 3714 1409 3756 reversus
1439 3699 1507 3756 ad
1529 3698 1831 3770 discipulos
1859 3699 1998 3756 dixit
2023 3716 2036 3756 :
2083 3697 2170 3755 Vi-

576 3792 741 3865 gilate
769 3802 820 3848 et
860 3801 1027 3848 orate.
1423 3843 1426 3845 Α
1602 3867 1606 3872 η

651 3883 889 3943 Istorum
925 3883 1173 3941 locorum
1223 3884 1532 3957 distinctio,
1558 3882 1834 3964 videlicet,
1868 3885 1965 3942 ubi
1995 3885 2166 3956 disci,-

576 3971 696 4048 puli
733 3987 1147 4044 remanserant,
1177 3986 1231 4032 et
1261 3977 1353 4032 ubi
1397 3977 1664 4034 Dominus
1692 3987 1964 4052 oraverat,
1994 3979 2171 4036 mani-

577 4067 719 4124 feste
750 4067 807 4122 in
829 4069 970 4130 valle
995 4067 1262 4139 Josaphat
1283 4081 1540 4140 apparet;
1568 4086 1694 4124 nam
1720 4069 1880 4140 juxta
1902 4069 2170 4141 majorem

578 4160 892 4227 ecclesiam,
927 4161 980 4214 in
1005 4177 1113 4231 qua
1155 4162 1437 4239 sepultura
1479 4162 1655 4218 beatae
1693 4161 1880 4218 Mariae
1919 4163 2167 4234 virginis,

579 4254 648 4310 de
677 4269 785 4324 qua
814 4261 1002 4322 postea
1025 4245 1294 4320 dicemus,
1321 4253 1502 4320 adhuc
1522 4253 1684 4310 hodie
1729 4263 1937 4322 exstat,
1965 4255 2021 4310 in
2046 4255 2173 4326 des-

579 4355 696 4402 tera
745 4351 922 4414 parte,
954 4344 1161 4414 capella
1216 4361 1344 4414 cum
1397 4361 1632 4414 caverna
1677 4346 1733 4402 in
1766 4363 1875 4418 qua
1905 4347 2094 4418 tristes,
2118 4357 2174 4404 et

575 4431 936 4500 dermitantes
988 4449 1368 4507 remanserant
1425 4439 1712 4512 discipuli,
1769 4439 1999 4513 Domino
2047 4450 2173 4516 post

578 4521 896 4606 passionem
941 4527 1100 4599 suam
1132 4539 1214 4586 ter
1243 4529 1530 4601 veniente,
1577 4539 1633 4586 et
1674 4539 1756 4586 ter
1787 4519 2077 4590 recedente
2102 4533 2172 4589 ab

573 4622 690 4692 eis;
720 4623 826 4680 hoc
846 4623 1029 4680 adhuc
1051 4620 1257 4687 indicat
1279 4620 1480 4692 ibidem
1507 4621 1718 4694 pictura
1742 4621 2004 4684 existens.

1181 4733 1412 4790 CAPUT
1430 4733 1564 4792 Vill.

568 4829 656 4887 De
680 4830 902 4884 ecclesia
935 4827 1256 4894 Saluatoris,
1291 4829 1542 4896 praetorio
1564 4826 1756 4893 Pilati,
1784 4829 1918 4888 turri
1943 4827 2166 4888 Davidi-

1028 4917 1112 4964 ca,
1145 4908 1193 4952 et
1228 4908 1400 4952 monte
1434 4897 1719 4952 Calvariw.

569 4989 574 4996 ’
649 4989 828 5052 Lucus
874 5010 1003 5049 vero
1047 4993 1139 5048 ubi
1168 4991 1434 5060 Dominus
1469 4991 1646 5046 oravit
1677 4991 2050 5062 circumdatus
2084 5000 2170 5048 est

573 5077 1006 5152 nova‘ecclesia,
1043 5101 1166 5160 qua:
1195 5084 1398 5140 dicitur
1447 5084 1682 5140 ecclesia
1745 5081 2079 5150 Salvato’ris;
2109 5083 2166 5138 in

575 5179 743 5248 hujus
776 5173 1024 5236 ecclesiae
1063 5179 1378 5252 pavimento
1412 5178 1656 5244 eminent
1685 5187 1795 5234 tres
1817 5193 1934 5238 .non
1957 5177 2164 5248 operati

576 5270 788 5340 lapides
806 5313 823 5339 ,
851 5272 1002 5326 velut
1027 5287 1190 5345 rupes
1218 5272 1490 5349 quaedam.
1543 5269 1717 5326 ln'his
1744 5269 1946 5328 dicitur
1979 5267 2164 5326 Domi-

574 5379 682 5418 nus
711 5378 903 5419 orasse
951 5371 1006 5418 et
1052 5365 1146 5419 ter'
1185 5365 1348 5440 genu
1373 5357 1608 5418 ﬂexisSe.
1659 5361 1841 5429 Quare
1881 5362 1937 5416 hi
1961 5353 2170 5432 lapides

572 5443 724 5523 apud
769 5449 977 5509 Christi
1008 5451 1192 5508 ﬁdeles
1219 5453 1275 5508 in
1313 5452 1640 5508 hodiernum
1692 5466 1868 5524 usque
1913 5452 2058 5508 diem
2112 5452 2168 5508 in

581 5542 824 5600 maxima
845 5541 1133 5600 devotione
1149 5553 1204 5600 et
1227 5544 1578 5607 veneratione
1601 5527 1890 5600 habentur.
1906 5544 1985 5599 Ad
2007 5544 2171 5615 paulo

575 5645 706 5692 ante
737 5636 942 5694 dictam
995 5652 1287 5694 cavernam
1338 5636 1607 5694 Dominus
1661 5645 1881 5705 noster,
1933 5627 2170 5695 noscens

574 5729 770 5786 Iudam
829 5745 956 5786 cum
997 5729 1202 5809 turbis
1264 5725 1707 5806 appropinquare
1749 5727 1942 5809 (Judas
1985 5729 2163 5799 etaim,

578 5820 707 5879 aliis
735 5820 1026 5892 discipulis
1055 5807 1181 5890 post
1205 5835 1420 5898 egenam
1450 5836 1578 5874 cum
1616 5807 1848 5876 Domino
1871 5807 2163 5876 remanen-

580 5913 766 5983 tibus,
802 5913 954 5972 solus
985 5911 1118 5971 abiit
1157 5912 1221 5968 ad
1261 5909 1499 5981 Judteos,
1529 5918 1768 5968 tractans
1794 5928 1919 5970 cum
1966 5914 2045 5969 eis
2097 5914 2163 5969 de

2271 3425 2468 3496 “inde
2505 3424 2767 3505 dejectis,
2796 3440 2866 3480 ne
2909 3440 2977 3496 ex
3011 3425 3211 3481 eodem
3237 3425 3355 3482 loco
3387 3437 3517 3478 none
3550 3418 3634 3474 urbi
3650 3427 3717 3468 cu

2273 3527 2517 3593 tempore
2541 3517 2718 3574 hostis
2749 3527 2992 3578 noceret.
3780 3517 3781 3596 ξ

2344 3609 2564 3666 Interim
2607 3618 2792 3666 tamen
2819 3611 3001 3668 adhuc
3030 3609 3202 3668 hodie
3230 3608 3509 3667 ostenditur
3527 3598 3717 3659 locusillt.
3780 3599 3781 3668 ἡ

2273 3700 2368 3772 ubi
2411 3695 2484 3757 ef
2496 3700 2809 3772 praetorium
2841 3710 2896 3756 et
2920 3700 3089 3756 turris
3123 3699 3298 3756 David
3341 3700 3617 3754 exstiterunt.
3635 3687 3716 3740 TW

2273 3779 2537 3866 temporis
2587 3809 2806 3878 quoque
2853 3809 3050 3850 versus
3091 3793 3377 3849 meridiem
3422 3792 3468 3846 in
3496 3779 3716 3878 ωοηιεεὶῗι

2273 3888 2407 3959 illud
2454 3867 2658 3961 grande
2694 3886 2984 3954 aedilicium
3016 3885 3118 3944 fuit
3135 3927 3158 3960 λ
3195 3885 3288 3942 ubi
3327 3883 3649 3939 Dominuswm
3674 3867 3717 3920 lt
3780 3881 3781 3956 ξ

2275 3982 2500 4052 seipnlis
2549 3985 2666 4054 suis
2716 3979 2967 4050 ultimam
3021 3995 3242 4050 etenam
3286 3973 3596 4040 manducavit
3629 3965 3716 4019 iam
3780 3969 3781 4054 ξ

2273 4071 2478 4134 dictum
2527 4087 2658 4150 ergo
2709 4070 3026 4156 praetorium
3076 4068 3271 4138 Pibti,
3327 4082 3498 4124 versus
3532 4061 3715 4156 etimqu

2272 4173 2393 4226 erat
2419 4146 2656 4242 atrium,
2683 4146 2780 4221 seu
2811 4165 2996 4244 potius
3034 4181 3246 4238 career,
3289 4161 3344 4220 in
3371 4175 3468 4236 quo
3501 4146 3716 4217 vincitisis

2275 4257 2548 4329 tinebatur
2573 4256 2766 4320 Jesus.
2809 4266 2866 4322 et.
2917 4265 3030 4314 tota
3059 4267 3224 4322 nocte
3263 4257 3352 4330 illa
3389 4255 3508 4310 inter
3537 4246 3636 4305 mille
3655 4256 3716 4295 ςπ-
3780 4255 3781 4316 ;

2273 4363 2522 4418 casmos,
2557 4350 2851 4430 opprobria
2885 4359 2940 4407 et
2967 4350 3209 4426 ludibria
3251 4366 3282 4420 ει
3317 4345 3582 4406 custodibus
3780 4369 3781 4372 η

2275 4442 2383 4512 bus
2420 4450 2475 4497 et
2507 4428 2818 4514 Iudaeorum
2853 4441 3197 4524 principibus
3234 4440 3592 4503 asservabatur,
3780 4451 3781 4470 ι

2275 4543 2494 4589 maturo
2529 4548 2690 4596 mane
2731 4549 2858 4591 eum
2899 4533 3109 4616 judicio
3166 4534 3432 4590 sisterent.
3467 4527 3515 4582 in
3555 4525 3624 4578 hoc

2275 4624 2533 4695 praetorio
2581 4623 2778 4690 Petrus
2824 4610 2923 4680 ter.
2946 4625 3168 4701 negavit
3227 4623 3495 4695 Dominum
3533 4624 3620 4669 ante
3646 4610 3714 4701 ρὲξι
3780 4633 3781 4656 ς

2208 4708 2254 4764 Β
2277 4725 2520 4772 cantum.
2558 4715 2659 4771 Ubi
2689 4716 2884 4772 deinde
2923 4699 3110 4772 audito
3138 4717 3266 4788 galli
3309 4723 3480 4776 cantu,
3509 4715 3552 4764 et

2279 4823 2404 4864 eum
2448 4809 2808 4880 respiciente,
2840 4808 2929 4881 pic
2975 4810 3336 4866 reminiscens
3356 4804 3485 4862 verbi
3517 4791 3711 4886 suavis?!

2277 4899 2520 4972 Magistri
2567 4900 2689 4968 sui,
2742 4916 2871 4956 vere
2919 4901 3209 4972 paenituit,
3258 4913 3431 4956 amare
3469 4889 3656 4949 ﬂevit.“
3685 4889 3712 4928 ³³

2275 5009 2603 5074 cavernam,
2621 5008 2746 5072 qua:
2786 4993 2950 5064 modo
2991 4993 3368 5072 galliarum,
3404 4981 3712 5058 vulgarium”
3780 5031 3781 5070 1

2276 5085 2500 5142 Galilzea
2532 5087 2857 5158 appellatur,
2892 5085 3112 5159 refugit.
3203 5157 3208 5162 ι
3701 5159 3706 5162 _
3780 5073 3781 5104 ³

2344 5177 2549 5248 Porro,
2583 5187 2642 5232 ut
2663 5181 2881 5243 eastera,
2912 5193 3036 5249 qua:
3065 5159 3277 5233 tunein
3307 5174 3425 5230 Sion
3443 5177 3519 5226 aut
3536 5167 3640 5219 erant
3659 5159 3710 5207 ιιι
3780 5223 3781 5228 η

2276 5270 2616 5342 contigerant
2677 5269 3064 5348 absolvamus,
3127 5275 3417 5325 memoratu
3473 5251 3708 5348 digerunt:l

2276 5363 2422 5434 quod
2450 5361 2718 5418 Dominus
2748 5361 2910 5424 Jcsus
2955 5345 3078 5434 post
3104 5359 3517 5418 resurrectionem
3548 5355 3650 5439 ml"
3677 5345 3707 5439 ξ’

2278 5455 2410 5534 Sion
2461 5455 2578 5512 suis
2614 5455 2899 5526 discipulis
2943 5455 3277 5544 apparuerit.
3319 5448 3455 5507 Unde
3780 5475 3781 5480 π

2276 5532 2427 5606 nium
2457 5549 2578 5620 ejus
2615 5548 2673 5604 hi
2703 5517 2902 5610 versus~
2928 5517 2997 5605 in.
3014 5517 3237 5606 dextero
3264 5547 3418 5600 latere
3440 5528 3619 5593 etde-“Ii!
3647 5517 3703 5571 δ’

2274 5645 2397 5701 dem
2424 5641 2658 5720 appositi
2683 5642 2957 5713 leguntur.
3509 5717 3518 5720 _
3705 5683 3715 5718 τ

2380 5717 2626 5790 Christus
2656 5732 2938 5804 discipulis
2967 5731 3211 5804 apparuit
3234 5729 3315 5804 hic
3343 5717 3538 5804 Galae?

2968 5781 3229 5858 “13235;:
3254 5781 3415 5853 dictus
3439 5781 3617 5844 Galil!"-

2272 5915 2329 5972 ln
2355 5916 2442 5974 via
2481 5932 2590 5989 qua
2622 5916 2688 5973 de
2726 5915 2861 5976 Sion
2890 5915 3234 5974 descenditur
3259 5911 3312 5968 in
3333 5905 3492 5964 vallem
3512 5884 3694 5957 109W"
