3812 6312
102 396 213 462 ΝΗ

941 374 1225 444 JOANNIS
1257 381 1656 442 WIRZBURG.
1689 380 1934 440 DESCB.
1977 381 2236 441 'l‘EllRAi‘.~
2272 383 2330 440 S.

3151 344 3298 464 .4678-

105 515 181 576 sub
199 505 530 588 purgamentis
554 502 685 560 Sion
701 543 718 573 ,
742 516 905 575 super
1083 502 1284 559 dictam
1309 517 1600 559 cavernam
1630 504 1680 564 Δ
1706 501 1794 556 vel
1814 488 1994 573 potius
2016 503 2082 558 ad
2106 502 2348 573 seipsum
2379 499 2612 570 faciens;
2640 516 2704 564 ac
2733 503 2778 559 sl
2801 472 3007 566 diceret
3033 527 3050 567 :,
3072 507 3287 582 Mulier,

101 615 172 670 est
197 604 389 665 ecclesia
418 599 668 657 aedificata
687 641 722 666 ,,
750 599 918 671 quam
959 597 1122 654 hodie
1149 597 1395 654 incolunt
1428 596 1601 653 Graeci

103 697 320 760 monachi.
543 725 548 728 -
850 716 854 722 ·
987 714 993 720 ⁴
1015 690 1018 691 ⁷
1224 713 1227 715 ·
1347 709 1350 712 ’

149 793 245 848 iam
283 789 458 844 iterum
485 783 552 839 ad
587 782 830 838 vinctum
859 779 1045 838 Iesum
1092 781 1401 839 redeamus.
1431 780 1601 838 Facto

97 888 242 954 itaque
272 893 439 942 mane,
463 874 665 946 judicio
701 873 890 945 iniquo
929 873 1194 930 innocens
1237 872 1490 929 Christus
1533 872 1601 928 ad

93 980 277 1028 mortem
290 964 609 1021 damnandus
624 1005 639 1030 ,
661 971 789 1019 ante
809 963 1120 1034 pratorium
1145 963 1199 1016 in
1222 963 1343 1018 loco
1362 961 1600 1033 quodam

91 1061 353 1133 ﬂagellatur,
398 1054 563 1125 alapis
588 1042 848 1122 caditur,
876 1053 1217 1126 conspuitur,
1245 1062 1398 1110 veste
1433 1053 1599 1108 rubra

89 1149 403 1209 inludibrium
430 1146 561 1219 regii
592 1147 733 1202 tituli
771 1162 934 1218 quem
970 1147 1038 1203 de
1075 1147 1279 1204 Judais
1307 1147 1413 1204 sibi
1443 1146 1600 1203 attri-

89 1245 264 1306 buerat,
285 1236 530 1304 induitur,
557 1235 748 1307 spinea
777 1251 980 1293 corona
1007 1237 1288 1310 pungitur,
1320 1245 1375 1294 et
1395 1237 1596 1306 verho',

89 1331 324 1389 nefandum
341 1327 516 1384 dictu!
562 1329 916 1398 spurcissitne
953 1335 1238 1386 tractatur;
1271 1329 1429 1398 Quod
1459 1332 1600 1388 indi-

88 1434 154 1481 cat
175 1438 334 1479 versus
353 1421 416 1477 ad
441 1420 692 1478 eumdem
727 1433 914 1493 postea
959 1424 1141 1480 locum
1173 1425 1458 1495 appositus
1478 1467 1492 1494 ,
1511 1425 1596 1504 ita

87 1519 308 1590 loqllﬂlS:

82 1635 86 1638 -
136 1607 222 1663 Iste
241 1618 652 1679 coronatumque
677 1609 906 1664 mundus
922 1609 1047 1680 jure
1066 1619 1323 1682 regatur._

83 1700 288 1757 Eumdem
312 1700 486 1756 locum
514 1687 763 1781 designat
790 1702 994 1773 capella
1037 1711 1163 1758 ante
1199 1701 1464 1773 majorem
1495 1701 1598 1758 Ec-

80 1795 249 1851 clesiam
286 1793 437 1861 Sion,
491 1810 688 1852 versus
719 1793 944 1850 Boream
987 1795 1130 1864 sita,
1176 1795 1464 1854 continens
1509 1797 1595 1867 pi-

79 1896 183 1942 otatn
202 1885 460 1942 historiam
487 1888 726 1943 reicum
748 1888 851 1944 hac
875 1888 1230 1959 inscriptione
1262 1908 1276 1946 :

122 1976 310 2031 Sanctus
334 1986 639 2032 sanctorum
661 1978 949 2034 damnatur
977 1997 1098 2034 voce
1120 1996 1347 2036 reorum.

121 2047 203 2122 Ero
224 2048 368 2122 servis
393 2048 599 2122 bellum
615 2051 822 2122 patitur
849 2050 1018 2118 Deus,
1049 2060 1214 2122 atque
1238 2051 1529 2122 ﬂagdtum.

117 2117 217 2189 liae
235 2117 356 2172 bona
377 2135 508 2173 crux
533 2117 738 2174 Christi
763 2117 1402 2189 SimoniJubtieniiisii;

120 2186 218 2242 Non
237 2189 357 2242 vehit
385 2190 520 2244 hanc
543 2192 746 2262 gratis,
770 2186 886 2264 qua
910 2193 1002 2262 dat
1027 2193 1160 2247 bona
1191 2186 1381 2250 cuncta
1407 2195 1593 2258 beatis.

72 2279 306 2337 Abeodem
335 2281 622 2354 locopost
669 2286 994 2340 sententiam
1026 2286 1237 2354 crucis,
1285 2293 1342 2342 et
1365 2287 1598 2346 damna-

71 2372 193 2429 tionis
212 2373 261 2428 in
290 2373 802 2448 Jesum‘prolatam,
828 2393 1047 2435 crucem
1073 2377 1142 2435 ad
1173 2379 1278 2435 hoc
1320 2395 1600 2451 prapara-

72 2474 151 2519 tam
176 2465 531 2538 imposuerunt
565 2467 1056 2540 humerobont’ini
1075 2514 1090 2538 ,
1122 2479 1181 2528 ut
1210 2471 1463 2542 hajulans
1491 2473 1597 2532 sibi

69 2573 266 2626 crucem,
309 2559 447 2616 hanc
495 2577 677 2631 usque
705 2562 773 2618 ad
802 2563 1002 2623 locum,
1019 2563 1250 2634 patibuli
1283 2565 1387 2620 sibi
1414 2564 1596 2627 defer,-

67 2659 140 2703 ret.
169 2647 233 2704 Ex
271 2658 394 2706 tunc
421 2651 722 2723 adimpleta
755 2662 838 2709 est
864 2652 1018 2710 Isaia
1051 2655 1334 2726 prophetia
1365 2675 1379 2711 :
1413 2655 1480 2710 Et
1507 2657 1597 2726 fa-

67 2748 150 2810 ctus
168 2751 230 2794 est
269 2742 599 2812 principatus
627 2742 741 2813 ejus
783 2761 941 2815 super
981 2745 1258 2800 humerum
1297 2747 1444 2818 ejus,
1491 2757 1594 2818 etc.

66 2832 165 2894 Cum
187 2850 300 2890 vero
317 2835 650 2908 defatigatus
670 2836 829 2894 Jesus
856 2839 926 2895 ob
941 2855 1161 2911 gravem
1188 2839 1370 2897 crucis
1399 2841 1597 2896 molem

63 2925 323 2982 trahendam
372 2929 751 2984 retardaretur
801 2931 858 2986 in
907 2933 1120 3000 eundo,
1179 2941 1234 2988 et
1279 2933 1410 2990 huic
1459 2949 1597 3004 pene

63 3024 170 3070 esset
211 3018 349 3072 oneri
386 3018 591 3090 impar,
645 3022 958 3092 supervenit
1011 3023 1236 3094 quidam
1263 3022 1594 3096 Cyrenaus;

62 3104 170 3161 hunc
194 3111 610 3181 angariaverunt
648 3114 894 3170 eamdem
939 3131 1157 3173 crucem
1191 3126 1411 3190 portare
1438 3118 1596 3188 juxta

60 3196 108 3250 ad
128 3196 601 3276 Calvariaiocum.
621 3273 625 3275 _

111 3290 213 3348 Erat
249 3305 375 3368 tunc
427 3297 701 3369 temporis
726 3297 884 3369 juxta
914 3299 1080 3354 situm
1124 3299 1358 3371 antiqua
1409 3300 1596 3370 urbis,

59 3381 173 3439 locus
192 3385 448 3460 Calvaria‘
469 3399 632 3453 extra
649 3389 928 3462 civitatem
951 3433 972 3458 ι
999 3392 1092 3462 qui
1123 3400 1240 3456 erat
1267 3377 1365 3462 pro
1384 3393 1596 3465 capita:

55 3470 105 3531 lis
144 3482 400 3550 sententia
456 3481 742 3546 damnatis
803 3481 1128 3551 destinatus.
1178 3480 1278 3540 Hic
1331 3483 1486 3542 locus
1529 3500 1598 3549 ex

54 3567 381 3641 damnatorum
430 3574 502 3646 ad
557 3575 1245 3646 mortemdecalvatione,
1286 3593 1353 3634 ex
1385 3578 1598 3641 abrasis

49 3675 198 3732 eorum
234 3666 514 3738 crinibus,
561 3684 629 3722 ex
665 3669 1003 3740 consumptis
1032 3668 1198 3740 lenta,
1225 3685 1360 3728 aura
1406 3685 1597 3727 eorum

51 3755 304 3825 capitibus,
343 3759 516 3813 etiam
546 3774 717 3814 carne
747 3758 1062 3827 denudatis,
1091 3770 1145 3816 et
1185 3771 1366 3816 tamen
1395 3777 1503 3816 non
1541 3762 1598 3832 in

49 3855 207 3916 terram
243 3849 478 3907 defossis
531 3850 839 3918 dicebatur,
885 3862 938 3906 et
985 3861 1103 3907 erat
1141 3862 1286 3908 certe
1333 3853 1604 3924 Calvaria

49 3933 165 3992 locus
192 3957 204 3995 ;
232 3941 312 3995 vel
333 3941 588 4010 demum,
629 3941 774 4012 quod
805 3941 934 4011 ideo.
967 3943 1070 3997 tale
1099 3945 1328 4008 sortitus
1378 3945 1450 4000 sit
1493 3961 1597 4004 nos:

46 4042 138 4082 men
151 4032 327 4102 Lquod
356 4033 413 4088 in
445 4049 518 4090 eo
558 4033 640 4088 rei
674 4033 1122 4104 decalvahantur,
1151 4036 1204 4102 id
1235 4045 1319 4092 est
1346 4037 1595 4099 damnari

47 4117 262 4176 solebant.
302 4122 629 4196 ldem_vero
661 4124 850 4194 locus,
885 4125 980 4196 qui
1025 4135 1079 4181 et
1106 4125 1368 4194 [Iebraice
1399 4127 1595 4200 Colgo:

42 4207 135 4276 tia,
159 4221 265 4267 erat
293 4214 347 4270 in
371 4215 526 4272 edita
570 4232 736 4287 rupe,
766 4217 906 4274 sicut
935 4227 988 4272 et
1019 4218 1180 4274 hodie
1209 4219 1414 4290 passim
1443 4229 1596 4275 extra

43 4300 244 4362 civitates
267 4307 413 4363 edita
435 4351 451 4377 ,
470 4309 816 4382 conspicua,
845 4318 898 4366 et
920 4310 1279 4366 eminentiora
1317 4311 1432 4366 loca
1466 4327 1597 4382 snp-

40 4392 167 4462 plicio
186 4398 582 4470 damnatorum
618 4413 747 4458 sunt
777 4402 1066 4460 destinata.
1100 4403 1318 4461 Interim
1338 4448 1352 4474 ,
1383 4405 1513 4460 dum
1543 4406 1603 4474 in,

38 4487 189 4545 eadem
231 4510 365 4564 rupe
403 4511 512 4566 pro
568 4495 924 4554 cruciﬁxione
965 4496 1149 4553 omnia
1186 4497 1595 4568 adaptarentur,

1703 607 1830 648 ecce
1862 593 2007 650 filius
2051 601 2179 648 tuu’s
2227 611 2242 647 :
2291 593 2410 648 hac
2451 593 2617 649 modo
2672 595 2849 672 patior
2876 611 2944 653 ex
2995 599 3285 671 liliatione,

1704 701 1868 757 quam
1895 701 1960 741 ex
1983 686 2346 741 tuacontraxi
2374 687 2749 752 maternitate;
2783 681 2892 743 non
2920 676 3102 746 autem
3127 672 3195 748 ex
3221 685 3287 751 ea

1703 777 1878 850 habeo
1903 779 2166 847 miracula
2214 778 2410 833 facere.
2441 777 2598 834 Unde
2623 789 2676 840 et
2701 775 2829 834 alibi
2857 775 2912 836 in
2943 767 3286 852 nuptiisCa-

1703 884 1789 924 na
1817 869 2051 926 Galiia'a
2077 889 2091 925 :
2122 869 2264 936 Quid
2315 870 2464 929 mihi
2483 879 2533 924 et
2569 871 2693 939 tibi,
2715 870 2943 938 mulier?
2967 867 3144 940 siead
3169 891 3291 931 ma-

1702 970 1890 1032 trem..
1915 961 2116 1028 Deinde
2161 978 2292 1017 vero
2338 962 2406 1024 ad
2437 961 2700 1018 Joannem
2735 982 2748 1018 :
2787 963 2922 1019 Ecce
2960 977 3130 1033 mater
3159 978 3288 1039 tua,

1702 1070 1867 1127 quam
1899 1071 2092 1126 nempe
2121 1056 2218 1111 tibi
2251 1056 2448 1112 dilecto
2472 1072 2582 1128 pra
2614 1057 2843 1129 reliquis
2866 1044 3135 1131 discipulo
3155 1049 3288 1121 meo

1703 1147 1760 1202 in
1815 1147 1995 1203 lilialis
2051 1149 2359 1204 devotionis
2425 1158 2480 1204 et
2550 1149 3042 1211 administrationis
3095 1139 3287 1212 curam

1701 1241 2044 1296 commendo.
2943 1313 2946 1319 Ι

1771 1333 1828 1388 In
1880 1335 2003 1390 loco
2047 1335 2343 1402 Calvaria,
2377 1349 2499 1391 eum
2531 1336 2599 1393 in_
2626 1347 3084 1408 crucepateretur
3108 1326 3286 1399 hostia

1703 1427 1921 1495 mundi,
1947 1427 2146 1482 latroni
2181 1426 2435 1497 pendenti
2467 1427 2536 1489 ad
2566 1427 2850 1487 dexteram.
2879 1432 3047 1494 abeo
3081 1435 3284 1504 petenti

1701 1518 1936 1590 veniam,
1968 1517 2162 1586 stolam
2186 1517 2612 1577 immortalitatis
2636 1520 2906 1589 promisit.
2938 1521 3137 1579 Deinde
3160 1540 3288 1580 cru-

1699 1610 1779 1666 cis
1806 1610 1861 1664 in
1890 1609 2135 1681 patibulo
2165 1609 2218 1664 in
2252 1609 2420 1665 latere
2445 1609 2638 1666 dextro
2681 1612 2863 1669 cordis
2889 1614 3076 1670 lancea
3106 1615 3288 1686 perfo—

1701 1711 1851 1758 ratus
1877 1700 2036 1758 Jesus
2055 1744 2070 1770 ,
2100 1701 2422 1774 sanguinem
2453 1701 2638 1759 emisit
2669 1711 2724 1758 et
2765 1719 2986 1775 aquam.
3016 1704 3095 1762 Ex
3129 1707 3288 1778 cujus

1701 1793 1984 1865 sanguinis
2011 1801 2065 1850 et
2090 1809 2246 1865 aqua
2274 1793 2416 1850 stilla
2433 1835 2448 1861 ,
2481 1801 2631 1848 motu
2663 1794 2880 1864 pietatis
2902 1804 2956 1850 et
2982 1795 3287 1854 confessio-

1701 1885 1788 1940 nis
1815 1885 1987 1957 aperti
2019 1893 2150 1941 sunt
2176 1884 2321 1941 oculi
2350 1882 2616 1956 Longini,
2645 1885 2741 1956 qui
2768 1901 2892 1942 eum
2921 1897 3290 1960 percusserat.

1700 1985 1761 2032 ut
1790 1985 1844 2032 et
1882 1977 2000 2048 ipse
2029 1976 2322 2034 crediderit
2369 1976 2426 2032 in
2459 1977 2762 2047 Christum.
2821 1978 3057 2045 Domino
3105 1989 3289 2047 autem

1700 2078 1890 2139 nostro
1929 2069 1987 2124 in
2014 2069 2194 2126 crucis
2245 2068 2427 2140 stipite
2471 2077 2691 2125 mortuo
2708 2111 2738 2139 ,_
2773 2077 2828 2125 et
2858 2070 3100 2132 animam
3130 2086 3288 2132 suam

1701 2171 1891 2234 sponte
1911 2162 2245 2234 deponente,
2279 2162 2460 2230 velum
2487 2162 2671 2234 templi
2703 2163 2938 2219 scissum
2965 2171 3050 2219 est
3075 2178 3107 2218 a
3137 2178 3291 2230 sum-

1701 2237 1792 2311 mo
1820 2271 1994 2326 usque
2021 2256 2279 2314 deorsum
2316 2274 2328 2310 :
2361 2254 2629 2313 eteadem
2658 2264 2842 2325 petra,
2879 2254 2980 2312 cui
2998 2270 3135 2311 crux
3167 2262 3286 2312 erat

1702 2345 1896 2416 infixa,
1934 2347 2075 2403 inea
2118 2355 2270 2418 parte
2300 2362 2408 2417 qua
2439 2346 2740 2402 Salvator-is
2783 2347 3050 2418 sanguine
3097 2355 3286 2419 tange-

1700 2437 1880 2505 batur,
1910 2446 1993 2493 est
2018 2452 2116 2508 per
2136 2437 2374 2493 medium
2402 2437 2603 2505 scissa;
2629 2453 2725 2508 per
2745 2453 2914 2508 quam
2943 2451 3289 2508 consequent

1701 2538 1783 2584 ter
1820 2529 2117 2596 scissuram
2169 2528 2236 2583 ad
2288 2528 2544 2584 interiora
2595 2538 2761 2599 petra
2804 2526 3030 2599 sanguis
3080 2527 3290 2594 Christi

1699 2619 1942 2687 defluxit.
1991 2619 2188 2676 Dicunt
2217 2619 2404 2690 aliqui
2433 2621 2490 2680 in
2533 2620 2723 2676 eodem
2764 2620 2884 2675 loco
2913 2619 3085 2686 Adam
3115 2617 3290 2688 fuisse

1700 2713 2005 2782 sepultum,
2028 2721 2084 2767 et
2109 2711 2188 2767 sic
2213 2712 2269 2766 in
2298 2710 2564 2783 sanguine
2588 2709 2792 2772 Christi
2818 2711 3174 2784 baptizatum.
3205 2711 3288 2767 Ad

1700 2803 1858 2874 cujus
1883 2803 1960 2857 rei
1991 2802 2426 2874 designationem
2473 2811 2730 2857 asserunt
2767 2801 2913 2877 quod
2956 2817 3022 2857 ex
3055 2803 3159 2862 hac
3194 2817 3284 2857 ra-

1701 2897 1848 2950 tione
1875 2903 2037 2965 caput
2063 2895 2264 2950 mortui
2293 2894 2359 2949 ad
2382 2893 2630 2950 cruciﬁxi
2659 2893 2824 2964 pedes
2845 2894 3065 2964 appingi
3089 2893 3282 2949 soleat.

1703 2988 1806 3041 Sed
1840 2987 1944 3041 hor
1979 2987 2192 3041 facilius
2222 2975 2504 3053 asseritur,
2552 3001 2718 3056 quam
2765 3001 2952 3042 verum
2997 2995 3100 3042 est.
3152 2984 3286 3042 Nam

1701 3080 1817 3150 ipsa
1849 3096 2002 3135 sacra
2033 3078 2315 3150 Scriptura
2344 3079 2489 3134 clare
2518 3087 2748 3134 testatur
2776 3077 2948 3133 Adam
2981 3077 3033 3132 in
3061 3076 3280 3132 Hebron

1703 3169 1872 3226 fuisse
1905 3171 2199 3240 sepultum.
2232 3169 2336 3225 Per
2362 3169 2660 3225 deformem
2695 3178 2876 3224 autem
2921 3168 3162 3225 hominis
3191 3170 3285 3225 de-

1701 3261 1902 3317 mortui
1933 3260 2158 3328 faciem,
2202 3276 2326 3332 qua
2353 3261 2549 3318 subtus
2594 3259 2662 3316 ad
2704 3259 3024 3316 cruciﬁxum
3051 3247 3284 3332 apponi-4

1701 3362 1809 3420 tur,
1836 3368 1985 3408 mors
2014 3353 2198 3424 potius
2227 3360 2283 3408 et
2305 3351 2428 3425 ejus
2457 3352 2752 3408 destructio
2782 3350 3112 3418 denotatur;
3137 3351 3285 3409 unde

1701 3446 1966 3503 Dominus
1997 3467 2010 3504 :
2045 3447 2089 3504 ο
2118 3462 2280 3514 more,
2326 3461 2417 3500 ero
2455 3461 2598 3500 mors
2628 3452 2743 3512 tua,
2774 3443 2828 3499 id
2865 3450 2949 3499 est
2982 3443 3285 3501 destructio

1701 3545 1812 3596 tua.

1771 3652 1851 3707 Ad
1899 3649 2435 3724 dexterammajoris
2479 3649 2744 3721 ecclesia,
2775 3650 2830 3704 in
2879 3649 3106 3708 introitu
3131 3649 3289 3707 locus

1699 3743 1922 3816 quidam
1950 3743 2214 3800 Calvaria
2247 3752 2364 3812 est,
2401 3743 2456 3797 in
2485 3742 2643 3814 cujus
2671 3741 2940 3812 superiori
2966 3750 3118 3813 parte
3139 3742 3282 3800 scis-

1701 3852 1829 3892 sura
1880 3836 2123 3907 cjusdem
2154 3845 2320 3906 petra
2341 3823 2676 3902 Ostenditur,
2703 3842 2758 3890 et
2795 3850 3012 3891 summa
3053 3850 3280 3893 venera-

1703 3926 1849 3980 tione
1873 3925 2153 3993 recolitur,
2177 3936 2232 3981 et
2255 3927 2434 3982 adhuc
2459 3927 2620 3982 hodie
2645 3927 2989 3996 venientibus
3013 3927 3139 3984 illuc
3160 3943 3289 3984 cum

1703 4031 1896 4086 magna
1928 4015 2127 4086 pietate
2152 4015 2476 4080 ostenditur.
2503 4015 2561 4084 In
2596 4017 2785 4082 eadem
2832 4025 2985 4087 parte
3015 4018 3288 4088 superiori

1703 4107 1964 4178 praeclaro
2007 4109 2221 4180 mnsivo
2258 4123 2422 4180 opere
2449 4109 2678 4180 pulchre
2723 4109 2937 4180 depicta
2973 4111 3286 4168 continetur

1701 4196 1885 4267 passio
1911 4196 2151 4265 Christi,
2179 4207 2234 4253 et
2258 4198 2536 4270 sepultura
2561 4199 2708 4270 ejus,
2736 4215 2862 4256 cum
2891 4199 3286 4272 prophetarum

1703 4289 2017 4345 testimonio
2047 4298 2212 4361 gesta
2246 4289 2322 4345 rei
2353 4290 2480 4346 hinc
2512 4289 2636 4345 inde
2664 4304 2928 4346 consono.
3291 4275 3296 4280 ’

1775 4379 1914 4439 Nota
1941 4381 2089 4454 quod
2125 4382 2178 4436 in
2207 4382 2354 4438 dicto
2376 4381 2642 4438 Calvaria
2669 4382 2790 4438 loco
2824 4398 2957 4442 crux
2984 4397 3140 4440 sacra
3161 4397 3292 4440 cum

1702 4490 1931 4546 corpore
1969 4474 2174 4530 Christi
2220 4473 2385 4530 fuerit
2429 4475 2494 4542 in,
2539 4474 2803 4539 rotundo,
2821 4472 3090 4538 foramine
3121 4459 3293 4548 petra

37 4574 259 4640 Dominus
284 4550 1595 4660 gosge,,n'quod,m,fC,{;,,;,‘,;,;,,,o‘,,co;
1632 4550 1675 4606 Ι)
1704 4567 1870 4660 infixa
1917 4575 1970 4622 et
2015 4567 2708 4660 stabilita,:utpote,_cum
2745 4566 2924 4660 adhuc
2948 4566 3287 4660 hocpatens

33 4673 106 4742 qui
133 4684 276 4747 tunc,
306 4688 504 4751 utpote
533 4689 692 4736 extra
729 4690 969 4751 montem
999 4681 1597 4758 positus,‘ca,mpcstris

31 4773 150 4834 erat,
179 4768 391 4827 vinctus
423 4771 600 4843 quasi
628 4772 682 4826 in
715 4788 934 4829 carcere
968 4773 1322 4840 servabatur;
1349 4773 1439 4847 hic
1481 4774 1599 4844 ipse

31 4852 155 4928 locus
169 4876 307 4919 nunc
329 4864 574 4919 modum
591 4864 811 4936 capella
833 4873 1202 4936 reprasentat,
1219 4873 1272 4920 et
1287 4865 1466 4936 adhuc
1485 4881 1601 4920 car-

30 4960 100 5002 cer
120 4948 322 5009 Domini
350 4964 624 5025 vocatur,
672 4962 862 5023 etest
885 4963 1029 5012 recte
1076 4955 1131 5009 in
1171 4955 1432 5025 opposita.
1448 4963 1600 5025 parte

29 5035 254 5117 Calvaria
276 5047 336 5102 in
361 5047 607 5103 sinistra
628 5045 816 5101 absida
831 5046 1094 5104 ecclesia.
1123 5045 1230 5102 Alii
1249 5054 1432 5114 tamen
1446 5045 1602 5100 aliter

29 5127 78 5187 de
96 5135 269 5193 eodem
293 5139 563 5194 sentiunt
585 5137 707 5193 loco
727 5137 912 5214 ,nsicut
933 5152 1172 5211 prasens
1207 5135 1410 5191 audivi.

80 5223 266 5303 Postea.
278 5231 336 5286 in
359 5231 498 5303 loco
523 5228 793 5302 Calvariae
816 5228 976 5300 Pilati
1000 5229 1156 5301 jussu
1177 5227 1605 5306 Judaorumque

29 5311 230 5389 intpulsu
259 5321 578 5396 Dominum
614 5330 862 5390 nostrum
902 5321 1378 5391 tunicaexutum,
1402 5316 1525 5373 felle
1551 5325 1606 5373 et

29 5421 148 5466 loeto
170 5425 422 5486 potatum
446 5415 708 5487 ,_milites
752 5415 985 5486 Romani
1020 5414 1202 5470 crucis
1237 5403 1482 5483 patibulo
1517 5409 1604 5480 af:

29 5498 244 5563 ﬁxerunt.
284 5507 346 5563 in
403 5524 576 5580 quo,
611 5508 742 5562 dum
791 5517 1067 5579 pateretur
1119 5504 1310 5580 Iesus,
1365 5504 1604 5561 Joannes

29 5606 221 5654 atrem
256 5599 396 5656 Iesu
450 5600 570 5656 sibi
613 5600 1050 5667 commendatam
1095 5599 1150 5654 in
1191 5614 1349 5667 suam
1397 5597 1607 5668 accepit

29 5692 315 5752 potestatem
337 5732 354 5758 ,
405 5697 476 5745 ut
525 5688 684 5760 virgo
714 5686 992 5762 Virginem
1032 5687 1364 5756 custodiret,
1393 5682 1607 5743 dicente

29 5774 123 5833 Iesu
155 5783 315 5839 matri
359 5797 488 5838 sua
523 5799 540 5837 :
587 5780 799 5850 Mulier,
845 5773 960 5837 ecce
987 5781 1132 5852 [ilius
1179 5789 1336 5844 tuus;
1380 5779 1606 5834 demon-

29 5875 347 5949 arationem,
407 5887 475 5933 ut
519 5876 749 5948 quidam
780 5884 1063 5945 asserunt,
1095 5874 1177 5933 vel
1206 5873 1272 5930 ad
1302 5871 1567 5930 Joannem
1587 5913 1604 5942 ,

1706 4657 1964 4727 foramen,
1984 4668 2038 4714 et
2067 4657 2157 4734 sit,
2182 4667 2241 4734 et
2264 4659 2534 4728 videatur,
2561 4658 2698 4714 adeo
2741 4666 2803 4724 ut
2844 4657 2899 4712 in
2946 4657 3076 4717 illud
3102 4657 3289 4712 multa

1707 4751 1944 4807 fidelium
1973 4751 2278 4806 oblationes
2316 4751 2698 4818 immittantur,
2730 4749 2999 4821 pracipue
3033 4748 3125 4804 ubi
3154 4763 3291 4804 crux

1708 4857 1864 4896 sacra
1898 4840 2077 4913 stetit,
2099 4851 2160 4910 get
2203 4841 2584 4920 sanctissimus
2624 4839 2849 4912 sanguis
2876 4854 2942 4894 ex
2963 4837 3132 4894 latere
3157 4837 3300 4918 dex-V

1709 4924 1825 4991 tero
1855 4934 1924 4989 ad
1953 4935 2112 4990 dicta
2148 4945 2313 5006 petra
2339 4923 2534 5033 rimam
2556 4932 2796 4995 defluxit.

1774 5047 2056 5119 Potiorum
2087 5046 2332 5119 opinioni
2357 5061 2659 5122 congruum
2675 5042 3068 5118 essevidetur,
3093 5040 3294 5118 faciem

1705 5139 1922 5199 Domini
1952 5141 2009 5195 in
2034 5155 2198 5205 cruce
2219 5137 2536 5210 pendentis,
2551 5133 2925 5218 expositionis
2945 5131 3292 5202 necessitate,

1703 5231 2198 5301 versu.s,orientem-.
2212 5230 2519 5300 respexisse
2536 5227 2806 5307 etfuisse.
2843 5224 3006 5282 Juxta
3038 5223 3302 5302 eumdem.

1705 5324 1885 5380 locum
1914 5339 2055 5395 sape
2087 5323 2298 5387 dictum
2337 5321 2390 5376 in
2412 5320 2683 5398 superiori
2724 5327 2885 5392 parte
2916 5319 2985 5376 ad
3011 5318 3294 5374 dexteram

1704 5424 1788 5470 est
1825 5415 1996 5477 altare
2032 5413 2194 5474 modo
2229 5397 2470 5483 positum.
2495 5420 2551 5486 et
2581 5411 2634 5465 in
2682 5397 2947 5466 honorem
2996 5407 3296 5466 Dominica

1706 5505 1981 5577 passionis
2015 5490 2395 5573 consecratum
2414 5545 2430 5572 ,
2458 5513 2513 5560 et
2541 5511 2690 5559 totus
2714 5502 2801 5557 ille
2831 5501 2984 5558 locus
3006 5501 3076 5557 ab
3098 5500 3296 5556 eadem

1709 5585 1964 5667 passione
2010 5596 2412 5652 denominatur.
2461 5594 2688 5652 Inferior
2712 5609 2846 5650 vero
2886 5609 3013 5666 pars
3041 5589 3298 5662 ejusdem.

1709 5687 1975 5743 Calvaria
2028 5687 2222 5744 subtus
2277 5686 2519 5743 continet
2575 5685 2744 5742 altare
2765 5727 2780 5754 ,
2837 5695 2892 5740 et
2948 5690 3173 5737 vocatur
3223 5680 3302 5738 ad

1713 5779 1973 5834 Sanctum
2002 5775 2366 5850 Sanguinem,
2395 5777 2525 5848 quia.
2544 5793 2610 5830 eo
2647 5790 2820 5844 usque
2843 5765 2940 5843 per
2970 5772 3164 5826 rimam
3199 5783 3294 5838 pe-

1713 5881 1809 5926 tra
1857 5869 2080 5944 sanguis
2118 5867 2334 5925 Domini
2370 5867 2572 5922 dicitur
2622 5861 2941 5931 deﬂuxisse,
2993 5862 3088 5933 qui
3136 5859 3313 5923 locu;
