3812 6312
510 345 653 403 1079

1049 345 1143 400 AD
1179 345 1631 405 GODEFRIDUM
1667 346 1961 407 APPEND.
2002 347 2067 409 ιι.
2106 381 2110 390 ·

2221 349 2482 411 uomunt.
2521 351 2611 411 nr.
2649 350 2873 419 unum
2905 315 3156 422 Sacae.

3570 367 3667 433 ιιιι

507 461 673 519 hodie
721 477 753 519 a
788 470 948 535 tergo
982 459 1230 533 ejusdem
1278 463 1467 521 altaris
1507 462 1825 536 designatus
1870 474 1956 523 est
2000 481 2097 539 per
2124 470 2171 532 Α
2201 466 2445 533 Thomas
2464 468 2645 527 intulit
2676 468 2975 535 :Domim
3016 487 3165 527 meus
3203 479 3253 527 et
3283 471 3411 532 Bm
3443 486 3585 543 ne»:
3607 488 3667 549 ιιι

508 554 809 628 quamdam
834 553 1229 611 concavitatem
1257 555 1501 626 ejusdem
1546 565 1742 627 petrae,
1772 556 1867 614 ubi
1897 556 2100 630 depen-

506 648 600 705 det
629 646 871 719 ampulla
897 662 1024 704 cum
1049 647 1310 703 continua
1332 647 1755 706 illuminatione.

578 736 641 795 In
676 739 799 796 loco
829 739 1013 812 itaque
1046 738 1333 807 Calvariae,
1359 748 1421 797 ut
1464 739 1730 809 diximus,
1762 740 1984 799 tertium
2004 757 2100 800 sa-

503 840 852 889 cramentum
889 839 973 889 est
1014 830 1315 902 impletum,
1346 840 1403 888 et
1434 833 1657 889 tertium
1685 833 1924 906 sigillum
1950 832 2103 906 Apo-

503 921 763 995 calyptici
783 922 957 979 clausi
986 921 1110 976 libri
1152 923 1416 980 solutum.
1448 921 1820 981 Transeamus
1854 940 2005 982 nunc
2034 926 2104 983 ad

504 1012 744 1086 reliqua,
793 1020 849 1070 et
908 1011 1089 1069 adhuc
1142 1012 1366 1070 residua
1420 1011 1589 1086 hujus
1642 1014 1814 1073 clausi
1854 1014 1979 1073 libri
2023 1014 2103 1071 si-

502 1104 658 1176 gina.

1128 1217 1358 1276 CAPUT
1408 1219 1501 1279 IX.

510 1313 687 1386 Locus
716 1312 1002 1371 meditullii
1029 1313 1171 1386 orbis
1197 1322 1481 1386 terrarum,
1504 1312 1784 1386 Emmaus,
1807 1314 2104 1386 sepulcrum

580 1385 819 1461 Domini,
841 1384 1166 1461 quietiamde
1188 1381 1485 1461 insignibus
1510 1381 1892 1447 Germanorum
1912 1387 1976 1443 de
1996 1386 2109 1442 Pa-

580 1456 775 1512 lestina
800 1454 1007 1511 meritis
1034 1456 1286 1511 adversus
1300 1454 1359 1509 'F
1363 1454 1572 1512 raitcos.

586 1569 648 1627 In
680 1571 863 1628 medio
914 1571 1087 1627 choro
1124 1569 1509 1639 Dominarum,
1557 1586 1670 1627 non
1717 1571 1877 1643 longe
1915 1585 1948 1627 a
1986 1570 2112 1630 loco.

511 1661 802 1731 Calvarize,
850 1670 938 1719 est
969 1661 1192 1734 quidam
1230 1662 1408 1731 locus,
1445 1662 1750 1720 elevatione
1796 1663 2109 1722 tabularum

2201 557 2572 631 apparitiones
2616 558 2825 617 Christi
2866 560 3201 633 resurgentis
3240 576 3331 633 per
3363 564 3578 635 picturam
3605 578 3668 636 te.

2202 659 2583 739 monstrantur
2603 650 2660 706 in
2688 650 2813 708 loco
2861 650 3065 708 montis
3105 652 3261 721 Sion,
3284 656 3524 718 scilicetin
3546 681 3671 739 crypta

2200 738 2431 821 majoris
2455 739 2721 808 ecclesiae,
2744 740 2839 805 ubi
2858 741 3030 805 etiam
3056 740 3356 814 «nam
3383 738 3673 817 Ποιιίιιιιιιοο

2203 838 2315 893 ste:
2336 831 2503 902 pedes
2522 848 2749 894 suorum
2778 832 3179 904 discipulorum
3199 834 3407 906 lavisse,
3431 855 3531 899 cum
3553 851 3673 905 tuui-

2202 923 2347 983 l‘esta
2377 925 2667 998 utriusque
2687 924 2819 984 facti
2840 926 3234 999 descriptione.
3266 926 3389 989 Post
3418 941 3677 997 resurrectio.

2204 1033 2331 1077 nem
2352 1017 2518 1075 etiam
2544 1033 2707 1077 secus
2727 1033 2881 1077 mare
2909 1017 3239 1088 Tiberiadis,
3257 1029 3311 1076 et
3328 1021 3380 1077 in
3405 1025 3519 1081 mari
3546 1017 3677 1086 tardi-

2206 1110 2433 1182 scipulis
2469 1111 2586 1171 suis
2629 1110 2793 1169 Iesus
2835 1126 2897 1169 se
2940 1110 3681 1186 manifestavitmtpretulm

2206 1203 2336 1259 alibi
2369 1203 2647 1263 multoties
2672 1203 2744 1261 ad
2763 1202 2983 1275 plenam
3000 1212 3058 1260 et
3083 1203 3435 1263 indubitatam
3450 1211 3683 1281 eorum
3768 1220 3769 1233 ‘

2206 1296 2414 1359 tionem
2452 1311 2569 1361 sum
2613 1296 3040 1359 resurrectionis
3056 1296 3175 1368 iam
3204 1295 3380 1375 tacte,
3412 1307 3460 1358 et
3487 1305 3683 1372 metu

2207 1403 2431 1451 carnem
2452 1387 2875 1452 resurrectionis
2903 1388 3084 1453 adhuc
3104 1386 3321 1449 totum.

2196 1524 2203 1535 .
2277 1476 2546 1545 Caeterum
2570 1479 2861 1551 dispositio
2885 1479 3261 1547 monumenti,
3290 1479 3343 1534 in
3366 1495 3465 1552 quo
3480 1491 3549 1539 est
3567 1498 3689 1556 ειμι-ι

2209 1582 2364 1626 crum
2388 1569 2628 1639 Domini,
2654 1578 2835 1642 potest
2878 1571 2959 1635 ita
2979 1569 3219 1643 depingi.
3252 1567 3443 1641 Nempe
3464 1571 3592 1643 hujus
3609 1589 3689 1632 nos

2211 1661 2459 1718 numenti
2484 1662 2641 1720 locus
2689 1661 2805 1719 fere
2835 1662 3127 1719 rotundam
3169 1660 3334 1718 habet
3364 1659 3691 1732 (omnium

513 1754 585 1811 de
641 1770 957 1826 marmore,
1000 1763 1057 1810 et
1098 1754 1457 1811 reticulorum
1502 1753 1808 1811 ferreorum
1857 1765 2112 1813 concate—
2141 1816 2183 1826 __
2213 1753 2429 1810 musivo
2477 1768 2644 1825 opere
2680 1754 3015 1810 decoratam.
3064 1750 3248 1824 Hujus
3288 1752 3354 1808 ad
3393 1753 3620 1813 introitum
3648 1758 3693 1813 ab
3768 1802 3769 1805 η

516 1847 740 1903 natione
806 1846 863 1902 in
920 1816 1146 1903 modum
1170 1846 1360 1903 altaris
1406 1845 1746 1919 designatus,
1785 1845 1926 1903 infra
1971 1863 2112 1918 quas
2141 1816 2186 1879 Β
2213 1846 2423 1910 oriente
2446 1816 2677 1919 parvum
2716 1847 2973 1913 ostiolum
3005 1816 3177 1925 patet,
3220 1854 3347 1903 ante
3372 1846 3503 1917 quod
3534 1855 3695 1918 estpro-
3768 1874 3769 1895 ι

515 1939 731 1995 tabulas
755 1939 809 1994 in
839 1938 1152 2011 pavimento
1175 1938 1437 2005 orbiculis
1459 1938 1788 2010 quibusdam
1812 1938 1971 1997 factis
1992 1955 2111 1997 me-

515 2029 791 2086 ditullium
840 2036 1002 2084 terrae
1032 2028 1155 2085 esse
1182 2027 1402 2097 dicunt;
1430 2028 1588 2099 juxta
1628 2028 1763 2087 illud
1802 2047 1816 2084 :
1851 2027 2111 2099 Operatus

516 2127 594 2175 est
624 2119 849 2174 salutem
877 2119 934 2174 in
964 2118 1135 2179 medio
1186 2127 1360 2174 terres.
1402 2115 1461 2172 In
1502 2118 1693 2173 eodem
1726 2132 1947 2189 quoque
1990 2117 2113 2175 loco

517 2222 643 2285 post
691 2212 1148 2269 resurrectionem
1187 2226 1343 2279 suam
1387 2218 1644 2267 asserunt
1689 2207 1969 2266 Christum
2018 2225 2114 2282 ap-

517 2306 767 2378 paruisse
796 2304 980 2361 Maria:
1005 2304 1354 2377 Magdalenen.
1386 2303 1567 2372 Quare
1593 2302 1685 2361 hic
1724 2304 1879 2361 locus
1905 2304 1963 2361 in
1996 2320 2115 2360 ma-

518 2414 628 2471 gua
654 2396 1009 2458 veneratione
1037 2396 1288 2465 habetur,
1319 2394 1571 2467 lampade
1602 2394 1769 2461 etiam
1792 2395 1942 2453 intus
1961 2395 2113 2468 jugi-

517 2498 604 2549 ter
632 2489 883 2558 ardente.
905 2486 1189 2551 Allirmant
1220 2488 1446 2560 insuper
1473 2487 1720 2559 quidam,
1746 2487 1897 2560 quod
1934 2487 1992 2544 in
2014 2503 2115 2545 eo-

513 2583 643 2641 dem
667 2598 889 2656 quoque
916 2583 1039 2644 loco
1059 2578 1260 2654 ioseph
1291 2594 1492 2659 corpus
1526 2578 1655 2637 Jesu
1686 2595 1722 2645 a
1747 2579 1923 2647 Pilato
1943 2581 2114 2652 impe-

519 2676 769 2745 traverit,
797 2675 943 2747 quod
972 2690 1170 2747 corpus
1202 2673 1399 2730 deinde
1435 2671 1635 2744 Joseph
1665 2673 1856 2731 eadem
1897 2673 2006 2742 die,
2061 2672 2115 2738 id

524 2780 611 2828 est
636 2767 773 2827 feria
797 2779 973 2837 sexta,
1009 2767 1077 2824 de
1121 2782 1285 2823 cruce
1321 2765 1594 2839 deposuit,
1617 2765 1770 2834 lavit,
1806 2774 2116 2832 reverenter

530 2861 788 2936 pretiosis
818 2859 1133 2934 unguentis,
1178 2844 1487 2930 liquoribus
1523 2873 1588 2914 ac
1620 2857 1959 2921 aromatibus
1979 2874 2115 2919 eone

530 2955 688 3023 divit,
715 2955 772 3012 in
796 2953 1042 3026 syudone
1065 2951 1268 3009 munda
1296 2949 1543 3017 involvit,
1564 2962 1619 3006 et
1639 2950 1768 3007 hinc
1795 2950 1940 3005 haud
1961 2950 2118 3022 longe

523 3046 775 3120 sepelivit
802 3044 857 3115 in
892 3044 1054 3105 horto
1093 3043 1149 3099 in
1178 3050 1556 3110 monumento,
1600 3041 1744 3115 quod
1774 3055 1976 3096 novum
2012 3039 2119 3096 sibi

526 3138 595 3197 de
624 3154 763 3210 rupe
788 3137 1109 3208 sculpserat.
1144 3132 1305 3191 Iesus
1328 3134 1536 3190 interea
1568 3133 1625 3189 in
1646 3146 1811 3189 cruce
1829 3148 1931 3204 pro
1956 3131 2117 3189 nobis

528 3239 790 3292 mortuus
805 3226 1085 3286 descendit
1108 3226 1178 3282 ad
1214 3223 1440 3291 inferos,
1482 3224 1551 3280 ad
1577 3222 1890 3291 liberandos
1912 3232 2115 3294 patres.

450 3392 455 3397 ,
524 3321 598 3381 Et
638 3337 736 3396 per
775 3321 919 3387 hanc
966 3319 1033 3377 ad
1072 3317 1277 3375 inferos
1301 3316 1714 3375 descensionem
1742 3324 1998 3388 quartum
2024 3330 2118 3372 sa-

527 3421 893 3479 cramentum,
918 3426 1014 3467 seu
1036 3409 1164 3465 libri
1188 3406 1563 3481 Apocalyptici
1584 3405 1821 3479 sigillum
1843 3421 1876 3462 a
1898 3404 2122 3468 Christo

527 3514 777 3579 apertum
805 3513 863 3573 et
887 3504 1128 3564 solutum
1152 3517 1275 3557 esse
1304 3499 1560 3557 dicimus.

598 3598 756 3671 Quod
780 3597 1039 3671 quintum
1081 3593 1343 3666 sigillum,
1393 3607 1489 3649 seu
1532 3590 1707 3648 clausi
1750 3590 2120 3663 Apocalyptici

526 3692 651 3749 libri
694 3678 1021 3762 mysterium
1064 3702 1129 3743 ac
1177 3694 1584 3742 sacramentum
1624 3683 1943 3751 concernit,
1990 3683 2121 3740 illud

526 3781 784 3839 Christus
826 3780 895 3835 de
938 3777 1276 3849 triumphata
1317 3784 1495 3832 morte
1544 3775 1782 3848 gloriose
1831 3790 2123 3848 resurgens

530 3875 762 3949 aperuit.
812 3870 872 3941 in
913 3870 1105 3928 eodem
1158 3870 1344 3942 itrque
1375 3869 1498 3931 loco
1553 3869 1847 3940 sepulturae
1884 3867 2125 3935 surrexit

530 3965 800 4034 Dominus
838 3978 966 4020 vere
996 3978 1024 4018 a
1062 3961 1317 4030 mortuis,
1339 3961 1426 4017 leo
1468 3959 1537 4017 de
1574 3961 1721 4017 tribu
1757 3959 1917 4031 Juda,
1949 3968 2126 4017 morte

532 4061 783 4119 subacta.
826 4057 903 4113 lbi
932 4056 1097 4115 etiam
1141 4055 1368 4127 angelus
1399 4053 1616 4110 Domini
1645 4055 1849 4111 sanctis
1876 4053 2123 4110 mulieri-

532 4151 640 4207 bus
669 4147 940 4221 apparuit,
970 4145 1268 4218 Jesumque
1303 4161 1434 4202 vere
1459 4146 1547 4202 die
1569 4147 1733 4202 tertia
1760 4146 2127 4203 resurrexisse

534 4260 567 4301 a
592 4241 826 4300 mortuis
853 4239 1145 4307 nuntiavit,
1176 4239 1433 4310 inquiens
1466 4257 1478 4293 :
1510 4236 1613 4307 Ite,
1650 4242 1963 4293 aununtr’ate
2009 4237 2125 4310 [ra--

536 4336 733 4403 tribus,
766 4342 873 4390 etc.
904 4330 973 4387 Et
999 4332 1197 4387 iterum
1239 4348 1257 4395 ε,
1287 4328 1391 4398 Ite,
1417 4330 1578 4386 dicite
1607 4329 1886 4400 discipulis
1907 4330 2047 4400 ejus,
2075 4338 2127 4384 et

535 4423 718 4481 Petro.
752 4422 952 4488 Eadem
976 4432 1178 4484 sanctae
1197 4419 1618 4485 resurrectionis
1638 4419 1725 4474 die
1750 4418 1817 4473 ad
1842 4433 2127 4489 vesperam

2211 1948 2438 2009 tectum,
2463 1956 2559 1997 seu
2597 1940 2843 2012 porticus
2881 1939 3151 2012 quadrata
3192 1953 3321 1995 cum
3342 1937 3533 2000 ditabis
3556 1939 3697 2009 imis.
3768 1932 3769 1973 Τ

2210 2029 2317 2095 Per
2344 2047 2514 2089 unam
2542 2032 2743 2089 harum
2772 2032 3216 2088 intromittuntur
3249 2029 3317 2086 ad
3342 2029 3604 2102 sepulcrum
3621 2047 3698 2086 mo-
3768 2024 3769 2105 ξ

2212 2134 2538 2182 numentum
2600 2123 2938 2198 ingressuri;
2998 2139 3099 2197 per
3169 2123 3397 2179 alteram
3446 2122 3700 2179 dimittuntur
3768 2162 3769 2189 ι

2212 2218 2510 2290 egressuri.
2534 2216 2594 2275 in
2623 2234 2689 2275 eo
2718 2233 2937 2291 quoque
2974 2223 3223 2291 protecta
3267 2214 3490 2271 resident
3526 2215 3700 2273 custodes

2214 2308 2471 2382 sepulcri.
2518 2306 2589 2371 Et
2640 2308 2860 2369 demum
2911 2305 3131 2363 tertium
3178 2304 3345 2360 habet
3382 2304 3556 2363 ostium
3576 2320 3703 2365 versus

2213 2400 2469 2457 chorum.
2500 2398 2692 2456 Eidem
2722 2405 3083 2455 monumento
3124 2394 3198 2453 ab
3237 2394 3518 2462 occidente,
3534 2393 3703 2451 videlicet

2214 2489 2283 2548 ad
2310 2497 2477 2562 caput
2524 2488 2762 2562 sepulcri
2804 2486 3116 2544 forinsecus
3161 2486 3465 2557 appositum
3499 2493 3567 2540 est
3594 2484 3709 2539 altare
3768 2480 3769 2485 “

2215 2598 2340 2640 cum
2365 2581 2604 2654 quadam
2627 2579 2895 2653 quadrata
2924 2577 3466 2650 supersediticatione,
3500 2575 3622 2646 cujus
3645 2590 3705 2646 pa-

2214 2675 2383 2733 rietes
2408 2683 2523 2731 tres
2564 2673 2633 2732 de
2652 2672 2898 2737 reticulis
2923 2668 3246 2740 ferramenti
3274 2664 3488 2743 pulchre
3506 2668 3707 2741 oppositis,

2215 2775 2272 2823 et
2299 2773 2530 2823 vocatur
2553 2764 2686 2821 illud
2723 2764 2896 2820 altare
2937 2762 3006 2819 ad
3044 2761 3363 2834 sepulcrum
3389 2759 3589 2816 Domini.
3615 2758 3709 2825 idem

2218 2868 2635 2917 monumentum
2665 2857 2801 2916 satis
2824 2857 3066 2929 amplum
3091 2855 3263 2915 habet
3282 2871 3441 2927 super
3461 2870 3513 2927 se
3534 2852 3713 2926 quasin-
3768 2912 3769 2915 η

2216 2954 2435 3011 borium
2449 2952 2767 3021 rotundum,
2789 2959 2844 3008 et
2863 2949 3119 3023 superius
3138 2949 3210 3005 de
3229 2956 3455 3021 argento
3465 2957 3713 3021 coopertum,

2218 3047 2276 3102 in
2310 3045 2482 3102 altum
2511 3045 2805 3111 elevatum,
2855 3057 3051 3099 versus
3090 3040 3347 3099 foramen
3394 3039 3514 3096 illud
3549 3038 3716 3109 amplum

2142 3167 2191 3230 ο
2220 3139 2276 3204 in
2306 3137 2502 3210 majori
2531 3138 2627 3194 illo
2644 3136 2877 3230 mdiﬂcio
2903 3135 3160 3230 superius
3183 3134 3437 3230 patulum
3454 3151 3478 3230 ,ε
3498 3132 3612 3203 quod
3634 3129 3717 3185 edi-
3768 3196 3769 3199 η

2219 3230 2404 3287 ﬁcium
2432 3228 2773 3293 circulariter
2794 3242 2922 3284 cum
2945 3224 3123 3283 forma
3149 3224 3389 3282 rotunda
3423 3223 3552 3281 circa
3582 3236 3718 3278 mouu-
3768 3246 3769 3249 η

2218 3331 2464 3381 mentum
2484 3322 2620 3379 satis
2645 3320 2908 3392 amplum,
2935 3318 2991 3375 in
3005 3327 3258 3375 extremo
3281 3317 3443 3374 habet
3458 3315 3718 3379 continuum,
3768 3312 3769 3389 ξ

2219 3416 2507 3488 parietem,
2535 3414 2769 3471 diversis
2790 3411 3142 3485 imaginibus,
3166 3410 3518 3483 pluribusque
3536 3403 3722 3478 lampadi-
3768 3420 3769 3429 ‘

2220 3508 2326 3577 bus
2358 3507 2748 3563 illuminatum.
2795 3503 2855 3560 In
2898 3503 3161 3561 strictiori
3188 3503 3401 3569 ambitu
3428 3501 3723 3575 ejusdemma-
3768 3504 3769 3509 ‘

2217 3599 2359 3671 joris
2380 3598 2595 3655 aediﬁcii
2622 3605 2748 3654 octo
2773 3596 3044 3655 columna:
3078 3610 3413 3663 nmrmoreze
3453 3590 3663 3657 rotunde,
3691 3594 3726 3643 et

2225 3690 2448 3748 totidem
2482 3691 2649 3747 bases
2698 3688 2999 3762 quadratae,
3046 3687 3277 3743 totidem
3307 3686 3501 3742 tabulis
3524 3681 3726 3755 quadratis
3768 3708 3769 3711 η

2224 3782 2551 3855 marmoreis
2574 3781 2884 3845 forinsecus
2911 3787 3150 3852 ornatae,
3166 3788 3221 3835 et
3245 3778 3635 3849 circumquaque
3650 3786 3726 3827 ere.

2225 3883 2326 3931 cta:
2347 3875 2620 3932 sustinent
2639 3873 2845 3941 molem,
2869 3871 3213 3953 superiorem
3244 3870 3352 3926 sub
3382 3878 3532 3935 tecto,
3556 3864 3679 3938 quod,
3694 3870 3731 3917 ut

2225 3966 2487 4035 diximus,
2510 3967 2758 4040 patulum
2783 3973 2869 4022 est
2896 3965 2952 4035 in
2973 3964 3238 4020 medium.

2297 4059 2548 4116 Diximus
2570 4059 2718 4130 quod
2749 4058 3020 4114 columnae
3040 4054 3389 4126 circulariter
3412 4067 3529 4121 cum
3553 4047 3734 4121 praedicto
3768 4094 3769 4097 η

2228 4167 2460 4208 numero
2492 4151 2605 4207 sint
2645 4150 2907 4223 appositae
2935 4165 2949 4205 :
2979 4148 3077 4204 sed
3117 4147 3287 4203 modo
3321 4159 3510 4202 versus
3547 4138 3734 4195 orientem
3768 4132 3769 4199 ξ

2228 4253 2436 4307 mutata
2461 4251 2552 4301 est
2569 4258 2759 4302 earum
2782 4241 3072 4314 dispositio
3097 4249 3157 4307 et
3174 4254 3464 4304 numerus,
3482 4243 3661 4307 propter
3678 4226 3738 4283 ad.

2226 4340 2427 4413 jectam
2453 4355 2607 4395 novre
2636 4336 2881 4399 ecclesia:
2902 4334 3191 4403 fabricam,
3209 4341 3407 4406 utpote
3428 4329 3491 4385 ad
3504 4340 3641 4403 quam
3658 4319 3741 4377 inde
3768 4322 3769 4349 ‘

2230 4443 2316 4490 est
2330 4432 2617 4490 transitus.
2637 4429 2895 4499 Continet
2916 4436 3100 4499 autem
3121 4426 3259 4493 illud
3283 4440 3515 4493 novum,L
3529 4429 3575 4475 et
3588 4418 3740 4473 deuoto
3768 4426 3769 4495 ξ

530 4519 649 4593 jam
682 4517 1001 4584 inclinante,
1026 4512 1300 4588 peregrini
1334 4512 1438 4569 sub
1460 4510 1640 4593 specie
1675 4510 1853 4566 latens
1873 4508 2129 4565 Christus
2160 4517 2205 4574 ι)
2230 4522 2476 4592 additum
2506 4519 2796 4587 aediﬁcium
2844 4517 3198 4584 latissimum,
3246 4512 3633 4587 spatiosumque
3653 4502 3739 4559 cbo-

537 4612 792 4686 apparuit
818 4610 1037 4667 duobus
1060 4606 1369 4678 discipulis,
1396 4604 1465 4660 de
1507 4611 1683 4661 morte
1710 4600 1929 4658 Domini
1958 4603 2012 4656 in
2042 4602 2131 4659 via

536 4722 845 4762 sermonem
874 4715 928 4761 et
958 4704 1319 4777 quaestionem
1363 4700 1716 4764 habentibus,
1749 4699 1851 4772 qui.
1873 4697 2132 4768 Eleuthe-

536 4798 794 4871 ropolim,
815 4800 868 4855 id
889 4807 973 4854 est
1000 4796 1265 4863 Emmaus
1281 4793 1540 4866 oppidum
1556 4790 1840 4864 (quod,sex
1865 4791 2135 4848 milliariis

538 4892 608 4948 ab
633 4890 941 4948 Jerusalem
988 4898 1178 4946 centra
1217 4886 1552 4943 occidentem
1587 4883 1795 4954 distat),
1839 4883 2134 4953 contende-

537 4986 693 5041 bant.
722 4984 883 5041 Hunc
921 4983 1027 5039 sub
1052 4980 1342 5053 peregrino
1374 4976 1564 5038 habitu
1598 4976 1652 5031 in
1677 4977 1947 5048 hospitem
1984 4993 2137 5034 rece-

538 5092 691 5153 ptum
736 5062 1178 5151 recognoverunt
1202 5080 1260 5130 in
1296 5072 1567 5129 fractione
1593 5071 1778 5144 panis,
1811 5073 1904 5144 qui
1951 5081 2135 5145 tamen

539 5175 746 5246 apertis
793 5186 987 5229 eorum
1027 5169 1234 5237 oculis,
1285 5166 1563 5238 dubioque
1613 5183 1682 5222 ex
1715 5182 1904 5237 eorum
1955 5175 2136 5222 mente

543 5267 782 5333 sublato,
826 5263 1012 5320 statim
1053 5261 1249 5319 iterum
1286 5258 1574 5331 disparuit.
1624 5257 1832 5315 Exinde
1878 5258 2136 5314 omnibus

544 5359 830 5431 apostolis,
856 5356 974 5412 solo
1013 5352 1227 5412 Thema
1266 5362 1396 5409 tunc
1427 5369 1559 5409 casu
1587 5352 1834 5419 absente,
1860 5351 1915 5407 in
1949 5361 2137 5406 monte

548 5450 704 5516 Sion,
746 5449 936 5521 ianuis
965 5447 1192 5515 clausis,
1223 5447 1504 5522 apparuit,
1520 5447 1709 5503 dicens
1748 5464 1760 5500 :
1797 5443 1919 5501 Pax
1968 5444 2132 5507 vobis.

545 5541 970 5600 Octavodeinde
1017 5540 1105 5596 die
1143 5541 1198 5595 in
1239 5541 1429 5596 eodem
1470 5546 1654 5594 monte
1695 5547 1749 5593 et
1777 5537 1899 5592 loco
1940 5537 2136 5606 iterum

547 5636 802 5708 apparuit
838 5635 955 5690 suis
980 5633 1265 5705 discipulis
1295 5648 1405 5689 una
1433 5646 1558 5688 cum
1595 5629 1806 5687 Thema
1837 5645 2136 5704 congrega-

550 5728 623 5785 tis
654 5748 669 5783 :
717 5736 773 5785 et
814 5714 1127 5798 specialiter
1165 5725 1390 5783 Thomas
1434 5725 1503 5787 ad
1537 5724 1880 5787 eximendam
1908 5738 1939 5779 a
1970 5722 2138 5779 dubio

553 5829 792 5883 mentem
831 5835 934 5880 sua
982 5806 1215 5878 vulnera.
1255 5818 1522 5903 palpanda
1568 5817 1808 5885 obtulit:
1836 5831 1949 5900 quo
1990 5814 2143 5883 facto,

2232 4630 2358 4671 rum
2387 4614 2766 4682 dominorum,
2791 4619 2846 4666 et
2886 4609 3025 4667 satis
3060 4609 3290 4681 longum
3324 4605 3642 4677 amplumque
3663 4609 3743 4650 san-

2235 4705 2538 4775 ctuarium,
2578 4704 2633 4759 in
2664 4718 2775 4776 quo
2802 4702 2983 4774 majus
3013 4702 3187 4757 altare
3220 4699 3282 4755 in
3308 4699 3563 4754 honorem
3594 4694 3746 4745 ακσεωη

2233 4800 2364 4869 sies,
2395 4799 2448 4855 id
2479 4808 2565 4855 est
2604 4805 2806 4854 sanctae
2850 4795 3274 4855 resurrectionis
3317 4800 3660 4851 consecratum
3679 4788 3745 4845 δι’

2236 4892 2386 4965 (ιυοιί
2419 4899 2476 4955 ει
2513 4890 2768 4962 superius
2795 4888 3041 4962 apposita
3072 4884 3291 4960 pictura
3328 4886 3387 4942 in
3418 4898 3569 4957 Opere
3598 4873 3746 4933 musiw

2238 4986 2494 5051 decenter
2553 4983 2812 5040 declarat.
2863 4981 3185 5038 Continetur
3229 4982 3387 5038 enim
3442 4981 3496 5035 in
3533 4993 3590 5034 ea
3628 4974 3750 5039 5111380

2242 5077 2472 5146 Christi,
2502 5075 2798 5145 contractis
2823 5073 3029 5143 inferni.
3052 5074 3191 5145 seris
3217 5071 3577 5146 resurgentis,
3592 5075 3638 5122 et
3654 5058 3749 5116 auli-

2240 5189 2413 5246 quum
2438 5179 2653 5243 patrem
2688 5178 2939 5237 nostrum
2964 5167 3138 5237 Adam
3167 5166 3302 5223 inde
3337 5160 3661 5232 extrahentis.

2240 5242 2323 5322 tra
2356 5242 2461 5323 hoc
2489 5262 2681 5319 altaris
2714 5261 3110 5328 sanctuarium,
3140 5268 3193 5315 et
3220 5260 3371 5314 intra
3408 5250 3612 5317 claustri
3632 5242 3753 5302 ambi-

2240 5369 2357 5415 tum
2379 5360 2514 5415 satis
2542 5360 2717 5428 latum
2745 5355 2980 5427 spatium
3008 5363 3114 5420 est,
3137 5352 3567 5422 circumquaque
3589 5353 3675 5398 tam

2240 5452 2349 5507 hoc
2369 5465 2569 5507 novum
2591 5492 2607 5516 ,
2634 5464 2799 5522 quam
2822 5462 2920 5519 per
2947 5446 3232 5517 antiquum
3263 5435 3757 5525 ptmfatimonumentt

2240 5542 2528 5601 aedilicium
2551 5537 2888 5614 processioni
2918 5537 3171 5595 idoneum
3199 5559 3212 5591 -.
3241 5544 3305 5592 et
3340 5534 3404 5591 ﬁt
3423 5532 3535 5599 haec

2242 5635 2476 5708 singulis
2502 5606 2804 5699 Dominicis
2827 5606 3109 5698 noctibus,
3126 5626 3405 5685 aPascha
3432 5610 3591 5708 usque
3620 5615 3671 5673 ad
3694 5606 3759 5664 Διί·

2239 5705 2464 5792 ventum
2484 5722 2704 5783 Domini
2732 5723 2790 5781 in
2820 5720 3068 5796 vesperis
3110 5721 3179 5803 ad
3223 5728 3486 5787 sanctum
3527 5705 3761 5803 ὲβνυῑοτυα

2242 5833 2369 5878 cum
2403 5817 2703 5901 antiphona
2742 5838 2756 5874 :
2787 5815 3029 5885 Christus
3065 5800 3370 5893 resurgens,
3416 5819 3516 5875 etc.
3543 5800 3680 5873 Cujus
3694 5808 3769 5885 33“
