3816 6306
973 382 1261 442 JOANNIS
1297 381 1701 441 WlilZBUﬂG.
1739 379 1986 438 DESGR.
2029 379 2290 443 TERDIE
2329 379 2370 438 S
2723 405 2726 408 ·
3193 383 3333 444 1082

85 504 294 576 ιὶρΙιοιιω
311 508 490 559 textus
511 499 670 558 etiam
707 508 863 559 extra
887 499 944 556 in
965 512 1211 558 extremo
1239 502 1486 574 margine
1509 515 1630 558 mo-
1656 501 1710 563 Δ
1734 498 1912 556 ventis
1948 496 2326 568 dispositione.
2367 493 2781 566 Verumtamen,
2806 497 3073 571 quamvis
3097 497 3182 556 sic
3228 500 3332 556 ibi-

83 595 300 656 nurnenti
323 595 516 650 litteris
550 595 604 649 in
631 601 860 666 argento
901 593 1128 652 elevatis
1167 595 1500 653 continetur.
1542 590 1636 648 Fi—
1734 589 1859 646 dem
1898 589 2202 645 honoretur
2240 586 2558 645 Gotefridus
2589 596 2796 658 noster,
2845 599 2954 646 tam
2998 592 3332 666 expugnatio

81 691 175 746 sita
197 704 254 744 ea
281 687 572 759 antiphona
597 695 791 743 cantor
820 687 1004 743 statim
1036 682 1259 759 incipit:
1293 686 1513 758 Vespere
1535 703 1634 741 αα·
1735 691 1938 741 sanctae
1961 682 2202 739 civitatis
2220 680 2524 738 Jerusalem
2547 696 2658 738 non
2682 681 2756 751 ei,
2779 692 2834 740 et
2863 699 2990 740 cum
3020 700 3087 740 eo
3115 685 3332 758 egregie

81 790 184 847 tem,
207 788 304 834 etc.
335 794 460 834 cum
488 777 704 833 Psalmo
728 776 1064 848 Magniﬁcat,
1091 787 1286 834 etcum
1311 777 1539 834 collecta
1565 776 1635 833 de

79 871 444 931 murmtione
479 889 491 926 :
529 869 902 942 Omnipotens,
947 871 1284 942 sempiterna,
1331 879 1436 927 etc.
1489 885 1632 941 prte-

79 966 222 1021 misso
236 964 502 1020 versiculo
541 983 556 1019 :
587 963 831 1020 Surrexit
863 963 1124 1020 Dominus
1150 962 1274 1018 ΝΒ.
1305 965 1370 1017 de
1408 962 1505 1017 hoc
1545 978 1630 1017 se-

75 1060 248 1131 pulcro.
279 1059 540 1115 Similiter
577 1074 673 1130 per
710 1059 815 1115 hoc
856 1058 1128 1131 integrum
1159 1066 1396 1128 tempus,
1426 1055 1634 1112 scilicet

74 1151 311 1209 aPascba
352 1167 528 1223 usque
559 1151 628 1208 ad
669 1152 978 1208 Adventum
1013 1149 1165 1206 omni
1205 1149 1296 1204 die
1341 1148 1632 1204 Dominico

74 1245 218 1301 missa
246 1263 260 1302 :
289 1243 594 1312 Resurreai,
625 1259 821 1316 nempe
845 1243 916 1300 de
943 1241 1368 1299 Resurrectione
1388 1240 1632 1298 celebra-

72 1345 161 1394 tur.

127 1427 179 1484 In
217 1429 385 1500 capite
434 1430 602 1486 etiam
653 1428 901 1500 ejusdem
943 1429 1188 1485 ecclesiae
1234 1443 1390 1483 nova:
1435 1441 1630 1482 versus

69 1519 301 1576 orientem
335 1520 494 1591 juxta
539 1521 843 1577 claustrum
884 1519 1260 1586 Dominarum,
1287 1531 1371 1574 est
1394 1518 1547 1574 locus
1573 1517 1628 1573 in

68 1608 324 1682 profundo,
355 1626 452 1682 per
474 1612 701 1668 modum
747 1620 970 1683 erypue,
1004 1627 1130 1668 cum
1159 1627 1356 1682 magna
1379 1610 1516 1667 satis
1541 1625 1629 1666 se-

67 1706 282 1774 renitate,
309 1705 365 1760 in
390 1721 504 1776 quo
534 1704 721 1778 regina
765 1703 966 1760 Helena
991 1719 1208 1760 crucem
1241 1702 1456 1758 Domini
1486 1701 1623 1757 dici-

69 1807 140 1857 tur
158 1788 430 1870 reperisse,
459 1798 594 1854 hinc
623 1797 678 1853 in
695 1796 941 1868 ejusdem
977 1805 1180 1853 saneta:
1204 1794 1421 1851 Helena:
1450 1795 1626 1850 hono-

1731 776 2131 845 laborantibus,
2161 784 2216 833 et
2236 775 2549 832 exercitatis
2572 775 2837 834 militibus
2860 777 3200 846 Alemannis,
3233 791 3331 834 seu

1733 870 2044 936 Germanis,
2079 869 2175 927 sed
2201 867 2364 941 quasi
2405 869 2542 927 solis
2581 869 2878 926 ascribitur
2899 869 3148 938 Francis,
3181 869 3331 941 quod

1731 973 1916 1020 tamen
1945 961 2330 1019 falsissimum.
2367 960 2436 1018 Et
2461 962 2592 1018 hinc
2612 962 2948 1019 dctractores
2975 971 3179 1022 nostra:
3200 977 3332 1034 gen-
3358 1023 3362 1028 ,

1731 1055 1804 1114 tis
1825 1054 2188 1122 Germanica),
2207 1054 2420 1127 insigne
2431 1053 2767 1126 epitaphium
2791 1053 2938 1112 illius
2959 1053 3158 1112 famosi
3173 1053 3332 1128 Wig-
3357 1051 3361 1067 ξ

1731 1149 1844 1221 geri
1870 1165 1969 1220 per
1991 1147 2163 1204 multa
2197 1147 2359 1205 fortia
2393 1147 2540 1204 facta
2564 1147 2848 1220 approbati
2869 1190 2884 1218 ,
2917 1149 3048 1220 quia
3082 1163 3194 1206 non
3226 1163 3330 1220 po-

1731 1249 1911 1296 terant
1946 1256 2074 1297 eum
2103 1241 2375 1314 denegare
2417 1255 2542 1297 esse
2572 1240 2960 1309 Alemannum,
2989 1241 3328 1310 deleverunt,

1729 1341 1785 1388 et
1830 1333 2058 1390 alterius
2113 1333 2406 1405 cujusdam
2455 1332 2649 1389 militis
2690 1333 2758 1389 de
2796 1332 3027 1390 Francia
3062 1348 3326 1406 superpo-

1731 1436 1982 1496 suerunt,
2009 1427 2156 1485 sicut
2179 1427 2361 1484 adhuc
2399 1442 2434 1484 a
2469 1428 2833 1498 prmsentibus
2855 1427 3030 1484 videri
3063 1438 3118 1483 et
3144 1426 3326 1482 notari

1729 1528 1929 1590 potest.
1953 1517 2090 1576 Nam
2116 1519 2238 1591 ejus
2263 1519 2663 1591 sarcophagus,
2690 1527 2845 1575 extra
2881 1519 2938 1580 in
2967 1518 3168 1590 angulo
3187 1533 3326 1586 quo-

1729 1611 1856 1668 dam
1887 1612 2028 1668 inter
2052 1611 2321 1684 majorem
2351 1611 2665 1680 ecclesiam,
2693 1619 2749 1666 et
2772 1611 2945 1666 saneti
2965 1607 3194 1668 Ioannis
3217 1608 3324 1664 Ba-

1727 1705 1909 1776 ptistae
1930 1703 2215 1775 capellam,
2239 1704 2419 1762 adhuc
2439 1703 2602 1759 hodie
2625 1711 2852 1760 exstans
2881 1709 3124 1776 apparet,
3148 1700 3325 1756 deleto

1728 1795 1854 1851 inde
1875 1794 2099 1850 nomine
2128 1809 2252 1862 suo,
2297 1802 2353 1850 et
2386 1793 2640 1866 apposito
2661 1793 2862 1849 alieno.
2898 1791 2981 1847 Ad
3004 1792 3298 1862 comproba

66 1905 158 1957 rem
192 1890 378 1946 ibidem
407 1890 729 1948 continetur
760 1890 934 1946 altare
959 1898 1361 1945 consecratum.
1399 1886 1467 1942 Et
1507 1887 1625 1942 haec
1655 1856 1701 1918 Β
1729 1885 1934 1942 tionem
1969 1892 2025 1940 et
2057 1884 2322 1941 indicium
2350 1885 2641 1956 despectus
2693 1883 2941 1940 virorum
2984 1890 3323 1950 nostrorum,

65 1984 219 2055 regina
261 1984 528 2055 majorem
575 1984 719 2040 sacri
759 1983 893 2055 ligni
946 1992 1157 2053 partem
1207 1997 1395 2038 secum
1429 1979 1626 2037 detulit

63 2075 561 2148 Constantinopolim
596 2095 610 2133 :
641 2075 853 2147 reliqua
909 2088 1042 2130 vero
1094 2089 1224 2146 pars
1267 2071 1623 2145 Jerosolymis

64 2167 216 2224 relicta
240 2167 528 2240 diligenter
553 2176 609 2223 et
634 2176 946 2224 reverenter
969 2175 1284 2227 asservatur
1302 2165 1356 2220 in
1383 2167 1621 2237 quodam

61 2257 177 2325 loco,
201 2259 252 2314 in
273 2259 440 2322 altera
471 2267 631 2332 parte
666 2259 933 2324 ecclesiae,
966 2274 1034 2314 ex
1071 2257 1324 2330 opposito
1347 2257 1471 2315 loco
1498 2258 1623 2313 Cal-

61 2352 211 2408 variae.

114 2465 345 2538 Ejusdem
365 2467 500 2535 loci,
525 2467 652 2523 licet
667 2457 934 2540 sanguine
954 2465 1154 2523 Christi
1179 2465 1379 2523 ibidem
1401 2465 1623 2538 copiose

59 2557 202 2615 effuso
251 2559 361 2632 jam
417 2576 486 2617 ex
541 2569 674 2616 tunc
724 2569 1084 2616 consecratus
1134 2569 1189 2617 et
1244 2559 1622 2618 sanctificatus

59 2647 211 2715 fuerit,
239 2659 412 2706 tamen
442 2650 503 2705 in
533 2649 814 2707 modernis
851 2651 1188 2723 temporibus
1235 2651 1385 2723 (licet
1424 2639 1620 2712 exsu-

59 2743 437 2818 perabundanti)
474 2745 622 2804 facta
644 2755 728 2804 est
756 2763 787 2804 a
810 2748 944 2804 viris
986 2748 1388 2816 venerabilihus
1426 2765 1624 2812 cense-1

58 2835 200 2889 oratio
236 2838 420 2906 quinta
457 2837 678 2896 decima
711 2839 800 2896 die
836 2839 987 2898 Julii.
1034 2840 1206 2911 Cujus
1243 2840 1622 2905 testimonium

55 2923 168 3072 ales
188 2941 366 2998 versus
393 2928 668 3000 deaurato
700 2945 864 3012 opere
893 2931 1092 2996 ibidem
1125 2933 1425 3005 conscripti
1458 2931 1618 3016 exhi-

112 3026 177 3072 nl.

112 3026 177 3074 nt.

111 3133 194 3210 Est
213 3135 352 3193 locus
376 3139 480 3194 iste
513 3156 664 3197 sacer
693 3149 938 3195 sacratus
967 3139 1224 3210 sanguine
1244 3139 1447 3200 Christi
1457 3157 1482 3207 ξ

109 3204 200 3278 ξεν
216 3220 448 3264 nostrum
476 3228 694 3265 sacrare
711 3228 866 3266 sacro
902 3211 980 3266 nil
1007 3204 1226 3265 ad'ditur
1253 3212 1368 3278 isti,

109 3274 198 3352 δρα
229 3281 432 3344 domus,
463 3281 592 3335 huic
606 3298 760 3336 sacro
791 3283 993 3336 circum
1023 3274 1472 3352 supersedi/ictam,

109 3346 193 3403 Est
209 3352 388 3422 quinta
418 3352 633 3408 decima
665 3353 922 3419 Quintilis
964 3346 1350 3414 Iuce'sacrat’a.

109 3459 287 3519 Eadem
313 3480 540 3538 quoque
576 3466 853 3537 ipsissima
902 3467 1011 3535 die,
1055 3477 1251 3539 nempe
1276 3468 1345 3523 15
1367 3466 1518 3534 Julii,
1549 3467 1617 3522 li-

51 3559 120 3607 cet
144 3552 286 3626 longe
311 3555 428 3625 jam
454 3557 722 3612 anteriori
766 3559 1038 3630 tempore,
1065 3567 1120 3615 et
1151 3559 1314 3630 longe
1337 3558 1616 3630 prioribus

50 3645 200 3712 annis,
229 3663 347 3702 cum
382 3652 505 3719 jam
539 3647 747 3705 dudum
795 3651 985 3706 eadem
1029 3652 1226 3708 civitas
1255 3661 1466 3719 sancta,
1511 3651 1616 3707 sub

49 3735 291 3795 dominatu
318 3752 372 3797 et
397 3751 675 3813 potestate
704 3742 1133 3800 Sarracenorum
1155 3743 1498 3801 diversorum
1521 3759 1615 3814 ge-

49 3842 212 3886 nerum
232 3832 574 3891 detineretur
602 3837 836 3908 captiva,
882 3837 952 3892 ab
991 3836 1232 3898 exercitu
1263 3836 1612 3892 Christiano-

47 3935 149 3979 rum
169 3937 245 3982 est
266 3928 520 3990 liberata.
553 3929 636 3984 Ad
663 3930 824 4002 cujus
846 3929 1187 3987 liberationis
1214 3945 1616 3986 commemora-

47 4013 218 4080 tionem
241 4023 491 4078 eamdem
520 4022 664 4078 diem
694 4031 819 4096 post
847 4022 1282 4080 consecrationis
1305 4021 1614 4078 renovatio-

47 4120 149 4164 nem
163 4124 280 4167 cum
307 4115 580 4185 spirituali
607 4115 782 4172 cilicio
805 4116 1038 4172 reddunt
1066 4115 1335 4172 celebrem
1361 4115 1416 4170 in
1439 4115 1611 4172 missa

46 4201 99 4267 (le
116 4209 368 4265 cantando
381 4209 596 4266 Lmtare
605 4205 926 4280 Jerusalem,
949 4221 1052 4268 etc.
1069 4211 1328 4284 Majorem
1343 4225 1472 4268 vero
1484 4212 1613 4269 mis-

47 4310 163 4366 sam,
178 4315 266 4356 seu
283 4302 523 4369 cilicium
545 4305 848 4362 solemnius
860 4307 1213 4363 celebrantde
1225 4305 1576 4363 Dedicatione
1591 4348 1608 4375 ,

45 4406 144 4459 quae
155 4395 359 4468 incipit:
381 4397 661 4461 Terribilis
672 4407 750 4454 est
761 4399 926 4456 locus.
942 4399 1166 4472 Insuper
1177 4415 1244 4462 ea
1253 4399 1610 4466 dedicationis

47 4481 184 4555 hujus
206 4490 447 4554 ecclesia:
473 4491 583 4560 die,
609 4501 848 4565 quatuor
881 4493 1046 4548 etiam
1091 4493 1285 4550 altaria
1325 4491 1397 4548 ibi
1429 4493 1608 4564 posita

1724 1987 1778 2035 et
1828 1977 1896 2034 ad
1944 1977 2475 2034 commendationem
2529 1976 2872 2034 Francorum
2929 1975 3000 2032 ad
3049 1975 3156 2032 hoc
3200 1988 3324 2030 mo-

1724 2080 2052 2128 numentum
2105 2072 2211 2128 tale
2261 2087 2485 2128 carmen
2515 2079 2670 2128 extra
2711 2070 2770 2126 in
2810 2070 2982 2126 latere
3011 2067 3323 2142 appositum

1724 2160 1941 2234 legitur.

1792 2291 1946 2364 Anno
1973 2301 2188 2348 centeno
2219 2291 2437 2364 milleno
2455 2309 2560 2364 quo
2579 2293 2755 2364 minus
2782 2308 2909 2347 uno.

1807 2362 2042 2435 Virginis
2068 2382 2101 2418 a
2124 2372 2308 2435 partu.
2337 2362 2554 2435 Domini
2575 2365 2665 2435 qui
2681 2363 2883 2435 claruit
2905 2369 3048 2428 ortu,

1800 2433 2132 2518 Quindecies
2134 2433 2188 2518 Α
2195 2435 2306 2489 alio
2315 2436 2438 2518 jam
2457 2433 2647 2518 Phoebi
2669 2434 2868 2518 lumine
2890 2442 3038 2518 tacto

1795 2504 2099 2562 Jerusalem
2127 2504 2328 2560 Franci
2350 2508 2567 2576 capiunt
2597 2506 2792 2560 virtute
2814 2504 3036 2576 potenti.

1797 2618 1903 2676 Sed
1935 2630 2128 2677 contra
2155 2621 2260 2677 hos
2289 2620 2489 2678 merito
2522 2619 2799 2677 dictorum
2829 2616 3062 2676 vertitur
3087 2615 3244 2674 ordo.
3321 2608 3329 2615 ’

1726 2731 1853 2806 Non
1876 2730 2102 2806 Franci,
2133 2733 2225 2788 sed
2257 2732 2576 2806 Francones
2594 2733 2776 2806 gladio
2797 2733 3030 2804 potiores

1722 2803 2026 2876 Jerusalem
2048 2814 2288 2859 sanctum
2311 2804 2466 2876 longo
2493 2803 2844 2876 sub'tempore
2869 2813 3082 2876 captam

1720 2874 1773 2948 4
1792 2891 2123 2946 paganorum
2143 2876 2341 2948 arguere
2355 2874 2789 2948 jngo‘uariorum

1727 2944 1961 3015 Εναιὶεο,
2009 2962 2114 3004 non
2175 2944 2442 3015 Francus,
2493 2945 2730 3018 Wigger,
2785 2944 3098 3036 (Causarum2
3129 2948 3317 3036 ,ροη-

1720 3086 1866 3156 Dux,
1894 3097 2206 3162 argumento
2227 3096 2351 3152 sunt
2379 3087 2492 3146 lucc
2513 3089 2633 3162 fore
2663 3089 2879 3162 cognita
2902 3019 3238 3148 Imaum!“

1644 3211 1688 3270 α
1792 3197 2058 3266 Quamvis
2109 3208 2298 3265 autem
2335 3201 2449 3264 dux
2496 3201 2830 3274 Gotel'ridus,
2877 3211 2934 3276 et
2969 3189 3148 3273 frater
3192 3206 3316 3278 ejus

1715 3290 2040 3360 Balduinus,
2072 3293 2167 3364 qui
2191 3303 2317 3366 post
2347 3295 2527 3366 ipsum
2570 3296 2625 3351 in
2655 3295 2963 3354 Jerusalem
2993 3313 3089 3354 rex
3110 3308 3196 3356 est
3217 3316 3314 3357 co-

1716 3394 1967 3452 ronatus,
1997 3385 2148 3457 quod
2179 3395 2308 3444 ante
2355 3403 2482 3446 eum
2519 3389 2634 3446 dux
2663 3390 2993 3448 humilitatis
3050 3409 3217 3448 causa
3247 3394 3316 3448 de

1717 3491 1778 3533 se
1803 3477 1921 3534 tieri
1949 3477 2248 3547 recusavit,
2285 3479 2354 3535 de
2393 3482 2602 3536 nostris
2633 3490 2819 3538 essent
2845 3481 3156 3538 Germaniae
3183 3499 3314 3554 par-

1715 3570 1886 3639 tibus,
1923 3581 2105 3628 tamen
2141 3572 2273 3642 quia
2305 3574 2639 3631 nostratium
2665 3574 2856 3644 paucis
2877 3591 3005 3632 cum
3029 3577 3112 3631 eis
3137 3591 3312 3632 rema-

1718 3661 1999 3730 nentihus,
2031 3670 2088 3718 et
2113 3662 2238 3719 aliis
2273 3677 2442 3733 quam
2477 3661 2731 3733 plurimis
2777 3677 2984 3735 magno
3035 3663 3312 3722 desiderio

1715 3765 1769 3814 et
1797 3754 2149 3813 festinatione
2169 3755 2240 3812 ad
2264 3756 2446 3812 natale
2475 3755 2656 3812 solum
2685 3755 3066 3825 redeuntibus,
3092 3765 3206 3814 tota
3231 3757 3312 3813 cio

1715 3846 1857 3903 vitas
1895 3847 1985 3904 tali
2016 3848 2183 3903 modo
2217 3847 2286 3904 ab
2307 3847 2432 3904 aliis
2470 3847 2789 3904 nationibus
2815 3847 2870 3904 in
2893 3850 3308 3920 possessionem

1713 3953 1799 4000 est
1816 3945 2327 4016 occupata,scilicet
2351 3961 2384 4001 a
2414 3944 2662 4012 Francis,
2701 3943 3072 4017 Lotharingis,
3104 3944 3309 4008 North-

1715 4037 1958 4106 mannis,
2007 4035 2468 4106 Provincialibus,
2519 4037 2795 4105 Alvernis,
2831 4036 3000 4106 Italis,
3023 4047 3080 4094 et
3106 4037 3308 4110 Hispa-

1714 4127 1826 4196 nis,
1873 4126 2485 4201 Burgundionibusque,
2515 4128 2680 4184 simul
2716 4143 2845 4186 cum
2869 4127 3160 4186 Germanis
3187 4136 3308 4186 tum

1713 4217 1772 4274 in
1808 4233 1932 4274 eam
1977 4218 2380 4289 expeditionem
2433 4218 2803 4276 venientibus.
2857 4219 2944 4275 Ab
2987 4219 3076 4276 bis
3123 4219 3311 4290 itaque

1714 4308 2111 4368 auxiliantibus
2144 4309 2538 4366 Christiadum
2581 4309 2756 4380 ecpiis
2789 4318 2902 4367 tota
2951 4310 3086 4367 urbs
3118 4319 3308 4368 sancta

1712 4403 2144 4473 inhabitabatur,
2174 4413 2238 4460 ut
2275 4420 2455 4476 neque
2485 4421 2594 4462 una
2641 4404 2808 4461 simul
2854 4405 3040 4476 aliqua
3068 4405 3308 4464 civitatis

1711 4510 1864 4568 pars,
1885 4507 1981 4553 aut
2003 4497 2168 4554 etiam
2217 4497 2446 4554 minima
2471 4497 2648 4568 platea
2695 4496 3017 4554 Alemannis
3044 4507 3191 4556 esset
3223 4498 3308 4555 di-

45 4572 232 4636 ῖιιετιωῑ
251 4593 596 4654 Wisecrata,
626 4600 822 4656 nempe
849 4585 1022 4646 altare
1045 4584 1246 4656 majus,
1275 4593 1330 4640 et
1350 4583 1484 4640 illud
1510 4600 1607 4649 su—
1636 4576 1686 4639 Β
1709 4588 1946 4648 stributa
1994 4597 2050 4646 et
2098 4589 2404 4661 assignate,
2443 4597 2611 4659 atque
2665 4586 2796 4644 hinc
2836 4587 3126 4645 Germanis
3185 4590 3307 4645 ani-

42 4669 201 4736 perius
224 4673 276 4730 in
305 4674 582 4747 Calvaria,
609 4686 664 4735 et
689 4678 800 4744 duo
825 4679 880 4733 in
910 4678 1080 4734 latere
1114 4678 1361 4733 ecclesia:
1397 4692 1462 4732 ex
1507 4692 1606 4749 op-
1708 4697 1859 4746 mum
1885 4681 2090 4738 ibidem
2117 4680 2440 4739 remuttendi
2474 4688 2586 4736 non
2633 4679 2988 4748 habentibus,
3020 4694 3125 4737 nec
3149 4679 3310 4744 urbis

43 4763 195 4828 Mite
220 4767 284 4824 ad
314 4769 549 4827 invicem
581 4781 753 4842 parte,
773 4787 943 4828 unum
972 4772 1222 4836 videlicet
1251 4770 1306 4828 in
1335 4771 1604 4826 honorem
1659 4807 1662 4810 -
1708 4773 2009 4834 incolatum
2047 4773 2458 4841 atl‘cctantibus,
2486 4774 2652 4830 tacito
2692 4772 3092 4830 Germanorum
3131 4771 3314 4828 nomi-t

43 4856 192 4911 sancti
230 4857 407 4938 Petri,
437 4873 492 4918 et
514 4863 661 4918 aliud
705 4880 760 4918 .n
807 4864 1074 4920 honorem
1107 4847 1307 4920 sancti'
1342 4860 1604 4934 Stephani
1707 4881 1826 4922 nea
1849 4865 2179 4937 partialihus
2197 4865 2660 4936 historiographis
2696 4863 2949 4922 liberatio
2971 4872 3178 4920 sanctae
3211 4879 3317 4918 ur-.

1704 4960 1794 5018 bis
1828 4959 1965 5018 solis
1986 4961 2282 5018 ascribitur
2308 4960 2556 5027 Francis,
2584 4960 2679 5031 qui
2697 4970 2754 5016 et
2778 4973 2953 5029 usque
2985 4957 3149 5014 hodie
3177 4972 3308 5020 cum

1708 5051 1832 5113 aliis
1881 5051 2299 5122 prmuominatis
2323 5051 2578 5124 gentibus
2617 5050 2739 5106 urbi
2773 5049 3043 5120 adjacenti
3067 5049 3304 5108 Provin-

1707 5145 1808 5204 ciae
1833 5144 2213 5202 dominantur.
2245 5143 2380 5212 Quae
2401 5144 2590 5215 utique
2617 5142 3050 5206 Christianitatis
3067 5141 3303 5200 Provin-

1705 5236 1789 5301 cia
1830 5235 2156 5306 jamdudum
2205 5251 2338 5298 suos
2396 5235 2664 5291 terminos
2699 5234 2842 5288 ultra
2869 5229 3055 5288 Nilum
3108 5247 3304 5288 versus

1707 5328 2017 5395 meridiem,
2049 5337 2103 5384 et
2154 5329 2299 5384 ultra
2331 5328 2661 5385 Damascum
2692 5341 2886 5386 versus
2923 5326 3196 5393 orientem.
3211 5342 3306 5388 ex,

1704 5421 1995 5489 tendisset,
2034 5421 2081 5476 si
2131 5429 2282 5474 tanta
2333 5419 2492 5490 cOpia
2532 5418 2986 5486 Alcmannorum,
3013 5426 3220 5492 quanta
3246 5428 3301 5480 et

1703 5516 1937 5572 istorum
1959 5522 2064 5582 est,
2089 5512 2326 5570 adesset.
2355 5511 2630 5570 Germano
2659 5512 2808 5570 enim
2860 5513 3034 5570 milite
3054 5513 3180 5570 inde
3208 5513 3296 5568 di-

1705 5605 1979 5672 scedente,
2012 5619 2076 5660 ac
2097 5603 2144 5660 si
2174 5604 2342 5661 robur
2363 5619 2525 5660 omne
2547 5603 2847 5660 Christiani
2875 5603 3153 5659 exercitus
3179 5601 3301 5658 disq

1695 5699 1975 5762 cessisset,
2021 5707 2234 5754 cmterzc
2283 5695 2534 5753 nationes
2570 5711 2768 5752 omnes
2801 5709 2998 5766 parum
3035 5690 3298 5763 amplius,

1701 5802 1798 5858 aut
1855 5791 1992 5856 nihil
2043 5793 2436 5864 praestiterunt.
2484 5791 2589 5852 Sed
2640 5791 2730 5856 his
2790 5787 3297 5862 imprmsentjanuu

1701 5886 1948 5953 omissis,
1971 5886 2037 5942 ad
2069 5885 2405 5957 propositam
2429 5885 2720 5942 materiam
2750 5890 3107 5941 revertamur.

43 4953 444 5024 protomartyris.
493 4951 754 5025 Sequenti
796 4965 919 5026 post
955 4970 1193 5010 annuam
1237 4953 1608 5011 Dedicationis

45 5031 353 5098 festivitatem
381 5044 472 5100 die
494 5045 797 5110 solemnem
839 5045 1047 5103 faciunt
1075 5055 1186 5110 tam
1213 5047 1268 5102 in
1309 5047 1606 5118 eleemosy-

43 5125 132 5192 nis,
155 5145 307 5201 quam
324 5133 379 5206 ign
395 5137 735 5206 orationibus
752 5139 1329 5196 commemorationem
1353 5139 1600 5194 omnium
1625 5195 1628 5199 .

43 5211 254 5273 ﬁdelium
283 5221 687 5291 defunctorum,
721 5226 994 5296 praecipue
1015 5225 1306 5283 occasione
1327 5241 1603 5298 expugna-

44 5306 187 5366 tionis
215 5312 376 5384 hujus
421 5317 574 5373 urbis
604 5318 940 5385 occisorum,
967 5334 1204 5390 quorum
1234 5307 1475 5385 maxime
1511 5336 1600 5376 sc—

43 5400 233 5466 ]iultura
255 5407 395 5476 apud
417 5418 626 5478 portam
643 5409 877 5478 Auream
894 5411 1124 5474 celebris
1146 5413 1394 5475 habetur.
1414 5413 1601 5468 ln'ter-

43 5492 106 5546 lia
125 5494 303 5554 deinde
321 5499 410 5554 die
434 5503 875 5574 anniversarium
899 5505 1056 5562 ducis
1083 5507 1287 5578 egregii
1310 5506 1600 5576 Gotefridi,

44 5579 192 5643 felicis
220 5594 510 5661 memoriae,
543 5597 690 5654 illius
711 5609 915 5655 sanctae
939 5600 1300 5671 expeditionis
1335 5601 1600 5672 principis

44 5684 87 5772 et
109 5681 362 5755 magistri,
383 5703 445 5744 ex
472 5689 898 5757 Alcmannorum
925 5693 1092 5766 stirpe
1121 5693 1360 5764 oriundi,
1389 5703 1497 5749 tota
1521 5695 1599 5750 ci-

44 5779 160 5826 vitas
184 5776 490 5839 solemniter
504 5788 779 5852 observat,
805 5804 929 5844 cum
953 5788 1098 5860 larga
1122 5788 1595 5862 clgmlosyljtarum

43 5873 90 5926 ’11
115 5867 294 5940 majori
328 5877 560 5942 ecclesia
583 5877 990 5959 distributione,
1015 5899 1077 5936 ex
1108 5883 1280 5953 ipsius
1310 5884 1487 5939 adhuc
1512 5885 1593 5937 γὲ-
