3816 6306
494 393 638 456 £087

1073 390 1166 447 AD
1200 385 1655 448 caperemus:
1691 385 1981 445 APPENB.
2019 385 2083 444 ιι.
2123 414 2195 426 --
2227 381 2498 444 uanum.
2538 383 2629 439 ns
2669 381 2896 441 nemo
2930 378 3175 441 saeuo.

3574 391 3668 451 Ml

492 525 628 568 mon
661 505 864 568 dicitur
907 505 1270 566 exstruxisse.
1321 503 1381 559 In
1418 503 1526 559 hoc
1565 496 1770 574 palatio
1800 518 1895 570 seu
1920 498 2092 557 acditi-
2121 495 2168 554 A
2194 506 2298 554 etc.
2331 495 2461 553 lude
2491 497 2560 553 ab
2596 495 2791 557 eadem
2814 495 3012 567 platea,
3043 511 3166 564 qua:
3194 495 3260 552 de
3301 505 3438 567 parta
3461 485 3666 574 toan...

495 601 584 658 cio
608 607 692 656 est
726 597 1004 655 stabulum
1044 597 1198 652 mirae
1233 604 1288 650 et
1314 601 1479 650 tanta:
1501 593 1844 665 capacitatis,
1871 601 1932 647 ut
1961 591 2084 662 plus

493 719 664 774 quam
705 701 818 758 duo
855 701 1027 755 millia
1051 715 1342 772 equorum,
1376 707 1472 754 aut
1521 697 1670 754 mille
1693 705 1748 751 et
1786 694 2086 767 quingenta

495 794 836 851 camelorum
868 788 1062 864 capere
1101 793 1294 865 possit.
1321 791 1487 848 Juxta
1515 791 1659 848 idem
1681 788 1947 860 palatium
1981 787 2086 842 mi-

495 883 624 940 lites
663 881 959 955 Templarii
995 883 1198 939 habent
1248 882 1485 954 plurima
1524 879 1784 951 adjuncta
1835 875 2082 943 aedilicia,

493 990 695 1047 magna
717 983 772 1030 et
794 975 996 1047 ampla,
1039 991 1164 1032 cum
1195 973 1569 1030 exstructione
1610 985 1764 1026 novae
1792 977 1847 1026 et
1870 967 2084 1041 magni-

495 1067 615 1122 ﬁca:
639 1067 902 1136 ecclesia),
949 1067 1193 1123 nondum
1225 1075 1427 1133 tamen,
1466 1075 1524 1120 ut
1547 1063 1790 1130 aderam,
1821 1077 2084 1118 consum-

499 1166 682 1214 matae.
709 1155 913 1214 Eadem
961 1157 1186 1230 insuper
1209 1155 1489 1229 perampla
1519 1153 1957 1226 Templariorum
1987 1152 2086 1208 do-

495 1267 622 1308 mus
647 1251 851 1310 multas
879 1252 1042 1308 habet
1091 1250 1472 1322 possessiones
1517 1256 1572 1304 et
1610 1245 1836 1314 reditus,
1885 1253 1998 1299 tam
2028 1244 2085 1299 in

494 1343 586 1400 illa
632 1351 780 1401 terra
815 1361 982 1418 quam
1027 1347 1084 1401 in
1114 1345 1236 1400 aliis
1267 1342 1538 1416 partibus.
1593 1339 1676 1394 Ad
1706 1340 1822 1394 haec
1849 1339 2085 1395 elecmo—

498 1460 692 1518 synam
721 1445 942 1517 quidem
976 1445 1106 1502 facit
1135 1445 1268 1501 satis
1300 1457 1556 1514 magnam
1588 1441 1643 1496 in
1667 1439 1874 1496 Christi
1899 1439 2086 1496 ﬁdeles

493 1545 550 1592 et
574 1553 863 1609 pauperes,
896 1538 990 1594 sed
1014 1553 1123 1594 non
1150 1537 1207 1594 in
1236 1536 1448 1593 decima
1478 1543 1634 1606 parte
1663 1532 1827 1588 talem
1861 1533 2082 1603 qualem

494 1628 630 1684 illud
660 1629 932 1700 hospitale
966 1629 1148 1700 majus
1182 1627 1331 1684 facit.
1360 1625 1562 1682 Eadem
1587 1639 1807 1698 quoque
1832 1622 2086 1696 Templa-

492 1721 707 1779 riorum
743 1722 943 1779 domus
971 1723 1136 1778 habet
1164 1722 1368 1793 alitque
1390 1736 1558 1792 quam
1585 1719 1857 1792 plurimos
1882 1717 2083 1774 milites

494 1831 597 1888 pro
625 1817 824 1872 tuenda
848 1815 1293 1872 Christianorum
1323 1823 1487 1872 terra.
1520 1812 1624 1869 Sed
1649 1813 1706 1881 ii,
1748 1811 1934 1868 nescio
1971 1826 2082 1882 quo

495 1908 800 1965 infortunio
827 1910 942 1965 sive
979 1907 1138 1978 falso,
1168 1909 1285 1965 sive
1323 1923 1474 1974 vero,
1507 1907 1688 1978 quoad
1749 1904 1907 1961 famae
1937 1905 2081 1960 rela-

496 1999 702 2056 tionem
735 2002 943 2072 aspersi
979 2010 1110 2058 sunt
1139 1999 1381 2072 perﬁdiae
1400 2000 1546 2066 dolo,
1579 1996 1726 2069 quod
1755 2005 1932 2052 tamen
1966 2011 2084 2050 ma-

495 2090 695 2148 nifeste
722 2093 1014 2164 probatum
1043 2082 1127 2151 est
1163 2109 1261 2164 per
1287 2091 1495 2149 factum
1524 2091 1656 2147 illud
1690 2089 1835 2162 apud
1880 2087 2080 2144 Dama-

492 2199 650 2242 scum
681 2201 807 2242 cum
833 2202 958 2258 rege
981 2183 1262 2247 Conrado.

563 2273 727 2331 Juxta
775 2275 1002 2332 aedilicia
1046 2275 1365 2331 earumdem
1396 2272 1852 2344 Templariorum,
1889 2288 2082 2328 versus

491 2366 780 2437 orientem,
813 2385 980 2440 super
1001 2385 1220 2425 murum
1259 2367 1498 2424 civitatis
1542 2366 1646 2423 fuit
1669 2366 1967 2437 hospitium
1995 2365 2084 2436 ju-

490 2458 565 2516 sti
590 2457 887 2530 Simeonis,
937 2461 994 2517 in
1029 2477 1138 2534 quo
1182 2476 1286 2517 suo
1330 2459 1643 2516 habitacula
1693 2474 1836 2530 saepe
1867 2459 2083 2514 beatam

490 2547 718 2607 Mariam
777 2553 1069 2626 virginem,
1121 2561 1356 2616 matrem
1401 2551 1640 2619 Domini,
1665 2551 2081 2622 hospitalitatis,

490 2650 546 2700 et
567 2643 956 2704 familiaritatis
1003 2662 1172 2703 causa
1219 2645 1424 2704 dicitur
1463 2645 1754 2718 recepisse,
1781 2643 2007 2712 fovisse,
2031 2650 2086 2698 et

490 2737 753 2796 alimenta
783 2740 1120 2811 praebuisse;
1149 2738 1296 2796 sicut
1320 2747 1376 2801 et
1401 2754 1463 2796 ea
1487 2746 1649 2796 nocte
1683 2737 1832 2806 fecit,
1863 2737 2085 2810 quando

490 2831 550 2888 in
581 2834 834 2905 sequenti
885 2834 994 2902 die,
1042 2833 1298 2891 videlicet
1344 2833 1432 2891 die
1463 2849 1496 2889 a
1527 2832 1823 2888 Nativitate
1865 2830 2085 2888 Domini

493 2919 937 2992 quadragesimo,
965 2921 1144 2994 ipsum
1179 2937 1436 2993 puerum,
1481 2935 1610 2977 cum
1655 2929 1832 2976 matre
1876 2937 1999 2988 sua,
2027 2921 2084 2976 in

493 3013 699 3082 templo
728 3012 1034 3082 oblaturus,
1065 3014 1121 3071 in
1151 3012 1299 3070 ulnis
1330 3012 1448 3070 suis
1493 3011 1563 3068 ad
1589 3012 1764 3068 altare
1799 3027 1929 3068 eum
1957 3011 2088 3066 reti-

493 3117 652 3171 nens,
684 3111 740 3159 et
764 3103 1020 3174 atterens,
1052 3106 1360 3178 spirituque
1392 3103 1716 3176 prophetico
1744 3117 2086 3177 cognoscens

490 3211 620 3254 eum
670 3196 824 3253 illum
873 3195 1021 3266 fore,
1054 3198 1151 3269 qui
1197 3213 1296 3270 per
1321 3205 1406 3255 tot
1450 3205 1506 3254 et
1525 3205 1679 3254 tanta
1727 3205 1876 3254 retro
1905 3196 2082 3268 spatia
2110 3213 2157 3276 ε

493 3297 801 3361 temporum
828 3291 899 3347 ab
934 3291 1176 3362 antiquis
1203 3291 1458 3348 Patribus
1487 3290 1842 3347 inenarrabili
1871 3289 2083 3346 deside-

491 3382 579 3441 rio
605 3393 752 3440 esset
779 3392 1149 3455 exspectatus,
1181 3385 1368 3441 intulit
1413 3383 1767 3457 prophetice:
1807 3382 1968 3438 Nune
1998 3383 2085 3438 di-

492 3473 664 3530 mittis
691 3490 898 3528 servum
935 3485 1103 3543 tuum,
1148 3476 1396 3545 Domine,
1441 3486 1549 3533 etc.
1579 3475 1640 3532 In
1675 3475 1865 3534 eadem
1893 3477 2080 3546 domo,

491 3563 658 3624 modo
687 3564 742 3620 in
768 3565 1060 3626 ecclesiam
1103 3575 1470 3632 transmutata
1505 3567 1700 3632 beatus
1739 3567 1960 3630 Simeon
1994 3583 2084 3625 se-

489 3656 676 3729 pultus
704 3659 959 3729 quiescit.

563 3747 625 3804 In
651 3750 840 3806 eadem
868 3751 1102 3808 ecclesia
1140 3750 1282 3809 infra
1316 3753 1372 3808 in
1413 3761 1605 3825 crypta
1631 3753 1810 3811 adhuc
1838 3753 2080 3815 retinen-

491 3849 604 3910 tur,
637 3851 691 3898 et
715 3845 1081 3900 ostenduntur
1107 3844 1314 3902 Christi
1359 3846 1426 3903 de
1460 3847 1610 3919 ligno
1637 3847 1984 3903 incunabula.
2023 3847 2082 3902 ln

497 3936 754 4007 opposito
806 3936 1054 4008 ejusdem
1100 3937 1225 3992 atrii
1265 3939 1334 3994 de
1370 3939 1593 4010 templo,
1645 3941 1855 3996 scilicet
1890 3956 2084 3997 versus

491 4029 951 4098 septentrionem,
1001 4046 1110 4102 qua
1147 4031 1258 4086 itur
1303 4030 1372 4088 ad
1419 4032 1618 4088 vallem
1662 4031 1946 4104 Josaphat,
1999 4041 2085 4088 est

493 4119 729 4177 ecclesia
747 4136 945 4195 magna
973 4123 1027 4177 in
1054 4123 1263 4179 honore
1297 4133 1502 4181 sanctae
1530 4124 1704 4181 Anna:
1745 4133 2084 4195 constructa,

492 4213 552 4269 in
579 4228 690 4285 qua
731 4229 830 4284 per
873 4215 1144 4288 picturam
1195 4217 1523 4286 ostenditur,
1573 4233 1682 4288 qua
1725 4218 2086 4292 dispositione

491 4312 550 4361 et
582 4304 957 4362 admonitione
997 4305 1181 4364 divina
1214 4321 1283 4362 ex
1311 4307 1431 4379 ipsa
1465 4317 1522 4364 et
1560 4307 1808 4364 Joachim
1849 4310 1922 4365 sit
1948 4324 2084 4366 cons

493 4405 652 4467 cepta
687 4396 846 4454 beata
874 4396 1062 4470 Virgo,
1095 4397 1238 4454 sicut
1293 4399 1351 4456 in
1385 4398 1510 4457 Vita
1556 4401 1730 4456 beatae
1775 4401 1949 4458 Annae
1974 4402 2082 4462 lar-

491 4485 620 4560 gius
642 4486 860 4560 legitur.
891 4486 1108 4545 Sanctae
1127 4489 1294 4562 hujus
1314 4491 1508 4548 matris
1535 4490 1739 4548 festum
1761 4493 1817 4547 in
1843 4493 1932 4549 die
1951 4509 2081 4550 san.

491 4579 569 4636 cti
595 4577 786 4637 Jacobi
826 4579 1051 4654 Majoris
1096 4598 1223 4639 cum
1261 4599 1461 4657 magna
1507 4584 1850 4642 solemnitate
1875 4585 2077 4643 ibidem
2107 4583 2160 4646 Β

493 4670 822 4740 celebratur.
849 4672 952 4729 Cui
981 4683 1036 4730 et
1064 4690 1305 4746 praesens
1344 4677 1498 4748 ipsus
1531 4677 1774 4733 interfui.
1802 4677 1862 4734 1n
1891 4679 2083 4739 eadem

491 4761 738 4831 Ecclesia
762 4766 930 4823 servit
955 4765 1068 4824 Deo
1089 4767 1377 4840 collegium
1422 4769 1945 4838 sanctimonialium,
1970 4768 2086 4828 uti.

493 4871 624 4918 nam
653 4866 709 4913 et
733 4867 1214 4916 sacrosanctarum
1243 4861 1256 4915 ι
1295 4859 1354 4916 In
1375 4860 1526 4917 exitu
1551 4861 1798 4933 ejusdem
1835 4863 2084 4921 ecclesiae

495 4950 564 5013 ad
595 4949 877 5006 dexteram
909 4952 1056 5007 haud
1089 4951 1283 5024 procul
1303 4967 1401 5024 per
1423 4951 1810 5010 diverticulum
1831 4963 1918 5011 est
1947 4953 2082 5011 Pro-

489 5041 672 5109 hatica
703 5041 793 5099 illa
817 5043 1050 5115 piscina,
1080 5045 1271 5116 {quam
1300 5053 1546 5116 tempore
1590 5044 1721 5102 Jesu
1751 5047 1917 5102 certis
1938 5057 2081 5104 tem-

492 5135 723 5207 poribus
745 5137 971 5208 angelus
1001 5135 1217 5194 Domini
1243 5152 1466 5194 movere
1496 5139 1726 5194 solebat.
1757 5137 2082 5211 Quicunque

494 5234 678 5293 autem
703 5227 954 5285 inlirmus
971 5237 1096 5299 post
1121 5229 1422 5286 motionem
1453 5245 1612 5302 aqua;
1647 5231 1801 5302 prior
1819 5231 2080 5300 intrabat,

495 5329 828 5388 quacunque
857 5318 1174 5377 inﬁrmitate
1213 5321 1486 5390 detentus,
1533 5336 1705 5378 sanus
1739 5322 1921 5378 ﬁebat.
1949 5321 2084 5380 Pro—

493 5406 658 5476 baton
681 5408 867 5466 Graece
889 5411 1177 5482 peculiaris
1207 5413 1430 5482 dicitur,
1457 5429 1524 5470 eo
1549 5413 1694 5486 quod
1719 5415 1777 5472 in
1799 5415 2086 5474 sacriﬁciis

493 5497 623 5568 inde
655 5500 906 5557 solebant
929 5503 1078 5560 ablui
1101 5506 1386 5576 pecudum
1414 5515 1578 5575 exta;
1619 5522 1790 5578 quare
1814 5517 1876 5563 ut
1910 5508 2083 5579 potis-

494 5591 700 5650 simum
729 5593 902 5651 rubea
925 5604 1046 5651 erat
1069 5596 1160 5656 illa
1185 5612 1350 5670 aqua,
1371 5599 1502 5670 quia
1532 5598 1608 5656 ibi
1635 5598 1830 5656 boatiae
1851 5589 2084 5657 munda-

491 5681 720 5746 bantur.
743 5683 886 5742 Ante
925 5686 1069 5744 hanc
1098 5686 1443 5747 Probaticam
1493 5689 1760 5762 piscinam
1791 5690 1950 5750 Jesus
1985 5707 2085 5764 per

493 5774 718 5848 triginta
759 5784 888 5834 octo
933 5793 1115 5836 annos
1140 5779 1404 5837 miserum
1435 5789 1490 5838 et
1512 5781 1830 5853 languidum
1861 5782 2082 5839 sanitati

493 5867 753 5944 restituit,
775 5871 963 5932 dicens
985 5872 1036 5930 ei
1065 5891 1076 5929 :
1107 5870 1255 5928 To":
1269 5872 1548 5945 grabatum
1574 5883 1742 5942 tuum,
1771 5883 1828 5931 et»
1843 5876 2079 5943 ambula,

2187 605 2408 648 sursum
2432 591 2488 644 in
2517 588 2768 661 proxima
2802 588 2892 643 via
2923 603 3047 659 quia:
3073 587 3144 643 ab
3171 588 3274 644 hac
3304 589 3510 648 declinat
3531 596 3670 664 platea,

2187 681 2256 737 ad
2284 680 2588 748 dexteram,
2631 695 2852 736 sursum
2913 693 3109 735 versus
3151 695 3364 735 murum
3403 682 3590 742 dvitatis
3613 701 3669 746 eu

2187 773 2286 830 illa.
2313 772 2552 832 ecclesia
2574 773 2632 828 in
2657 771 2925 832 honorem
2961 780 3166 833 sancta:
3213 771 3388 836 lari:
3427 774 3698 848 Magdaleu'

2186 865 2351 922 facta.
2378 865 2437 920 In
2483 865 2590 921 hoc
2609 864 2732 921 loco
2775 871 2907 920 sunt
2947 864 3205 920 monachi
3249 863 3498 934 Jacobitae,
3528 869 3668 942 deque

2185 958 2310 1029 ipso
2338 957 2461 1012 loco
2487 965 2542 1012 et
2565 954 2806 1012 Ecclesia
2833 955 2947 1026 jam
2976 954 3220 1011 diximus
3245 971 3363 1026 quae
3387 957 3574 1014 dicenda
3603 978 3668 1018 no-

2185 1050 2388 1108 vimus.
2418 1049 2477 1104 ln
2508 1047 2734 1121 praefata
2781 1048 2962 1120 platea
3008 1047 3078 1103 de
3121 1057 3278 1118 porta
3303 1049 3448 1104 vallis
3488 1049 3670 1124 Josapht

2187 1145 2300 1200 itur
2337 1158 2438 1215 per
2483 1142 2753 1198 directum
2799 1155 3005 1200 versus,
3044 1140 3193 1206 illam
3239 1139 3475 1216 plateam,
3510 1159 3600 1213 que
3627 1149 3670 1200 ad

2186 1243 2402 1307 portam
2453 1234 2641 1291 Sancti
2695 1233 2968 1304 Stephani,
3012 1232 3165 1290 ducit
3185 1273 3202 1299 ,
3253 1249 3291 1296 a
3331 1247 3432 1304 qua
3475 1235 3618 1291 deinde
3651 1254 3670 1292 ι

2187 1327 2559 1400 septentrione
2585 1341 2781 1382 versus
2807 1327 3013 1396 plateas
3039 1325 3165 1380 illas
3195 1325 3444 1396 triplices,
3474 1328 3561 1383 imo
3585 1333 3671 1384 ml.

2190 1421 2400 1492 tiplices
2432 1421 2772 1476 diversarum
2804 1435 2992 1475 rerum
3033 1416 3310 1474 venalium
3345 1424 3669 1490 τεν-ωηιιὶ-

2187 1529 2300 1582 ces,
2331 1514 2400 1570 ad
2441 1513 2677 1569 frontem
2721 1513 2948 1583 majoris
2989 1511 3178 1567 Sancti
3206 1510 3471 1583 Sepulchri
3503 1516 3670 1571 animi:

2188 1607 2472 1680 dirigitur;
2501 1607 2557 1662 in
2581 1607 2782 1673 medio,
2811 1605 3058 1676 inQuam,
3075 1605 3225 1661 illius
3247 1605 3428 1677 platea:
3443 1608 3674 1678 estquida.

2188 1715 2353 1757 arcus
2379 1700 2628 1772 lapideus
2649 1709 2704 1754 et
2728 1700 3008 1770 antiquus,
3040 1699 3186 1754 ultra
3217 1699 3451 1755 eamdem
3490 1702 3674 1771 plateam

2188 1791 2527 1848 incurvatus.
2573 1789 2633 1846 ln
2672 1789 2778 1847 hoc
2817 1789 2940 1846 loco
2987 1789 3193 1845 dicitur
3223 1788 3378 1844 beata
3417 1789 3672 1857 vii-gallina

2187 1899 2315 1940 cum
2344 1882 2488 1939 felici
2511 1890 2568 1938 et
2603 1881 2764 1938 beata
2783 1918 2788 1928 -μ
2809 1881 2964 1953 prole
3006 1896 3106 1937 sua
3139 1880 3320 1937 adhuc
3359 1882 3666 1951 parvulum.

2186 1971 2365 2030 fantili
2391 1973 2688 2046 quievisse,
2743 1985 2804 2030 et.
2845 1974 3024 2030 eidem
3075 1974 3165 2031 iac
3215 1974 3408 2030 ibidem
3443 1974 3669 2044 prebuisse

2187 2066 2322 2135 Quae
2348 2082 2438 2123 res
2460 2073 2614 2138 gesta
2635 2065 2709 2122 ibi
2732 2081 2830 2137 per
2853 2067 3126 2138 picturam
3179 2066 3500 2138 exprimitur,
3525 2075 3568 2121 et
3590 2067 3670 2122 hinc

2186 2161 2330 2217 idem
2369 2161 2527 2216 locus
2569 2161 2778 2217 circum
2827 2161 3182 2232 aliquantula.
3217 2159 3539 2217 aedificatione
3572 2171 3628 2214 est
3651 2176 3672 2214 ι

2183 2253 2405 2325 publica
2430 2269 2537 2310 usu
2573 2253 2866 2322 discretus,
2911 2254 3006 2324 qui
3035 2262 3224 2310 tamen
3267 2254 3381 2310 sine
3425 2253 3672 2325 apposition

2184 2344 2431 2402 ecclesia:
2459 2345 2786 2402 venerabilis
2804 2354 2861 2402 et
2885 2345 3135 2413 habetur,
3169 2355 3228 2402 et
3259 2346 3462 2402 colitur.

2241 2437 2390 2495 .ltem
2415 2438 2484 2495 de
2507 2438 2710 2510 platea,
2742 2454 2774 2495 a
2801 2446 2960 2510 porta
2993 2437 3052 2494 S.
3100 2437 3386 2510 Stephani,
3411 2437 3574 2494 dilecta
3593 2453 3662 2491 sur-

2187 2530 2310 2588 sum
2340 2530 2409 2588 ad
2434 2531 2580 2588 latus
2607 2532 2855 2588 ecclesiae
2885 2530 3074 2588 Sancti
3103 2531 3373 2602 Sepulcri,
3402 2546 3494 2586 non
3514 2529 3670 2583 multum

2186 2625 2346 2698 longe
2373 2625 2443 2680 ab
2474 2640 2556 2682 ea-
2583 2640 2784 2682 versus
2827 2625 3260 2696 septentrionem
3289 2633 3372 2680 est
3399 2637 3536 2694 parva
3553 2621 3666 2694 piata

2185 2715 2458 2788 quaedam,
2485 2716 2644 2787 juxta
2664 2731 2831 2788 quam
2872 2717 2928 2772 in
2975 2716 3220 2788 quadam
3250 2715 3488 2788 Syrorum
3514 2713 3667 2768 ecclesia

2185 2809 2422 2879 quiescit
2470 2815 2691 2866 sacrum
2744 2807 2858 2864 divi
2905 2807 3176 2866 Chariten
3239 2807 3474 2880 martyris
3512 2817 3665 2875 αιτμίς

2185 2898 2334 2970 quod
2362 2898 2436 2954 ibi
2469 2915 2499 2954 a
2527 2897 2680 2972 Syris
2713 2899 3004 2956 monachis
3041 2899 3304 2972 religiose
3344 2898 3528 2962 colitur,
3545 2892 3672 2951 ειίεπ,

2187 2989 2368 3046 adhuc
2393 2990 2670 3063 integrum
2707 2991 2766 3048 in
2795 2991 3034 3064 quadam
3064 2993 3251 3064 lignea
3293 2991 3464 3051 arcula
3494 2984 3666 3045 recondi-

2186 3090 2327 3150 tum,
2349 3083 2561 3144 elevato
2612 3085 2961 3155 cooperculo,
3003 3085 3417 3142 advenientibus
3461 3079 3670 3154 peregri-it

2187 3172 2512 3228 ostenditur.
2533 3171 2680 3228 Idem
2698 3182 2924 3230 sanctus
2948 3173 3111 3230 Pater
3132 3175 3194 3230 in
3222 3173 3458 3231 ctenobio
3477 3186 3555 3229 suo
3565 3170 3670 3241 juxta

2185 3261 2416 3326 ﬂuvium
2445 3262 2704 3320 Jordanis
2734 3263 2860 3332 aito,
2902 3279 3013 3320 una
3039 3280 3170 3320 cum
3222 3261 3484 3321 monachis
3503 3261 3587 3316 suis
3606 3273 3672 3329 pm

2185 3354 2532 3412 confessione
2561 3355 2799 3414 nominis
2826 3354 3032 3412 Christi
3057 3356 3128 3413 ab
3155 3355 3452 3413 inﬁdelibus
3479 3351 3558 3408 fuit
3577 3349 3667 3408 oeci-

2185 3463 2302 3516 sus,
2335 3449 2479 3506 sicut
2499 3464 2666 3518 supra
2688 3447 3000 3510 retulimus.

2255 3539 2433 3610 Atque
2463 3539 2546 3595 sic
2573 3537 2937 3595 describenda
2966 3539 3302 3596 venerabilia
3343 3539 3451 3598 loca
3483 3537 3527 3591 in
3545 3539 3666 3590 sanat

2185 3632 2406 3690 civitate
2451 3631 2778 3702 Jerusalem,
2830 3633 3145 3704 incipiendo
3191 3634 3263 3690 ab
3287 3631 3507 3694 'ecclesia
3545 3624 3664 3681 Sancti

2189 3723 2458 3797 Sepu-lcri,
2511 3727 2905 3784 circumeundo
2955 3743 2988 3786 a
3038 3735 3203 3799 porta
3247 3725 3424 3792 David,
3468 3735 3598 3793 usque
3623 3715 3666 3772 ﬁ

2184 3821 2434 3878 eamdem
2457 3821 2655 3877 iterum
2704 3820 2910 3878 reversi
2965 3835 3182 3886 sumus,
3215 3818 3390 3891 plures
3427 3813 3666 3886 capellam

2186 3913 2372 3976 minus
2401 3914 2646 3971 celebres
2668 3915 2954 3981 ecclesias,
2977 3930 3119 3985 quas
3147 3914 3224 3969 ibi
3269 3913 3476 3968 diversa:
3497 3906 3663 3964 nations

2186 4005 2408 4073 habent,
2437 4005 2770 4062 amittentes.
2799 4003 3095 4063 Sciendum
3123 4019 3359 4075 namque
3384 3999 3506 4072 quod
3525 3997 3578 4052 ibi
3595 3993 3666 4048 sint

2185 4092 2383 4163 Graaci,
2419 4093 2622 4163 Latini,
2669 4094 2980 4162 Alemanni,
3031 4092 3300 4165 Hungari,
3325 4081 3662 4155 Scoti,,l\'avtﬂi.

2185 4187 2464 4256 Britones,
2489 4187 2671 4259 Angli,
2705 4186 2964 4254 Rutheni,
2991 4186 3244 4254 Bohemi,
3271 4180 3662 4256 Gorgiani..W‘

2185 4278 2270 4347 ni,
2297 4279 2539 4347 Suriani,
2567 4278 2850 4347 Jacobitan,
2891 4277 3034 4352 Syri,
3065 4276 3390 4342 Nestoriani,
3418 4272 3530 4338 ludi,
3556 4265 3661 4335 εσυ

2182 4371 2303 4442 ptii,
2339 4371 2558 4443 Capthi,
2604 4369 2974 4443 Capheturici,
3017 4377 3153 4440 etc,
3177 4379 3233 4426 et
3265 4369 3310 4426 si
3354 4365 3469 4440 quid
3490 4356 3661 4419 aliuddi-

2183 4476 2357 4519 versze
2381 4461 2583 4534 lingua:
2603 4469 2654 4518 et
2679 4462 2920 4518 nationis
2960 4461 3146 4528 datur,
3173 4475 3312 4532 quas
3355 4460 3538 4530 longum
3573 4462 3659 4504 cal-

2183 4569 2398 4613 merare
2425 4553 2584 4616 (oret.
2610 4552 2723 4610 Nos
2754 4554 2974 4610 interim
3017 4554 3278 4626 praesenti
3309 4547 3539 4608 terrestris
3557 4541 3659 4597 len-

2188 4648 2359 4706 salem
2389 4645 2752 4720 descriptioni
2773 4646 2940 4708 tinem
2967 4645 3324 4724 imponimus,
3352 4642 3487 4713 cujus
3508 4641 3659 4702 eam“

2186 4742 2448 4809 vidimus,
2505 4739 2567 4808 in,
2595 4739 2964 4812 descriptione
3006 4737 3386 4811 conspicienda
3405 4731 3609 4791 dedimus
3625 4729 3659 4774 ιί

2187 4834 2351 4892 unice
2391 4841 2666 4906 optamus,
2713 4842 2776 4890 ut
2819 4832 2965 4890 Deus
3009 4847 3115 4890 nos
3157 4833 3322 4894 etiam.
3359 4827 3421 4884 ad
3457 4813 3654 4876 viden“

2187 4925 2467 4998 emicatem
2491 4922 2798 4988 Jerusalem
2827 4923 3116 4980 admittere
3134 4915 3564 4994 dignetur._Amel-

2785 5033 3016 5096 carus
3039 5033 3180 5094 xui.
3581 5107 3589 5117 _

2197 5130 2366 5186 Missa
2396 5133 2453 5186 in
2481 5129 2701 5187 “etesia
2730 5128 2790 5190 S.
2825 5127 3068 5201 δαρεικτὶ
3107 5127 3216 5201 dici

2263 5173 2810 5258 ἵᾶἷευ⁷⁷ὐῗᾶἕὲἇὶἷοιῖἑε
2825 5173 3465 5270 Ἑῖἶὲἱιὶροἷᾶἱὲοἱιξὶτιίε

2261 5254 2481 5328 Etim}
2498 5254 2992 5344 pie—r‘CVIiristianos.
3015 5254 3158 5323 “Alia
3190 5269 3251 5322 de
3285 5254 3651 5328 Transﬁglrifm!‘

2270 5343 2499 5388 Dnmim‘-
2531 5342 2720 5388 Oratio
2765 5343 2826 5388 in.
2861 5342 3024 5388 missa
3074 5340 3140 5388 de
3165 5339 3302 5388 ΐεεισ
3327 5325 3648 5388 Ρηεςεπισηθπυ

2263 5339 2720 5400 Βοηιὶηἱ.’οναῑίο
2765 5343 2826 5396 in
2861 5342 3024 5395 missa
3074 5340 3140 5394 de
3163 5339 3647 5410 festam-cumtum!"

2268 5413 2327 5470 S.
2353 5415 2546 5488 Maria:
2577 5414 2797 5488 virginis
2829 5413 2884 5466 in
2915 5393 3647 5488 temgio._l)ixrsmuunptw

2259 5488 2316 5543 in
2344 5486 2478 5542 locis
2495 5483 2672 5540 sacris
2689 5493 2982 5544 exstantes.
3008 5483 3165 5536 Finis
3188 5483 3366 5550 operis.

2261 5596 2580 5668 Sequuntur
2597 5597 2778 5654 adhuc
2797 5597 2903 5654 alia
2929 5597 3078 5653 circa
3101 5594 3316 5652 Terram

2187 5659 2460 5766 digniora,
2505 5707 2628 5764 qua:
2669 5691 2870 5758 adhuc,
2921 5691 3071 5746 velut
3114 5705 3181 5746 ex
3225 5659 3643 5742 abundantimiﬂk"

2186 5783 2326 5842 ctori
2353 5779 2851 5840 communicamus.
2887 5782 3028 5838 Sunt
3047 5789 3222 5838 autem
3247 5779 3379 5834 ista:
3563 5845 3574 5850 _
3614 5837 3623 5850 ,

2262 5876 2445 5934 idibus
2490 5875 2618 5932 Julii
2671 5875 2945 5934 dedicatio
2994 5873 3236 5934 ecclesia:
3270 5863 3430 5927 sinon
3456 5845 3636 5924 Serm
