3816 6306
51 365 181 440 1089

997 368 1311 427 ANONYMI
1348 365 1708 424 NARRATIO
1745 363 1947 423 BELLI
1989 363 2215 422 SACRI.

3148 363 3287 422 1090

47 497 155 552 ltem
188 489 369 549 eadem
397 487 481 546 die
503 485 734 546 celebris
775 483 1040 541 memoria
1083 490 1287 539 sanctae
1316 481 1466 538 urbis
1494 479 1584 537 Je—
1613 492 1663 545 Α
1689 495 1833 549 mus,
1865 489 1926 536 ut
1953 477 2154 534 divinis
2173 473 2449 533 alimoniis
2471 475 2527 532 in
2545 475 2666 548 ejus
2691 490 3004 534 mereamur
3031 478 3280 540 membra

47 584 252 641 rusalem
281 597 311 636 a
338 577 664 635 Christianis
704 583 1058 647 recuperatae,
1107 582 1164 629 et
1207 589 1276 629 ex
1324 581 1592 643 potestate

45 688 342 748 paganorum
365 677 580 742 ereptae.
618 667 678 724 In
716 667 883 738 hujus
923 667 1004 723 rei
1051 665 1374 721 memoriam
1397 663 1594 720 eadem

45 770 116 824 die
133 765 423 823 celebratur
448 761 614 817 missa
645 769 704 816 ut
741 759 1010 830 sequitur.
1054 756 1356 812 Introitus:
1383 753 1594 813 Laetare

44 855 329 913 Jerusalem.
347 851 506 926 Kyrie
517 852 760 924 eleyson.
776 849 1172 922 Cunctipotens
1185 850 1400 922 genitor
1425 845 1592 915 Deus,

48 948 246 1006 Oratio:
282 944 641 1016 Omnipotens
673 943 1004 1014 sempiterno
1052 941 1221 1008 Deus,
1263 941 1360 1012 qui
1393 940 1597 998 virtute

41 1048 124 1094 tua
161 1035 384 1093 mirabili
435 1032 739 1090 Jerusalem
791 1032 1068 1088 civitatem
1109 1041 1261 1088 tuam
1312 1031 1382 1087 de
1426 1045 1594 1086 manu

46 1143 346 1202 paganorum
366 1126 582 1195 eruisti,
623 1133 680 1182 et
715 1124 1045 1181 Christianis
1081 1122 1374 1190 tradidisti,
1408 1122 1598 1178 adesto

48 1222 197 1290 nobis,
244 1235 582 1292 quaesumus,
628 1219 920 1294 propitius,
966 1226 1027 1273 ut
1077 1217 1174 1289 qui
1211 1224 1458 1274 sanctam
1509 1230 1599 1270 so-

41 1314 348 1370 lemnitatem
378 1328 563 1369 annua
589 1313 884 1368 recolimus
912 1311 1225 1380 devotione,
1250 1310 1323 1365 ad
1349 1322 1600 1380 superna:

38 1404 310 1462 Jerusalem
342 1404 542 1478 gaudia
577 1404 865 1477 pervenire
912 1419 1239 1464 mereamur.
1272 1400 1378 1459 Per
1407 1399 1598 1457 Domi-

49 1516 176 1568 num,
198 1507 295 1556 etc.
324 1498 572 1570 Epistola
595 1513 614 1552 :
645 1497 842 1570 Surge,
887 1497 1223 1567 illuminare,
1271 1495 1596 1566 Jerusalem,

48 1601 132 1645 etc.
170 1590 389 1645 Alleluia
440 1606 459 1645 :
516 1587 643 1646 Dies'
686 1590 1061 1646 sanctiﬁcatus
1118 1605 1239 1644 cum
1291 1586 1598 1643 Graduali-:

1696 569 2100 645 transformari,
2140 570 2235 642 qui
2276 571 2392 627 haec
2415 569 2474 625 in
2516 569 2603 627 sui
2646 570 2969 626 memeriam
3001 570 3119 628 ﬁeri
3145 589 3284 645 pne-

1694 665 1836 738 cepit
1864 663 2024 722 Jesus
2051 663 2324 733 Christus,
2384 662 2556 722 Filius
2587 672 2736 732 tuus,
2777 645 3045 721 Dominus
3080 678 3290 738 noswr,

1695 760 1791 832 qui
1819 768 2022 826 tecum,
2055 768 2162 837 etc.

1765 868 1844 908 xr.
1887 851 2115 908 Kalend.
2166 849 2421 908 Decemb.
2487 850 2844 908 Prtesentatio
2882 851 3057 910 beata:
3106 851 3294 916 Maria

1697 941 1939 1016 Virginis
1983 943 2037 998 in
2067 944 2290 1015 templo.
2336 937 2492 1000 Unde
2536 945 2654 1002 haec
2679 944 2881 1002 dicitur
2905 944 3084 1002 oratio
3115 945 3170 1002 in
3192 961 3292 1003 eo-

1695 1037 1821 1095 dem
1861 1037 2083 1108 templo.
2139 1036 2328 1093 Oratio
2356 1053 2374 1092 :
2405 1035 2572 1106 Deus,
2595 1037 2692 1109 qui
2723 1046 2970 1094 sanctam
3003 1038 3100 1095 Dei
3127 1031 3303 1098 Geni-

1695 1131 1912 1198 tricem,
1937 1130 2200 1201 templum
2238 1125 2478 1201 Spiritus
2509 1130 2704 1197 sancti,
2737 1140 2864 1202 post
2897 1131 3196 1188 triennium
3243 1134 3301 1190 in

1701 1223 1806 1276 hoc
1837 1220 2039 1292 templo
2062 1219 2280 1275 Domini
2311 1221 2630 1292 praesentari
2671 1221 2926 1289 voluisti;
2959 1223 3171 1294 respice
3233 1224 3304 1280 ad

1699 1315 1951 1370 devotam
1971 1311 2070 1368 tibi
2093 1312 2328 1383 plebem,
2357 1321 2408 1368 et
2452 1314 2652 1384 praesta
2697 1315 2878 1386 utqui
2912 1297 3032 1387 ejus
3054 1329 3308 1386 praesen-

1700 1407 1925 1464 tationis
1949 1404 2089 1464 festa
2111 1421 2461 1473 veneramur,
2493 1407 2598 1478 ipsi
2623 1407 2884 1478 templum
2914 1407 2968 1463 in
2997 1422 3110 1480 quo
3134 1406 3296 1464 [tabi-

1702 1509 1819 1556 tare
1839 1498 2084 1571 digneris
2115 1497 2436 1554 elliciamur.
2461 1497 2564 1554 Per
2591 1497 2908 1568 Dominum,
2940 1509 3048 1556 etc.

1773 1589 2096 1664 Sequuntur
2125 1590 2296 1663 aliqui
2321 1605 2537 1659 versus,
2563 1591 2661 1662 qui
2691 1591 2746 1646 in
2771 1591 2909 1648 locis
2933 1599 3136 1650 sancta:
3157 1590 3295 1650 civi«

43 1679 219 1738 Omnes
263 1681 328 1737 de
385 1679 554 1749 Saba,
595 1688 702 1737 etc.
751 1678 1137 1753 Evangelium:
1188 1678 1326 1735 Cum
1372 1679 1603 1736 intraret
1705 1685 1832 1742 tatis
1856 1683 2091 1742 diversis
2120 1684 2398 1757 leguntur.
2427 1682 2494 1738 Et
2519 1683 2745 1756 quidem

49 1773 616 1847 Jesus-Jerosolymam,
648 1783 762 1846 Oete.
811 1773 982 1830 Credo
1007 1774 1064 1828 in
1096 1790 1278 1828 unum.
1310 1771 1599 1843 Olfertoru

48 1865 246 1923 Dextera
266 1864 509 1932 Domini,
534 1875 640 1922 etc.
680 1864 914 1920 Secreta.
939 1863 1094 1921 Hanc
1117 1881 1457 1936 quaesumus,
1490 1863 1601 1919 Do-
1633 1861 1677 1922 Β

46 1961 198 2025 mine,
241 1958 517 2026 hostiam,
582 1975 749 2030 quam
798 1959 894 2014 tibi
949 1959 1224 2030 supplices
1282 1956 1600 2022 oll'erimus,

51 2053 298 2123 dignanter
331 2051 575 2123 suscipe,
607 2060 662 2106 et
683 2050 802 2122 ejus
849 2051 1108 2124 mysterio
1151 2049 1346 2121 dignos
1369 2063 1470 2104 nos
1492 2045 1606 2102 elli-

49 2157 117 2207 ee,
141 2150 194 2197 ut
218 2141 306 2212 qui
331 2141 397 2198 de
423 2139 735 2198 Jerusalem
770 2141 1011 2209 civitate,
1058 2141 1126 2197 de
1165 2156 1334 2196 manu
1361 2155 1607 2213 pagano-

51 2249 152 2288 rum
175 2241 339 2303 eruta,
365 2233 514 2290 hanc
546 2233 692 2289 diem
721 2233 1053 2289 celebrando
1098 2231 1337 2306 agimus,
1364 2231 1606 2290 caelestis

53 2324 310 2384 Jerusalem
360 2328 622 2384 concires
674 2328 792 2382 ﬁeri
859 2327 1076 2383 tandem
1129 2341 1458 2382 mereamur.
1503 2325 1608 2381 Per

55 2418 324 2491 Dominum,
349 2428 457 2477 etc.
507 2420 820 2476 Communia
851 2417 1220 2487 :Jerusalem,
1257 2434 1441 2491 surge,
1491 2427 1599 2474 etc.

53 2514 184 2582 Quod
196 2516 548 2588 sumpsimus,
572 2515 824 2583 Domine,
850 2514 1183 2571 sacriﬁcium
1199 2514 1267 2571 ad
1283 2515 1530 2588 corporis
1555 2523 1611 2572 et

55 2607 218 2664 anima:
242 2609 395 2665 nobis
433 2609 689 2681 proficiat
733 2609 987 2677 salutem,
1026 2616 1086 2664 ut
1124 2609 1220 2681 qui
1270 2609 1339 2665 de
1371 2609 1609 2666 civitatis

57 2707 144 2755 tute
160 2699 444 2758 Jerusalem
476 2701 729 2757 libertate
757 2701 1081 2776 gaudemus,
1122 2702 1179 2758 in
1209 2701 1419 2759 cmlesti
1445 2700 1609 2759 Jeru-

59 2791 197 2846 salem
228 2791 533 2849 haereditari
561 2808 895 2850 mereamur.
917 2792 1022 2849 Per
1044 2791 1362 2863 Dominum,
1388 2802 1493 2850 etc.

114 2898 217 2937 vin.
259 2882 381 2940 ldus
423 2884 666 2957 Augusti
713 2885 1020 2941 celebratur
1045 2871 1482 2959 Transliguratio
1504 2885 1612 2943 Do-

61 2974 168 3028 mini
189 2975 237 3030 in
260 2987 442 3034 monte
496 2977 752 3034 Thabor:
793 2976 1078 3046 Introitus,
1126 2985 1178 3032 et
1221 2978 1384 3032 missa
1415 2993 1510 3049 per
1531 2987 1613 3032 to-

59 3079 180 3122 tum:
209 3068 491 3126 Benedicta
538 3071 612 3126 sit
652 3079 862 3138 sancta,
889 3079 996 3127 etc.
1029 3069 1222 3126 Oratio
1244 3085 1264 3124 :
1311 3067 1476 3138 Deus,
1516 3069 1616 3142 qui"

62 3159 285 3216 hodierna
314 3161 400 3217 die
431 3159 793 3234 Unigenitum
818 3172 974 3218 tuum
1002 3161 1323 3219 mirabiliter
1345 3160 1614 3217 transfor-

64 3261 236 3309 matum
265 3255 482 3311 etelitus
512 3255 802 3327 utriusque
841 3254 1180 3312 Testamenti
1219 3253 1476 3310 Patribus
1524 3269 1615 3309 rc-

64 3341 240 3413 velasti,
263 3345 329 3402 da
363 3347 550 3415 nobis,
582 3363 922 3420 quasumus,
954 3348 1310 3420 beneplacitis
1346 3348 1444 3404 tibi
1481 3347 1619 3404 acti-

63 3432 144 3490 bus
167 3437 228 3494 ad
253 3438 368 3510 ejus
395 3455 618 3512 semper
652 3443 1126 3514 contemplandam
1168 3442 1474 3514 pertingere
1502 3441 1621 3514 glo-

65 3523 196 3596 riam,
221 3528 272 3585 in
295 3547 404 3603 quo
425 3541 540 3589 tua:
569 3534 884 3604 paternitati
930 3535 1070 3591 bene
1120 3533 1522 3606 complacuisse
1559 3549 1620 3591 es

64 3621 279 3678 testatus.
312 3621 416 3679 Per
439 3623 759 3692 Dominum,
785 3634 890 3682 etc.
914 3619 1127 3682 secreta
1160 3642 1180 3680 :
1208 3625 1457 3697 Suscipe,
1479 3640 1622 3696 qua:-

66 3722 244 3779 sumus,
271 3713 504 3772 Domine
556 3725 747 3775 sancte
789 3717 952 3776 Pater
979 3720 1350 3791 omnipotens,
1389 3733 1620 3775 munera

65 3815 164 3869 quae
188 3820 278 3875 pro
303 3807 546 3880 gloriosa
579 3807 705 3865 Filii
757 3811 834 3866 tui
877 3811 1360 3882 transliguratione
1417 3809 1619 3868 deferi-

65 3907 201 3952 mus:
234 3907 285 3955 et
309 3901 550 3957 concede
573 3902 845 3974 propitius
867 3911 927 3958 ut
957 3919 988 3959 a
1035 3904 1432 3975 temporalibus
1481 3903 1610 3960 libe-

68 3997 221 4040 remur
245 3989 609 4048 incommodis
630 4001 684 4048 et
719 3994 932 4066 gaudiis
960 4004 1356 4051 connectamur
1379 3994 1618 4051 internis.

67 4071 152 4167 Per
168 4075 470 4151 Dominum,
501 4093 606 4140 etc.
629 4083 942 4167 Communia
963 4101 981 4141 :
1006 4085 1171 4156 Deus,
1193 4088 1288 4160 qui
1314 4088 1459 4144 hanc
1480 4087 1624 4144 diem

70 4165 301 4230 incarnati
336 4173 506 4233 Verbi
531 4179 608 4233 tui
640 4165 1142 4254 transﬁguratione,
1165 4191 1369 4254 tuaque
1400 4183 1468 4238 ad
1497 4196 1622 4238 eum

69 4261 210 4318 missa
232 4269 572 4336 paternitatis
597 4285 732 4327 voce
753 4275 1088 4330 consecrasti
1114 4293 1129 4343 ;
1177 4275 1378 4344 tribue,
1403 4289 1624 4346 quiesu-

107 4473 1222 4518 W

1641 3217 1689 3281 C

1759 1797 1811 1856 Ι.
1841 1797 1910 1855 In
1933 1799 2332 1873 superliminari
2374 1799 2612 1854 ecclesia:
2635 1795 2823 1854 Sancti
2845 1797 3107 1870 Sepulcri,
3129 1800 3242 1857 sic:

1705 1911 1858 1985 Quid,
1880 1913 2082 1969 mulier
2113 1912 2341 1985 ploras?
2366 1927 2457 1980 en,
2473 1911 2616 1985 jam,
2640 1927 2804 1982 quem
2823 1911 3047 1985 quaeris,
3077 1911 3300 1970 adoras.

1706 1985 1790 2040 Me
1809 1984 2039 2057 dignum
2075 1983 2263 2051 recoli,
2289 1983 2405 2056 jam
2432 1984 2621 2038 vivum
2660 1992 2884 2056 tangere
2907 1983 3045 2038 noli.

1947 2096 2034 2155 II.
2074 2096 2246 2153 Extra
2267 2098 2326 2152 in
2357 2097 2583 2152 introitu
2605 2095 2894 2163 Caloarite,
2927 2099 3052 2152 ita:

1711 2206 1812 2265 llic
1838 2208 1996 2265 locus
2024 2209 2255 2280 insignis
2280 2208 2532 2264 Calvaria
2559 2217 2784 2264 sanctus
2809 2208 3060 2275 habetur,

1707 2280 1815 2334 l’rn
1848 2282 2004 2346 (luce,
2039 2296 2138 2350 pro
2161 2281 2358 2350 pretio,
2386 2295 2486 2348 pro
2510 2294 2693 2344 cruce,
2728 2295 2828 2349 pro
2865 2280 3101 2334 lavacro.

1707 2351 1912 2422 ﬁentpe
1941 2349 2070 2406 Jcsu
2101 2349 2284 2414 cruor,
2317 2362 2371 2406 et
2402 2352 2616 2415 titulus,
2671 2367 2827 2422 sacra
2860 2351 3106 2422 corporis
3133 2349 3304 2419 unda,

1708 2421 1820 2478 Nos
1847 2420 2041 2487 salvat,
2072 2422 2310 2488 redimit,
2337 2423 2782 2500 protegit,.at.que
2811 2420 2980 2476 lavat}

1780 2535 1882 2592 III
1888 2578 1902 2592 .
1934 2535 2084 2591 Intus
2117 2536 2186 2590 ad
2213 2535 2596 2608 depositionem
2633 2535 2876 2603 Domini,
2913 2535 3010 2590 hoc
3040 2535 3233 2590 modo:

1711 2653 1758 2709 A
1784 2654 1968 2718 charis
1987 2667 2118 2709 caro
2147 2652 2315 2708 chara
2345 2651 2441 2708 Dei
2473 2652 2772 2724 lacrymata
2801 2651 3018 2724 levatur

1711 2725 1759 2780 Α
1783 2741 1948 2782 cruce
1974 2743 1990 2794 ;
2021 2739 2122 2795 pro
2156 2723 2374 2782 miseris
2399 2739 2494 2779 rex
2527 2723 2652 2796 pius
2682 2723 2798 2779 haec
2825 2723 3054 2794 patitur.

1721 2908 1742 2924 ν
1785 2835 1892 2894 IV.
1925 2834 2081 2892 Intus
2105 2854 2265 2908 prope
2289 2813 2358 2891 ad
2393 2835 2613 2892 Domini
2643 2837 2996 2908 sepulturam,
3021 2834 3236 2890 taliter:

1712 2949 1982 3012 Contljtur
2011 2949 2065 3005 in
2098 2950 2311 3006 tumulo
2337 2949 2597 3007 conditus
2619 2957 2866 3005 aromate
2885 2947 3165 3014 Christus,

1714 3020 1947 3078 Tollitur
1974 3021 2041 3076 ad
2069 3036 2299 3092 superos
2325 3021 2506 3078 meriti
2537 3021 2913 3076 moderamine
2947 3020 3152 3092 justus,

1714 3092 1926 3164 gaudet
1953 3091 2428 3164 homo,_’trepit_iant
2439 3107 2658 3159 manes,
2669 3093 2836 3164 gemit
2851 3091 3032 3164 omnis
3053 3091 3313 3164 abyssusr

1717 3163 1815 3220 Est
1833 3178 2093 3220 excessus
2117 3161 2268 3230 Adae,
2295 3162 2516 3219 Christo
2539 3161 2810 3230 veniente,
2836 3163 3118 3220 remissus.

1734 3277 1798 3334 V.
1830 3276 1969 3333 Item
2015 3277 2232 3344 ibidem,
2271 3275 2362 3332 sed
2389 3292 2482 3347 per
2507 3276 2760 3342 medium,
2790 3275 2928 3329 hunc
2970 3275 3026 3329 in
3056 3275 3267 3329 modum
3291 3287 3312 3327 :

1727 3370 1842 3442 Sub
1868 3370 2080 3442 tumulo
2101 3369 2452 3442 lapidisdum
2488 3369 2570 3442 sic
2597 3366 2855 3442 Christus
2884 3363 3213 3432 tumulatur,

1725 3439 1859 3514 Ejus
1881 3441 1951 3496 ad
1977 3437 2270 3513 exsequias
2294 3439 2504 3494 homini
2527 3437 2728 3494 cmlum
2760 3445 3056 3492 reseratur.

1931 3552 2030 3610 VI.
2060 3552 2129 3608 In
2149 3554 2265 3610 loco
2289 3552 2611 3607 Nativitatis
2637 3549 2874 3604 Domini.
2902 3546 3101 3604 Itidem

1725 3646 1998 3720 3A_ngelic:e
2026 3646 2214 3720 lumen
2234 3644 2488 3720 virtutis,
2506 3642 2718 3720 et__ejus
2741 3655 2996 3707 acumen,

1720 3712 2009 3774 Hic'natus
2031 3733 2159 3773 vere
2183 3716 2328 3771 Deus
2352 3724 2435 3771 est
2458 3716 2524 3770 dc
2557 3712 2781 3790 Virgine
2809 3719 3003 3766 matre.

1731 3830 1865 3888 VII.
1895 3829 1965 3887 In
2011 3830 2410 3903 superliminari
2453 3828 2705 3903 in_troit_us_
2742 3823 3011 3881 interioris
3051 3822 3122 3877 ad
3147 3822 3320 3894 sepul-

2313 3917 2461 3956 crum
2490 3899 2726 3954 Domini.

1723 3995 1948 4052 Christo
1984 3994 2233 4068 surgenti
2265 3994 2438 4068 locus,
2467 4001 2521 4047 et
2547 4000 2735 4046 custos
2761 3983 3126 4068 monumenti,
3156 4053 3191 4068 Δ.

1723 4068 1986 4140 Angelus,
2008 4075 2064 4123 et
2086 4060 2289 4134 Vestis,
2341 4063 2464 4131 fuit,
2493 4067 2686 4134 estque
2727 4060 3030 4129 redemptio
3069 4060 3245 4112 testis.

1794 4203 1963 4289 .Alios
1993 4204 2177 4276 plures
2199 4218 2390 4259 versus
2435 4216 2531 4273 per
2561 4197 2814 4255 Historia:
2849 4202 3169 4276 contextum
3198 4191 3324 4252 des-

1731 4291 2047 4347 Cl'lpSImllS.

3041 4471 3324 4510 -σ--ιι--τ-

1249 4661 2136 4779 ANONY
2260 4789 2262 4791 .

674 4895 1106 4992 BREVIS
1179 4890 1796 4988 NARRATIO
1867 4893 2217 4984 BELLI
2291 4891 2692 4986 SACRI.‘

810 5087 1122 5162 (Mauram,
1153 5086 1333 5160 Ampi.
1370 5085 1534 5155 Coll.,
1571 5083 1634 5155 ν,
1666 5085 1792 5153 536,
1816 5100 1884 5142 ex
1913 5101 2018 5142 ms.
2048 5084 2170 5140 cod.
2206 5081 2558 5151 Florinensi.)
2645 5065 2648 5068 ’

1529 5245 1936 5262 ἡ

1099 5399 1438 5468 TITULUS
1482 5397 1923 5473 SEQUENTIS
1966 5395 2273 5460 OPERIS.

89 5557 352 5627 Historiam
385 5572 564 5646 parvis
587 5571 808 5644 scriptis
827 5578 980 5628 tenet
1002 5568 1093 5626 ille
1113 5565 1364 5635 libellus;

93 5650 151 5708 ιιι
171 5655 265 5715 fuit
283 5663 410 5722 urbs
427 5675 585 5738 capta
610 5683 642 5722 a
662 5664 1004 5721 Francorum
1029 5666 1190 5732 gente
1211 5656 1415 5725 Nicaea,

91 5747 184 5801 I’I’o
204 5766 304 5822 qua
329 5753 660 5816 Francon
691 5755 1008 5814 ceciderunt
1029 5751 1200 5808 millia
1224 5760 1468 5818 centum,

97 5834 225 5903 Quos
246 5842 450 5922 Solyma
475 5851 690 5923 stravit,
710 5850 967 5923 princeps
990 5851 1124 5904 dum
1147 5846 1325 5903 vietus
1346 5844 1536 5902 abirit.

1672 5565 1718 5624 D
1745 5561 2015 5634 Quodque
2042 5561 2230 5618 labore
2257 5558 2423 5617 famis
2450 5558 2595 5616 bello
2618 5558 2806 5632 plures
2825 5559 3092 5628 cecidere,

1745 5654 1948 5713 Urbem
1967 5657 2062 5728 qui
2093 5655 2300 5713 claram
2325 5654 2580 5712 vicerunt
2606 5653 3028 5721 Antiochenam,
3092 5653 3098 5659 ’

1749 5749 1819 5806 Et
1850 5749 1945 5821 qui
1973 5748 2279 5806 Jerusalem
2312 5758 2584 5806 venerunt
2605 5747 2761 5836 pacis
2786 5747 2856 5806 ad
2881 5747 3095 5815 urbem,

1755 5845 1834 5901 Ac
1868 5840 2082 5902 Turcos
2107 5851 2298 5901 saneto
2318 5840 2536 5900 Domini
2568 5840 2825 5916 pepulere
2849 5837 3121 5914 sepulcro,
