3812 6312
457 259 610 324 ’1091

471 374 692 436 Auxilio
719 377 936 434 Domini
965 377 1261 449 sedesque;
1292 377 1353 432 ﬁt
1378 377 1576 450 inclyta
1607 375 1781 448 regni,

473 472 588 529 Hoc
609 487 782 545 regno
819 486 973 544 reges
1001 471 1305 542 reprimens
1334 470 1675 541 pepulosque
1705 468 1955 528 rebelles.

472 563 588 620 Hac
613 577 796 637 pugna
819 563 944 620 belli
975 563 1299 647 quicunque
1328 559 1482 617 fuere
1510 561 1799 634 perempti,

470 653 691 726 Quique
726 653 916 710 labore
942 653 1044 708 viae
1077 651 1489 724 peregrinantes
1527 651 1734 720 obiere,

470 743 677 800 Christi
703 744 910 800 militia
930 744 1054 802 caeli
1081 743 1386 815 jungantur
1409 743 1464 797 in
1498 758 1644 798 arce.

473 834 589 893 Hoc
613 853 840 910 regnum
873 836 989 893 solo
1010 834 1338 892 Godefridus
1365 835 1474 889 dux
1499 835 1663 890 habet
1684 847 1848 891 anno.

471 931 663 988 Annos
691 930 992 988 octodecim
1019 929 1319 985 Balduinus
1346 945 1469 985 eam
1498 930 1638 1001 regit
1667 930 1880 985 urbem.

473 1021 540 1078 Hi
571 1023 682 1078 duo
711 1021 969 1079 Germani
995 1021 1140 1091 digni
1171 1019 1479 1077 diademate
1518 1022 1693 1094 regni,

471 1113 660 1170 Militia
686 1114 844 1182 clari,
876 1113 1065 1181 fortes,
1103 1113 1244 1170 bello
1273 1113 1574 1180 metuendi,

471 1205 648 1263 Pauca
677 1215 835 1280 gente
859 1219 961 1263 sua
991 1215 1276 1279 gesserunt
1305 1207 1491 1277 praelia
1527 1205 1718 1273 multa.

375 1294 378 1298 λ
470 1296 580 1354 Illis
607 1297 835 1354 infestas
863 1305 1170 1354 sternentes
1199 1299 1345 1353 caede
1369 1306 1640 1364 catervas,

470 1390 684 1462 Perque
714 1389 886 1446 Deum
914 1388 1080 1445 fortes
1102 1388 1320 1444 fuerant
1341 1387 1638 1460 Babylonis
1671 1386 1726 1441 in
1750 1386 1937 1442 hostes

471 1484 848 1540 Dilataverunt
872 1497 1126 1555 regnum,
1159 1481 1307 1554 quod
1337 1490 1468 1538 tunc
1496 1479 1809 1536 habuerunt

1045 261 1137 317 AD
1171 260 1623 320 GODEFRIDUM
1659 260 1952 318 APPEND.
1993 260 2056 318 ll.
2094 291 2166 304 —
2199 260 2470 318 MONUM.
2509 260 2598 316 DE
2636 258 2863 321 BELLO
2901 259 3152 320 SACRO.
3579 270 3668 328 lim

2089 380 2140 440 Α
2170 374 2228 430 In
2258 390 2427 446 regno
2449 369 2677 443 Christi,
2708 370 2856 432 nunc
2884 375 2995 430 sint
3015 375 3136 430 sine
3168 374 3275 430 ﬁne
3296 373 3447 430 beati.
3667 377 3669 380 ‘

2168 465 2465 538 Imperium
2488 478 2726 537 quorum
2751 475 3018 539 cognatus
3040 461 3276 536 sumpsit
3295 477 3477 523 eorum

2166 559 2319 615 Alter
2344 557 2646 614 Balduinus
2677 573 2895 614 morum
2925 558 3201 630 probitate
3229 559 3477 627 decorus,

2167 647 2327 717 Quod
2358 664 2456 720 per
2478 649 2788 720 quindenos
2816 649 2962 704 rexit
2982 647 3218 705 feliciter
3239 665 3434 717 annos,

2172 739 2419 813 Excepto
2456 741 2578 797 solo
2604 757 2717 812 quo
2741 741 2990 812 captivus
3019 741 3124 798 fult
3148 759 3315 798 anno.

2175 832 2388 905 Regnat
2414 844 2516 904 pro
2553 846 2747 890 socero
2773 832 2941 890 Volco
2967 849 3155 890 comes
3195 835 3589 906 Andegavensis,

2175 921 2275 979 Hic
2303 923 2360 978 in
2389 923 2688 980 tredecimo
2713 924 2866 995 regni
2890 923 3206 996 defungitur
3241 941 3404 980 anno.

2175 1014 2306 1073 Post
2337 1026 2544 1088 patrem
2580 1017 2751 1073 ternis
2775 1016 3076 1074 Balduinus
3111 1017 3308 1074 tertius
3336 1020 3502 1087 annis,

2175 1105 2470 1164 Prtefectus
2495 1123 2664 1180 regno
2686 1107 2801 1178 jam
2828 1109 3048 1164 nomine
3073 1108 3258 1164 clarus
3293 1110 3453 1165 avito.

2175 1198 2280 1266 Qui
2305 1199 2623 1270 compilavit
2652 1199 2820 1256 simul
2843 1207 2899 1255 et
2919 1201 3273 1256 conscribere
3302 1199 3428 1257 fecit

2177 1292 2291 1348 lloc
2317 1307 2477 1364 opus,
2508 1301 2724 1347 aeternae
2746 1291 2851 1347 sibi
2884 1291 2958 1348 sit
2983 1292 3274 1348 retributio
3297 1293 3434 1348 vitae.

2178 1385 2374 1456 Incipit
2395 1384 2626 1440 historia
2650 1382 2868 1440 Nicaeus
2891 1385 2977 1439 vel
3011 1385 3376 1453 Antiochena,

2180 1473 2346 1532 Urbis
2379 1477 2658 1548 prmelara:
2683 1491 2899 1534 necnon
2919 1475 3409 1551 Jerosolymitanaa.

1450 1673 1738 1747 BREVIS
1780 1680 2206 1744 NARRATIO
2251 1679 2483 1741 BELLI
2528 1673 2782 1742 SACRI.

545 1790 598 1846 l.
642 1790 800 1844 Anno
825 1786 1095 1845 incarnati
1129 1778 1291 1844 Verbi
1335 1786 1628 1842 millesimo
1655 1785 2070 1856 nongentesimo
2103 1784 2148 1845 Β

474 1882 708 1954 septimo
765 1881 1132 1936 occidentales
1181 1879 1388 1951 populi,
1434 1877 1680 1933 dolentes
1722 1876 1842 1931 loca
1877 1883 2065 1930 saneta

471 1971 828 2045 Jerosolymis
860 1988 891 2026 a
922 1971 1217 2042 gentilibus
1239 1968 1543 2042 profanari,
1568 1976 1624 2023 et
1652 1966 1866 2023 Turcos
1901 1967 2066 2022 etiam

475 2064 740 2120 terminos
773 2062 1216 2119 Christianorum
1256 2062 1372 2133 jam
1413 2061 1586 2118 multa
1615 2076 1682 2115 ex
1718 2069 1871 2130 parte
1915 2059 2068 2114 inva-

474 2159 638 2223 sisse,
673 2155 1104 2212 innumerabiles
1127 2171 1234 2210 una
1258 2154 1593 2225 aspiratione
1623 2153 1780 2219 moti,
1801 2160 1856 2206 et
1876 2152 2068 2207 multis

471 2249 644 2320 signis
672 2247 774 2302 sibi
799 2245 1058 2312 ostensis,
1095 2245 1188 2300 alii
1216 2245 1286 2299 ah
1319 2244 1441 2300 aliis
1466 2243 1714 2308 animati,
1747 2243 1937 2309 duces,
1969 2257 2070 2296 co—

475 2341 653 2407 mites,
678 2347 945 2411 potentcs,
976 2338 1189 2395 nobiles
1223 2347 1278 2394 et
1314 2337 1601 2409 ignobiles,
1629 2337 1826 2391 divites
1848 2343 1903 2391 et
1926 2350 2065 2405 pau-

472 2450 650 2506 peres,
676 2433 832 2488 liberi
855 2440 910 2487 et
945 2432 1108 2501 servi,
1140 2431 1404 2504 episc0pi,
1441 2431 1648 2499 clerici,
1677 2429 1951 2497 monachi,
1981 2443 2067 2484 se-

471 2541 570 2581 nes
605 2535 660 2580 et
695 2525 946 2596 juvenes,
990 2524 1155 2579 etiam
1185 2522 1339 2594 pueri
1382 2532 1436 2578 et
1463 2523 1675 2593 puellae,
1723 2536 1914 2577 omnes
1955 2533 2067 2576 uno

469 2617 676 2684 animo,
702 2614 912 2671 nullum
943 2615 1055 2670 ullo
1080 2614 1420 2686 angariante,
1442 2613 1684 2685 undique
1705 2620 2063 2681 concurrunt,

470 2708 542 2764 ab
583 2706 866 2778 llispania,
909 2722 940 2761 a
972 2705 1284 2774 Provincia,
1315 2706 1385 2761 ab
1410 2705 1733 2778 Aquitania,
1783 2722 1814 2761 a
1843 2705 2064 2761 Britan-

471 2799 586 2866 nia,
611 2814 641 2852 a
674 2796 878 2864 Scotia,
915 2798 987 2852 ab
1009 2795 1226 2869 Anglia,
1251 2812 1281 2852 a
1305 2794 1724 2863 Northmannia,
1758 2813 1787 2852 a
1813 2795 2063 2865 Francia,

475 2906 506 2944 a
536 2889 912 2961 Lotharingia,
955 2906 985 2944 a
1028 2888 1363 2961 Burgundia,
1393 2906 1422 2944 a
1446 2889 1762 2956 Germania,
1788 2908 1817 2945 a
1850 2890 2061 2962 Lango-

473 2984 686 3051 hardia,
729 2983 799 3038 ab
828 2983 1046 3054 Apulia,
1092 2993 1146 3038 et
1182 2984 1252 3039 ab
1299 2983 1422 3039 aliis
1453 2983 1660 3055 regnis,
1692 2990 1748 3038 et
1786 2985 1985 3039 virtute
2011 2993 2066 3040 et

473 3077 632 3147 signo
657 3087 862 3132 sancta:
893 3076 1074 3132 crucis
1109 3077 1311 3148 signati
1335 3085 1389 3132 ct
1410 3076 1608 3131 armati
1645 3075 1816 3130 ultum
1857 3076 1937 3132 ire
1964 3092 2062 3146 pa-

473 3179 599 3224 rant
632 3169 864 3240 injurias
899 3168 995 3225 Dei
1031 3169 1086 3224 in
1123 3169 1313 3226 hostes
1355 3167 1654 3225 Christiani
1702 3169 1964 3224 nominis.
1999 3168 2066 3225 Et

475 3272 685 3334 quanto
713 3263 946 3334 quisque
971 3264 1237 3318 hactenus
1261 3263 1330 3318 ad
1358 3263 1720 3319 exercendam
1744 3262 1934 3319 mundi
1959 3261 2066 3318 mi-

471 3355 649 3410 litiam
679 3365 795 3412 erat
822 3356 1068 3427 pronior,
1101 3364 1257 3411 tanto
1290 3371 1438 3412 nunc
1469 3356 1536 3412 ad
1574 3355 1932 3413 exercendam
1975 3357 2063 3412 ul-

470 3456 558 3503 tro
589 3446 681 3502 Dei
714 3447 966 3502 militiam
995 3447 1054 3503 (lt
1093 3449 1419 3520 promptior,
1455 3448 1768 3505 ﬁrmissima
1807 3465 1942 3522 pace
1975 3449 2064 3505 in-

474 3541 634 3595 terim
671 3540 878 3611 ubique
923 3541 1251 3612 composita,
1285 3550 1341 3596 et
1372 3542 1550 3613 primo
1577 3539 1794 3598 Judaeos
1823 3543 1876 3597 in
1905 3542 2064 3598 urbi-

470 3633 576 3690 bus
617 3633 673 3687 in
716 3633 918 3704 quibus
957 3641 1116 3689 erant
1155 3634 1428 3706 aggressi,
1472 3649 1568 3690 eos
1619 3635 1686 3689 ad
1728 3635 2062 3691 credendum

472 3729 698 3786 Christo
729 3729 1086 3800 compellunt,
1115 3729 1339 3786 credere
1369 3731 1616 3784 nolentes
1638 3729 1798 3784 bonis
1824 3729 2061 3800 privant,

473 3823 755 3879 trucidant
781 3831 878 3878 aut
909 3821 1140 3877 urbibus
1172 3822 1493 3890 eliminant;
1526 3822 1694 3893 aliqui
1717 3830 1843 3894 post
1864 3821 1930 3876 ad
1961 3820 2063 3876 Ju-

471 3917 748 3973 daismum
781 3915 1157 3972 revolvuntur.

541 4009 614 4069 2.,
637 4006 967 4063 Eminehant
992 4007 1048 4062 in
1075 4007 1180 4063 hoc
1209 4005 1304 4062 Dei
1323 4007 1537 4063 hostico
1565 4007 1672 4063 dux
1697 4005 2064 4079 Lotharingia:

472 4097 804 4154 Godefridus
838 4083 893 4154 et
924 4097 1120 4155 fratres
1147 4099 1268 4170 ejus
1297 4098 1632 4156 Eustachius
1658 4107 1712 4155 et
1739 4098 2060 4168 Balduinus,

474 4187 777 4247 Balduinus
807 4206 994 4248 comes
1029 4190 1352 4260 Montensis,
1379 4191 1652 4248 Robertus
1684 4207 1870 4247 comes
1900 4191 2065 4248 Flan~

472 4284 712 4352 drensis,
767 4283 1078 4356 Stephanus
1119 4300 1306 4341 comes
1351 4284 1649 4352 Blesensis,
1694 4283 1850 4354 Hugo
1897 4282 2064 4339 frater

474 4376 620 4447 regis
669 4374 1028 4444 Francorum,
1083 4374 1354 4431 Robertus
1394 4391 1580 4431 comes
1630 4373 2060 4444 Northmanniaz,

2245 1782 2300 1837 5.
2338 1781 2575 1837 Obsessa
2623 1781 2935 1850 Antiochia,
2986 1781 3042 1838 in
3087 1790 3298 1838 tantum
3345 1788 3690 1847 attenuatisuut

2169 1871 2469 1928 Christiani
2497 1882 2720 1944 propter
2743 1867 2992 1929 omnium
3033 1891 3218 1930 rerum
3261 1877 3548 1947 penuriam,
3583 1885 3690 1940 utin

2175 1974 2289 2021 toto
2315 1965 2556 2022 exercitu
2582 1967 2672 2020 vix
2705 1977 2924 2022 centum
2951 1968 3082 2023 boni
3107 1969 3234 2040 equi
3261 1970 3620 2031 invenirentur.
3650 1977 3695 2032 Et

2171 2068 2353 2114 tamen
2380 2058 2633 2130 quamvis
2655 2075 2717 2114 ea
2749 2060 3134 2131 desperatione
3155 2077 3340 2118 rerum
3367 2065 3514 2119 multi
3539 2070 3689 2123 sesub

2170 2151 2490 2214 straxerint,
2542 2151 2700 2207 multi
2748 2153 2912 2208 etiam
2959 2155 3401 2226 repatriaverint,
3438 2175 3568 2214 nono
3590 2162 3697 2217 obsio

2167 2237 2348 2326 dionis
2378 2260 2568 2300 mense
2594 2255 2752 2315 capta
2783 2245 3096 2302 Antiochia.
3141 2248 3440 2306 Christiani
3474 2269 3501 2306 a
3528 2256 3696 2326 paganis

2167 2350 2326 2390 versa
2359 2335 2477 2391 vice
2505 2337 2742 2405 obsessi,
2772 2346 2924 2393 tanta
2956 2339 3099 2396 fame
3142 2341 3328 2398 afﬂicti
3375 2353 3513 2410 sunt,
3556 2355 3604 2400 ut
3637 2349 3699 2402 vix

2168 2417 2434 2496 aliqui‘ab
2461 2427 2718 2484 humanis
2750 2430 3010 2486 carnibus
3032 2448 3092 2488 se
3117 2414 3485 2490 abstinerent:
3511 2439 3590 2492 sed
3607 2454 3702 2494 con-

2168 2514 2354 2574 fortati
2383 2533 2413 2574 a
2437 2517 2550 2575 Deo
2574 2536 2667 2592 per
2695 2521 2966 2577 inventam
2993 2525 3167 2595 ipsius
3194 2511 3437 2582 lanceam
3466 2543 3496 2583 a
3517 2537 3706 2601 tempore

2169 2612 2548 2684 apostolorum
2592 2629 2701 2667 non
2732 2615 2927 2682 visain,
2962 2616 3079 2686 ipsa
3129 2617 3316 2673 lancea
3365 2619 3507 2690 ipsos
3549 2637 3704 2691 praise

2169 2704 2355 2770 dente,
2409 2705 2622 2760 obsessi
2675 2704 3062 2762 obsessoribus
3106 2720 3511 2765 concurrerunt
3557 2722 3713 2782 quarto

2169 2797 2290 2854 Kal.
2322 2790 2475 2866 Julii,
2505 2808 2558 2854 et
2590 2798 2693 2855 hoc
2725 2799 2886 2854 tertio
2915 2799 3060 2855 bello
3091 2801 3378 2857 victoriam
3405 2805 3570 2874 adepti
3599 2814 3709 2858 sunt.

2239 2890 2294 2944 6.
2335 2885 2602 2957 Quartum
2630 2883 2830 2944 bellum
2856 2889 2960 2944 fuit
2992 2891 3074 2947 eis
3111 2908 3166 2947 tn
3211 2891 3479 2948 Romania
3511 2893 3719 2950 Kalendis

2167 2981 2298 3039 Julii
2325 2989 2380 3039 et
2402 2982 2476 3039 ibi
2510 2981 2675 3038 Turci
2706 2982 2834 3038 victi
2859 2992 3007 3038 sunt.

2243 3074 2293 3130 7.
2335 3072 2645 3131 Commissa
2691 3075 2982 3130 Antiochia
3024 3075 3151 3131 duci
3194 3074 3559 3143 Boiamnndo,
3599 3076 3725 3132 Chri-

2170 3167 2334 3224 stiani
2356 3177 2577 3238 propter
2598 3167 2878 3223 vitandum
2903 3167 3124 3223 taedium
3142 3177 3194 3222 et
3213 3167 3508 3234 famem,et
3534 3171 3727 3224 maxime

2169 3270 2392 3334 propter
2438 3261 2746 3318 discordias
2779 3260 3089 3332 principum
3122 3260 3557 3332 proficiscuntur
3575 3263 3628 3316 in
3653 3259 3731 3333 Sy-

2167 3355 2306 3411 riam
2337 3369 2391 3411 et
2417 3355 2742 3426 expugnatis
2766 3353 2943 3410 Marra
2974 3365 3027 3411 ct
3051 3355 3217 3411 Barra
3249 3357 3492 3414 urbibus
3522 3357 3735 3412 Sarrace-

2167 3465 2389 3519 norum,
2410 3451 2664 3507 etmultis
2686 3450 2969 3524 regionum
2991 3451 3253 3518 castellis,
3280 3461 3442 3506 tanta
3460 3449 3535 3506 ibi
3555 3463 3738 3505 rursum

2166 3542 2311 3599 fame
2341 3543 2516 3600 affecti
2549 3553 2699 3613 sunt,
2733 3552 2792 3598 ut
2827 3558 3058 3614 corpora
3085 3541 3533 3599 Sarracenorum
3560 3545 3661 3617 jam
3687 3542 3746 3596 fe-

2167 3635 2336 3692 tentia
2367 3636 2655 3692 comedere
2685 3636 2956 3708 compulsi
2988 3635 3118 3691 sint.

2237 3729 2291 3784 8.
2329 3727 2618 3783 Exercitus
2647 3725 2742 3782 Dei
2773 3726 2961 3781 divino
3007 3735 3218 3782 monitu
3265 3726 3327 3782 in
3373 3726 3644 3784 interiora
3680 3724 3750 3778 lii-

2166 3820 2376 3892 spania:
2423 3819 2500 3892 (l)
2552 3817 2831 3890 profectus
2862 3819 3011 3890 larga
3066 3817 3158 3873 Dei
3210 3836 3390 3875 manu
3452 3819 3754 3876 refocillatns

2167 3922 2274 3982 est,
2301 3911 2430 3984 quia
2461 3911 2608 3968 cives
2647 3920 2702 3966 et
2747 3911 3031 3966 castellani
3076 3911 3221 3967 illius
3276 3912 3543 3985 regionis
3586 3914 3757 3983 legatos

2165 4019 2294 4062 cum
2349 4004 2540 4060 multis
2581 4002 2829 4059 donariis
2879 4002 2946 4058 ad
2995 4018 3090 4058 eos
3135 4005 3594 4074 prtemittebant,
3616 4002 3761 4077 parati

2164 4099 2330 4156 etiam
2362 4095 2560 4168 Oppida
2599 4095 2687 4150 vel
2721 4095 2886 4150 urbes
2910 4094 2991 4150 eis
3027 4094 3267 4163 tradere,
3313 4111 3352 4151 a
3383 4097 3603 4168 quibus
3637 4094 3766 4150 Clui-

2167 4191 2352 4258 stiani,
2377 4192 2672 4248 securitate
2702 4202 2944 4264 accepta,
2969 4200 3025 4249 et
3045 4193 3548 4252 indictourbibus
3573 4195 3767 4257 tributo,

2167 4282 2386 4337 interim
2407 4283 2574 4338 etiam
2603 4283 2794 4339 multis
2819 4299 3013 4340 eorum
3039 4284 3135 4354 qui
3170 4299 3232 4339 se
3258 4282 3772 4342 substraxerantad

2165 4390 2262 4429 eos
2294 4375 2437 4446 apud
2471 4373 2676 4447 Tyrum
2708 4375 3140 4443 recurrentibus,
3171 4377 3426 4435 tandem
3474 4377 3774 4452 perveniunt

475 4467 822 4525 Raitnundus
860 4483 1046 4524 comes
1074 4467 1260 4524 Sancti
1292 4467 1517 4540 Aigidii,
1555 4465 1928 4523 Boiatnundus
1951 4468 2060 4524 dux
2091 4485 2142 4547 ι)
2164 4468 2490 4539 Jerusalem,
2515 4485 2691 4542 eaque
2712 4470 2938 4527 obsessa
2966 4487 3090 4527 cum
3119 4471 3474 4530 laborarent
3499 4491 3605 4546 pro
3635 4474 3778 4526 ﬁctus

471 4559 703 4632 Apulia}.

543 4651 597 4706 5.
632 4647 920 4708 Exercitus
955 4649 1053 4707 Dei
1097 4666 1390 4723 aggressus
1417 4648 1685 4726 terminos
1725 4665 2061 4721 paganorum

464 4743 706 4799 viriliter
737 4743 870 4814 agit,
898 4743 1249 4814 primumque
1276 4741 1357 4796 eis
1386 4739 1489 4794 fuit
1511 4739 1710 4795 bellum
1743 4740 1808 4794 ad
1842 4749 2062 4812 pontem

466 4832 763 4906 Pharphar
791 4834 1036 4890 ﬂuminis
1065 4851 1119 4888 ιχ
1147 4832 1268 4888 Kal.
1305 4831 1503 4900 Martii,
1528 4831 1620 4887 ubi
1665 4831 1822 4887 multi
1853 4830 2032 4888 Turco
2051 4863 2064 4872 -

466 4942 600 4982 rum
630 4928 796 4984 occisi
825 4937 975 4983 sunt.

548 5019 602 5074 4.
634 5017 949 5075 Secundum
976 5018 1058 5074 eis
1085 5017 1189 5074 fuit
1209 5017 1410 5074 bellum
1444 5019 1587 5090 apud
1606 5017 1844 5075 Nicaeam
1870 5036 1928 5074 ιιι
1956 5017 2064 5099 No-

476 5128 578 5167 nas
599 5111 800 5178 Martii,
837 5111 892 5165 in
942 5125 1053 5181 quo
1095 5111 1258 5167 etiam
1304 5113 1497 5184 pagani
1533 5114 1661 5169 victi
1688 5123 1836 5170 sunt.
1891 5115 2063 5185 Capta

473 5219 606 5275 ergo
629 5202 830 5270 Nicen,
860 5213 1017 5274 capta
1043 5205 1207 5260 etiam
1245 5204 1522 5272 Laodicia,
1556 5222 1680 5261 cum
1719 5215 1902 5262 essent
1940 5207 2064 5277 plus

473 5311 642 5366 quam
672 5311 765 5350 ccc
791 5296 960 5350 millia
988 5307 1324 5353 armatorum
1352 5297 1407 5351 in
1441 5297 1682 5383 exercitp
1718 5295 2062 5353 Christiano-

477 5399 624 5451 rum,
658 5393 809 5440 tanta
837 5386 919 5442 eis
948 5389 1192 5444 omnium
1218 5404 1404 5444 rerum
1432 5389 1752 5460 suppetebat
1793 5391 1970 5459 copia,
1999 5399 2059 5445 ut

474 5477 621 5532 aries
645 5493 754 5533 uno
786 5495 1030 5551 nummo,
1066 5483 1164 5540 hos
1202 5483 1294 5540 vix
1323 5481 1609 5538 duodecim
1648 5483 1888 5538 nummis
1925 5498 2059 5537 ven-

475 5565 724 5622 deretur.~
878 5608 896 5616 .-
1011 5573 1014 5575 λ

547 5700 626 5772 (1)
661 5659 794 5760 Pars
822 5702 1010 5775 Syria).
1040 5660 1200 5762 l‘lnt'r.

2170 4570 2223 4617 et
2250 4561 2489 4618 maxime
2518 4577 2619 4633 pro
2645 4577 2803 4634 aquae
2840 4562 3092 4633 penuria,
3144 4579 3366 4622 omnes
3419 4583 3496 4624 ex
3529 4561 3776 4623 communi

2170 4648 2392 4709 decreto
2436 4651 2600 4709 nudis
2646 4653 2877 4723 pedibus
2907 4654 3153 4724 quotidie
3196 4657 3452 4714 orando
3506 4660 3780 4715 circuibat

2171 4743 2384 4797 urbem.

2243 4832 2296 4888 9.
2335 4829 2540 4888 Octavo
2569 4847 2700 4903 ergo
2723 4833 2848 4890 talis
2881 4833 3298 4894 humiliationis
3346 4839 3478 4907 die,
3513 4839 3784 4896 obsidionis

2174 4933 2354 4980 autem
2413 4925 2501 4980 die
2548 4924 2639 4992 59,
2679 4934 2836 4995 capta
2874 4935 2958 4982 est
2997 4925 3323 4983 Jerusalem
3400 4930 3546 4987 ldus
3589 4930 3705 4985 Julii
3741 4929 3784 4982 ia

2173 5029 2226 5067 vr
2259 5011 2416 5080 feria,
2441 5023 2496 5068 et
2527 5014 2584 5068 in
2629 5015 2831 5086 templo
2876 5013 3191 5071 Salomonis
3221 5027 3291 5071 et
3327 5021 3396 5074 in
3435 5023 3656 5093 porticu
3693 5021 3786 5089 ejus

2171 5104 2469 5160 Christiani
2497 5122 2622 5161 cum
2655 5097 2883 5178 paganis
2925 5117 3082 5164 sexto
3113 5109 3268 5164 bello
3309 5125 3624 5182 conserto,
3665 5121 3784 5167 tanta

2174 5197 2227 5251 in
2252 5198 2333 5253 eis
2358 5198 2502 5254 caede
2529 5198 2845 5254 debacchati
2878 5208 3029 5268 sunt,
3065 5209 3127 5255 ut
3161 5201 3220 5255 in
3270 5197 3585 5278 sanguine
3611 5208 3786 5264 occiso-

2169 5305 2290 5342 rum
2313 5289 2624 5360 equitarcnt
2647 5305 2820 5360 usque
2843 5289 2910 5345 ad
2939 5307 3115 5362 genua
3145 5307 3496 5363 equorum.

2241 5379 2326 5435 10.
2366 5379 2504 5436 Cum
2547 5382 2858 5437 ordinatum
2901 5391 3049 5439 esset
3076 5384 3171 5454 qui
3212 5384 3574 5448 Jerusalem
3600 5392 3785 5447 deberit

2167 5475 2422 5541 retinere,
2470 5475 2808 5576 principibus
2847 5477 2962 5546 jam
3005 5475 3471 5576 depatriando
3508 5485 3785 5576 agentibusj

2116 5567 2118 5570 ’
2167 5582 2295 5623 ecce
2341 5581 2436 5622 rex
2484 5565 2913 5623 Sarracenorum
2963 5568 3030 5624 ad
3068 5552 3491 5637 debellandos
3542 5552 3638 5637 eos
3669 5552 3783 5646 ινδιξ
