3812 6312
132 330 224 406 tosti

1024 323 1331 382 ANONYMI
1367 316 1726 379 NA‘RRATIO
1765 318 1964 376 BELLI
2003 320 2209 377 SACRI

3113 328 3258 385 i098

125 454 353 514 Ascalonam
377 453 478 497 cum
522 447 744 496 Centum
786 437 1023 492 millibus
1055 437 1298 509 equitum
1346 444 1399 490 ct
1431 449 1571 506 qua-
1601 438 1646 495 Α
1672 433 1854 490 ferens
1881 449 2100 490 crucem
2117 420 2346 503 Christi,
2376 432 2544 490 abbas
2566 433 2698 490 olim
2717 433 3092 512 Cluniacensi;
3111 438 3259 496 Ροη-

127 539 339 614 dringentis
354 532 565 590 millibus
585 530 840 601 peditum.
867 527 1076 596 Quibus
1097 544 1220 584 cum
1244 526 1573 582 occurrisset

111 631 318 691 "e'Xercitbs
350 621 558 688 Domini,
595 621 655 676 in
690 635 794 691 quo
842 635 949 675 non
979 619 1102 690 plus
1132 635 1295 690 quam
1328 618 1572 689 quinque

122 723 237 781 millia
258 717 453 789 equitum
479 720 532 767 et
566 710 869 782 quindecim
899 711 1067 765 millia
1096 711 1339 781 peditum
1389 717 1568 776 erant,

117 816 285 883 peopro
313 806 457 863 sem's
476 803 590 861 suis
623 803 689 858 ad
711 817 768 858 se
796 803 1157 883 clamantibus
1190 811 1487 876 pugnante,
1517 810 1572 854 et

118 877 304 962 nube-eos
334 896 391 956 ab
428 893 554 951 astu
586 895 718 950 solis
751 882 1084 961 defendente,
1123 877 1410 950 Sarraceni
1451 893 1570 949 solo

109 993 444 1052 Christianorum
466 989 661 1057 impetu
692 986 880 1050 territi,
901 985 1092 1041 omnes
1107 985 1372 1056 'projectis
1400 987 1570 1041 armis

109 1087 309 1157 ingemat,
335 1081 444 1136 etin
468 1079 566 1134 hoc
587 1087 739 1134 sexto
766 1079 926 1146 bello,
959 1095 1011 1132 tv
1036 1077 1310 1133 Kalendas
1337 1077 1570 1150 Augusti

103 1181 216 1244 facto,
242 1181 354 1232 eam
377 1181 490 1230 sunt
515 1171 729 1227 centum
757 1172 925 1226 millia
954 1172 1315 1242 paganorum.
1335 1171 1391 1224 ln
1415 1183 1570 1241 porta

96 1274 192 1325 Vero
212 1266 431 1322 Ascalone
467 1261 709 1318 suﬁ‘oeati
740 1271 869 1318 sunt
897 1263 1006 1317 duo
1038 1262 1231 1329 millia,
1285 1273 1339 1319 et
1377 1280 1569 1319 eorum

97 1361 163 1432 qui
178 1359 219 1413 in
239 1356 351 1412 mari
377 1355 660 1427 perierunt,
689 1362 742 1408 et
771 1355 862 1425 qui
890 1355 1030 1409 inter
1072 1354 1284 1425 spineta
1310 1355 1571 1432 silvarum

97 1443 324 1519 consumpti
347 1448 478 1513 'sunt,
506 1443 765 1501 numerus
791 1441 1051 1501 nescitur.

141 1544 203 1597 Η.
231 1541 354 1596 Duce
373 1532 649 1594 Gode’frido
693 1538 866 1593 eleeto
911 1538 979 1593 ad
1029 1525 1446 1610 principaudum
1494 1555 1576 1594 re-

87 1633 355 1691 manentibus
401 1631 452 1685 in
502 1629 827 1697 Jerusalem,
861 1631 1042 1686 cmteri
1092 1631 1367 1702 principes
1417 1647 1574 1701 repa-

81 1728 217 1782 ‘triant.
258 1723 403 1794 Capta
435 1733 514 1778 est
542 1731 724 1778 autem
759 1721 1062 1779 Jerusalem
1095 1732 1219 1794 post
1259 1739 1431 1779 annos
1467 1722 1576 1778 eir-

77 1819 179 1872 ‘citei'
198 1815 581 1887 quadringentos
613 1815 894 1887 sexaginta
937 1830 1002 1870 ex
1041 1830 1151 1886 quo
1190 1816 1293 1870 sub
1320 1810 1574 1896 Heraclio

78 1907 328 1977 imperatore
361 1905 592 1961 secunda
638 1905 757 1961 vice
780 1913 944 1976 'capt'a
985 1915 1238 1976 possessa
1265 1915 1349 1962 est
1376 1922 1407 1960 a
1439 1905 1571 1960 Sar-

74 1999 246 2054 racenis.
285 1997 344 2054 Et
387 2006 507 2070 post
531 1999 650 2055 haec
711 1991 904 2070 quinto
962 2007 1110 2054 anno
1172 1997 1574 2071 Jerosolymitze

75 2095 256 2146 :lccaron
277 2091 449 2146 urbem
477 2091 722 2162 capiunt,
755 2099 810 2146 et
848 2091 904 2146 in
950 2091 1198 2162 sequenti
1236 2105 1381 2146 anno
1413 2091 1576 2147 innu-

69 2182 313 2238 merabilem
337 2189 670 2258 p‘aganOrum
697 2184 1100 2240 multitudinem
1128 2183 1364 2255 gldriosa
1398 2184 1540 2240 victo
1557 2215 1574 2226 -

74 2277 126 2329 ria
146 2284 306 2330 terunt.

118 2363 178 2416 l2.
212 2353 262 2417 Et
287 2371 403 2434 post
426 2362 542 2418 haec
571 2350 758 2419 Omnia
789 2375 925 2420 mn
971 2367 1118 2421 anno
1157 2363 1458 2420 Balduinus
1493 2363 1570 2436 (2)

65 2451 443 2525 'Jerosolymorum
475 2470 572 2510 rex
625 2471 656 2511 a
713 2454 1032 2512 Sarracenis
1067 2457 1308 2527 capitur,
1349 2472 1455 2526 qua
1505 2456 1574 2511 de

64 2560 103 2597 re
121 2555 258 2600 mente
289 2547 636 2614 excedentes,
674 2549 914 2619 undique
953 2563 1171 2604 versum
1213 2549 1458 2615 evocati,
1505 2548 1572 2603 ad

63 2639 276 2708 sexaginta
307 2640 469 2694 millia
507 2641 1012 2712 conglomerantur,
1051 2651 1112 2696 ut
1149 2641 1498 2697 Christianos
1540 2659 1569 2698 a

58 2728 204 2783 ﬁnibus
225 2731 328 2786 suis
370 2732 763 2801 exterminent,
795 2743 848 2788 et
885 2734 1026 2804 apud
1075 2733 1309 2788 Asealon
1345 2734 1573 2804 impedi-

61 2830 190 2875 menta
215 2838 300 2877 sua
326 2827 740 2894 commendant,
775 2827 981 2882 scilicet
1015 2842 1236 2894 uxores,
1274 2827 1487 2882 soboles
1519 2836 1573 2883 ct

54 2913 263 2970 t‘ictualia.
307 2915 611 2974 Christiani
645 2919 699 2974 in
731 2930 882 2975 arcto
907 2920 1092 2991 positi,
1134 2919 1267 2975 nihil
1312 2921 1426 2991 spei
1467 2921 1571 2976 nisi

55 3002 90 3054 in
131 3001 268 3058 Deum
316 3006 603 3075 habentes,
644 3011 891 3081 exemplo
939 3009 1301 3065 Ninivitarum
1354 3011 1571 3080 utrique

1673 526 1783 582 tius
1807 525 2088 597 proferens
2124 526 2371 582 lanceam
2402 526 2724 582 transﬁxam
2747 527 2802 583 in
2825 528 2993 586 latere
3024 530 3254 590 Christi.

1671 617 1974 689 Episcopus
1994 617 2377 688 Bethleemites
2408 617 2592 676 ferens
2622 619 2678 674 in
2714 619 2896 691 pixide
2934 621 3019 678 lac
3053 633 3260 683 sanctre

1671 709 1857 766 Maria:
1879 719 2149 780 perpetua:
2165 711 2409 783 virginis.
2422 710 2715 768 Sarraceni
2742 727 2874 769 vero
2893 728 3112 786 quaqua
3132 731 3256 771 ver-

1673 819 1794 858 sum
1825 802 1982 858 ell‘usi
2008 818 2075 857 ex
2111 805 2260 858 omni
2299 804 2466 860 latere
2505 802 2557 858 in
2590 804 2780 860 orbem
2819 804 3260 878 circumcingunt

1668 884 2034 961 Christianos,
2085 911 2155 949 ne
2192 895 2316 965 quis
2360 895 2533 966 possit
2580 886 2817 968 effugere
2847 885 2946 970 [αι.
2977 897 3276 970 evadere].

1673 987 1812 1042 Dum
1863 987 1936 1042 ita
1984 988 2038 1042 in
2092 983 2375 1060 procinctu
2429 990 2636 1045 harent
2689 990 3010 1059 Christiani,
3072 990 3260 1046 vident

1674 1079 1785 1135 Deo
1820 1080 1923 1135 sibi
1950 1081 2172 1151 auspice
2215 1081 2558 1152 splendorem
2593 1083 2766 1138 scisso
2806 1099 2930 1138 aere
2957 1099 3123 1154 super
3157 1100 3258 1154 pa-

1673 1187 1845 1243 ganos
1875 1165 2058 1228 subito
2082 1173 2364 1240 cecidisse,
2381 1174 2473 1228 sed
2501 1191 2610 1228 non
2641 1175 3096 1246 prosperum,,sed
3123 1178 3266 1232 satis

1675 1267 1952 1332 neei'vum,
1975 1265 2229 1335 quamvis
2257 1266 2404 1322 hunc
2427 1266 2531 1336 ipsi
2565 1266 2853 1324 Sarraceni
2875 1285 2984 1323 non
2999 1269 3208 1324 viderin
3223 1277 3262 1322 t.

1674 1353 1823 1410 Illico
1869 1354 2014 1409 enim
2071 1355 2219 1409 omni
2266 1355 2468 1409 virium
2516 1357 2712 1412 robore
2755 1359 3017 1424 enervati,
3048 1359 3254 1429 passim

1675 1446 1942 1517 fugientes
1967 1446 2269 1512 eatduntur,
2305 1461 2414 1499 non
2444 1447 2620 1502 solum
2657 1463 2686 1503 a
2715 1449 2866 1517 viris;
2900 1449 2995 1504 sed
3023 1449 3190 1504 etiam
3226 1465 3258 1504 a

1673 1538 1860 1608 pueris
1883 1547 1938 1593 et
1967 1536 2206 1592 feminis.
2239 1536 2528 1592 Perierunt
2553 1539 2607 1594 in
2644 1539 2786 1595 bello
2814 1549 3022 1612 septem
3060 1541 3254 1610 millia,

1675 1629 1950 1685 submersi
1982 1637 2110 1686 sunt
2138 1629 2195 1683 in
2225 1629 2384 1700 aquis
2412 1630 2656 1702 quinque
2683 1632 2875 1688 millia.

1748 1723 1835 1777 15.
1866 1722 1924 1776 In
1951 1722 2190 1780 seCundu
2213 1732 2397 1778 autem
2428 1739 2574 1778 anno
2611 1733 2736 1795 post
2770 1724 2888 1780 haec
2910 1722 3109 1796 Tyrus,
3144 1722 3254 1780 lle-

1606 1787 1646 1845 B
1676 1813 1820 1868 braca
1848 1813 2032 1885 lingua
2061 1811 2168 1868 Sur
2191 1815 2356 1881 dicta,
2391 1814 2526 1869 urbs
2565 1787 2842 1868 maritima
2879 1787 3182 1882 Plt'tenicis,
3202 1819 3262 1872 et

1676 1906 1922 1976 antiqua,
1954 1906 2010 1960 in
2037 1907 2200 1962 corde
2230 1907 2402 1961 maris
2441 1907 2567 1974 sita,
2602 1904 2972 1979 Sydoniorum
3019 1907 3258 1975 colonia,

1677 1995 1975 2065 negotiatio
2006 1995 2197 2063 maris,
2225 1995 2532 2065 emporium
2581 1994 2750 2050 totius
2784 1995 2954 2061 orbis,
2996 1993 3259 2050 vaticinia

1676 2087 2064 2158 prophetarum
2092 2087 2387 2154 celebrata,
2420 2095 2473 2142 et
2500 2086 2836 2142 carminibus
2869 2095 3156 2158 poetarum
3182 2087 3262 2140 in:

1677 2180 1838 2250 clyta,
1886 2179 2016 2233 olim
2052 2179 2272 2250 quidem
2315 2180 2515 2241 insula,
2548 2179 2644 2236 sed
2682 2195 2714 2235 a
2752 2177 3261 2234 Nabuchodonosor

1674 2270 1760 2324 vel
1809 2270 1879 2324 ab
1934 2269 2245 2324 Alexandro
2295 2272 2518 2340 prapter
2562 2271 3020 2342 expugnationem
3053 2269 3260 2346 multis

1676 2361 1731 2416 in
1763 2362 1910 2416 brevi
1935 2362 2072 2418 freto
2089 2363 2378 2434 aggeribus
2401 2363 2776 2433 comportatis,
2801 2373 2942 2419 terra
2971 2363 3260 2420 continens

1675 2452 1839 2520 facta,
1863 2455 2073 2524 pridem
2099 2470 2130 2509 a
2157 2453 2664 2511 Nabuchodonosor
2691 2463 3021 2526 expugnata,
3055 2463 3110 2511 et
3131 2471 3258 2526 par-

1675 2547 1772 2601 tim
1797 2547 2088 2617 captivata,
2115 2556 2171 2603 et
2203 2555 2391 2618 postea
2407 2547 2476 2601 ab
2503 2546 2814 2602 Alexandro
2837 2548 3054 2618 penitus
3079 2561 3260 2617 usque

1675 2640 1740 2694 ad
1758 2641 1934 2694 solum
1952 2640 2132 2694 diruta
2156 2649 2210 2694 et
2228 2641 2525 2705 destructa,
2545 2639 2637 2694 sed
2655 2639 2810 2709 juxta
2839 2639 3130 2710 prophetas
3162 2653 3261 2707 per

1675 2727 2020 2804 septuaginta
2036 2749 2208 2788 annos
2223 2732 2569 2798 reaediticata,
2588 2742 2642 2788 et
2665 2733 2718 2786 in
2747 2743 3032 2803 at.t.quum
3053 2741 3258 2787 statum

1674 2829 1949 2896 restituta,
1990 2829 2196 2884 nostris
2223 2827 2388 2882 modo
2417 2826 2756 2897 temporibus
2785 2825 2838 2879 in
2868 2825 2975 2879 line
3000 2823 3191 2880 mundi
3221 2839 3255 2878 a

1673 2917 2002 2974 Christianis
2025 2914 2168 2975 terra
2195 2922 2442 2990 marique
2482 2920 2708 2976 obsessa
2748 2918 2981 2990 capitur,
3013 2927 3068 2974 et
3095 2917 3259 2972 Chri-

1675 3016 1743 3069 sti
1794 3014 2026 3084 imperio
2067 3013 2412 3085 subjugatur.
2463 3012 2520 3066 lu
2568 3013 2728 3068 tertio
2769 3027 2915 3071 anno
2967 3019 3093 3081 post
3140 3009 3260 3065 haec

49 3096 158 3148 sttui
176 3095 422 3168 jejunium
449 3101 732 3168 indicunt,
758 3104 941 3173 pueris
969 3104 1134 3158 etiam
1167 3103 1467 3157 infantibus
1493 3104 1570 3156 la-
1597 3132 1642 3194 ς
1673 3109 1975 3164 Balduinus
2001 3123 2096 3162 rex
2123 3105 2447 3171 Jerusalem,
2479 3107 2604 3160 data
2644 3103 3034 3173 redemptione,
3063 3116 3096 3155 a
3127 3098 3261 3154 Sar-

49 3188 275 3256 ctentibus,
304 3192 563 3249 universo
587 3209 812 3264 quoque
839 3196 1021 3264 pecori
1053 3195 1251 3264 pabula
1279 3204 1564 3266 negantur.

48 3275 131 3331 Dies
142 3295 308 3352 pugna
326 3284 614 3351 indicitur,
631 3272 932 3356 procedunt
949 3285 1152 3341 Christi
1169 3302 1292 3341 cum
1307 3286 1569 3342 militibus

44 3376 80 3419 et
98 3371 322 3437 peditibus
347 3377 434 3430 vix
465 3378 576 3432 tria
625 3378 795 3433 millia
825 3379 1103 3445 aestimati,
1123 3378 1409 3448 ’principcs
1439 3395 1567 3449 gra-

39 3459 206 3520 diuntur
230 3466 279 3521 in
307 3466 505 3538 fronte,
538 3471 756 3527 scilicet
784 3470 1088 3542 patriarcha
1116 3485 1216 3542 pro
1246 3471 1442 3525 vexillo
1482 3469 1568 3525 of-

1675 3201 1891 3258 racenis
1919 3199 2228 3255 dimittitur.
2262 3197 2328 3252 Et
2357 3199 2411 3252 in
2442 3206 2639 3268 quarto
2662 3211 2806 3250 anno
2834 3202 2960 3264 post
2993 3194 3130 3258 haec,
3159 3207 3261 3246 neu

1673 3309 1774 3366 pos
1803 3293 2105 3365 supradicti
2137 3291 2282 3361 regis
2305 3307 2334 3345 a
2364 3289 2684 3344 Sarracenis
2712 3288 2947 3359 capitur,
2977 3294 3032 3342 et
3056 3286 3112 3342 in
3134 3299 3260 3340 mo-

1672 3383 1802 3438 dum
1829 3381 1962 3454 ligni
1990 3397 2086 3452 per
2109 3381 2346 3435 medium
2374 3389 2612 3435 secatur.

84 3617 145 3688 (Ξ)
171 3623 287 3679 Cod.
323 3627 377 3682 in
405 3643 593 3700 marg.
633 3647 647 3684 :
685 3626 797 3684 Iste
818 3628 1120 3686 Balduinus
1147 3645 1239 3684 rea:
1264 3631 1366 3700 fuit
1397 3629 1542 3698 ﬁlius
1580 3627 1821 3701 [lagonis
1851 3629 2060 3683 comitis
2087 3629 2151 3682 de
2178 3627 2433 3682 Reitesta.

45 3818 62 3843 ,
944 3833 957 3836 η
1931 3841 1948 3855 ,
1979 3833 3249 3860 __...._._._..._._.____..

442 4059 768 4122 VERSUS
805 4061 911 4122 DE
951 4055 1166 4123 VIRIS
1207 4062 1720 4126 ILLUSTRIBUS
1759 4061 2166 4126 DIOECESIS
2213 4063 2770 4126 TARVANENSIS

1064 4227 1189 4304 Qui
1225 4227 1290 4288 in
1321 4248 1497 4291 sacra
1529 4229 1704 4310 fuere
1734 4228 2151 4309 expeditione.

277 4396 569 4470 (Μλκτεκ.
611 4396 773 4464 ibid.,
797 4411 861 4451 ex
890 4411 992 4451 ms.
1025 4395 1380 4453 illustrissimi
1411 4395 1617 4452 domini
1643 4393 1966 4466 Chauvelin,
1997 4396 2273 4468 regiorum
2307 4397 2612 4470 sigillorum
2634 4397 2927 4470 custodis.)

1467 4554 1743 4576 _

49 4747 253 4822 Contigit
279 4752 333 4806 in
362 4751 594 4808 nostris
629 4749 892 4825 quiddam
913 4748 1205 4806 'l'arvenna
1230 4750 1449 4821 diebus,

31 4841 111 4894 nde
132 4840 234 4897 Deo
254 4845 456 4900 laudes
485 4844 810 4898 immensas
836 4841 1061 4898 reddere
1087 4842 1275 4911 debes,

34 4930 66 4982 ai
86 4932 349 5004 dignando
381 4945 522 4991 tuos
552 4935 730 5006 elegit
753 4935 1171 5005 parrochianos,

31 5036 98 5076 tos
122 5023 525 5105 Hierosolyma:
553 5041 724 5098 reges
750 5016 899 5082 dedit
917 5023 980 5081 et
1005 5027 1372 5098 patriarchas.

34 5112 128 5169 imo
153 5115 521 5186 Codefridus,
550 5117 865 5174 Balduinus
893 5135 1021 5175 vero
1053 5121 1348 5190 secundus,

31 5208 192 5264 usdem
217 5210 417 5267 frater.
461 5211 618 5266 Post
649 5211 795 5264 hunc
817 5210 1063 5281 regnavit
1089 5218 1322 5283 uterque

31 5295 114 5352 lius
137 5300 426 5360 Eustachii
457 5303 726 5368 comitis,
751 5316 892 5372 quos
920 5302 1122 5360 nobilis
1151 5302 1263 5372 Ida,

32 5405 104 5444 em
122 5401 228 5449 tua!
252 5395 410 5466 genti
435 5394 702 5451 feliciter
730 5393 901 5448 edidit
927 5394 1100 5449 omni.

31 5477 152 5537 imus
174 5483 533 5541 Evermarus
566 5483 719 5540 sedit
751 5483 1064 5553 patriarcha
1087 5483 1346 5555 sepulcri,

33 5582 66 5628 tt
85 5576 222 5634 hunc
251 5578 551 5640 Arnulfus
591 5575 867 5631 oriundus
888 5584 1115 5648 uterque
1135 5576 1351 5646 Cickes,

35 5663 151 5722 efuit
184 5678 239 5723 et
262 5671 490 5740 templo
511 5671 673 5724 tuus
708 5667 1130 5724 archidiaconus
1152 5679 1280 5724 ante

33 5761 258 5829 probus.
275 5773 338 5818 et
367 5762 627 5832 sapiens
653 5768 712 5814 et
741 5757 1026 5830 religiosus
1054 5761 1360 5818 Acbardus.

1593 4756 1640 4816 1)
1667 4749 1796 4806 lnde
1820 4760 2120 4822 potestates
2150 4750 2243 4807 alii
2274 4760 2500 4809 tenuere
2535 4753 2799 4811 minores.

1668 4841 2056 4916 Falltemberga
2081 4859 2242 4900 suum
2263 4843 2413 4900 dedit
2442 4843 2720 4917 Hugonem
2747 4841 3053 4914 deminum,
3089 4844 3184 4917 qui

1668 4931 1918 4991 Obtinuit
1942 4944 2112 4990 totam
2138 4936 2414 5006 regionem
2446 4933 2785 5007 Tyberiadis.

1671 5026 1867 5083 Harbel
1900 5025 2191 5083 Ramensis
2219 5027 2280 5082 fit
2304 5027 2556 5098 princeps
2579 5027 2957 5083 Caesariensis.

1669 5120 1998 5176 Eustachius
2021 5129 2183 5176 notus
2209 5120 2386 5186 miles,
2414 5118 2736 5194 cognomine
2763 5118 2998 5187 Gernirs,

1670 5212 1879 5269 Fulebo
1901 5211 2188 5268 Gisnensis
2213 5211 2404 5266 urbem
2439 5210 2614 5266 tenuit
2636 5209 2862 5279 Baruth,
2890 5211 2946 5266 in
2969 5227 3077 5282 qua

1669 5304 1911 5360 Antistes
1938 5303 2079 5360 sedit
2098 5301 2397 5359 Balduinus
2423 5301 2785 5371 Boloniensis,

1670 5395 1739 5452 Et
1763 5405 2005 5453 castrum
2029 5394 2304 5466 quoddam
2333 5396 2478 5466 quod
2509 5394 2696 5452 Sancti
2748 5396 2948 5453 dicitur
2970 5397 3249 5473 Abraham

1670 5487 1827 5560 ﬂugo
1856 5486 2183 5542 Rebeeensis
2203 5487 2378 5542 tenuit
2399 5487 2556 5544 miles
2586 5503 2905 5560 generosus.

1669 5579 1735 5634 lli
1773 5594 1946 5650 reges,
1973 5579 2028 5632 hi
2048 5577 2350 5648 pontifices,
2379 5577 2697 5650 dominique
2723 5578 2877 5644 fuere

1670 5671 1730 5727 ln
1759 5661 2121 5743 Jerosolyma,
2155 5685 2257 5726 nec
2293 5689 2400 5728 non
2427 5673 2482 5728 in
2506 5673 2710 5730 ﬁnibus
2738 5672 2861 5743 ejus

1669 5762 1839 5829 Quas,
1871 5760 2177 5828 Tarvenna,
2206 5771 2333 5818 tuus
2369 5765 2552 5821 emisit
2573 5765 2942 5837 pontiﬁcatus.
