3816 6306
95 383 202 444 1097
859 377 948 433 DE
986 372 1391 432 PRIMORDHS
1432 371 1604 428 SACP
1625 370 1684 425 (Ε
1719 366 2118 425 BELIGIONIS
2149 364 2478 423 JEROSOL.
3176 362 3314 422 (098

152 500 248 558 llos
272 498 406 558 male
435 504 646 568 torquet
672 494 870 563 hiems,
899 503 1068 551 aestus
1088 501 1144 549 et
1169 506 1305 548 aura
1336 503 1562 545 nocens.
1654 498 1702 554 Α
1806 483 1912 538 Sed
1936 483 2112 538 fracto
2137 497 2309 537 cornu
2347 479 2546 535 sentiat
2573 494 2727 534 arma
2757 479 2958 536 crucis.

87 593 232 652 Fraus
251 591 456 646 inimica
480 588 695 660 premit,
725 586 882 644 furor
918 586 1107 654 allicit,
1137 587 1218 643 ira
1251 584 1466 658 fatigat.
1728 575 1916 632 Gloria
1954 573 2294 629 Francorum
2326 573 2531 627 dudum
2555 571 2808 641 concepit
2836 570 3126 660 honorem,

140 685 306 740 Pulsa;
329 659 520 740 acerba
544 683 682 749 lues,
713 682 966 753 planctus
989 681 1194 752 ubique
1220 689 1381 736 δοιιεη
1728 663 1832 750 Sed
1857 664 2038 737 gravis
2061 665 2117 718 in
2139 671 2297 734 partu
2322 661 2549 733 peperit,
2579 661 2896 753 peperitque
2911 659 3186 753 dolorem.

81 774 315 834 carnibus
333 774 540 831 esuries
563 749 1010 843 vesci—compelli;
1038 749 1256 842 (aq—uiuis
1287 790 1302 826 ε
1727 757 1835 812 Res
1858 755 2109 811 miranda
2141 754 2262 820 fuit,
2294 770 2420 809 cum
2461 752 2633 826 gloria
2663 753 2878 843 culmen
2910 749 3140 843 honoris

139 866 341 925 Fossam
365 866 510 938 cogi;
545 866 776 921 humum
813 841 1056 920 15mm",
1081 841 1229 920 {sicca
1265 863 1427 930 suis;
1725 845 2086 902 Parturiendo
2113 845 2245 912 ruit,
2277 845 2338 898 fit
2361 844 2534 916 gloria
2562 858 2730 898 causa
2762 841 2990 897 doloris.

84 960 255 1032 Virque
274 933 459 1016 virumv
485 973 816 1030 carnemque
837 973 968 1014 caro
998 966 1176 1025 vorat,
1203 957 1378 1012 hostis
1409 957 1591 1012 hostem

1724 937 2043 994 Parturiunt
2065 944 2302 1002 montes,
2335 935 2652 1006 peperitque
2675 933 2931 1005 superbia
2962 945 3169 989 mures.

139 1023 297 1108 Pascit
314 1059 367 1106 et
389 1051 593 1106 illicitis
618 1023 758 1121 proh
781 1048 975 1104 dolor!
1012 1023 1334 1119 ingluviem.
1725 1029 1884 1086 Mons
1912 1029 2080 1096 cadit.
2115 1029 2226 1084 alta
2250 1027 2777 1121 ruunt.'pereunt_in
2805 1024 3071 1121 sanguine
3106 1023 3310 1094 plures-

84 1146 130 1202 Si
155 1145 270 1216 quid
297 1145 454 1200 habet
479 1118 698 1215 fugiens
728 1151 863 1198 aetas
894 1118 1113 1197 infirma
1148 1139 1432 1210 relinquit,
1723 1123 2070 1216 ᾼξῙᾷηῧιῖΙυηὶ
2095 1121 2236 1216 re?“
2254 1121 2506 1177 esuriens
2533 1119 2809 1216 θξθτοξίυξ
2836 1118 2959 1216 is”:

137 1206 321 1307 ρξιυροι-
346 1206 729 1307 εεεηαςόρεε,
761 1233 958 1291 {enim
979 1248 1135 1289 arma
1163 1206 1324 1304 ιεείιξ
1725 1214 1900 1307 Ablue
1923 1222 2115 1307 nostra
2143 1212 2308 1307 Deus,
2339 1220 2394 1268 et
2415 1211 2621 1307 munda
2637 1208 2898 1307 crimina,
2926 1206 3170 1307 Ghriste,

82 1328 206 1384 γεω
229 1300 406 1383 iam";
425 1325 588 1398 τηειρ,
613 1300 818 1398 'graﬁs,
855 1325 1040 1393 anxia,
1067 1300 1242 1381 εει-ἀρ’
1259 1332 1515 1381 senectus
1723 1305 2008 1398 Graeculus
2028 1303 2282 1361 esuriens
2313 1318 2415 1360 nos
2441 1303 2679 1359 destruit
2701 1300 3019 1398 esuriendo,

134 1417 280 1472 oneri
306 1431 364 1472 se
384 1393 602 1488 gladiis,
617 1393 814 1487 ξιιηείι
841 1423 1104 1486 utrasque
1133 1429 1352 1478 manus,
1723 1395 1837 1454 Nos
1859 1398 2003 1468 rapit
2029 1406 2084 1452 et
2113 1405 2293 1451 vastat
2317 1412 2515 1452 manus
2539 1411 2734 1465 aspera
2755 1393 3130 1488 percutiendo.

79 1507 184 1563 l'ars
206 1487 512 1577 consumpta
537 1505 706 1573 fame,
734 1520 865 1576 pars
891 1503 1312 1562 intolerabiliori
1449 1561 1452 1564 ,
1725 1493 2009 1548 Graeculus
2036 1502 2171 1559 arte,
2203 1492 2366 1557 fame,
2393 1507 2494 1547 nos
2516 1489 2750 1545 destruit
2786 1487 3118 1549 esurientes,

133 1599 374 1655 Exhalant
394 1599 616 1654 animas
649 1613 796 1666 aere,
821 1597 966 1664 tabe,
995 1597 1086 1654 siti
1115 1615 1130 1652 ε
1725 1579 1794 1650 Et
1818 1583 2007 1640 Parthi
2035 1583 2216 1656 gladio
2245 1583 2533 1639 devastant
2561 1578 2896 1636 deficientes.

77 1690 222 1748 fortis
249 1700 299 1747 et
324 1689 618 1749 incolumis
655 1691 916 1760 trahitur,
952 1691 1194 1748 trahitur
1225 1669 1442 1764 vagus,
1465 1706 1584 1749 exst

1802 1693 1977 1748 Imque
2005 1675 2208 1733 famem
2239 1675 2503 1747 patimur,
2531 1672 2720 1728 hostes
2753 1668 3023 1727 sentimus
3072 1667 3309 1739 iniquos.

1257 1761 1340 1856 [ἐι
1367 1782 1550 1850 exlex,
1581 1815 1584 1818 .
1726 1761 2021 1826 Deliciente
2049 1769 2194 1836 cibo,
2226 1781 2432 1840 paucos
2455 1764 2763 1836 reperimus
2794 1761 3028 1818 amicos.

135 1873 385 1932 Herbidus
410 1875 466 1932 in
496 1874 684 1948 gladio
704 1877 920 1932 corruit
939 1883 1106 1947 atque
1131 1890 1296 1932 sene;
1321 1893 1338 1943 ς
1647 1879 1698 1942 Β
1725 1861 1959 1919 Fallitur
1981 1878 2050 1918 ex
2077 1869 2192 1918 toto
2222 1877 2357 1934 gens
2383 1858 2584 1931 inclyta
2612 1873 2752 1929 pane
2775 1865 3007 1912 remoto.

73 1968 277 2038 Corpora
300 1983 439 2024 caesa
473 1968 615 2024 locis
643 1968 930 2024 inhumata
958 1967 1145 2039 jaceat
1165 1967 1474 2040 inaquosis,
1723 1955 1910 2012 Gloria
1933 1955 2298 2021 Francorum,
2324 1953 2491 2009 timor
2511 1950 2710 2018 hostis,
2733 1958 2790 2006 et
2821 1964 2976 2005 arma
2997 1958 3244 2040 tuorum,

129 2058 245 2115 Esca
268 2059 575 2116 volatilibus
605 2075 797 2131 sparsa
823 2059 1012 2116 relicta
1047 2057 1202 2117 feris.
1283 2039 1297 2040 ί

1807 2065 1870 2105 ns
1900 2049 2012 2120 pia,
2041 2049 2196 2120 plebs
2239 2045 2494 2113 celebris,
2523 2043 2802 2118 quondam
2848 2042 3062 2098 famosa
3115 2039 3314 2096 trium-

75 2150 217 2208 Pattca
241 2161 486 2226 teguntur
508 2153 707 2221 humo,
733 2152 962 2224 sanguis
989 2161 1248 2224 terraque
1268 2153 1520 2226 marique
3091 2133 3238 2208 [νιιὶε

129 2241 321 2310 Diﬂuit,
352 2259 482 2300 arva
505 2245 757 2313 madent,
781 2245 1104 2303 inﬁciuntnr
1127 2261 1308 2317 aqum,

1805 2270 1881 2311 ne
1922 2254 2172 2312 Danaum
2227 2254 2475 2310 malefisa
2513 2252 2678 2319 dolis,
2716 2251 3032 2322 ferrumque
3081 2247 3312 2303 famem-

74 2331 242 2406 Lingua
287 2336 423 2405 silet,
459 2338 612 2393 mala
657 2337 854 2410 juncta
903 2338 1087 2407 malis,
1125 2353 1306 2411 neque
1352 2347 1433 2395 tot
1471 2338 1620 2411 capit
3111 2340 3243 2414 [(ιιιο

1323 2433 1499 2508 [auris
1526 2451 1545 2492 :
1723 2442 2006 2500 immerito
2027 2443 2219 2510 scutis,
2246 2441 2520 2501 satiantur
2539 2449 2597 2497 et
2619 2439 2874 2504 hostibus
2905 2438 3117 2494 hostes.

121 2518 323 2610 Singula
351 2537 513 2581 nosse
551 2523 730 2594 dolor,
755 2536 954 2583 cuneta
993 2526 1206 2584 referre
1227 2527 1404 2584 labor.

1727 2535 1860 2605 Quis
1891 2538 2056 2594 modo
2078 2536 2378 2610 gaudebit?
2406 2534 2522 2607 Ego
2544 2551 2674 2603 non,
2701 2533 2834 2591 dum
2865 2531 3039 2589 Gallia
3068 2529 3234 2588 ﬂebit.

72 2606 212 2666 Gallia
235 2622 399 2672 mater
418 2616 474 2672 in
504 2617 599 2673 his
622 2618 804 2686 doleo,
835 2621 973 2676 mihi
1000 2621 1256 2678 condolet
1285 2622 1458 2688 orbis,
1722 2629 1898 2685 Gallia
1935 2639 2048 2686 tota
2070 2606 2238 2696 dolet,
2266 2638 2323 2686 et
2354 2606 2477 2700 ego,
2501 2644 2637 2700 gens
2659 2628 2826 2698 impia
2859 2625 3082 2699 εειιᾶθι,

128 2702 212 2760 Tot
231 2722 417 2777 queror
438 2721 570 2772 acta.
589 2712 723 2767 mihi
751 2713 974 2781 damna,
1016 2713 1302 2786 Deumque
1338 2715 1472 2787 pati.
1721 2720 1938 2778 Gaudet
1961 2731 2016 2778 et
2039 2721 2297 2788 exsultat,
2326 2721 2460 2777 dum
2489 2720 2658 2777 tantis
2676 2719 2891 2776 viribus
2920 2718 3110 2775 instat.

75 2791 270 2868 Sanctis,
289 2799 522 2871 Christe,
558 2803 719 2872 locis,
749 2818 930 2872 mons,
975 2821 1192 2872 murus,
1227 2805 1472 2875 dextera,
1497 2815 1620 2863 tur-
1723 2811 1872 2870 Gens
1901 2813 2044 2868 mala
2067 2812 2423 2879 Parthorum,
2462 2811 2649 2884 populi
2673 2809 2787 2866 fera
2819 2809 2981 2868 turba
3004 2807 3314 2879 Medorum,

1443 2898 1548 2972 [ris
1723 2902 2017 2974 Imperium
2045 2904 2172 2960 vita:
2191 2903 2436 2960 vendunt
2454 2911 2510 2960 et
2529 2893 2733 2959 emunt
2748 2901 3014 2958 Elamiue.

126 2977 190 3036 Da
212 2996 370 3054 spem,
397 3001 598 3044 corner
623 3003 808 3060 opem,
842 2991 1056 3062 respice
1076 2991 1281 3062 probra
1302 2992 1507 3048 crucis.
1721 2995 1907 3052 Gloria
1931 2996 2060 3052 ﬂere
2091 3005 2291 3068 potest,
2315 3012 2426 3052 non
2457 2995 2617 3052 nobis
2649 2994 2822 3064 gloria
2847 2993 3090 3065 prodest.

73 3068 132 3126 Ne
151 3091 298 3146 super
319 3079 472 3137 hoste
497 3081 599 3137 diu
621 3080 772 3139 ferus
799 3083 892 3144 ille
921 3083 1207 3155 superbiat
1233 3083 1434 3152 hostis,
1719 3085 1908 3142 Gloria
1941 3103 2066 3143 cum
2089 3087 2241 3144 luctu
2275 3095 2494 3152 teritur,
2519 3084 2681 3157 quasi
2710 3083 2811 3142 llos
2837 3084 2958 3141 sine
2983 3081 3186 3140 fructu.

74 3285 3298 3334 Ἦ

1030 3531 1232 3652 DE
1317 3527 2310 3642 PRIMORDIIS
2403 3551 2408 3554 ’

143 3833 257 3963 ΕΤ
370 3832 998 3964 INVENTIONE
1107 3828 1448 3963 SAClllE
1571 3819 2162 3958 RELlGlllNlS
2267 3827 3187 3963 manumanu.

220 4076 580 4198 '(Monasm'on
607 4124 842 4197 Anglia,
872 4132 913 4181 t.
940 4120 1009 4191 ll,
1035 4137 1091 4197 p.
1125 4121 1251 4192 £89,
1279 4137 1347 4179 ex
1366 4122 1539 4178 veteri
1557 4135 1663 4178 ms.
1685 4134 1857 4193 penes
1879 4119 2182 4176 Gilbertum
2205 4119 2397 4187 North,
2421 4121 2779 4195 armigerum,
2801 4137 2892 4180 an.
2923 4124 3111 4196 1652.)

122 4541 326 4604 Maxima
355 4549 500 4606 inter
529 4548 822 4620 plerosque
865 4547 1136 4604 hactenus
1175 4543 1447 4601 dubitatio
1488 4542 1613 4615 fuit,
1641 4549 1686 4610 ο
1717 4541 2047 4611 libertatem,
2079 4543 2316 4615 populus
2355 4543 2774 4614 proclamasset,
2821 4546 3062 4620 ingentia
3108 4545 3248 4604 bella
3277 4563 3307 4602 a

64 4635 182 4690 unde
203 4647 251 4693 et
275 4654 303 4694 a
325 4641 526 4711 quibus
555 4638 725 4710 Hosp.
773 4637 1218 4695 lerosolimorum
1245 4637 1608 4710 primordium
1712 4634 1962 4692 finitimis
1990 4636 2212 4708 regibus
2238 4651 2366 4690 cum
2405 4634 2780 4694 lherosolimis
2805 4646 2960 4709 gesta
2990 4647 3139 4695 sunt.
3164 4637 3308 4694 Tan-

64 4732 333 4798 sumpserit.
368 4733 604 4800 Quidam
626 4748 764 4788 vana
789 4732 1042 4802 sompnia
1071 4731 1384 4802 ingerentes
1413 4729 1611 4787 delira-
1709 4729 1836 4786 dem
1858 4771 1875 4799 ,
1927 4730 2144 4787 volente
2197 4730 2465 4799 Domino,
2524 4747 2652 4786 cum
2704 4730 3033 4788 Machabeus
3073 4732 3304 4800 urbem,

65 4829 215 4875 menta
237 4825 419 4892 pocius
461 4841 632 4897 quam
654 4826 939 4882 veritatem
965 4825 1298 4882 conﬁnxisse
1324 4824 1606 4892 videntur;
1711 4837 1927 4891 arcem,
1971 4831 2026 4878 et
2084 4824 2348 4894 templum
2393 4822 2462 4879 dc
2495 4823 2852 4894 prophanatis
2890 4823 3136 4896 gentium
3183 4839 3304 4880 ma-

63 4917 241 4969 veteres
260 4918 397 4972 enim
423 4917 688 4975 historias
711 4918 1032 4990 longissime
1065 4918 1136 4973 ab
1173 4917 1406 4974 invicem
1447 4933 1610 4988 sepa-
1712 4913 1876 4971 nibus
1919 4913 2291 4982 vendicasset,
2334 4922 2392 4971 et
2429 4915 2497 4971 ad
2525 4914 2724 4970 bellum
2771 4914 2970 4970 iterum
3009 4913 3309 4986 gerendum

64 5008 204 5070 falas,
239 5009 534 5078 composito
593 5009 832 5078 quodam
880 5007 1123 5080 glutineo
1177 5007 1606 5078 coniunxerunt.
1708 5008 2024 5064 exeundum
2073 5016 2254 5077 esset,
2300 5008 2454 5080 prius
2497 5007 2819 5078 compositis
2863 5007 2918 5062 in
2971 5007 3108 5062 urbe
3152 5005 3313 5063 Jero-

63 5087 271 5155 Quorum
298 5115 464 5157 vanas
506 5099 721 5156 fabulas
767 5101 874 5156 hoc
905 5101 1032 5155 loco
1068 5099 1206 5154 mihi
1246 5098 1448 5156 referre
1477 5116 1611 5156 cura
1713 5099 1908 5156 solima
1959 5101 2146 5169 rebus,
2191 5117 2390 5173 magna
2431 5116 2600 5156 manu
2646 5100 2703 5156 in
2751 5100 2939 5157 hostes
2978 5098 3313 5156 Machabeus

65 5196 154 5239 non
187 5199 287 5258 est;
325 5194 419 5249 sed
463 5194 530 5249 ad
570 5195 650 5250 rei
689 5194 997 5260 veritatem,
1041 5193 1094 5248 id
1133 5193 1278 5264 quod
1323 5194 1393 5249 de
1437 5193 1610 5249 sacris
1711 5192 1992 5262 profectus
2030 5204 2132 5250 est.
2179 5193 2431 5264 Cumque
2469 5193 2628 5248 multi
2671 5193 2740 5249 de
2784 5193 2988 5265 popqu
3031 5191 3130 5268 Dei
3159 5191 3309 5249 ferro

65 5280 314 5339 annalibus
351 5287 643 5359 decerpere
684 5288 878 5358 potui,
933 5295 989 5343 et
1028 5302 1153 5358 qum
1191 5287 1508 5358 conjectura
1556 5296 1611 5342 et
1709 5285 2076 5350 cecidissent,
2122 5286 2390 5356 multique
2429 5286 2751 5344 vulneribus
2793 5286 3002 5345 debiles
3045 5285 3179 5344 facti
3221 5300 3290 5344 ee»

63 5371 242 5430 ratione
279 5382 510 5451 assequi,
553 5396 664 5437 non
705 5381 1016 5452 praepositae
1054 5382 1132 5436 rei
1167 5381 1366 5438 seriem
1393 5381 1448 5436 in
1490 5396 1608 5436 me-
1713 5386 1877 5444 sent,
1921 5377 2252 5434 Machaheus
2296 5379 2353 5434 in
2396 5380 2532 5434 urbe
2572 5377 3088 5448 lberosolimitana,
3133 5395 3309 5437 xeno-

65 5459 187 5519 dium
230 5470 508 5530 adducam.
1667 5505 1670 5508 ~
1711 5468 1898 5534 dena,
1950 5469 2055 5524 hoc
2095 5478 2180 5523 est
2237 5470 2388 5540 pium
2439 5471 2623 5526 locum
2675 5481 2730 5528 et
2779 5473 3044 5529 debilium
3101 5471 3309 5528 consti-

125 5553 323 5617 Sacram
356 5563 813 5639 Jerosolymorum
834 5567 1158 5640 religienem
1188 5567 1258 5622 ita
1277 5566 1610 5638 principium
1711 5561 1884 5616 tuisse
1933 5561 2165 5628 dicitur;
2211 5563 2302 5618 cui
2343 5563 2464 5620 loco
2507 5564 2754 5636 ingentes
2807 5566 3020 5638 argenti
3075 5573 3132 5620 et
3189 5563 3312 5619 auri

67 5639 286 5708 habuisse
307 5665 494 5727 reputo
520 5679 532 5714 :
558 5659 695 5716 Cum
742 5639 969 5727 exactis,
1016 5672 1238 5717 mortuo
1280 5659 1610 5716 Alexandrio
1711 5656 1986 5728 dragmas,
2014 5658 2082 5713 ad
2123 5659 2424 5729 expiandas
2465 5659 2851 5716 defunctorum
2875 5659 3090 5716 animas
3118 5665 3305 5714 trans»

67 5729 277 5824 Philippo
316 5745 665 5804 Macedonum
705 5767 850 5823 rege,
890 5753 958 5807 de
983 5753 1120 5807 urbe
1149 5750 1452 5807 Jerusalem
1483 5765 1612 5821 pro-
1712 5751 1889 5818 misit;
1942 5751 2162 5822 ibique,
2217 5763 2280 5808 ut
2315 5753 2722 5810 miserabilibus
2769 5751 3218 5824 receptaculum,
3256 5757 3315 5804 et

67 5823 230 5890 phanis
255 5839 493 5906 gentibus
539 5842 965 5900 Machabeorum
1013 5859 1181 5916 opera
1223 5845 1292 5900 ad
1340 5865 1392 5905 a.
1445 5864 1499 5919 p.
1555 5856 1610 5903 et
1712 5841 1987 5899 defunctis
2027 5844 2302 5914 piaculum
2345 5844 2794 5912 constitueretur,
2827 5823 3190 5914 imposterum
3215 5839 3310 5896 deo

345 5930 608 5998 PATBOL.
657 5936 836 5997 CLV.
2947 5935 3029 5995 35
