3812 6312
541 410 562 464 ‘I
575 409 692 464 099‘

1106 401 1198 457 AD
1235 396 1692 481 COBEFRIDUM
1727 395 2018 452 APPEND.
2062 395 2126 451 ll.
2167 426 2234 435 -υ
2270 393 2539 450 MONUM.
2583 392 2671 448 DE
2708 391 2931 450 BELLO
2967 392 3194 451 SACRO

3641 399 3741 453 “00

536 517 740 575 crevit..
790 515 1150 572 Volventibus
1197 514 1392 570 deinde
1444 512 1638 580 annis,
1695 526 1819 566 cum
1878 510 2130 582 religiosa
2161 516 2205 571 Α
2231 509 2526 581 gligerent;
2579 509 2808 580 proinde
2833 509 3111 566 decretum
3141 517 3254 574 est,
3298 517 3361 564 ut
3391 517 3443 564 et
3471 510 3564 580 ipsi
3590 513 3743 571 milites

535 609 830 668 clarissimi
879 607 1154 662 Machabei
1200 606 1468 660 institutio
1512 605 1803 670 levaretur,
1848 621 2022 673 usque
2057 604 2125 658 ad

537 699 797 755 salutaris
847 696 1016 751 nostri
1061 703 1303 762 tempora
1364 707 1683 762 processum
1729 702 1851 759 est;
1902 693 2128 762 ipseque

533 792 735 850 Jhesus
776 791 1031 846 Christus
1054 788 1259 842 humile
1284 802 1392 842 non
1427 785 1756 858 dedignatus
1796 787 2124 858 hospicium,

530 885 768 940 multum
815 881 1032 954 pictatis
1073 893 1238 949 opera
1277 879 1624 932 monstravit.
1668 877 1726 931 In
1767 878 1956 932 eodem
2002 894 2128 948 pro-

535 974 700 1040 fectu,
746 988 870 1028 cum
917 969 1120 1026 nullius
1155 969 1235 1023 rei
1271 982 1561 1038 possessor
1602 969 1879 1035 existeret,
1916 968 2128 1023 dicente

533 1066 630 1123 illo
666 1086 721 1120 τι
755 1063 1013 1119 Volucres
1061 1059 1187 1116 εωιὶ
1235 1059 1426 1127 nidos,
1470 1069 1524 1115 et
1565 1061 1755 1130 vulpes
1800 1060 2003 1115 habent
2045 1058 2128 1114 fo-

532 1174 684 1215 veas.
712 1156 884 1210 Filius
925 1162 1108 1208 autem
1148 1151 1402 1222 .hominis
1447 1168 1556 1208 non
1601 1152 1765 1207 habet
1811 1151 2127 1226 quolrecli-

531 1259 624 1302 net
661 1255 824 1310 caput
861 1261 1047 1305 suum.
1080 1261 1098 1296 ι
1171 1260 1279 1298 non
1323 1242 1582 1298 inmerito
1628 1243 1778 1298 hunc
1822 1229 2004 1298 locum
2047 1243 2130 1313 ip-

528 1355 650 1394 sum
703 1337 996 1393 incoluisse
1037 1337 1356 1392 existimare
1405 1335 1724 1406 possimus:
1758 1337 1805 1392 si
1852 1337 1998 1392 enim
2045 1337 2129 1392 di-

526 1430 768 1500 scipulos
815 1428 1074 1484 monebat
1113 1429 1298 1482 omnia
1341 1427 1396 1482 in
1439 1427 1721 1483 communi
1763 1427 1984 1494 habere,
2028 1443 2129 1484 nec

525 1521 594 1576 de
653 1519 896 1575 crastino
939 1534 1063 1575 esse
1116 1519 1406 1586 sollicitos,
1465 1518 1514 1574 si
1572 1518 1780 1588 absque
1832 1518 2030 1574 calceis
2074 1526 2130 1573 et

527 1627 654 1682 pera
707 1607 1010 1682 discipulos
1054 1625 1178 1666 esse
1219 1611 1466 1676 volebat,
1523 1609 1650 1680 quis
1695 1609 1906 1666 dubitet
1960 1608 2130 1681 Magi-

510 1684 700 1758 ostrum
741 1702 872 1758 talia
918 1712 1253 1770 monentem,
1285 1701 1470 1757 omnia
1504 1701 1764 1758 habuisse
1792 1701 2125 1770 communia,

525 1788 900 1865 humilemque
927 1795 1111 1850 locum
1149 1793 1524 1850 inhabitasse?
2027 1789 2032 1796 ’

2229 602 2524 674 llospitalis
2551 602 2848 673 participes
2878 602 3090 669 ﬂerent,
3118 610 3174 657 et
3193 600 3547 656 Christianam
3574 605 3743 675 religio-

2227 712 2352 752 nem
2385 695 2767 761 defenderent;
2796 695 2940 749 unde
2963 703 3019 750 et
3056 694 3182 763 ipsi,
3226 709 3329 764 pro
3355 695 3561 749 nomine
3589 694 3745 753 Christi

2227 795 2552 860 pugnantes,
2583 795 2709 842 ante
2739 795 2929 856 pectus
2948 800 3168 842 crucem
3198 792 3412 857 gestare
3439 785 3743 843 instituerunt.

2228 880 2523 937 Crescente
2550 879 2746 935 deinde
2783 880 2927 951 apud
2955 877 3236 935 Orientem
3272 877 3509 948 perﬁdia,
3541 879 3629 935 fide
3649 881 3746 936 deli-

2227 973 2425 1037 ciente,
2480 971 2686 1027 factum
2727 980 2812 1028 est
2852 979 2914 1026 ut
2953 969 3235 1041 Hospitale
3263 985 3296 1024 a
3327 967 3599 1026 Saracenis
3628 988 3746 1028 occu-

2227 1074 2374 1134 pato,
2405 1063 2610 1120 Christi
2641 1065 2846 1120 milites
2883 1063 3127 1133 undique
3158 1062 3606 1133 dispergerentur.
3632 1065 3748 1119 Curti.

2227 1170 2334 1226 que
2361 1155 2415 1210 in
2443 1156 2589 1211 Aera
2610 1163 2666 1210 et
2693 1153 2891 1226 Sarrya
2915 1155 3128 1210 nullum
3150 1154 3389 1225 amplius
3417 1153 3594 1225 refugii
3618 1155 3748 1211 locum

2229 1246 2511 1312 haberent,
2565 1247 2622 1301 in
2673 1247 2844 1301 altum
2890 1247 3189 1302 ascendere
3231 1246 3413 1302 coacti
3442 1258 3596 1302 sunt:
3624 1250 3749 1317 prima

2226 1337 2307 1392 eis
2339 1337 2614 1409 navigatio
2656 1337 2709 1391 in
2751 1338 2991 1409 Cyprum
3029 1337 3151 1404 fuit,
3181 1337 3421 1393 insulam
3450 1336 3751 1394 lherosolimis

2230 1430 2616 1500 propinquam.
2649 1427 2726 1483 lhi
2784 1444 2814 1484 a
2853 1428 3189 1485 Christianis
3228 1429 3564 1500 principibus
3586 1431 3751 1499 recepti,

2227 1527 2419 1574 contra
2453 1518 2767 1589 prophanas
2797 1528 3006 1588 gentes,
3053 1535 3154 1589 pro
3191 1518 3403 1574 Christi
3435 1519 3654 1584 nomine,
3681 1535 3752 1589 νιισ

2227 1623 2396 1681 gnare
2424 1624 2534 1663 non
2561 1609 2906 1665 destiterunt.
2942 1608 3129 1665 Multis
3160 1609 3362 1666 deinde
3387 1610 3546 1664 annis
3572 1609 3756 1665 Rhodiu-

2227 1717 2351 1758 rum
2399 1701 2580 1758 insula
2608 1701 3234 1773 ConstantinOpolitanis
3275 1703 3498 1758 rebellis
3532 1702 3653 1758 facta
3678 1714 3753 1766 est;

2226 1810 2339 1850 non
2362 1794 2668 1850 valentibus
2688 1795 2842 1865 ipsis,
2873 1794 2946 1850 oh
2971 1794 3217 1865 ingentes
3249 1793 3583 1850 Rhodiorum
3603 1795 3756 1864 copias,

599 1885 716 1941 lliis
777 1885 945 1958 igitur
1000 1887 1304 1943 rationibus
1365 1886 1675 1942 conlirmati
1703 1929 1719 1954 ,
1780 1887 2122 1943 conﬁdenter
2154 1882 2196 1942 B
2227 1885 2282 1940 in
2311 1886 2574 1942 ditionem
2610 1885 2903 1941 vendicare
2935 1885 3197 1954 insulam,
3228 1887 3408 1957 ipsam
3436 1885 3754 1943 Jherosolimi-

523 1977 705 2035 dicere
745 1994 1044 2049 possumus
1085 1980 1233 2035 hunc
1299 1979 1481 2034 locum
1529 1995 1880 2035 communem
1923 1987 1977 2034 et
2020 1980 2124 2035 hu-

525 2070 708 2126 milem
763 2072 1006 2128 caelestis
1071 2070 1422 2143 Imperatoris
1489 2072 1865 2128 habitaculum
1930 2072 2119 2128 fuisse.

523 2161 626 2218 llic
657 2162 1054 2234 discipulorum
1091 2163 1256 2233 pedes
1290 2162 1542 2235 Magister
1586 2163 1747 2231 lavit,
1791 2164 2124 2235 eosdemque

521 2255 872 2326 presbyteros
897 2253 1046 2323 fecit,
1085 2255 1283 2326 suique
1310 2255 1559 2326 corporis
1588 2255 1980 2326 preciosissimi
2009 2271 2124 2312 me-

524 2346 758 2401 moriam
789 2346 1029 2417 reliquit.
1073 2345 1172 2402 Hic
1217 2347 1380 2402 Petro
1417 2346 1674 2404 Ecclesia:
1709 2356 2032 2419 potestatem
2069 2357 2124 2404 et

522 2438 704 2494 claves
751 2436 993 2493 tradidit.
1057 2436 1156 2494 llic
1213 2437 1423 2494 Veteris
1475 2437 1814 2495 Testamenti
1861 2439 2022 2502 linis.
2069 2448 2124 2495 et

520 2523 656 2586 Novi
691 2530 909 2586 initium
933 2529 1054 2586 fuit.
1079 2529 1154 2586 De
1191 2531 1296 2585 hoc
1319 2531 1440 2586 loco
1461 2531 1636 2586 acenti
1664 2531 1806 2602 (sic),
1831 2530 1899 2585 ad
1921 2530 2122 2602 glorio-

519 2623 797 2680 sissimam
838 2623 1188 2694 passionem,
1233 2631 1295 2678 ut
1337 2632 1543 2678 nostra:
1585 2622 1767 2678 carnis
1817 2621 1971 2677 fieret
2029 2637 2116 2678 re-

519 2715 780 2786 demptio,
820 2713 1076 2770 Christus
1105 2714 1384 2786 profectus
1421 2723 1526 2771 est.
1567 2713 1666 2770 Hic
1693 2723 1818 2784 post
1843 2714 1963 2784 ejus
1993 2729 2121 2786 pas-

507 2807 733 2863 sionem
775 2805 1034 2877 discipuli
1085 2822 1209 2862 cum
1268 2805 1440 2862 Maria
1495 2815 1673 2862 matre
1714 2806 1874 2877 ejus,
1920 2805 2119 2862 confu-

519 2901 762 2972 gientes,
833 2899 1166 2954 admirandae
1232 2898 1672 2954 Resurrectionis
1729 2898 2117 2954 revelationem

521 2990 724 3045 habere
770 2997 1124 3056 meruerunt,
1176 2997 1231 3044 et
1269 2997 1394 3059 post
1438 2989 1800 3061 quadraginta
1833 2989 1952 3046 dies
1993 3004 2119 3060 pro-

520 3081 751 3136 missum
799 3081 1065 3150 Spiritum
1111 3089 1363 3136 sanctum
1405 3085 1754 3152 acceperunt.
1794 3079 1894 3136 Hic
1919 3123 1934 3148 ,
1995 3090 2119 3152 post

520 3171 816 3242 gloriosam
843 3171 1244 3238 ascensionem,
1275 3182 1526 3228 sanctum
1554 3173 1792 3244 primum
1819 3174 2116 3229 concilium

509 3263 770 3318 habitum
802 3270 923 3331 est,
972 3263 1206 3334 fideique
1244 3263 1538 3338 simholum
1591 3264 1660 3319 ad
1703 3264 1993 3320 duodecim
2036 3263 2117 3319 fa-

519 3363 692 3410 ctum.
727 3352 987 3426 Cumque
1028 3353 1254 3425 gloriosi
1296 3353 1569 3424 principes
1608 3352 1937 3410 Christiana:
1970 3354 2114 3421 lidei,

519 3447 661 3503 inter
693 3463 752 3504 se
785 3447 852 3503 ad
883 3447 1314 3518 praedicandum,
1359 3448 1672 3518 provincias
1707 3449 1887 3506 sortiti
1911 3457 2115 3517 essent,

517 3549 726 3612 septem
747 3540 896 3597 viros
916 3541 1218 3612 elegerunt,
1251 3541 1347 3612 qui
1387 3557 1690 3612 pauperum
1729 3551 1785 3599 et
1824 3540 2118 3613 Hospitalis

521 3647 712 3688 curam
737 3632 979 3687 habituri
1014 3641 1202 3688 essent
1230 3649 1244 3698 ;
1277 3633 1479 3703 quibus
1511 3631 1848 3704 Stephanum
1877 3635 2115 3705 primum

517 3733 811 3796 martyrem
824 3723 1174 3795 praepositum
1187 3725 1612 3780 constituerunt.
1626 3724 1692 3780 Et
1702 3726 1828 3796 quia
1844 3726 2118 3798 gloriosus

519 3817 830 3888 novas'lcgis
872 3831 1180 3886 przecursor
1215 3815 1342 3872 Joh.
1381 3815 1646 3888 Baptista,
1675 3817 1881 3874 Christi
1904 3820 2116 3889 baptis-

519 3905 672 3962 mu‘m
722 3906 1046 3978 praedicans,
1084 3906 1154 3962 ab
1183 3906 1394 3964 Herode
1433 3924 1608 3980 nuper
1647 3910 1947 3965 decollatns
1977 3919 2114 3976 erat,

518 3998 678 4069 cujus
728 3999 850 4054 vitae
898 3999 1276 4056 testimonium
1307 4001 1489 4056 cuncti
1535 4001 1950 4058 admirabantur
2005 4021 2018 4058 :
2063 4010 2117 4057 et

520 4089 651 4162 quia
703 4089 810 4146 hiis
850 4091 989 4148 locis
1035 4101 1199 4149 natus
1236 4100 1292 4150 et
1331 4109 1509 4164 usque
1551 4095 1620 4150 ad
1663 4094 1908 4151 infantia:
1941 4111 2115 4152 annos

518 4182 783 4238 educatus
811 4191 949 4250 erat,
988 4185 1060 4240 ob
1086 4186 1450 4241 venerandam
1479 4187 1602 4258 ejus
1653 4189 1974 4244 memoriam
2006 4188 2117 4245 Ho-

518 4274 731 4344 spitalis
758 4283 1049 4345 patronum
1075 4277 1476 4348 appellaverat;
1515 4280 1937 4336 suhscdentihus
1960 4290 2112 4352 post-

515 4363 742 4419 modum
774 4365 1136 4434 tcmporibus,
1167 4381 1295 4422 cum
1326 4382 1524 4439 rnagna
1570 4367 1713 4423 inter
1755 4370 2007 4426 homines
2045 4371 2114 4428 de

518 4456 624 4510 liJe
649 4455 833 4526 opinio
860 4465 1027 4524 esset,
1056 4458 1282 4528 plurimi
1318 4459 1373 4513 in
1403 4459 1666 4522 societate
1693 4477 1996 4532 pauperum
2025 4465 2110 4519 di-

2226 1977 2373 2033 tanis
2419 1978 2686 2034 militibus
2729 1979 3103 2049 occupandam
3155 1989 3565 2035 concesserunt.
3609 1979 3758 2034 Milites

2224 2084 2376 2136 vero,
2417 2071 2622 2140 paratis
2657 2072 2934 2138 manibus,
2979 2072 3267 2126 instructis
3309 2071 3520 2140 copiis,
3561 2071 3756 2126 Rhodum

2225 2161 2546 2231 navigantes
2567 2202 2582 2227 ,
2627 2161 2775 2217 brevi
2821 2163 3036 2218 dierum
3079 2162 3269 2233 spacio
3303 2163 3359 2217 in
3391 2179 3544 2218 suam
3577 2173 3758 2234 potesta-

2226 2258 2334 2305 tem
2376 2251 2731 2323 redegerunt;
2785 2253 3102 2324 duplicique
3161 2253 3426 2324 praesidio
3478 2254 3677 2319 muniti,
3709 2267 3758 2306 ex

2223 2340 2404 2413 Cypro
2426 2351 2480 2398 et
2509 2341 2702 2397 Rhodo
2730 2343 2994 2399 adversus
3017 2352 3222 2400 nostra:
3249 2343 3377 2400 fidei
3404 2342 3635 2400 inimicos
3652 2343 3758 2398 bella

2223 2445 2511 2506 gesserunt
2538 2445 2593 2492 et
2623 2445 2838 2509 gerunt.

2225 2548 2471 2614 Qualiter
2522 2549 2709 2602 domus
2771 2547 3071 2620 Hospitalis
3118 2547 3177 2604 S.
3217 2547 3484 2603 Johannis
3516 2547 3761 2620 Jerusalem

2295 2620 2400 2689 fuit
2449 2621 2623 2689 primo
2669 2617 3182 2676 iuventa'voluntate
3227 2619 3448 2675 Domini
3479 2622 3627 2674 nostri
3664 2617 3762 2672 Jan

2292 2689 2517 2746 Christi.

2291 2801 2561 2860 Omnibus
2594 2803 2956 2874 praesentibus
2996 2811 3052 2859 et
3089 2801 3297 2877 futuris
3335 2811 3524 2858 notum
3552 2800 3761 2864 facimus,

2219 2895 2367 2966 quod
2393 2895 2590 2952 domus
2618 2895 2913 2967 Hospitalis
2937 2895 2996 2952 S.
3027 2894 3301 2952 Johannis
3324 2895 3574 2966 Baptista:
3593 2906 3641 2949 et
3661 2911 3766 2965 pau-

2219 3003 2414 3058 perum
2452 2987 3026 3044 Jerosolimitanorum
3055 2988 3159 3044 fuit
3199 2989 3416 3059 incepta
3456 3004 3487 3042 a
3523 2988 3765 3058 principio,

2221 3090 2463 3153 tempore
2508 3083 2671 3152 primi
2699 3081 2828 3138 Julii
2859 3083 3119 3150 Caesaris,
3165 3081 3516 3152 imperatoris
3552 3079 3764 3141 Romani,

2217 3183 2272 3229 et
2307 3185 2549 3245 tempore
2589 3174 2848 3230 Antiochi
2889 3174 3153 3244 principis
3201 3173 3536 3240 Antiochiae;
3579 3173 3660 3227 ille
3696 3171 3767 3241 qui

2221 3266 2350 3322 fecit
2385 3267 2602 3333 omnia,
2647 3275 2702 3322 et
2738 3282 2873 3322 suus
2899 3266 3070 3323 Filius
3101 3267 3424 3324 benedictus
3449 3268 3605 3323 nobis
3628 3267 3769 3320 mittat

2223 3357 2488 3429 Spiritum
2525 3366 2798 3425 sanctum,
2839 3359 2935 3429 qui
2977 3373 3173 3415 omnes
3217 3367 3328 3414 tres
3369 3375 3544 3414 unum
3589 3369 3700 3414 sunt
3731 3361 3769 3412 in

2219 3451 2550 3521 adjutorium
2581 3451 2673 3519 sit,
2703 3451 2853 3522 quod
2884 3467 2984 3508 nos
3009 3452 3291 3522 possimus
3322 3451 3508 3507 dicere
3548 3462 3600 3507 et
3631 3461 3768 3506 retra-

2220 3542 2349 3597 here
2373 3543 2441 3597 de
2467 3541 2664 3597 Latino
2690 3543 2746 3597 in
2775 3544 3212 3614 grammaticam,
3244 3544 3322 3598 ita
3347 3552 3405 3598 et
3452 3543 3631 3599 taliter
3661 3541 3771 3614 (ιιιοή

2219 3633 2289 3687 sit
2320 3633 2440 3686 laus
2469 3632 2729 3701 prtedicto
2761 3642 2953 3688 sancto
2982 3631 3218 3688 Johanni
3248 3631 3531 3704 Baptistae.

2291 3725 2617 3796 Supradicto
2642 3725 2788 3781 enim
2825 3733 3073 3796 tempore
3103 3723 3209 3781 fuit
3234 3727 3464 3796 quidam
3509 3726 3774 3797 presbyter,

2216 3827 2272 3872 et
2314 3818 2571 3872 dominus
2613 3818 2850 3872 aliorum
2894 3818 3335 3889 presbyterorum
3385 3817 3440 3873 in
3485 3817 3774 3882 Jerusalem,

2217 3911 2310 3980 qui
2337 3909 2636 3965 vocabatur
2664 3909 2958 3977 Melchiar;
2995 3909 3090 3980 qui
3120 3909 3282 3980 fregit
3320 3911 3670 3981 sepulchrum
3695 3909 3781 3986 Dig.

2217 4003 2328 4068 vid,
2361 4012 2415 4058 et
2439 4018 2507 4058 ex
2535 4017 2601 4057 eo
2624 4003 2864 4056 extraxit
2892 4017 3153 4072 magnum
3184 4002 3535 4070 thesaurum,
3565 4003 3732 4058 videlic

2217 4109 2411 4149 aurum
2446 4102 2501 4149 et
2531 4093 2855 4148 vestimenta
2886 4093 3158 4162 preciosa,
3190 4108 3312 4162 quae
3342 4092 3552 4148 ibidem
3596 4091 3730 4148 fuera

2216 4186 2397 4256 posita
2439 4185 2508 4239 ab
2558 4184 2680 4240 aliis
2723 4185 2947 4256 regibus
2990 4193 3114 4255 post
3155 4183 3420 4239 Davidem
3473 4201 3685 4257 regem,

2215 4293 2326 4349 quo
2355 4277 2574 4348 quidem
2613 4275 2786 4342 facto,
2833 4275 3015 4330 dictus
3056 4274 3316 4330 Melchiar
3361 4275 3468 4331 fuit
3497 4287 3736 4332 accusaui

2215 4384 2402 4425 coram
2436 4367 2683 4438 principe
2718 4366 3046 4433 Antiochiae,
3091 4367 3185 4437 qui
3216 4376 3350 4422 tunc
3380 4369 3647 4438 temporis

2214 4460 2471 4514 dominus
2511 4468 2565 4512 et
2607 4459 2715 4512 dux
2765 4456 2819 4512 in
2869 4455 3206 4525 Jerusalem,
3256 4473 3322 4513 ex
3362 4470 3644 4530 praecepto
3677 4458 3732 4511 ,ιιι

518 4549 855 4620 scipulorum
901 4549 1118 4606 Domini
1160 4550 1550 4620 conferebant;
1621 4565 1675 4609 et
1713 4564 1770 4610 ut
1817 4557 2108 4626 participes
2143 4572 2184 4625 ι)
2212 4549 2445 4604 (ἷκεδτὶε
2471 4566 2484 4602 ε
2512 4549 2816 4606 Antiochus
2855 4563 2987 4604 vero
3031 4551 3098 4606 de
3143 4550 3248 4629 hoc
3282 4547 3387 4605 fni!
3416 4552 3582 4608 valde
3628 4564 3678 4607 ιιι

517 4639 826 4694 orationum
859 4640 1070 4703 tierent,
1115 4640 1353 4696 venditis
1387 4641 1551 4696 rebus
1589 4642 1737 4708 suis,
1781 4653 1907 4699 ante
1945 4647 2108 4715 pedes

483 4732 896 4801 apostolorum
949 4731 1132 4803 precia
1192 4732 1508 4802 ponebant,
1572 4749 1922 4791 communem
1980 4754 2106 4792 cum

515 4823 626 4880 illis
666 4825 834 4879 vitam
879 4825 1165 4879 ducentes.

477 4939 480 4942 ~
547 4928 558 4950 ι
589 4912 812 4982 Verum,
836 4930 962 4970 cum
990 4913 1320 4970 Christianas
1346 4914 1469 4969 lidei
1491 4915 1778 4973 devotione
1804 4927 2105 4986 crescente,

467 5016 474 5024 ’
514 5006 683 5077 hujus
731 5022 902 5062 sacrae
955 5006 1155 5063 domus
1200 5005 1489 5063 facultates
1535 5009 1693 5080 longe
1737 5011 2107 5080 multiplicatae

467 5117 470 5122 ι
515 5107 721 5165 essent,
743 5100 835 5168 qui
855 5113 948 5153 eas
972 5107 1278 5166 tuerentur,
1313 5098 1568 5155 conducti
1599 5101 1800 5158 milites
1827 5103 2110 5158 constituti

516 5198 669 5255 sunt,
697 5198 756 5243 ut
784 5198 838 5244 et
872 5187 1159 5245 facultates
1207 5188 1505 5260 Hospitalis
1533 5192 1753 5260 domus,
1793 5195 1898 5250 sub
1941 5193 2109 5250 fratre

518 5277 876 5352 Raymundo,
925 5295 955 5334 a
1016 5296 1127 5350 quo
1175 5280 1381 5361 Regula
1424 5291 1614 5353 postea
1649 5286 1951 5341 constituta
2000 5295 2104 5353 est,

467 5387 476 5393 ·
518 5376 821 5437 tuerentur,
850 5379 1013 5440 atque
1045 5387 1285 5444 paganos
1314 5375 1637 5446 repellerent
1676 5395 1689 5430 :
1735 5377 1838 5447 ipsi
1868 5393 2106 5449 namque

495 5460 831 5516 sacerdotes
860 5461 1032 5518 sacris
1062 5465 1338 5536 mysteriis
1361 5474 1415 5521 et
1437 5467 1920 5537 praedicationibus
1947 5483 2107 5524 occu-

516 5553 652 5623 pati,
679 5569 743 5609 ea
768 5571 893 5626 quae
925 5556 1127 5613 milites
1165 5556 1490 5614 factitabant
1517 5574 1771 5616 exercere
1801 5577 1909 5616 non
1946 5571 2101 5632 pote-

515 5652 674 5709 rant;
707 5659 896 5700 verum
930 5661 1056 5702 cum
1100 5647 1154 5701 in
1195 5655 1403 5703 tantam
1435 5649 1718 5705 vesaniam
1741 5691 1756 5715 ,
1791 5651 2103 5721 impellente

2204 4735 2483 4805 justiciam
2511 4735 2826 4790 ministrare
2847 4735 2915 4790 de
2940 4735 3087 4789 furto
3111 4735 3453 4804 supradicto.
3482 4735 3696 4805 Et_secu

2211 4652 2320 4707 tus,
2353 4652 2406 4696 et
2438 4643 2713 4714 c0gitabat
2738 4643 2881 4697 intra
2935 4659 2995 4699 se
3024 4641 3257 4714 qualiter
3285 4655 3479 4713 posset
3523 4644 3752 4714 honestat

3699 4733 3766 5033 Ξ

3631 5033 3760 5244 iii

3707 5244 3756 5429 ε

3709 5429 3752 5585 ἓ

3685 5585 3748 5664 ε,

2211 4838 2370 4883 nocte
2397 4828 2666 4898 sequenti,
2693 4828 2928 4897 jacendo
2959 4829 3013 4883 in
3046 4829 3208 4894 lecto,
3243 4829 3530 4900 cogitabat
3577 4831 3706 4885 mult

2209 4918 2341 4988 quid
2368 4916 2573 4973 faceret
2599 4919 2666 4972 de
2696 4918 2794 4972 tali
2824 4934 2883 4974 re
2920 4937 2934 4973 :
2963 4928 3016 4974 et
3040 4928 3332 4990 postquam
3358 4922 3502 4977 satis
3526 4925 3704 4994 cogita

2211 5012 2472 5080 obreptns
2523 5010 2626 5066 fuit
2682 5026 2714 5066 a
2775 5025 3042 5082 sompno,
3097 5021 3153 5067 et
3205 5020 3338 5068 tunc
3382 5014 3626 5084 angelus

2211 5101 2331 5170 ejus
2367 5101 2652 5170 spiritum,
2698 5111 2752 5156 et
2791 5103 3025 5158 eundem
3068 5103 3306 5175 portavit
3347 5119 3522 5175 super
3569 5123 3626 5160 ω

2213 5191 2470 5246 Calvarii.
2517 5191 2620 5247 Cui
2661 5191 2776 5249 Rex
2815 5210 3006 5266 regum
3035 5196 3308 5266 apparuit,
3345 5206 3402 5252 et
3429 5195 3600 5253 dixit.
3653 5200 3712 5249 εὶ

2211 5285 2422 5352 tioche,
2464 5301 2575 5342 non
2618 5301 2792 5356 ponas
2845 5304 3069 5344 manum
3119 5305 3283 5360 super
3330 5289 3506 5346 istum
3557 5303 3740 5362 sanet!

2206 5377 2608 5449 presbyterum,
2639 5387 2694 5432 et
2721 5395 2829 5434 non
2851 5379 3098 5436 eﬂ'undas
3127 5365 3252 5452 ejus—
3265 5383 3645 5453 sanguinem;
3672 5399 3704 5452 q

2207 5470 2355 5524 niam
2379 5468 2433 5523 in
2475 5469 2583 5524 isto
2609 5469 2752 5536 loco,
2773 5485 2936 5540 quem
2966 5471 3060 5525 tibi
3090 5461 3500 5539 monstravero,
3527 5485 3594 5546 tu
3626 5474 3709 5530 eti

2206 5559 2416 5618 debetis
2450 5560 2634 5618 facere
2659 5577 2826 5618 unam
2856 5562 3084 5618 domum
3120 5563 3341 5634 pietatis
3382 5574 3443 5620 et
3487 5566 3684 5623 miseri

515 5733 776 5801 avaricia,
809 5736 1010 5792 milites
1045 5738 1174 5793 elati
1200 5747 1403 5808 essent,
1440 5748 1501 5794 ut
1539 5738 1952 5796 sefacultatum
1988 5741 2101 5798 Ho-
2200 5745 2568 5800 venientibus.
2619 5743 2684 5799 Et
2716 5761 2817 5816 ego
2861 5745 3120 5814 praecipio
3165 5747 3286 5810 tibi,
3327 5745 3624 5815 Melchiar,
3669 5767 3702 5819 q

514 5825 727 5896 spitalis
746 5829 1090 5900 professores
1114 5831 1530 5900 constituerent,
1555 5833 1973 5905 sacerdotesque
1999 5850 2093 5892 ne-

2205 5652 2346 5718 diaz,
2384 5667 2734 5710 communem
2780 5653 3038 5708 omnibus
3085 5653 3429 5724 pauperibus
3477 5657 3688 5712 ibidem
3737 5652 3746 5664 ³

2205 5745 2568 5800 venientibus.
2619 5743 2684 5799 Et
2716 5761 2817 5816 ego
2861 5745 3120 5814 praecipio
3165 5747 3286 5810 tibi,
3327 5745 3624 5815 Melchiar,
3669 5667 3746 5944 qi

2205 5847 2380 5893 totum
2427 5837 2580 5894 illum
2626 5839 2967 5906 thesaurum,
3011 5840 3110 5909 qui
3145 5839 3251 5924 fuit
3289 5851 3585 5900 extractus
3621 5845 3692 5901 de

2204 5847 2380 5893 totum
2427 5837 2580 5894 illum
2626 5839 2967 5906 thesaurum,
3011 5840 3110 5909 qui
3145 5839 3251 5924 fuit
3289 5851 3585 5900 extractus
3621 5845 3692 5901 de
