3816 6306
62 386 166 442 llOl

839 379 929 434 DE
967 374 1374 434 PRIMORDHS
1413 375 1667 432 SACRIE
1709 372 2101 431 RELICIONIS
2136 373 2458 433 JEROSOL.

3162 383 3301 439 “02

59 501 255 573 pulchro
303 496 564 563 Davidis,
627 505 863 568 ponatur
914 495 968 549 in
1025 490 1257 548 aediﬁcio
1301 489 1608 546 mansionis
1638 500 1683 555 Α
1710 497 1961 561 portatus
2003 489 2326 560 benignitcr.
2371 489 2437 545 Et
2477 491 2698 562 quando
2741 489 2994 550 Julianus
3033 493 3168 551 vidit
3217 500 3300 553 in—

57 607 352 667 pauperum;
398 590 657 662 quoniam
699 587 938 658 Spiritus
980 593 1204 642 sanctus
1236 583 1329 638 ubi
1355 581 1472 636 vult
1497 580 1612 652 spi-

56 698 140 743 rat.
163 706 180 736 ›
213 685 409 754 Eadem
441 691 620 750 nocte,
645 682 762 752 ipse
790 677 1160 734 manifestavit
1185 683 1244 732 s‘e
1266 682 1457 730 sancto
1481 687 1609 744 pre-

54 765 243 851 sbytero
268 775 544 842 Melchiar,
564 781 618 829 et
641 773 780 828 dixit
805 772 979 826 eidem
1003 788 1016 824 :
1051 788 1069 820 ι
1096 766 1275 822 Vadas
1303 773 1428 821 ante
1454 779 1612 819 mon-

55 881 145 922 tem
182 865 510 930 Calvarium,
557 872 611 918 et
657 861 752 917 ubi
799 869 854 914 tu
900 857 1148 913 invenies
1194 855 1610 909 fundamentum

51 959 371 1024 aediﬁcatum,
410 957 611 1011 ibidem
648 952 808 1008 facite
849 951 982 1007 mihi
1026 965 1197 1004 unam
1230 948 1457 1003 domum
1492 944 1610 1000 for-

51 1062 146 1106 tem
183 1058 232 1104 et
271 1048 518 1113 firmam,
556 1045 818 1116 quoniam
867 1043 924 1097 in
971 1041 1162 1098 eadem
1215 1039 1382 1109 recipi
1427 1037 1614 1092 multae

50 1141 342 1197 mansiones
367 1138 632 1211 gentium,
665 1137 796 1206 quia
824 1135 919 1206 qui
949 1148 1218 1205 pauperes
1262 1130 1476 1201 recipit,
1524 1144 1613 1185 me

49 1234 272 1304 recipit.»
301 1231 367 1286 Et
394 1229 616 1302 quando
638 1230 704 1284 de
731 1244 892 1284 mane
917 1228 974 1281 in
1005 1241 1204 1281 aurora
1230 1224 1337 1279 diei
1368 1224 1455 1278 ille
1485 1237 1597 1294 pre-

48 1326 215 1395 sbyter
259 1320 539 1377 descendit
582 1319 649 1374 de
695 1325 878 1372 monte
917 1314 1189 1381 Calvario,
1236 1313 1422 1369 obviat
1461 1311 1614 1382 prin-

48 1415 172 1485 cipi,
211 1421 263 1469 et
290 1409 634 1482 inceperunt
658 1407 965 1464 adinvicem
997 1405 1169 1475 loqui,
1202 1401 1478 1474 quomodo
1507 1400 1616 1457 Do-

49 1509 217 1562 minus
264 1513 450 1560 noster
487 1501 649 1556 Jesus
686 1498 940 1554 Christus
968 1497 1265 1566 unicuique
1303 1493 1616 1551 ostenderat

47 1598 232 1652 bonam
270 1595 435 1661 viam,
472 1601 528 1647 et
556 1591 690 1646 illud
723 1590 871 1662 quod
914 1587 1183 1666 Dominus
1211 1594 1397 1642 noster
1424 1594 1614 1642 osten—

46 1686 188 1740 derat
217 1684 484 1739 ambobus
514 1681 750 1754 multum
785 1679 989 1750 placuit
1017 1687 1072 1732 et
1101 1691 1294 1732 eorum
1329 1683 1441 1731 toto
1477 1691 1615 1731 con-
1654 1684 1682 1716 δ

1713 579 2018 636 fortunium
2062 581 2210 651 quod
2253 591 2528 650 evenerat,
2580 583 2936 656 interrogavit
2985 583 3298 655 Dominum,

1719 691 1739 725 ι
1769 672 1904 740 Quis
1945 673 2080 730 estis
2113 690 2214 730 vos
2249 675 2345 744 qui
2385 673 2698 730 extraxistis
2740 689 2828 730 me
2869 676 2938 731 de
3001 675 3107 732 isto
3155 680 3303 748 peri-

1712 766 1874 821 culo?
1896 784 1914 816 »
1956 765 2022 820 Et
2047 764 2314 822 Dominus
2342 775 2532 822 noster
2557 767 2836 838 respondit
2865 777 2918 824 et
2940 767 3077 824 dixit
3101 788 3114 824 :
3145 789 3163 820 ι
3188 769 3301 842 Ego

1713 871 1836 912 sum
1872 855 2044 912 Filius
2083 855 2199 925 Dei,
2233 856 2328 927 qui
2370 856 2618 912 ordinavi
2652 866 2704 912 te
2736 855 3161 928 Hospitelarium
3199 861 3303 916 do-

1712 941 1854 1002 mus"
1879 961 2186 1016 pauperum
2223 944 2561 1016 Jerusalem,
2608 955 2663 1004 et
2702 947 2759 1002 in
2795 946 3044 1004 futurum
3085 949 3303 1005 veniam

1713 1035 2070 1104 corporaliter
2111 1035 2169 1090 in
2219 1036 2310 1092 illa
2353 1037 2554 1106 domo;
2593 1054 2612 1090 ι
2664 1045 2718 1094 et
2765 1037 3046 1094 benedixit
3087 1040 3161 1096 ei.
3209 1039 3305 1096 llle

1713 1125 1966 1183 Julianus
2013 1128 2217 1198 recepit
2262 1128 2330 1183 ad
2386 1129 2648 1202 gaudium
2703 1129 3140 1187 benedictionem
3192 1130 3304 1186 Do-

1714 1218 1851 1273 mini
1904 1220 2110 1286 nostri;
2161 1229 2216 1275 et
2263 1220 2412 1276 venit
2448 1220 2873 1287 _in.Jerusalem
2928 1221 2997 1278 ad
3052 1230 3304 1278 sanctum

1716 1309 2074 1378 Zachariam,
2115 1311 2209 1367 ubi
2252 1311 2369 1382 ipse
2412 1311 2707 1369 Zacharias
2750 1322 2805 1368 et
2835 1313 2952 1370 'alii'
2977 1313 3176 1370 fratres
3215 1330 3302 1370 re—

1717 1418 1978 1479 ceperunt
2035 1424 2163 1464 eum
2217 1423 2316 1480 pro
2366 1405 2564 1480 patre.
2601 1409 3034 1482 Subsequenter,
3084 1411 3307 1482 quando

1716 1499 1982 1558 Dominus
2029 1509 2218 1557 noster
2252 1502 2402 1556 venit
2443 1501 2500 1556 in
2549 1510 2789 1570 terram,
2835 1517 2935 1574 pro
2978 1503 3154 1558 salute
3205 1503 3308 1557 hu-

1717 1593 1866 1657 mani
1911 1592 2146 1662 generis,
2181 1599 2237 1647 et
2278 1591 2452 1647 voluit
2490 1590 2845 1648 manifestare
2891 1593 3119 1664 gloriam
3145 1607 3309 1648 suam

1716 1679 1947 1753 populo,
1990 1681 2202 1737 vocavit
2252 1682 2528 1752 apostolos
2576 1697 2706 1737 suos
2753 1689 2808 1736 et
2865 1681 3198 1752 discipulos;
3255 1690 3312 1736 et

47 1777 198 1843 cilio;
222 1783 276 1830 et
303 1775 450 1846 quod
495 1773 585 1829 ille
613 1781 837 1829 sanctus
869 1771 1154 1842 presbyter
1179 1768 1419 1824 donabat
1461 1783 1522 1824 se
1560 1776 1616 1824 et
1647 1833 1688 1846 __
1716 1772 1864 1826 venit
1891 1771 1947 1825 in
1977 1769 2278 1827 Jerusalem
2303 1813 2317 1835 ,
2362 1772 2505 1828 sicut
2550 1771 2878 1842 praedixerat
2918 1787 3016 1841 per
3057 1781 3311 1827 sanctum

44 1876 210 1922 totum
245 1833 376 1921 illdd
415 1864 563 1936 quod
597 1865 881 1919 invenerat
925 1861 993 1917 de
1032 1861 1292 1916 thesauro
1331 1859 1389 1914 in
1435 1859 1618 1930 sepul-
1647 1833 1689 1893 Β
1720 1863 1988 1936 Spiritum
2016 1864 2395 1936 provisoribus
2420 1833 2724 1921 mansionis
2751 1833 3068 1936 Ilospitalis.
3109 1863 3177 1919 Et
3195 1865 3314 1920 exi-

41 1961 174 2015 cbro
214 1957 383 2014 David
423 1957 493 2013 ad
541 1955 1006 2012 constructionem
1034 1953 1192 2009 dicta:
1221 1967 1392 2008 sacrae
1424 1951 1620 2007 domus

40 2068 204 2108 causa
229 2049 499 2108 serviendi
522 2048 856 2120 pauperibus
883 2057 996 2102 toto
1023 2054 1288 2116 tempore,
1317 2043 1458 2101 sicut
1483 2043 1622 2099 scri-

45 2155 190 2215 ptum
218 2143 489 2215 reperitur
518 2143 573 2197 in
605 2143 750 2197 libro
776 2141 843 2197 de
873 2137 1219 2194 Machabzeis.

105 2237 336 2305 Quando
361 2233 530 2290 Judas
551 2232 896 2289 Machabaaus
918 2229 1056 2285 vidit
1083 2237 1137 2282 et
1165 2226 1420 2299 cognovit
1461 2226 1620 2296 bene,

44 2329 182 2400 quod
211 2328 350 2384 bona
377 2343 465 2383 res
489 2333 608 2383 erat
629 2340 784 2381 orare
815 2338 914 2396 pro
943 2321 1196 2387 mortuis,
1226 2320 1380 2375 misit
1412 2319 1466 2374 in
1494 2317 1625 2375 Jhe-

45 2423 278 2477 rusalem
321 2437 402 2477 xu
437 2421 694 2494 dragmas
744 2417 988 2490 argenti,
1030 2425 1085 2472 et
1131 2414 1277 2486 quod
1325 2412 1626 2470 offerantur

46 2513 206 2586 Hosp.
237 2529 540 2585 pauperum
583 2508 730 2584 qi’tod
774 2510 881 2581 ipsi
926 2516 1185 2580 rogarent
1225 2521 1326 2579 pro
1368 2505 1622 2574 mortuis,

44 2615 92 2658 et
119 2605 356 2675 placeret
379 2603 640 2660 Melchiar
667 2601 913 2658 stabilire
943 2598 1140 2655 fratres
1178 2599 1247 2654 ad
1277 2597 1625 2654 serviendum

45 2695 366 2767 pauperibus
379 2693 704 2751 mansionis.
721 2677 786 2747 lu:
799 2692 892 2748 illa
908 2707 1063 2748 sacra
1078 2689 1264 2757 domo,
1286 2703 1453 2760 quam
1483 2685 1626 2742 dixi-

46 2804 183 2855 mus,
229 2795 497 2842 venerunt
540 2786 607 2842 de
653 2784 911 2839 omnibus
955 2781 1204 2853 partibus
1244 2778 1433 2834 mundi
1469 2775 1626 2832 multi

46 2895 304 2950 pauperes
333 2887 389 2935 et
425 2877 650 2945 inﬁrmi,
680 2876 775 2948 qui
811 2875 1018 2931 fuerint
1057 2881 1258 2943 recepti
1286 2879 1339 2927 et
1373 2869 1628 2941 benigni-

46 2981 120 3024 ter
145 2970 461 3041 pertractati
491 2978 712 3040 propter
740 2966 1174 3030 misericordiam
1204 2963 1422 3019 Domini
1454 2961 1628 3017 nostri

43 3059 166 3117 Jesu
228 3061 457 3117 Christi.
528 3060 792 3131 Princeps
860 3058 1235 3114 Antiochenus
1292 3055 1624 3127 praedictus,

46 3154 260 3221 quando
291 3154 447 3220 obiit,
479 3154 702 3208 donavit
743 3165 917 3208 sacra:
949 3151 1138 3205 domui
1169 3149 1438 3220 praadictze
1472 3146 1628 3203 Jero-

43 3247 365 3302 solimitanae
394 3261 647 3318 magnam
677 3253 885 3316 partem
912 3244 1183 3299 bonorum
1217 3259 1466 3298 suorum.

107 3337 224 3394 Nos
251 3337 484 3394 facimus
522 3338 679 3393 vobis
713 3345 906 3392 notum
949 3351 1120 3390 unum
1166 3350 1426 3406 magnum
1467 3334 1629 3388 mira-

43 3433 246 3499 culum,
273 3431 419 3502 quod
443 3430 755 3486 auscultare
781 3429 983 3485 debent
1005 3443 1196 3482 omnes
1219 3426 1274 3480 in
1303 3425 1474 3482 Deum
1509 3441 1630 3482 cre-

42 3525 250 3578 dentes.
301 3522 566 3581 Dominus
605 3531 794 3580 noster
833 3520 1033 3577 Jhesus
1078 3520 1332 3576 Christus
1378 3519 1631 3591 apparuit

41 3612 325 3669 Zacharias
352 3614 632 3684 prophetae
661 3628 772 3668 una
804 3611 914 3677 die,
941 3611 1162 3682 quando
1194 3609 1428 3665 faciebat
1455 3610 1629 3665 Sacri-

43 3706 224 3762 licium
257 3705 390 3774 Deo,
419 3715 475 3761 et
501 3705 556 3761 in
586 3705 680 3760 illa
709 3705 843 3761 hora
874 3703 1049 3760 Filius
1092 3703 1188 3758 Dei
1231 3703 1481 3774 apparuit
1503 3702 1628 3770 sibi,

39 3807 90 3852 et
134 3799 281 3854 dixit
318 3818 331 3854 :
365 3817 384 3850 ‹
414 3797 694 3865 Melchiar,
747 3796 917 3852 frater
957 3805 1086 3852 tuus
1133 3795 1385 3852 transivit
1427 3796 1492 3852 de
1526 3798 1632 3853 hoc

40 3891 254 3958 seculo,
295 3899 350 3946 et
378 3890 562 3945 anima
589 3889 712 3960 ejus
739 3898 823 3946 est
851 3889 907 3944 in
935 3888 1196 3960 paradiso
1215 3929 1230 3952 ,
1281 3903 1349 3943 ex
1378 3903 1488 3958 quo
1531 3903 1632 3959 ego

37 3983 303 4053 pmipio
335 3983 462 4048 tibi,
503 3991 558 4038 et
604 3981 718 4038 filio
760 3991 876 4050 tuo,
904 3990 958 4038 et
997 3981 1157 4036 uxori
1201 3983 1307 4036 tute
1345 3981 1492 4051 quod
1534 3997 1633 4038 vos

33 4075 281 4130 veniatis
339 4074 394 4128 in
435 4073 776 4140 Jerusalem,
821 4085 877 4129 et
918 4073 1168 4129 serviatis
1219 4073 1352 4128 mihi
1395 4082 1448 4128 et
1491 4089 1630 4143 pau-

37 4162 270 4230 peribus
317 4160 454 4216 meis
497 4161 672 4216 donec
726 4159 980 4218 Julianus
1022 4160 1091 4214 de
1136 4159 1311 4215 Roma
1353 4159 1537 4214 veniat
1574 4159 1630 4213 in

36 4249 376 4306 Jerusalem.
412 4269 431 4302 ι
482 4249 713 4318 Quando
756 4249 1050 4306 Zacharias
1092 4250 1381 4319 complevit
1424 4250 1634 4305 sacrifi-

38 4341 209 4406 cium,
239 4340 390 4410 quod
418 4339 532 4411 ipse
561 4339 793 4395 faciebat
822 4339 954 4407 Deo,
1000 4339 1055 4394 in
1093 4348 1245 4410 parte
1272 4339 1373 4394 fuit
1399 4341 1630 4395 multum

34 4431 217 4499 laetus,
246 4431 372 4486 etin
394 4440 544 4501 parte
564 4429 665 4487 fuit
687 4432 918 4486 multum
941 4430 1296 4502 stupefactus.
1326 4431 1392 4486 Et
1412 4432 1632 4503 quando

1719 1967 1871 2014 stens
1904 1958 2070 2012 homo
2097 1958 2398 2028 corporalis
2425 1958 2492 2014 de
2522 1959 2797 2029 praesenti,
2830 1958 2959 2015 fecit
2984 1955 3313 2014 miraculum

1717 2051 2081 2122 praesentibus
2129 2050 2245 2106 suis
2293 2050 2612 2123 discipulis;
2662 2060 2718 2106 et
2769 2051 3035 2122 apostolis
3079 2049 3318 2108 faciebat

1721 2142 1952 2200 salutem
1981 2140 2314 2196 animarum.
2343 2139 2486 2196 Deus
2515 2141 2610 2212 qui
2639 2139 2770 2196 fecit
2796 2156 2992 2211 magna
3015 2141 3160 2196 bona
3187 2142 3317 2198 huic

1721 2235 1931 2304 domui,
1963 2235 2112 2306 quod
2141 2234 2372 2306 ipsemet
2400 2233 2572 2290 voluit
2603 2249 2662 2290 se
2687 2232 2973 2290 ostendere
2999 2231 3101 2302 eis,
3128 2243 3317 2290 exten-

1719 2332 1803 2390 dit
1846 2348 2044 2389 manus
2084 2347 2215 2388 suas
2262 2347 2428 2403 supra
2476 2345 2608 2388 suos
2649 2323 2927 2402 apostolos
2959 2340 3015 2386 et
3049 2346 3318 2402 pauperes

1723 2425 2029 2481 mansionis
2065 2425 2370 2496 praedictas;
2415 2431 2469 2480 et
2496 2431 2628 2480 tunc
2661 2417 2840 2478 dixit:
2873 2442 2892 2476 ε
2927 2421 3033 2490 Qui
3078 2438 3178 2478 vos
3211 2423 3317 2478 ho-

1725 2518 1974 2586 norahit,
2036 2533 2125 2574 me
2169 2515 2502 2584 honorabit,
2543 2523 2600 2571 et
2631 2515 2728 2587 qui
2769 2531 2864 2571 vos
2908 2513 3174 2586 recipiet,
3231 2529 3322 2569 me

1724 2609 1966 2680 recipiet.
2020 2608 2372 2665 Maledicatur
2412 2609 2579 2664 homo
2619 2607 2715 2678 qui
2768 2615 2990 2678 spernet
3040 2621 3214 2665 unum
3253 2605 3322 2662 de

1726 2701 1855 2758 illis.
1883 2722 1901 2753 ›
1944 2701 2145 2757 Notum
2178 2700 2412 2757 facimus
2438 2699 2585 2771 quod
2614 2699 2724 2756 ista
2749 2708 2833 2756 est
2864 2699 3078 2756 mansio
3115 2699 3169 2754 in
3211 2714 3322 2769 qua

1727 2792 1996 2848 Dominus
2051 2801 2238 2848 noster
2281 2783 2422 2847 dixit
2460 2791 2537 2846 illi
2582 2789 2818 2861 sapienti
2875 2789 3085 2846 homini
3127 2808 3141 2843 :
3187 2808 3206 2840 ε
3237 2785 3322 2844 Tu

1727 2886 1938 2941 amabis
1976 2884 2147 2940 Deum
2188 2899 2255 2940 ex
2298 2893 2416 2940 toto
2461 2893 2557 2940 tuo
2600 2883 2798 2951 c'orde,
2853 2892 2906 2939 et
2957 2898 3024 2939 ex
3067 2871 3180 2940 toto
3225 2890 3321 2938 tuo

1728 2975 2087 3048 c0gitamine,
2125 2994 2143 3026 ι
2201 2983 2256 3030 et
2304 2974 2412 3029 alia
2469 2975 2642 3030 multa
2695 2975 2999 3032 secundum
3057 2976 3207 3046 quod
3263 2978 3323 3034 in

1733 3067 2023 3140 Evangelio
2071 3065 2361 3137 reperitur.
2416 3063 2548 3122 Item
2592 3065 2698 3122 ista
2742 3075 2826 3122 est
2867 3066 3067 3124 domus
3109 3067 3164 3122 in
3213 3084 3323 3138 qua

1731 3161 2193 3217 abscondiderunt
2233 3175 2293 3215 se
2338 3159 2605 3230 apostoli,
2649 3167 2705 3215 et
2749 3159 3068 3216 clauserunt
3110 3147 3324 3231 portas,

1731 3252 1926 3306 timore
1965 3249 2312 3316 Iudaeorum,
2356 3248 2578 3321 quando
2625 3248 2890 3306 Dominus
2932 3258 3116 3306 uoster
3161 3250 3324 3307 Jesus

1728 3340 1984 3396 Christus
2013 3340 2116 3396 fuit
2149 3341 2469 3397 crucifixus.
2514 3339 2574 3395 In
2610 3339 2716 3396 ista
2741 3349 2933 3395 sancta
2962 3341 3146 3408 domo,
3177 3343 3326 3396 venit

1730 3431 1881 3502 virgo
1912 3429 2083 3485 Maria
2110 3439 2165 3486 et
2190 3438 2414 3486 sanctus
2444 3428 2724 3486 Johannes
2753 3416 3084 3501 evangelista
3115 3431 3184 3486 ad
3213 3429 3324 3486 Do-

1732 3523 1943 3586 minum
1984 3530 2257 3588 nostrum,
2289 3513 2514 3590 quando
2548 3521 2662 3591 ipse
2678 3528 2798 3575 erat
2823 3519 2879 3574 in
2908 3535 3069 3576 cruce
3097 3534 3197 3590 pro
3225 3535 3326 3576 no-

1731 3615 1818 3670 bis
1830 3611 2234 3684 peccatoribus,
2250 3621 2304 3667 et
2319 3611 2457 3667 dixit
2475 3619 2666 3668 sancto
2679 3610 2938 3677 Johanni,
2969 3630 2982 3665 :
3013 3597 3032 3662 ξ
3066 3610 3203 3667 Vide
3233 3611 3325 3667 hic

1733 3720 1966 3762 matrem
2000 3713 2170 3760 tuam.
2199 3721 2218 3754 ι
2253 3701 2320 3758 Et
2349 3709 2539 3774 postea
2561 3701 2700 3758 dixit
2730 3702 2894 3757 matri
2929 3717 3044 3758 sua:
3082 3720 3096 3756 :
3133 3721 3151 3755 ‹
3187 3700 3324 3759 Vide

1735 3800 1824 3854 hic
1852 3798 2234 3869 filium‘tuum.
2262 3813 2282 3847 ι
2763 3839 2766 3842 .
2837 3847 2839 3850 ,

1805 3889 1998 3942 Adhuc
2050 3899 2135 3943 est
2172 3886 2274 3942 ista
2315 3885 2512 3941 domus
2561 3883 2889 3955 Hospitalis,
2933 3884 2989 3939 in
3017 3899 3128 3956 qua
3177 3884 3328 3940 venit

1733 3981 1932 4036 Jhesus
1980 3980 2036 4035 in
2091 3987 2287 4035 octavo
2341 3977 2430 4034 die
2476 3992 2592 4034 sum
2648 3975 3098 4046 resurrectionis,
3148 3977 3326 4048 portis

1734 4073 1958 4140 clausis,
1992 4081 2046 4128 et
2081 4071 2304 4126 intravit
2332 4071 2389 4127 in
2425 4070 2605 4127 medio
2637 4085 2862 4126 suorum
2897 4062 3315 4141 discipulorum,

1733 4174 1788 4220 et
1803 4164 1940 4220 dixit
1975 4164 2056 4218 eis
2086 4181 2156 4218 ε’(
2183 4161 2294 4217 Pax
2325 4160 2500 4217 vobis.
2533 4179 2552 4212 ι
2589 4159 2658 4214 Et
2685 4158 2926 4215 ostendit
2945 4159 3026 4236 eis
3049 4175 3247 4214 manus
3272 4169 3329 4216 et

1733 4264 1945 4325 pectus,
1975 4253 2070 4309 sed
2095 4251 2340 4308 Thomas
2371 4267 2479 4307 non
2514 4259 2635 4306 erat
2662 4266 2787 4306 cum
2822 4250 2950 4320 illis,
2985 4250 3207 4323 quando
3229 4249 3326 4306 Je-

1733 4363 1829 4402 sus
1864 4346 2030 4400 venit.
2073 4343 2140 4399 Et
2173 4344 2427 4414 discipuli
2471 4352 2738 4400 venerunt
2768 4342 2835 4398 ad
2877 4352 3126 4400 sanctum
3173 4342 3326 4398 Tho-

1734 4453 1904 4510 mam,
1939 4446 1994 4492 et
2021 4435 2278 4492 dixerunt
2303 4435 2354 4490 ei
2384 4453 2398 4490 :
2433 4454 2451 4488 ‹
2485 4433 2596 4492 Nos
2627 4435 2864 4512 vidimus
2901 4435 3194 4491 Dominum
3225 4453 3328 4492 no-

33 4524 188 4577 venit
217 4523 279 4576 in
307 4523 529 4578 domum
558 4539 741 4586 suam,
787 4523 923 4578 dixit
956 4523 1115 4578 uxori
1152 4539 1264 4579 sua:
1292 4533 1342 4578 et
1371 4524 1480 4578 filio
1508 4524 1626 4594 plo-'
1662 4555 1706 4610 υ
1734 4539 1930 4586 strum.
1965 4549 1983 4580 ι
2035 4527 2103 4582 Et
2129 4526 2372 4583 Thomas
2404 4527 2691 4598 respondit
2727 4533 2783 4582 et
2820 4527 2975 4582 dixit.
3017 4545 3038 4577 ι
3062 4526 3175 4598 Ego
3218 4543 3327 4583 non

31 4616 216 4672 rando
286 4615 418 4670 illud
468 4617 616 4687 quod
663 4615 956 4673 Dominus
1000 4616 1108 4672 illis
1157 4627 1506 4687 praeceperat.
1562 4616 1629 4672 Et

30 4722 237 4763 omnes
283 4716 394 4763 tres
427 4706 539 4763 Deo
576 4707 782 4779 gratias
823 4718 1086 4781 egerunt,
1124 4717 1182 4774 et,
1221 4717 1427 4780 quanto
1468 4709 1631 4765 citius

30 4809 364 4870 potuerunt,
404 4802 619 4860 iverunt
659 4799 986 4868 Jerusalem,
1029 4809 1086 4858 et
1113 4802 1464 4858 reddiderunt
1491 4818 1552 4858 se
1579 4810 1634 4858 et

31 4906 133 4945 sua
169 4891 290 4946 Deo
314 4900 369 4947 et
397 4890 662 4963 Hospitali
691 4907 1014 4964 pauperum,
1053 4900 1108 4948 et
1148 4893 1454 4948 servierunt
1487 4895 1630 4948 mul-

29 4993 155 5038 tum
224 4985 461 5056 benigne
518 4992 574 5041 et
628 4985 791 5057 longo
853 4993 1100 5055 tempore
1160 4983 1427 5055 Hospitali
1487 5001 1631 5056 pra:-

29 5074 207 5128 dicto.

101 5165 313 5221 Adhuc
363 5167 545 5222 evenit
593 5166 742 5223 aliud
786 5166 993 5238 grande
1039 5167 1401 5232 miraculum,
1443 5167 1636 5221 viden-

35 5266 162 5324 cet,
226 5258 376 5328 quod
422 5259 766 5314 Accamauus
821 5257 1118 5326 imperator
1162 5255 1466 5322 Romanus,
1511 5273 1637 5312 cum

34 5349 382 5423 quibusdam
432 5350 554 5406 aliis
605 5349 854 5404 honestis
904 5348 1070 5414 viris,
1127 5364 1293 5404 causa
1345 5349 1637 5420 recipiendi

31 5442 326 5513 omagium
365 5459 395 5497 a
418 5441 650 5511 Judzeis;
685 5443 885 5498 accidit
909 5441 1129 5510 quando
1161 5440 1383 5496 fuerunt
1409 5441 1465 5495 in
1489 5457 1641 5497 mare

33 5551 215 5607 prepe
265 5551 428 5589 unam
477 5535 714 5590 insulam
767 5534 998 5601 Crethii,
1049 5549 1172 5606 quae
1212 5543 1442 5589 vocatur
1496 5534 1642 5590 Rho-

33 5631 212 5695 chas,
259 5629 458 5700 puppis
517 5645 713 5684 eorum
755 5630 911 5685 navis
973 5629 1144 5685 fracta
1193 5638 1297 5698 est,
1341 5639 1396 5686 et
1445 5645 1630 5688 omnes

36 5715 133 5795 qui
195 5731 525 5791 supererant
586 5721 811 5778 fuerunt
863 5722 1092 5792 perditi,
1151 5731 1378 5792 excepto
1423 5721 1642 5780 Juliano

35 5817 339 5872 Romano.
369 5817 462 5875 aui
515 5832 612 5873 oer
653 5815 854 5872 Filium
899 5814 991 5872 Dei
1031 5815 1100 5870 ad
1150 5823 1351 5872 terram
1396 5815 1495 5872 fuit
1544 5833 1654 5894 ex:

1735 4621 1928 4676 credo.
1960 4633 2062 4691 ego
2104 4635 2214 4675 non
2256 4627 2440 4690 tango,
2479 4628 2532 4674 et
2563 4615 2720 4674 video
2757 4617 3002 4674 foramen
3049 4619 3328 4674 clavorum

1735 4727 1998 4768 manuum
2020 4727 2244 4768 suarum
2271 4721 2324 4769 et
2348 4711 2569 4785 pedum,
2595 4719 2650 4766 et
2669 4710 2872 4767 misero
2896 4725 3120 4765 manum
3147 4726 3325 4767 meam

1734 4806 1790 4861 in
1823 4813 2040 4876 pectore
2067 4821 2192 4862 suo.
2217 4823 2238 4859 ο
2283 4804 2460 4877 Prope
2493 4804 2631 4860 istos
2670 4812 2794 4859 octo
2838 4801 2977 4868 dies,
3019 4801 3163 4858 sicut
3192 4817 3324 4857 san-

1736 4905 1860 4954 ctus
1905 4894 2188 4953 Iohannes
2235 4895 2570 4967 evangelista
2608 4901 2859 4961 testatur,
2899 4893 3120 4964 quando
3154 4891 3326 4948 disci-

1737 4989 1850 5060 puli
1877 4999 2035 5044 erant
2074 4988 2132 5044 in
2167 4987 2273 5044 ista
2302 4995 2492 5044 sancta
2516 4986 2710 5052 domo,
2740 4993 2794 5040 et
2821 4993 3047 5044 sanctus
3086 4984 3328 5042 Thomas

1745 5095 1866 5137 cum
1887 5081 1990 5148 eis,
2016 5079 2167 5136 venit
2182 5077 2402 5146 Jhesus,
2417 5077 2622 5135 clausis
2647 5075 2854 5147 januis,
2885 5085 2938 5132 et
2957 5075 3128 5131 dixit:
3160 5095 3182 5130 ‹
3210 5075 3324 5135 Pax

1741 5173 1918 5230 vobis.
1955 5192 1973 5225 ι
2001 5171 2068 5228 Εῑ
2093 5171 2228 5228 dixit
2259 5169 2482 5226 Thomas
2507 5188 2520 5225 :
2559 5187 2579 5222 ι
2613 5167 2765 5223 Mitte
2793 5168 2902 5224 huc
2928 5168 3330 5240 digitumtuum

1740 5262 1799 5317 in
1837 5262 2085 5318 foramen
2124 5275 2386 5316 manuum
2427 5273 2674 5315 mearum
2718 5267 2774 5312 et
2811 5258 2917 5314 mei
2960 5266 3226 5328 costatus,
3273 5267 3330 5315 et

1743 5354 1854 5410 noli
1881 5369 2002 5410 esse
2032 5353 2376 5416 incredulus,
2416 5351 2511 5406 sed
2538 5349 2732 5406 ﬁdelis.
2767 5369 2794 5434 »ο
2819 5349 2886 5405 Et
2915 5350 2969 5405 in
3009 5350 3100 5408 illa
3137 5362 3328 5408 sancta

1734 5446 1898 5518 domo
1928 5444 2245 5516 recognovit
2270 5451 2494 5499 sanctus
2522 5442 2764 5499 Thomas
2793 5457 2956 5498 suum
2983 5441 3322 5499 Creatorem.

1735 5538 1838 5594 Cui
1885 5536 2152 5592 Dominus
2200 5541 2387 5590 noster
2423 5533 2606 5592 dixit:
2651 5551 2669 5584 ‹
2702 5531 2841 5600 Quia
2888 5542 2946 5588 tu
2988 5548 3075 5587 me
3115 5533 3325 5597 vidisti,

1736 5629 2036 5686 credidisti.
2084 5627 2235 5704 Beati
2280 5635 2436 5694 sunt,
2477 5625 2572 5697 qui
2617 5639 2730 5680 non
2773 5625 3028 5680 viderunt
3065 5632 3120 5680 et
3153 5624 3328 5679 credi-

1736 5725 1954 5782 derunt.
1988 5742 2007 5775 ι

1787 5816 2012 5881 ,Eodem
2063 5810 2307 5888 tempore
2351 5813 2594 5870 Ananias
2635 5820 2691 5869 et
2729 5810 2961 5882 Sapbira
3000 5809 3330 5866 dimiserunt
