3812 6312
478 421 622 479 “05

1050 419 1144 474 AD
1182 411 1634 476 GODEFRIDUM
1673 411 1948 468 APPEND
2009 411 2073 469 ll.
2113 443 2184 453 —
2219 411 2490 472 NONUM.
2529 411 2619 467 DE
2657 412 2881 469 ωειιο
2922 411 3166 471 SACRO.

3577 422 3670 484 11οι

473 539 742 606 seculum,
781 546 837 594 et
876 537 1220 593 donaverunt
1258 548 1318 590 se
1349 530 1601 589 societati
1631 528 1836 586 Christi
1881 537 1938 585 et
1993 529 2070 584 di-
2097 529 2144 588 Α
2171 543 2267 600 per
2297 527 2604 587 Saracenos
2629 527 2722 598 qui
2749 527 3128 584 custodiebant
3153 543 3360 584 muros.
3388 529 3449 586 Et
3470 531 3676 598 Soldanus

473 633 811 705 scipulorum
841 649 854 685 :
891 637 946 686 et
975 628 1106 699 quia
1136 641 1244 682 non
1278 624 1635 680 reddiderunt
1663 621 1774 677 Deo
1813 629 1870 676 et
1894 635 2067 676 sacrae

474 725 665 783 domui
694 722 991 794 Hospitalis
1015 728 1069 775 et
1097 717 1448 790 pauperibus,
1488 724 1542 770 et
1567 731 1674 769 non
1711 721 2068 784 portaverunt

365 816 368 818 ⁷
473 817 542 873 ad
570 815 736 888 pedes
763 812 1159 883 discipulorum
1197 807 1330 863 illud
1359 805 1508 877 quod
1540 803 1834 872 habebant,
1865 803 2068 860 mortui

473 919 605 968 sunt
633 907 918 964 subitanea
947 911 1156 970 morte;
1201 909 1256 957 et
1289 907 1515 957 sanctus
1545 896 1746 954 Petrus
1795 913 1905 952 non
1943 912 2069 967 per-

475 998 626 1056 misit
655 996 784 1068 poni
816 1010 1008 1051 eorum
1033 1005 1268 1063 corpora
1293 990 1350 1045 in
1378 990 1668 1058 cimiterio,
1707 1003 1894 1062 ymmo
1941 987 2070 1043 fecit

473 1107 570 1148 eos
612 1086 818 1160 sepiliri
865 1095 1048 1152 extra,
1112 1092 1378 1154 tanquam
1425 1082 1955 1138 excommunicatos.
2001 1081 2071 1138 Et

474 1190 719 1250 tempore
754 1191 866 1247 quo
911 1175 1055 1232 Deus
1093 1175 1245 1230 misit
1289 1174 1448 1230 nobis
1497 1174 1773 1245 apostolos
1819 1183 1875 1230 et
1901 1173 2070 1230 disci-

473 1271 632 1342 pulos
672 1284 806 1325 suos
846 1268 915 1324 ad
960 1267 1390 1339 praedicandum,
1426 1275 1481 1322 et
1525 1265 1603 1321 illi
1646 1273 1805 1322 erant
1832 1267 2070 1338 antiqui,

473 1363 618 1420 sicut
645 1370 869 1418 sanctus
909 1358 1253 1431 Stephanus,
1297 1359 1392 1431 qui
1428 1357 1532 1415 fuit
1579 1359 1792 1430 primus
1838 1368 2068 1432 martyr,

474 1463 528 1510 et
553 1454 838 1525 Philippus
861 1454 1293 1524 prothomartyr,
1319 1449 1684 1520 Nichauome,
1711 1451 2072 1525 Thymocenn

474 1542 804 1613 Permanan,
849 1543 1161 1616 Nycbolaus
1201 1542 1598 1599 Antiochenus.
1648 1542 1743 1599 Isti
1791 1544 2072 1600 custodie-

474 1637 608 1694 bant
637 1636 838 1693 domus
872 1635 1171 1707 Hospitalis
1201 1644 1256 1691 et
1284 1635 1598 1692 serviebant
1628 1636 1964 1706 pauperibus
2004 1652 2071 1692 ex

473 1736 747 1800 prmeepto
791 1727 1011 1782 Domini
1051 1726 1228 1784 nostri
1269 1725 1402 1783 Jesu
1445 1725 1674 1784 Christi.
1706 1726 1764 1782 In
1798 1728 1904 1784 isto
1934 1737 2074 1784 tem-

474 1835 609 1892 pore
634 1829 790 1876 erant
820 1821 874 1874 in
904 1820 1096 1877 eodem
1128 1821 1250 1876 loco
1280 1819 1465 1875 multae
1488 1828 1544 1876 et
1580 1819 1812 1876 diversa:
1845 1838 2073 1893 genera-

2165 619 2423 692 praecepit
2471 618 2791 688 Saracenis,
2837 621 2932 690 qui
2978 633 3374 679 accusaverunt
3409 640 3541 694 eum,
3577 634 3680 700 quod

2167 714 2387 785 quando
2415 713 2706 784 projiceret
2745 729 2943 784 panem
2988 713 3342 784 Christianis,
3374 719 3537 789 ipsum
3567 740 3683 795 cape-

2167 815 2291 862 rent
2315 814 2370 862 et
2395 807 2659 862 ducerent
2691 822 2817 862 eum
2863 807 2988 874 sibi,
3027 823 3152 864 cum
3189 817 3303 865 toto
3331 825 3485 880 pane,
3510 822 3558 868 et
3577 817 3688 874 aliter

2168 913 2296 954 eum
2328 914 2438 953 non
2469 898 2742 955 credebat.
2768 896 2973 956 Deinde
2997 901 3149 956 venit
3169 917 3280 956 una
3307 902 3422 958 dies
3467 903 3691 965 Comadus

2168 990 2253 1045 vel
2282 988 2559 1047 Gerardus
2574 990 2808 1047 faciebat
2832 992 2913 1047 uti
2938 992 3166 1061 solebat,
3197 994 3525 1065 projiciendo
3550 1014 3691 1068 panem

2170 1083 2534 1152 Christianis;
2567 1095 2622 1140 et
2653 1083 2938 1152 Saraceni,
2969 1102 3096 1143 cum
3127 1103 3269 1158 pane
3315 1105 3474 1161 quem
3521 1092 3696 1150 habebat

2172 1173 2228 1228 in
2259 1176 2490 1246 gremio,
2523 1175 2705 1246 ipsum
2736 1186 3019 1246 ceperunt,
3047 1186 3102 1233 et
3129 1178 3540 1236 duxerunteum
3561 1199 3696 1244 coram

2175 1264 2412 1323 Soldano
2438 1287 2451 1322 :
2479 1277 2534 1324 et
2569 1269 2794 1340 quando
2839 1267 3100 1326 Saraceni
3142 1273 3517 1328 monstrabant
3553 1291 3700 1346 panem

2175 1357 2436 1423 Soldano,
2489 1367 2619 1414 tunc
2669 1358 2760 1414 ille
2792 1361 2972 1430 panis,
3005 1361 3209 1418 virtute
3246 1361 3386 1429 Dei,
3433 1363 3700 1424 efﬁciebatur

2172 1452 2330 1522 lapis.
2371 1450 2438 1506 Et
2473 1451 2692 1522 quando
2728 1449 3000 1509 Soldanus
3037 1454 3174 1510 vidit
3213 1455 3484 1511 maliciam
3525 1456 3698 1516 Sarace-

2172 1559 2395 1611 norum,
2419 1544 2627 1600 dimisit
2650 1553 2796 1600 stare
2819 1544 3160 1614 Conradum,
3188 1556 3244 1602 et
3271 1549 3517 1620 praecepit
3539 1550 3641 1618 sibi,
3662 1564 3703 1608 ut

2175 1634 2294 1690 sine
2322 1635 2520 1689 timore
2544 1633 2911 1702 Christianos,
2938 1644 2999 1691 ut
3027 1647 3409 1705 consueverat,
3449 1639 3702 1697 debellaret.

2173 1726 2242 1782 Et
2267 1727 2490 1798 quando
2534 1725 2973 1799 Conradus,;vel
3010 1727 3316 1798 Gerardus,
3347 1733 3539 1789 audivit
3577 1735 3706 1803 istud,

2174 1817 2418 1888 quolibet
2447 1816 2533 1872 die
2561 1816 2884 1888 projiciebat
2908 1833 3108 1888 panem
3144 1817 3473 1876 Christianis
3499 1821 3598 1878 Dei.

475 1913 658 1969 tiones
706 1913 1031 1981 hominum;
1073 1913 1370 1984 aliquando
1400 1912 1596 1980 Graeci,
1646 1915 1942 1986 aliquando
1966 1913 2073 1972 Ca-
2105 1893 2150 1949 Β
2244 1906 2312 1964 Et
2344 1907 2642 1963 Godfl‘idus
2671 1908 2739 1963 de
2762 1906 2962 1981 Boylen
2993 1909 3144 1965 stetit
3185 1919 3420 1980 tantum,
3451 1929 3561 1968 cum
3583 1929 3706 1968 exer-

476 2005 684 2079 ryseni,
717 2006 812 2078 qui
841 2007 1099 2069 tenebant
1129 2007 1408 2062 civitatem
1444 2004 1748 2062 Jerusalem
1781 2016 1837 2063 et
1868 2016 2073 2064 terram

475 2097 890 2170 promissionis;
936 2098 1145 2167 ethoc,
1184 2113 1292 2154 non
1323 2098 1576 2154 obstante
1615 2098 1762 2170 quod
1792 2098 1938 2155 dicta
1974 2100 2076 2156 do-

477 2204 603 2246 mus
630 2196 777 2246 esset
820 2188 875 2244 in
909 2204 1108 2260 magna
1138 2196 1480 2260 paupertate,
1520 2199 1704 2245 tamen
1740 2189 2076 2260 recipiebant

475 2297 745 2354 pauperes
766 2291 820 2338 et
850 2282 1120 2338 inﬁrmos.
1149 2280 1218 2338 Et
1243 2282 1466 2353 quando
1491 2282 1638 2339 venit
1665 2281 1901 2337 ﬁnaliter
1926 2281 2075 2354 quod

479 2374 738 2430 Saraceni
784 2374 1095 2429 habuerunt
1123 2371 1354 2429 domum
1399 2371 1701 2429 Jerusalem
1729 2415 1744 2440 ,
1799 2380 1854 2428 et
1900 2373 2075 2430 Graeci

477 2465 866 2537 perdiderunt;
899 2480 1044 2521 unus
1074 2465 1325 2522 servulus
1353 2462 1486 2521 Jesu
1513 2463 1745 2532 Christi,
1791 2463 1886 2536 qui
1918 2479 2078 2520 voca-

476 2557 640 2613 batur
657 2556 966 2626 Conradus,
986 2557 1327 2615 custodiebat
1352 2565 1600 2614 sanctam
1626 2557 1850 2614 domum
1882 2559 2074 2630 hospi-

479 2649 624 2718 talis,
656 2657 711 2706 et
737 2650 1093 2720 elemosinas,
1136 2667 1261 2722 qua:
1305 2650 1582 2707 dabantur
1619 2651 1723 2706 sibi
1763 2667 1794 2706 a
1848 2649 2079 2710 Sarace-

479 2740 589 2808 nis,
627 2740 744 2812 ipse
769 2740 1009 2798 donabat
1042 2741 1399 2814 pauperibus,
1433 2749 1488 2797 et
1517 2741 1789 2798 serviebat
1817 2743 1899 2799 eis
1921 2744 2071 2800 beni-

479 2833 680 2903 gniter.

552 2920 760 2977 Eodem
819 2933 1084 2994 tempore,
1121 2923 1343 2995 quando
1371 2922 1484 2980 Deo
1515 2925 1721 2995 placuit
1749 2925 1896 2996 quod
1923 2925 2079 2982 Chri-

482 3012 645 3070 stiani
679 3015 944 3070 haberent
976 3023 1180 3071 terram
1225 3017 1632 3087 promissionis,
1662 3018 1959 3076 Godfridus
2007 3023 2076 3077 de

482 3101 712 3175 Boylon,
751 3112 806 3158 et
830 3119 1029 3176 magna
1055 3105 1353 3161 multitudo
1390 3107 1725 3163 barcnorum
1756 3120 1809 3164 et
1835 3111 2076 3183 pcregri-

482 3206 680 3247 norum
707 3234 723 3260 ,
768 3193 864 3263 qui
895 3192 1100 3250 fuerint
1138 3195 1391 3252 instructi
1429 3213 1528 3268 per
1562 3199 1803 3254 divinam
1840 3203 2073 3272 gratiam

2176 2001 2290 2056 citu
2343 2017 2466 2069 suo,
2524 2010 2651 2056 ante
2698 1999 3022 2070 Jerusalem,
3055 2003 3203 2073 quod
3258 2003 3376 2074 ipse
3405 2005 3535 2075 cepit
3560 2006 3712 2060 civita-

2173 2104 2284 2149 tem
2311 2101 2367 2148 et
2395 2091 2667 2148 interfecit
2704 2093 2910 2149 multos
2941 2091 3271 2162 Saracenos,
3304 2103 3358 2150 et
3387 2095 3596 2151 habebat
3619 2113 3713 2152 ma-

2173 2203 2342 2260 gnum
2386 2186 2649 2258 gaudium
2683 2187 2751 2242 de
2779 2186 3009 2242 victoria
3052 2186 3261 2254 habita,
3300 2203 3461 2258 quam
3490 2186 3613 2244 Deus
3639 2189 3715 2244 de-

2174 2277 2330 2336 derat
2361 2279 2441 2336 eis
2461 2297 2476 2309 ο
2507 2287 2563 2334 et
2587 2286 2856 2334 venerunt
2890 2278 2959 2334 ad
2990 2287 3244 2334 sanctum
3281 2279 3606 2351 sepulcth
3630 2279 3717 2336 Do-

2175 2371 2312 2428 mini
2345 2371 2541 2440 nostri,
2581 2371 2854 2428 cantando
2879 2413 2895 2438 ,
2941 2378 2999 2427 et
3045 2371 3252 2444 gratias
3307 2369 3417 2427 Deo
3465 2372 3714 2428 reddendo.

2174 2463 2380 2520 Deinde
2408 2463 2624 2519 iverunt
2656 2463 2724 2519 ad
2752 2463 2938 2518 omnia
2967 2463 3073 2518 alia
3109 2462 3248 2519 loca.
3283 2461 3353 2518 Et
3380 2463 3564 2519 deinde
3585 2464 3719 2518 baro-

2176 2571 2274 2612 nes
2303 2555 2608 2612 diviserunt
2648 2553 3027 2626 possessiones
3064 2551 3394 2622 Jerusalem,
3433 2562 3485 2609 et
3523 2554 3720 2610 donave-

2175 2659 2308 2707 runt
2357 2650 2504 2707 dicto
2555 2649 2829 2719 Conrado,
2879 2650 2964 2707 vel
3013 2650 3278 2720 Gerardo,
3332 2654 3585 2726 magistro
3619 2653 3724 2708 dicti

2177 2743 2474 2816 Hospitalis
2525 2741 2850 2812 Jerusalem,
2904 2761 3161 2817 magnam
3205 2754 3419 2817 partem
3466 2747 3727 2818 possessio-

2176 2851 2331 2903 num,
2366 2835 2434 2890 ad
2457 2835 2718 2890 honorem
2749 2835 2921 2890 sancti
2950 2833 3217 2891 Johannis
3246 2834 3523 2906 Baptistae,
3550 2835 3727 2907 patroni

2175 2928 2423 2999 ejusdem
2454 2926 2776 2998 llospitalis.
2805 2926 3030 2995 Deinde,
3063 2937 3310 2998 tempore
3349 2929 3478 2984 dicti
3523 2929 3732 2999 magistri

2175 3020 2438 3087 Conradi,
2483 3021 2569 3075 vel
2604 3019 2862 3088 Gerardi,
2915 3019 3060 3076 Deus
3109 3021 3497 3092 multiplicavit
3536 3021 3733 3076 multum

2176 3111 2380 3168 dictam
2407 3112 2750 3168 mansionem
2779 3111 3076 3184 Hospitalis
3105 3113 3172 3168 de
3197 3114 3522 3181 redditibus,
3548 3128 3739 3184 posses-

2178 3203 2428 3258 sionibus
2457 3210 2512 3258 et
2537 3203 3006 3258 dominationibus
3039 3219 3136 3274 per
3170 3220 3403 3276 regnum
3430 3203 3738 3262 Jerosolimi-

482 3290 538 3338 et
570 3283 1037 3370 przedicationcm,
1071 3296 1341 3344 venerunt
1373 3303 1472 3360 per
1511 3289 1704 3361 longas
1735 3300 1930 3359 terras,
1979 3309 2076 3363 per
2104 3311 2149 3371 ε
2178 3302 2390 3350 tanum.
2438 3293 2506 3349 Et
2549 3296 2770 3366 quando
2814 3295 3104 3351 Conradus
3132 3295 3236 3351 fuit
3279 3309 3551 3364 mortuus,
3583 3297 3742 3352 anima

483 3381 698 3428 montes
728 3382 784 3429 et
813 3375 1009 3443 valles,
1064 3383 1119 3432 et
1155 3393 1252 3448 per
1281 3385 1485 3434 terram
1528 3379 1835 3448 Romaniae,
1876 3383 1930 3438 in
1965 3385 2076 3438 An-

481 3462 777 3532 tiochiam;
811 3475 863 3520 et
894 3466 1228 3523 obsederunt
1261 3453 1405 3537 eam”,
1452 3477 1506 3526 et
1549 3471 1750 3526 virtute
1784 3471 1879 3527 Dei
1919 3489 2077 3546 cepe-

482 3563 614 3610 runt
659 3569 802 3611 eam.
855 3555 914 3612 In
959 3558 1085 3627 illa,
1131 3560 1464 3631 perﬁdorum
1511 3561 1912 3620 Saracenorum
1955 3584 2075 3622 ma-

483 3663 647 3721 gnam
701 3651 1108 3708 multitudinem
1158 3654 1517 3725 perimerunt.
1571 3656 1647 3712 De
1703 3675 1811 3728 qua
1865 3662 2079 3716 iverunt

483 3740 628 3795 ultra
654 3741 722 3796 ad
774 3742 1050 3800 civitatem
1080 3747 1146 3801 de
1170 3744 1430 3820 Trypoly,
1456 3758 1509 3804 et
1539 3760 1801 3820 ceperunt
1835 3767 1979 3807 eam.
2012 3752 2079 3808 Et

484 3832 683 3890 exinde
721 3845 985 3906 ceperunt
1026 3837 1200 3912 Acrys
1227 3859 1241 3895 :
1265 3849 1320 3896 et
1348 3842 1473 3896 inde
1519 3843 1734 3899 iverunt
1767 3845 1836 3900 ad
1873 3855 2077 3901 terram

483 3921 807 3982 Jerusalem.
838 3926 903 3984 Et
934 3930 987 3984 in
1017 3945 1211 3986 eorum
1236 3934 1479 3988 exercitu
1511 3935 1786 3992 habebant
1815 3945 1928 3993 tam
1961 3955 2080 3994 ma-

484 4033 649 4089 gnam
678 4017 901 4089 famem,
937 4022 1086 4093 quod
1134 4024 1293 4095 quasi
1330 4041 1437 4081 non
1482 4027 1756 4084 habebant
1782 4045 1977 4100 panem
2010 4033 2080 4088 ad

484 4109 904 4170 comedendum.
946 4112 1105 4172 Tunc
1152 4117 1244 4172 ille
1288 4116 1614 4187 Conradus,
1666 4122 1760 4192 qui
1807 4125 2080 4182 serviebat

483 4199 819 4268 pauperibus
853 4200 1153 4275 Hospitalis
1198 4203 1650 4276 Jcrosolimitani,
1702 4212 1948 4281 quolibet
1991 4214 2080 4269 die

485 4299 570 4350 ter
595 4291 679 4346 vel
707 4305 921 4364 quater,
957 4298 1194 4367 ponebat
1229 4299 1296 4354 de
1338 4316 1479 4370 pane
1522 4303 1575 4355 in
1611 4318 1711 4357 suo
1749 4305 1980 4374 gremio,
2026 4314 2080 4362 et

485 4383 722 4456 desuper
751 4403 940 4446 muros
969 4401 1127 4448 terrae
1155 4393 1480 4463 projiciebat
1502 4411 1698 4464 panem
1730 4395 2078 4469 Christianis,

486 4473 609 4530 loco
655 4477 939 4550 lapidum;
998 4492 1053 4539 et
1088 4483 1189 4540 iste
1227 4483 1518 4540 Conradus
1542 4529 1556 4552 ,
1593 4487 1687 4557 qui
1739 4490 2081 4548 custodiebat

488 4579 753 4637 pauperes
784 4566 1049 4627 Hosnita"
1078 4588 1082 4594 '
1121 4571 1224 4628 fuit
1252 4582 1545 4630 accusatus
1581 4591 1767 4632 coram
1817 4577 2077 4640 Soldano.

2178 3387 2299 3458 ejus
2345 3387 2445 3443 ivit
2487 3387 2542 3442 in
2596 3387 2933 3458 paradisum.
2978 3386 3045 3444 Et
3094 3387 3263 3444 frater
3304 3388 3654 3462 Raymundus
3689 3387 3745 3441 de

2179 3478 2294 3551 Puy
2339 3477 2444 3534 fuit
2487 3479 2818 3551 subrogatus
2872 3479 3117 3549 ejusdem
3145 3521 3161 3546 ,
3222 3478 3345 3534 loco
3404 3478 3552 3550 ejus;
3599 3487 3652 3533 et
3691 3475 3747 3531 ad

2179 3572 2394 3627 laudem
2445 3571 2539 3641 Dei
2561 3572 2847 3627 aediﬁcavit
2873 3571 3097 3637 casalia,
3131 3571 3451 3627 mansiones
3479 3580 3534 3626 et
3559 3580 3748 3633 castra;

2179 3673 2233 3718 et
2269 3664 2576 3718 melioravit
2617 3665 2850 3718 multum
2890 3664 3233 3718 mansionem
3279 3663 3346 3718 de
3393 3663 3607 3734 magnis
3640 3674 3754 3732 pass

2180 3757 2540 3811 sessionibus.

2251 3889 2344 3945 ille
2387 3889 2556 3945 frater
2601 3889 2960 3963 Raymundus
3015 3889 3145 3945 fecit
3192 3889 3572 3944 stabilimenta
3622 3902 3764 3942 man-

2180 3983 2354 4039 sionis
2402 3981 2724 4053 llospitalis,
2772 3998 2898 4052 quae
2936 3982 2991 4036 in
3036 3981 3228 4036 eadem
3270 3980 3442 4034 domo
3491 3988 3767 4036 servantur

2181 4075 2388 4141 adhuc;
2420 4083 2474 4128 et
2502 4075 2783 4145 regulam;
2829 4082 2884 4127 et
2933 4088 2966 4127 a
3007 4087 3145 4142 papa
3180 4069 3512 4126 Innocentio
3544 4068 3771 4126 secundo

2181 4167 2309 4225 fecit
2342 4170 2515 4240 ipsam
2555 4168 2889 4234 conﬁrmari,
2931 4175 3038 4223 etc.

2253 4304 2396 4362 Deus
2445 4302 2674 4359 Creator
2715 4303 2963 4358 omnium
3004 4301 3197 4356 liberet
3243 4298 3450 4355 fratres
3495 4295 3782 4369 Hospita'és

2183 4398 2253 4454 ab
2281 4397 2537 4453 omnibus
2566 4396 2728 4450 malis
2755 4404 2809 4450 et
2835 4410 3026 4450 eorum
3058 4392 3328 4464 peccatis,
3373 4401 3428 4447 et
3459 4393 3553 4448 eis
3601 4405 3782 4446 conce—

2182 4491 2276 4546 dat
2303 4489 2534 4560 gratiam
2558 4487 2806 4542 veniendi
2839 4486 2908 4541 ad
2935 4486 3225 4541 cmlestem
3251 4485 3496 4557 gloriam
3526 4501 3661 4540 cum
3687 4497 3789 4539 om-

2183 4583 2346 4638 nibus
2378 4596 2568 4637 eorum
2601 4578 3065 4646 benefactoribus,
3097 4579 3301 4634 Amen.
