3816 6306
524 377 656 434 “il

1091 373 1186 428 AD
1219 371 1670 430 GODEFRIDUM
1708 369 1999 426 APPEND.
2043 369 2104 424 ll.
2145 399 2214 409 -
2256 359 2528 422 MONUM.
2571 365 2660 420 DE
2697 363 2926 424 BELLO‘
2962 364 3205 421 SACRO.
3587 373 3678 431 lli!

521 485 839 558 bliotltéque
858 485 932 543 du
966 485 1214 543 Vatican.
1244 485 1388 542 Leur
1418 469 1662 541 extreme
1706 484 2024 556 obligeancc
2069 484 2172 537 in‘a
2209 480 2414 552 permis
2455 479 2523 535 de
2543 479 2806 534 terminer
2851 495 2922 536 en
2959 495 3062 550 peu
3098 480 3164 536 de
3203 489 3370 551 temps
3393 481 3459 538 los
3481 483 3678 546 diﬁérms

539 592 770 636 travaux
798 580 893 650 qui
935 579 1230 635 m’avaient
1254 578 1443 649 appelé
1473 577 1505 632 ει
1530 576 1733 644 Rome;
1777 591 1849 631 on
1874 579 1966 632 cut
1989 575 2068 631 dit
2090 575 2255 646 qu’ils
2281 572 2562 628 voulaient
2595 581 2867 642 protestor
2891 587 2990 642 par
3012 573 3128 627 leur
3152 585 3536 641 emprcssemeut
3555 591 3680 634 roum

540 671 622 728 les
650 671 942 741 reproches
983 670 1031 725 si
1075 679 1306 726 souvent
1342 670 1592 726 adressés
1645 686 1752 725 aux
1795 669 2236 725 hibliothécaires
2265 665 2514 727 'italiens.
2551 663 2613 720 ιε
2642 664 2825 721 désire
2868 665 3140 720 ﬁvement
3172 679 3279 734 quc
3323 665 3608 736 l'expression
3637 673 3680 727 de

535 777 628 820 ma
665 762 938 834 gratitude
976 762 1271 833 parvienne
1313 761 1534 832 jusqu‘a
1569 776 1678 818 eux
1710 761 1849 818 dans
1884 761 2056 818 l‘asile
2089 760 2161 817 ou
2195 759 2280 816 les
2307 757 2649 814 révolutions
2685 756 2764 814 les
2801 765 2901 813 om
2925 758 3188 829 peul-étre
3213 757 3680 818 mnu-aintsdescté-

551 851 727 924 ugier.

705 949 833 1005 Juin
859 947 1016 1004 1849.

521 1146 2914 1180 W

1723 1417 2586 1525 PRIVILEGIA

774 1704 1743 1866 ECCLESIXE
1840 1702 2521 1861 SANCTI
2607 1700 3500 1862 SEPULCRI

1740 2035 2552 2130 IHERUSALEM.

1405 2283 2839 2328 ψ

1278 2550 1347 2606 Ι¹.

705 2687 708 2690 .
1084 2639 1236 2716 [Sine
1263 2640 1521 2713 rubrica.‘

581 2739 695 2812 Ego
713 2735 1042 2810 Peregrinus
1059 2777 1076 2804 ,
1099 2736 1270 2792 abbas
1293 2735 1492 2792 Sancte
1512 2732 1681 2788 Mario
1703 2731 1771 2788 de
1797 2731 2010 2797 Latina,
2033 2729 2104 2786 ab

509 2829 617 2887 hac
635 2830 774 2886 hora
803 2828 860 2884 in
888 2835 1051 2883 antea
1083 2826 1261 2882 ﬁdelis
1300 2839 1398 2882 ero
1445 2833 1633 2882 sancte
1674 2823 2104 2880 lerosolimilane

507 2920 742 2979 ecclesie
773 2920 1086 2990 domnoque
1103 2917 1364 2985 Roberto,
1388 2917 1697 2989 patriarche
1734 2917 1980 2973 eiusdem
2008 2931 2104 2972 ec-

508 3005 697 3078 clesie,
718 3019 775 3068 et
817 3011 1235 3068 successoribus
1263 3012 1384 3066 eius
1431 3009 1698 3066 canonice
1745 3009 2100 3065 intrantibus.

506 3103 638 3161 Non
647 3118 746 3160 ero
784 3103 844 3160 in
866 3102 1105 3159 consilio
1122 3117 1301 3173 neque
1322 3100 1378 3157 in
1407 3100 1555 3158 facto
1571 3109 1634 3156 ut
1654 3101 1824 3157 vitam
1873 3101 2105 3172 perdant

508 3203 609 3252 aut
634 3195 965 3266 membrum,
988 3195 1074 3252 vel
1102 3195 1392 3266 capiantur
1426 3195 1574 3251 mala
1601 3194 1878 3266 captione.
1907 3193 2106 3253 Consi-

509 3285 672 3356 lium,
693 3283 846 3358 quod
887 3285 1054 3342 michi
1092 3293 1190 3342 aut
1220 3301 1317 3357 per
1341 3301 1402 3343 se
1446 3295 1542 3343 aut
1589 3301 1686 3358 per
1714 3285 1979 3343 nuncium
2009 3295 2105 3342 aut

511 3391 614 3450 per
661 3377 874 3436 Btteras
926 3376 1377 3447 manifestabunt,
1431 3377 1501 3434 ad
1571 3393 1765 3435 eorum
1803 3378 2103 3450 dampnum

508 3471 648 3528 nulli
675 3472 931 3544 pandam.
955 3470 1389 3530 lerosolimitane
1415 3473 1644 3532 ecclesie
1675 3472 2104 3545 patriarchatum

503 3569 566 3620 α
591 3561 816 3635 regulas
839 3571 1154 3620 sanctorum
1177 3572 1397 3635 patrum
1419 3563 1635 3620 adiutor
1671 3578 1769 3620 ero
1808 3562 1876 3618 ad
1903 3561 2107 3620 defen-

506 3653 747 3710 dentium
771 3663 826 3710 et
845 3655 1192 3714 retinendum
1217 3664 1408 3712 contra
1437 3671 1632 3714 omnes
1653 3656 1927 3725 homines,
1952 3656 2105 3713 salvo

509 3745 704 3802 ordine
731 3760 874 3802 meo.
900 3745 1050 3802 Bona
1082 3747 1312 3805 ecclesie
1331 3764 1453 3806 mee
1478 3765 1589 3806 non
1615 3749 1867 3806 alienabo
1928 3765 2107 3820 neque

509 3837 580 3894 de
613 3852 758 3895 novo
779 3838 941 3895 alicui
980 3837 1296 3897 infeudabo.
1329 3838 1571 3898 Vocatus
1611 3841 1680 3898 ad
1733 3841 1992 3898 sinodum
2013 3857 2108 3898 ve-

509 3929 682 3998 niam,
716 3929 825 3987 nisi
862 3931 1179 4003 prepeditus
1221 3931 1379 3990 fuero
1405 3934 1674 3992 canonica
1703 3933 2098 4005 prepeditione.
2136 3907 2182 3963 Β

513 4019 792 4078 Nuncium
821 4024 842 4054 ²
891 4023 1125 4082 ecclesie
1165 4023 1603 4082 lerosolimitane
1653 4035 1709 4082 et
1745 4025 1956 4082 domini
2003 4041 2105 4095 pa-

509 4113 771 4182 triarche,
793 4128 934 4186 quos
981 4127 1163 4173 certos
1187 4131 1311 4173 esse
1355 4133 1682 4190 cognovero,
1727 4117 1784 4172 in
1833 4117 2016 4173 eundo
2053 4125 2108 4172 et

511 4205 792 4263 redeundo
818 4205 1120 4264 honoriﬁce
1151 4209 1397 4266 tractabo
1427 4219 1482 4267 et
1506 4209 1563 4266 in
1599 4209 1716 4267 suis
1765 4210 2108 4266 necessitati-

507 4297 616 4352 bus
636 4295 927 4355 adiuvabo.
953 4297 1386 4357 lerosolimitane
1403 4301 1635 4358 ecclesie
1661 4302 1850 4358 limina
1875 4303 2109 4375 singulis

509 4387 673 4445 annis
701 4397 798 4446 aut
820 4403 920 4461 per
942 4406 1033 4447 me
1060 4400 1156 4447 aut
1182 4408 1279 4464 per
1312 4403 1524 4450 certum
1549 4394 1811 4451 nuncium
1841 4396 2106 4464 visitabo,

509 4477 618 4535 nisi
639 4494 832 4536 eorum
862 4481 1121 4539 absolvar
1140 4484 1378 4542 licentia.
1404 4485 1472 4542 Et
1499 4487 1602 4544 hec
1623 4487 1884 4558 promitto
1921 4504 2109 4545 coram

508 4570 666 4630 vobis
697 4571 923 4631 domino
962 4574 1229 4646 Arnaldo,
1282 4577 1540 4636 Liddensi
1589 4579 1868 4652 episcopo,
1900 4581 2110 4638 vicario

509 4663 742 4734 predicti
769 4665 982 4723 domini
1018 4670 1350 4739 patriarcbe,
1409 4672 1632 4729 nomine
1679 4672 1803 4730 eius
1845 4683 1901 4730 et
1921 4682 2111 4731 sancte

510 4751 964 4815 lerosolomitane
997 4761 1245 4819 ecclesie.
1283 4761 1374 4820 Sic
1403 4761 1548 4820 Deus
1571 4779 1658 4820 me
1685 4763 1904 4821 adiuvet
1925 4772 1980 4822 et
2010 4764 2111 4822 hec

513 4857 704 4908 sancta
729 4849 828 4908 Dei
855 4855 1158 4926 evangelia.

1085 5037 1239 5112 [Sine
1275 5041 1544 5116 rubrica.]

584 5126 1050 5204 ArchiepiscOpis,
1080 5134 1354 5206 episcopis
1377 5135 1611 5208 aliisque
1655 5135 1900 5207 prelatis,
1932 5133 2112 5190 omni-

511 5219 726 5290 basque
771 5221 980 5282 Christi
1021 5225 1278 5284 ﬁdelibus
1331 5227 1389 5282 in
1438 5243 1611 5300 regno
1662 5225 2111 5284 Thesalonicensi

513 5311 849 5383 constitutis,
878 5317 946 5374 ad
972 5334 1112 5390 quos
1133 5320 1313 5378 littere
1351 5320 1456 5394 iste
1499 5321 1866 5393 pervenerint,
1899 5317 2111 5374 Willel-

512 5418 642 5460 mus
665 5445 680 5470 ,
744 5402 840 5462 Dei
908 5409 1262 5469 misera-tione
1323 5411 1553 5468 ecclesie
1595 5411 1866 5469 Dominici
1913 5409 2110 5481 Sepul-

513 5495 598 5554 cri
651 5495 808 5569 prior
853 5499 1082 5560 humilis
1097 5544 1116 5573 ,
1151 5520 1280 5563 cum
1329 5505 1576 5564 eiusdem
1602 5505 1831 5564 ecclesie
1873 5503 2112 5574 capitulo

2137 2549 2184 2605 Α
2210 2547 2457 2607 sinceras
2487 2550 2766 2607 orationes
2796 2547 2852 2604 in
2883 2546 3329 2606 Christo.Vcstre
3353 2559 3561 2604 constare
3585 2545 3680 2618 aui-

2206 2657 2333 2698 mus
2362 2641 2703 2698 universitati
2725 2641 2874 2713 quod
2903 2657 3026 2710 nos,
3049 2649 3432 2714 cognoscentes
3445 2639 3678 2713 prudentia:

2205 2742 2264 2792 et
2289 2737 2632 2792 honestatem
2685 2735 2917 2790 latorem
2946 2733 2968 2766 ‘
2994 2735 3350 2805 praesentium
3395 2733 3543 2789 dilecti
3575 2747 3678 2786 cano-

2205 2829 2316 2886 nici
2344 2827 2519 2884 nostri
2549 2825 2639 2896 N.,
2673 2828 2854 2900 ipsum
2877 2826 3273 2883 constituimus
3308 2826 3513 2897 priorem
3532 2835 3570 2880 et
3605 2837 3680 2892 pro-

2205 2922 2444 2979 visorem
2470 2921 2717 2977 omnium
2739 2919 3032 2977 domorum
3055 2927 3110 2975 et
3152 2917 3532 2990 possessionum
3547 2923 3679 2969 nostri-

2204 3031 2354 3084 rum,
2388 3029 2528 3085 quas
2576 3013 2632 3068 in
2679 3027 2851 3084 regno
2905 3010 3355 3068 Thesalonieensi
3403 3017 3622 3071 tenemus,
3649 3011 3682 3058 et

2205 3108 2438 3164 aliarum
2466 3107 2523 3161 in
2545 3103 2881 3179 Roman[i]a,
2904 3120 3012 3176 que
3055 3104 3304 3160 subiecte
3329 3117 3430 3158 non
3450 3109 3551 3157 sunt
3569 3106 3682 3152 msh

2205 3201 2394 3258 domui
2427 3198 3064 3269 Constantinopolitane;
3102 3198 3217 3254 hoc
3242 3206 3415 3252 tamen
3455 3197 3681 3266 alipr

2205 3294 2354 3367 quod
2390 3302 2505 3350 tam
2558 3292 2676 3364 ipse
2723 3307 2892 3362 quam
2944 3290 3038 3346 alii
3079 3297 3453 3362 procuratores
3487 3285 3679 3341 domoin

2200 3395 2525 3444 nostrarum
2557 3399 2670 3439 non
2693 3383 2931 3440 habeant
2971 3391 3301 3453 potestatem
3328 3375 3574 3440 vendendi,
3591 3369 3678 3427 obli-

2207 3478 2370 3554 gandi
2381 3477 2470 3534 vel
2486 3475 2752 3547 inutiliter
2772 3473 3049 3532 alienantli
3070 3470 3504 3546 servosJaacillas
3521 3461 3680 3520 utalia

2206 3571 2434 3629 ecclesie
2455 3567 2858 3642 possessiones;
2889 3567 3055 3635 unde,
3084 3567 3132 3623 si
3157 3564 3290 3638 quid
3317 3564 3482 3622 talium
3501 3558 3552 3614 ab
3567 3554 3679 3624 aliqu

2207 3673 2459 3721 nostrum
2482 3661 2602 3718 sine
2631 3676 2907 3718 consensu
2951 3659 3179 3731 capituli
3233 3657 3426 3715 factum
3457 3650 3593 3715 fuerit,
3615 3660 3678 3700 ιω

2209 3757 2408 3814 habeat
2434 3756 2674 3827 aliquam
2703 3754 3052 3820 ﬁrmitatem;
3076 3766 3338 3824 rogamus
3359 3749 3500 3820 igitur
3538 3750 3581 3797 ut
3607 3735 3678 3808 qli-

2207 3850 2341 3906 iibet
2358 3856 2602 3905 vestrum
2640 3863 2806 3919 super
2837 3845 3041 3902 talibus
3073 3860 3189 3901 non
3231 3843 3425 3914 scripta
3446 3853 3525 3896 sua
3562 3829 3677 3889 colit-

2209 3953 2296 3999 rat
2348 3958 2450 3999 nec
2503 3941 2731 3998 bullam.
2765 3938 3030 3995 Dedimus
3073 3946 3261 3993 autem
3289 3935 3337 3991 ei

2208 4033 2389 4090 ciendi
2414 4032 2612 4089 fratres
2635 4040 2690 4088 ct
2723 4044 2966 4097 sorores,
2990 4044 3136 4099 quos
3167 4026 3330 4084 utiles
3349 4033 3399 4080 et

2209 4125 2352 4182 derit
2389 4125 2664 4197 expedire.
2693 4121 2889 4179 Vestre
2928 4120 3168 4192 denique
3210 4117 3542 4190 supplicamus
3762 4117 3763 4164 ἐ

2211 4223 2484 4290 quatenus
2511 4230 2700 4272 amore
2722 4211 2983 4270 Cruciﬁxi
3029 4211 3280 4282 predicto
3317 4205 3378 4262 Ν.
3407 4200 3542 4276 priori
3569 4207 3676 4290 αφ’

2209 4283 2346 4366 lium
2369 4318 2613 4365 vestrum
2646 4314 2703 4362 et
2744 4303 3012 4360 auxilium
3037 4343 3054 4371 ,
3097 4301 3156 4357 in
3206 4299 3398 4372 quibus
3423 4303 3594 4350 necesse
3762 4321 3763 4330 η

2209 4401 2413 4468 buerit,
2441 4398 2738 4470 inpendere
2760 4395 2961 4462 velitis,
2989 4392 3329 4449 attendentes
3355 4385 3482 4460 quod
3515 4394 3587 4436 nos
3603 4387 3674 4443 πω·

2211 4494 2334 4551 dem
2385 4507 2487 4564 pro
2515 4489 2774 4548 omnibus
2817 4487 3093 4554 ﬁdelibus,
3125 4483 3422 4557 specialiter
3459 4483 3591 4532 autem
3618 4475 3676 4534 βω

2211 4585 2420 4643 nostris
2441 4580 2910 4648 benefactoribus,
2937 4578 3137 4650 iugiter
3177 4575 3398 4633 Domino
3432 4566 3673 4639 supliwnﬁ

2947 4688 3062 4745 lll'.

2212 4805 2450 4852 LITTEBE
2493 4801 2762 4844 WILLELII
2807 4798 3019 4841 PRIOBIS
3076 4797 3146 4838 ΕΤ
3187 4790 3422 4838 (ιλυιιτυιι
3462 4779 3596 4828 δαείη
3623 4773 3672 4812 ε’

2687 4869 2689 4872 ⁴
2911 4869 3122 4909 Ρυιοιιι.

2284 4949 2600 5006 Willelmus
2621 4989 2639 5016 ,
2679 4945 2776 5004 Dei
2816 4944 3176 5002 miseratione
3230 4934 3475 4998 Dominici

2213 5043 2367 5115 prior
2401 5040 2652 5108 humilis,
2681 5054 2806 5094 cum
2829 5037 3025 5093 eodem
3052 5033 3290 5106 capitulo
3313 5017 3669 5115 universis

2213 5113 2320 5192 lius
2350 5134 2408 5190 in
2435 5131 2771 5189 obcdienciis
2799 5129 3074 5185 Dominici
3100 5125 3340 5198 Sepulcri
3360 5123 3408 5179 iu
3426 5117 3479 5174 Ν.
3498 5113 3667 5171 conslia?

2215 5229 2288 5284 tis
2316 5226 2616 5284 fraternam
2645 5225 2702 5280 in
2734 5223 2973 5280 Domino
2995 5221 3356 5278 dilectionem.
3383 5204 3666 5284 60W

2217 5320 2536 5376 ﬁdelitatem
2571 5329 2626 5375 et
2653 5316 3043 5374 discretionem
3084 5312 3273 5369 latoris
3316 5283 3662 5393 presentiva

2216 5411 2344 5467 lecti
2391 5409 2642 5466 canonici
2677 5405 2854 5463 nostri
2903 5403 2995 5471 N.,
3033 5404 3210 5476 ipsum
3239 5386 3661 5476 statuimuspffm

2217 5503 2508 5560 domorum
2523 5540 2540 5570 ,
2583 5498 2994 5571 possessionum
3021 5503 3075 5553 et
3105 5495 3364 5558 omnium,
3387 5500 3476 5560 que
3492 5482 3532 5536 in
3551 5469 3595 5529 Ν.
3612 5475 3659 5521 υ·

591 5673 610 5706 ³
646 5671 800 5748 Cen}:
827 5673 1018 5733 charte
1039 5692 1099 5735 se
1119 5688 1312 5736 trouve
1336 5681 1474 5737 dans
1503 5681 1552 5738 le
1590 5681 1896 5739 manuscrit
1920 5680 1985 5748 A,
2014 5697 2083 5736 au
2122 5695 2284 5737 verso
2315 5679 2389 5735 du
2417 5675 2622 5748 feuillet
2651 5675 2720 5731 de
2760 5675 2961 5748 garde;
3005 5675 3113 5748 elle
3151 5683 3378 5748 mangue
3401 5654 3654 5748 dansjffj;

517 5727 813 5823 nuscritli.
834 5727 1474 5823 "i‘Cb't-Ei'g'e'z'h't'tiéb'il"
1505 5727 1558 5786 ’ἶ
1581 5727 2346 5823 K',“i'i't",”i-3';'§iiti}t"qtié
2358 5727 2847 5820 -Βξηῖὗοῖ-ὗὶέέἶ
2865 5727 3109 5802 latoris“:
3149 5727 3247 5814 ἶ
3271 5727 3311 5798 PI
3334 5742 3380 5810 Ι,
3407 5745 3472 5802 Ι⁴ἰ
3503 5727 3653 5787 mm“

522 5812 663 5870 dans
684 5813 747 5870 Β.
