3812 6312
489 362 632 420 1115

1179 462 1332 547 pix.

772 584 839 625 νε
895 585 1324 626 (ἶΟΝΡΞσΙιἎΗΤΙΟΝῈ
1383 586 1766 627 Ροεει-ῑεειοκωί

1007 658 1191 696 SANCTI
1231 658 1484 697 δερυιωιι
1499 683 1512 697 .

1025 736 1044 806 (
1061 735 1188 790 Vide
1217 736 1306 790 ubi
1339 753 1522 805 supra.

1203 848 1347 904 XXI.

846 956 1219 996 ςνκινιιεϐιωι
1265 958 1406 998 LUC"
1448 959 1576 999 ΡΑΡΕ
1619 960 1680 1000 ll.

804 1028 966 1102 (Vide
987 1033 1040 1086 in
1069 1030 1235 1086 Lucio
1266 1031 1330 1086 II
1367 1037 1436 1088 ad
1466 1052 1556 1090 an.
1597 1036 1780 1107 1145.)

1174 1123 1340 1180 XXII.
1833 1117 1836 1120 ’
1887 1118 1908 1146 ’³

589 1229 1101 1273 Ρκινιιεοιωιφλρε
1152 1236 1294 1275 LUC"
1333 1238 1370 1275 ll
1412 1238 1478 1276 DE
1511 1233 1922 1279 CONFIRMATION.

1105 1309 1268 1381 (Vide
1296 1312 1454 1384 ibid.)
1858 1319 1865 1328 υ

1181 1401 1370 1458 XXIII.

559 1502 905 1546 PRIVILEGIUM
943 1507 1157 1547 EUGENH
1198 1510 1256 1548 111
1298 1512 1428 1550 ΡΔΙἚ
1470 1513 1534 1551 DE
1571 1515 1999 1559 CONFIRMXTIONE

730 1581 895 1652 (Vide
917 1585 974 1638 in
1006 1583 1242 1657 Eugenio
1274 1586 1377 1641 111
1412 1589 1481 1642 ad
1512 1607 1601 1646 an.
1639 1592 1823 1664 H55.)

1183 1677 1376 1735 XXIV.
1584 1694 1589 1699 '

482 1778 550 1819 DE
615 1780 1044 1826 CONFIRIIATIONE
1106 1787 1445 1829 OBLATIONUM
1511 1793 1671 1832 ALIUD
1707 1779 2072 1848 ςυιιςγιιεῦιυω

969 1898 975 1903 _
1018 1857 1232 1897 EUGENII
1273 1860 1333 1898 111
1372 1862 1522 1900 ΡΛΡΕ.

1007 1933 1026 2002 (
1043 1931 1170 1988 Vide
1201 1933 1288 1988 ubi
1318 1939 1525 2008 supra.)

1160 2030 1384 2088 XXV“.

736 2113 740 2116 '
774 2134 1117 2177 PRIVILEGIUI
1154 2140 1379 2180 ARNUIJ’I
1423 2143 1780 2187 PATRIARCHB.

557 2204 958 2266 Transmutatio
977 2230 1350 2272 canonicorum
1373 2221 1691 2276 secularium
1710 2226 1764 2278 in
1786 2227 2074 2296 regulares,

481 2303 821 2392 guamfecit
881 2305 1142 2376 Arnulfus
1209 2312 1543 2381 patriarcha,
1595 2319 1912 2374 assentiente
1959 2337 2076 2392 rege

480 2390 751 2448 Balduino
775 2397 968 2465 primo,
996 2409 1048 2453 et
1067 2401 1132 2454 de
1153 2401 1234 2454 his
1261 2420 1360 2474 que
1385 2407 1461 2460 eis
1490 2409 1767 2464 constituit
1788 2411 1859 2465 ad
1879 2390 2077 2467 victum

479 2492 530 2537 ct
559 2485 804 2541 vestitum
841 2505 1022 2544 eorum
1051 2509 1072 2549 :
1103 2495 1342 2550 videlicet
1375 2499 1712 2555 medietatem
1747 2503 2076 2560 oblationum

482 2573 669 2632 Sancti
711 2578 982 2652 Sepulcri,
1015 2595 1065 2640 et
1097 2603 1274 2642 omnes
1304 2589 1598 2646 oblationes
1635 2605 1816 2651 sancte
1846 2595 2034 2653 Crucis
2059 2642 2074 2668 ,

480 2669 585 2723 nisi
620 2671 676 2724 in
716 2689 1020 2745 parasceve,
1057 2687 1109 2732 et
1145 2679 1378 2737 decimas
1418 2701 1595 2740 omnes
1636 2675 1929 2745 Ierusalem
1958 2709 2078 2761 per-

480 2761 726 2830 tinentes,
759 2768 989 2837 exceptis
1034 2769 1253 2824 decimis
1284 2772 1468 2843 funde,
1503 2784 1552 2829 et
1577 2777 1851 2832 ecclesiam
1890 2778 2077 2836 Sancti

479 2852 637 2908 Petri
672 2856 920 2929 inloppe
948 2878 1067 2915 cum
1099 2866 1242 2918 omni
1273 2865 1468 2922 honore
1498 2885 1595 2922 suo
1635 2879 1685 2924 et
1715 2871 2004 2942 dignitate,
2027 2885 2076 2930 et

477 2945 756 3003 ecclesiam
789 2951 948 3007 Beati
983 2952 1184 3010 Lazari
1214 2961 1605 3016 cum‘omnibus
1637 2965 1996 3034 appendiciis;
2027 2977 2078 3022 et

480 3041 572 3094 hec
619 3044 798 3099 omnia
853 3046 1078 3103 habeant
1123 3049 1285 3107 libere
1330 3062 1380 3108 et
1428 3055 1498 3108 ad
1543 3056 1864 3114 voluntatem
1896 3077 2078 3115 eorum

481 3132 726 3188 ordinent
744 3135 809 3192 ".

556 3225 614 3281 ln
640 3229 862 3286 nomine
891 3241 1078 3288 sancte
1102 3243 1155 3290 et
1178 3235 1456 3294 individuo
1482 3237 1790 3297 Trinitatis.

552 3317 668 3391 Ego
704 3321 966 3380 Arnulfus
987 3367 1002 3391 ,
1023 3324 1116 3380 Dei
1140 3329 1312 3400 gratia
1334 3331 1645 3399 patriarcha
1687 3332 2079 3393 lerosolimita-

480 3423 586 3464 nus
607 3411 670 3478 “,
702 3427 893 3471 servus
918 3431 1202 3474 servorum
1232 3421 1534 3479 divinitatis
1565 3423 1809 3480 eiusdem
1832 3427 1873 3457 "‘
1901 3429 2067 3484 mini.

483 3517 628 3568 mus,
656 3503 944 3576 Balduino,
979 3507 1073 3565 Dei
1103 3519 1242 3567 nutu
1269 3511 1712 3572 lerosolimorum
1734 3518 1775 3550 "
1801 3535 1925 3591 rege
1959 3521 2078 3592 gloi

482 3596 812 3666 riosissimo,
850 3601 1153 3672 imperante
1199 3615 1253 3660 et
1304 3607 1592 3664 nobiscum
1637 3611 1692 3665 in
1741 3613 1891 3684 omni
1932 3614 2079 3669 bono

481 3694 598 3744 tota
633 3690 835 3747 virtute
878 3691 1048 3749 animi
1093 3697 1491 3766 consentiente,
1525 3703 1706 3760 cuntis
1751 3720 1848 3775 per
1887 3707 2076 3762 orbem

481 3781 763 3840 Christum
787 3786 1094 3846 colentibus
1117 3791 1340 3848 notiﬁco
1369 3794 1736 3868 privilegium,
1761 3799 1904 3870 quod
1932 3815 2078 3855 anno

481 3875 885 3935 incarnationis
919 3879 1193 3938 dominice
1234 3900 1420 3953 ποιων,
1466 3889 1642 3943 nostri
1676 3904 1809 3946 vero
1846 3893 2080 3962 patriar-

481 3967 678 4026 chatus
706 3987 786 4039 Ill,
821 3972 976 4044 regni
1008 3982 1190 4031 autem
1211 3977 1446 4047 predicti
1469 3981 1612 4053 regis
1635 3998 1748 4050 xxv,
1777 3983 2078 4042 indictione

480 4075 590 4126 vn,
643 4071 832 4132 epacta
895 4080 1006 4133 xu,
1060 4065 1128 4122 de
1193 4071 1548 4128 renovatione
1603 4074 1832 4130 ecclesie
1890 4074 2077 4132 Sancti

483 4149 731 4223 Sepulcri
766 4155 940 4226 ipsius
970 4159 1113 4230 regis
1136 4161 1368 4218 consilio
1394 4163 1554 4220 nobis
1582 4173 1667 4221 est
1687 4165 2000 4223 institutum
2024 4176 2078 4222 et

479 4244 886 4305 conﬁrmatum.
914 4249 1053 4305 Cum
1074 4251 1342 4311 Dominus
1373 4264 1563 4312 noster
1582 4255 1775 4312 Ihesus
1799 4257 2074 4326 Christus,

481 4331 580 4391 Dei
615 4335 722 4390 vivi
751 4337 920 4407 ﬁlius,
947 4341 1237 4399 ecclesiam
1263 4361 1421 4401 suam
1461 4346 1517 4400 in
1547 4355 1760 4402 tantum
1783 4348 2034 4405 dilexerit
2059 4393 2074 4417 ,

481 4433 544 4479 ut
585 4441 685 4496 pro
715 4444 781 4484 ea
829 4431 996 4487 homo
1022 4432 1200 4490 factus
1227 4435 1457 4491 eandem
1497 4437 1913 4506 preciosissimo
1943 4454 2075 4496 san-

485 583 718 627 ιιυευειι
772 584 839 625 νε
895 585 1324 626 (ἶΟΝῐ-’ἈΠΗΤΙΟΝΕ
1383 586 1766 627 Ροεει-ῑεειοηωί
1822 586 2072 627 εεειεειε

1054 359 1148 415 AD
1182 357 1636 418 GODEFRIDUM
1673 355 1966 414 APPEND.
2009 356 2074 412 Il.
2116 388 2186 397 —
2212 356 2484 416 MONUM.
2526 357 2616 412 DE
2653 357 2876 416 BELLO
2913 310 3198 414 SACRO.‘

3605 359 3707 416 lllG

2105 479 2150 537 Λ
2180 475 2416 532 corditer
2443 475 2761 543 collocaret,
2787 476 2893 531 nisi
2921 476 3088 530 etiam
3112 489 3213 528 nos
3241 470 3507 540 indignos,
3531 478 3707 546 paganis

2177 561 2397 616 abolitis
2419 603 2434 627 ,
2468 562 2786 618 hereditatis
2817 578 2916 618 sue
2944 560 3359 617 misericordius
3389 559 3597 617 heredes
3621 564 3706 619 εῦ-

2178 660 2340 706 eeret.
2395 649 2500 706 Sed
2547 652 2759 722 antiqui
2795 652 2968 708 hostis
3016 651 3446 721 neclriquitia",
3486 651 3710 710 dolensse

2176 757 2304 795 vasa
2347 742 2428 797 ire
2477 743 2800 812 perdidisse,
2851 743 2946 813 qui
2987 742 3127 798 ovile
3175 740 3529 808 dominicum,
3568 751 3622 798 ut
3647 744 3711 803 leo

2177 834 2420 905 rugiens,
2449 835 2685 890 millenis
2714 836 2925 891 artibus
2960 835 3186 890 molitur
3218 835 3534 904 irrumpere,
3555 838 3709 893 machi-

2176 928 2294 980 nari
2330 927 2473 998 cepit
2509 928 2746 998 qualiter
2793 944 2923 983 vasa
2986 928 3329 997 disperderet
3374 928 3708 985 misericordic.

2176 1016 2357 1074 Novos
2399 1018 2600 1089 quippe
2640 1019 2850 1076 incolas
2893 1019 3152 1075 dominici
3188 1019 3389 1074 oblitos
3424 1022 3632 1090 precepti
3663 1023 3712 1078 dc

2175 1109 2265 1166 de
2307 1110 2361 1164 in
2408 1111 2553 1166 diem
2609 1111 2733 1181 plus
2774 1120 2830 1166 et
2857 1111 2980 1182 plus
3025 1111 3300 1182 corrupit;
3356 1109 3477 1179 qui,
3524 1113 3715 1167 minores

2176 1201 2367 1257 nicbili
2407 1210 2698 1273 reputans,
2743 1203 2813 1258 ad
2847 1202 3056 1259 clerum
3103 1203 3271 1258 etiam
3315 1203 3649 1267 transcendit,
3675 1215 3717 1258 et

2183 1295 2293 1349 suis
2315 1310 2443 1349 eum
2483 1295 2761 1369 prestigiis
2792 1296 3007 1366 agitans
3028 1337 3044 1362 ,
3077 1295 3182 1350 sibi
3206 1295 3553 1364 mancipavit;
3589 1312 3716 1365 quem

2184 1388 2321 1443 enim
2345 1388 2574 1443 decebat
2602 1398 2662 1444 ut
2695 1389 2942 1444 devotior
2973 1389 3082 1444 Deo
3111 1389 3372 1443 existeret
3395 1397 3448 1442 et
3471 1388 3644 1442 bonum
3667 1390 3718 1443 de

2177 1496 2236 1537 se
2305 1483 2614 1552 exemplum
2667 1482 2976 1536 minoribus
3043 1481 3328 1550 preberet,
3393 1480 3524 1550 proh
3560 1481 3718 1536 dolor!

2175 1575 2438 1645 voluptati
2467 1575 2650 1630 carnis
2692 1575 2867 1646 magis
2893 1575 3198 1640 servivit“,
3234 1583 3290 1628 et
3311 1574 3563 1628 honorem
3589 1590 3720 1629 suum

2177 1667 2355 1722 modis
2386 1666 2798 1724 incredibilibus
2827 1667 3072 1737 polluere
3099 1681 3211 1720 non
3238 1663 3522 1719 dubitavit.
3545 1663 3602 1719 Et
3627 1666 3725 1735 pius

2176 1757 2463 1826 Dominus,
2486 1760 2580 1831 qui
2604 1760 2880 1830 sepulture
2901 1775 2999 1815 sue
3011 1759 3194 1814 locum
3217 1756 3380 1813 oculo
3401 1757 3726 1812 misericordie

2109 1821 2147 1878 Β
2179 1849 2410 1921 benigne
2440 1821 2702 1922 respicit,
2734 1849 2937 1906 nostris
2959 1849 3300 1920 temporibus
3330 1849 3543 1904 illorum
3565 1850 3726 1918 ncqui-

2177 1942 2282 1998 lias
2336 1959 2435 1998 sua
2460 1944 2747 1999 severitate
2778 1942 3034 1999 correxit.
3086 1941 3360 1996 Defuncto
3389 1941 3532 1996 enim
3570 1941 3730 2010 prede-

2171 2051 2394 2091 ccssorc
2454 2045 2664 2103 nostro,
2736 2035 2940 2091 domno
2995 2033 3266 2099 Gibilino,
3318 2047 3422 2103 ego
3477 2031 3730 2098 Amulius,

2175 2130 2423 2184 omnium
2473 2128 3092 2186 lerosolimitanorum”
3124 2126 3470 2183 humillimus
3491 2168 3505 2191 ,
3546 2141 3572 2180 a
3599 2141 3730 2196 rege,

2177 2223 2324 2278 clero
2371 2232 2426 2278 et
2446 2224 2648 2295 populo
2688 2224 2743 2277 in
2785 2231 3061 2294 pastorem
3093 2216 3304 2276 electus
3344 2229 3399 2274 et
3421 2219 3731 2290 patriarcbaii

2179 2316 2386 2371 honore
2426 2316 2775 2384 sublimatus,
2820 2316 3003 2370 anime
3031 2328 3150 2369 mce
3180 2312 3486 2383 periculum
3523 2322 3734 2367 metuens

2177 2423 2481 2479 eorumque
2529 2409 2822 2464 animabus
2881 2407 3090 2463 mederi
3139 2407 3402 2477 cupiens,
3450 2405 3734 2460 criminibus

2178 2515 2370 2559 corum
2415 2500 2624 2556 diutius
2667 2501 2980 2556 consentire
3012 2498 3203 2566 nolui,
3253 2513 3396 2569 quos
3436 2497 3738 2552 correctione

2179 2601 2440 2662 paterna,
2495 2601 2556 2647 ut
2577 2592 2744 2646 vitam
2796 2607 2953 2649 suam
3014 2591 3385 2661 corrigerent,
3449 2588 3738 2642 multucicns

2179 2683 2480 2739 ammonui.
2529 2683 2814 2740 Monebam
2845 2684 2993 2740 enim
3023 2691 3085 2738 ut
3125 2682 3496 2738 communiter
3535 2681 3739 2736 viventes

2179 2779 2348 2834 vitam
2397 2779 2757 2849 apostolicam
2804 2786 3188 2848 sequerentur,
3223 2782 3281 2830 et
3329 2771 3542 2846 [ιη-ον’
3586 2773 3741 2842 regula

2178 2871 2322 2926 beati
2366 2869 2656 2939 Augustini
2699 2871 2808 2924 vita
2843 2883 3038 2924 eorum
3082 2866 3349 2924 canonice
3384 2873 3672 2936 regeretur,
3696 2872 3742 2916 ut

2179 2959 2413 3016 Domino
2444 2959 2604 3017 lbesu
2635 2959 2856 3016 Christo
2880 2973 3072 3015 eorum
3105 2956 3358 3013 devotius
3394 2955 3629 3026 placeret
3653 2971 3745 3008 ser-

2180 3053 2394 3120 vitium,
2424 3062 2479 3109 et
2505 3069 2610 3109 nos
2637 3067 2761 3107 cum
2798 3051 2879 3107 eis
2911 3051 2966 3105 in
2989 3057 3176 3106 eterna
3206 3048 3383 3121 gloria
3408 3047 3747 3117 reciperemus

2103 3186 2146 3246 ϐ
2180 3146 2472 3216 premium.
2522 3143 2660 3200 Cum
2703 3153 2884 3200 autem
2921 3142 3145 3214 quidam
3179 3156 3412 3243 eorum,“
3449 3138 3560 3194 Deo
3605 3138 3748 3246 inspi-

2183 3245 2370 3303 rante,
2422 3234 2705 3291 salutifera
2754 3233 3214 3305 amplecterentur
3257 3231 3510 3299 monita,
3556 3231 3749 3302 quidam

2179 3345 2311 3384 vero
2381 3328 2698 3383 abdicarent
2767 3326 3120 3400 instigatione
3189 3325 3486 3392 diabolica,
3542 3325 3641 3379 hos
3704 3330 3754 3376 ut

2179 3421 2385 3477 Christi
2417 3418 2656 3476 famulos
2685 3420 2740 3474 in
2767 3419 2953 3474 Sancti
2981 3417 3228 3489 Sepulcri
3253 3416 3493 3472 ecclesia
3526 3417 3753 3471 decente:

2182 3513 2453 3580 ordinavi,
2491 3513 2613 3568 illos
2641 3520 2823 3567 autem
2855 3521 2915 3566 ut
2940 3510 3318 3566 inobedientes
3349 3517 3404 3563 et
3433 3507 3756 3579 regularibus

2182 3606 2451 3676 preceptis
2480 3605 2810 3661 obsistentes
2845 3605 2914 3658 ab
2944 3603 3131 3659 eadem
3167 3603 3402 3658 ecclesia
3436 3602 3650 3672 penitus
3673 3601 3756 3654 eli-

2182 3699 2407 3753 minavi.
2439 3696 2779 3753 Presentium
2813 3697 2980 3768 igitur
3001 3704 3188 3751 sancte
3214 3695 3627 3750 conversationi
3654 3709 3761 3747 con-

2182 3789 2369 3844 sulens
2395 3796 2447 3843 et
2476 3787 2787 3842 futurorum
2817 3787 2966 3841 bono
3007 3784 3289 3855 proposito
3317 3783 3617 3853 providens
3645 3799 3754 3837 Cou-

2180 3883 2306 3938 silio
2330 3881 2477 3952 regis
2505 3880 2677 3936 incliti
2715 3879 2971 3935 Balduini
3001 3887 3056 3934 et
3076 3894 3308 3933 assensu
3339 3878 3479 3932 cieri
3518 3887 3570 3933 et
3597 3877 3762 3947 pepuli

2179 3974 2586 4047 patriarcltatus
2639 3971 2837 4040 nostri,
2888 3971 2971 4027 eis
3032 3977 3242 4042 partem
3288 3969 3579 4034 constitui,
3626 3979 3678 4024 et
3716 3977 3766 4020 ut

2180 4066 2512 4122 sufﬁcienter
2564 4064 2771 4120 victum
2833 4072 2888 4120 et
2913 4063 3172 4119 vestitum
3230 4060 3474 4116 habeant
3523 4060 3638 4116 zelo
3683 4059 3765 4112 Dei

2180 4156 2450 4213 ordinavi.
2491 4155 2567 4212 De
2607 4155 2820 4212 cunctis
2863 4170 3102 4225 namque
3132 4152 3544 4220 oblationibus,
3580 4168 3687 4221 que
3711 4151 3767 4204 ad

2181 4245 2503 4316 Sepulcrum
2533 4244 2751 4300 Domini
2792 4244 3033 4310 venient,
3061 4244 3117 4297 in
3143 4242 3404 4297 omnibus
3433 4242 3768 4297 medietatem

2178 4337 2476 4409 accipient;
2506 4337 2572 4393 de
2593 4352 2717 4392 cera
2747 4352 2874 4392 vero
2896 4335 3122 4392 ecclesia
3149 4335 3285 4390 duas
3305 4344 3496 4406 partes
3521 4335 3588 4388 ad
3620 4335 3764 4388 lumi-

2179 4432 2356 4499 naria,
2404 4431 2631 4488 terciam
2682 4430 2905 4486 habebit
2953 4429 3299 4500 patriarcha;
3334 4429 3403 4483 de
3441 4427 3626 4483 Cruce
3657 4442 3770 4480 vero

481 4518 646 4590 guine
674 4536 778 4579 suo
815 4525 1085 4581 redimere
1108 4527 1365 4598 dignatus
1411 4527 1513 4595 sit,
1550 4529 1826 4598 passionis
1863 4547 1928 4587 ac
1955 4532 2050 4604 glo‘

2181 4524 2434 4592 Domini,
2471 4539 2635 4594 quam
2676 4521 2927 4579 canonici
2975 4521 3326 4585 custodiunt,
3361 4520 3518 4573 omni
3542 4529 3772 4589 tempere

481 4613 790 4674 riosissime
837 4621 1255 4688 resurrectionis
1286 4637 1384 4676 sue
1423 4621 1606 4692 locum
1654 4621 1708 4677 in
1762 4623 1925 4680 ﬁnem
1977 4641 2077 4681 sua

482 4701 742 4760 inell‘abili
782 4708 1156 4765 misericordia
1184 4709 1320 4765 adeo
1342 4709 1599 4781 dignatus
1628 4719 1712 4766 est
1739 4712 1983 4784 diligere,
2018 4723 2078 4770 ut

483 4808 606 4849 eam
637 4795 705 4851 de
753 4813 920 4853 manu
951 4797 1260 4854 Turcorum
1299 4807 1351 4855 et
1394 4797 1823 4857 Sarracenorum
1865 4803 2078 4874 eripere

480 4900 548 4944 ac
585 4883 917 4947 Christianis
971 4891 1220 4958 ﬁdelibus
1261 4892 1378 4947 suis
1410 4881 1713 4949 innumeris
1743 4894 1949 4952 allectis
1977 4911 2077 4968 pro

482 4981 730 5039 eiusdem
776 4984 883 5040 loci
927 4984 1320 5040 deliberatione
1364 4985 1480 5041 sola
1523 5001 1623 5042 sua
1652 4986 1835 5042 divina
1872 4988 2077 5043 virtute

482 5075 749 5147 placuerit
772 5079 1005 5136 tradere.
1032 5077 1213 5134 Nichil
1239 5078 1384 5134 enim
1415 5079 1655 5136 humana
1683 5081 1883 5150 virtus,
1908 5082 2076 5139 nichil

483 5175 790 5245 sapientia',
821 5174 990 5229 nichil
1038 5174 1313 5230 exercitus
1359 5175 1535 5232 nostri
1578 5176 1876 5232 multitudo
1910 5176 2078 5248 proﬁ-

485 5275 668 5334 ceret,
695 5267 804 5322 nisi
851 5268 1035 5323 divina
1077 5268 1254 5324 virtus
1290 5269 1784 5340 inexpugnabiliter
1810 5275 2079 5340 pugnaret

485 5373 585 5428 pro
625 5358 788 5415 nobis
804 5359 867 5426 ³⁸,
895 5359 1000 5413 nisi
1035 5367 1089 5415 et
1117 5374 1218 5415 nos
1264 5360 1318 5414 in
1354 5359 1477 5416 loco
1502 5375 1704 5431 pascue
1730 5375 1830 5417 sue
1863 5358 2081 5414 miseri—

562 5631 607 5664 ιθ
635 5632 701 5698 Α,
745 5631 898 5700 res,
947 5644 1026 5702 r°;
1081 5631 1209 5701 Β,1ο
1248 5630 1436 5698 ητα.

2186 4617 2492 4674 oblationes
2534 4616 2836 4682 habebunt,
2901 4613 3008 4670 nisi
3057 4614 3110 4668 in
3156 4613 3271 4668 sola
3315 4612 3405 4667 die
3456 4613 3638 4666 sancti
3691 4627 3770 4679 pa-

2184 4708 2490 4778 rasceve”,
2548 4716 2644 4766 aut
2684 4709 2730 4764 si
2772 4707 3081 4779 patriarcha
3124 4721 3246 4760 eam
3288 4719 3482 4759 secum
3532 4703 3778 4758 detulerit

2185 4819 2284 4874 pro
2328 4803 2511 4874 aliqua
2559 4801 2904 4857 necessitate.
2953 4797 3085 4853 Dedi
3116 4797 3294 4851 etiam
3329 4796 3578 4851 decimas
3611 4796 3778 4850 tocius

2185 4902 2373 4950 sancte
2395 4893 2633 4950 civitatis
2659 4891 2950 4946 Ierusalem
2973 4889 3020 4920 “
3047 4898 3098 4943 et
3126 4889 3374 4943 locorum
3398 4887 3506 4941 sibi
3540 4886 3784 4941 adiacen-

2182 4986 2346 5053 tium,
2377 4983 2619 5054 exceptis
2647 4982 2874 5039 decimis
2911 4981 3098 5048 l'uude,
3130 4989 3403 5051 quesunt
3437 4980 3779 5050 patriarche;

2179 5072 2713 5146 dimidiam'quoque
2744 5083 2954 5145 partem
3011 5073 3156 5126 illius
3185 5071 3463 5134 beneﬁcii,
3506 5071 3664 5141 quod
3699 5089 3736 5122 r-
3757 5087 3784 5123 ι

2183 5169 2446 5240 Sepulcro
2469 5167 2691 5222 tradidit
2719 5181 2822 5237 pro
2847 5165 3154 5220 excambitu
3185 5163 3544 5234 episcopatus
3573 5160 3788 5214 Βριὴιίι

2181 5263 2408 5320 emitici.
2437 5259 2704 5316 Concessi
2731 5260 2896 5314 etiam
2931 5259 3012 5313 eis
3045 5258 3100 5312 in
3126 5255 3329 5327 Ioppen
3352 5255 3581 5310 civitate
3613 5254 3786 5309 eccle-

2181 5356 2321 5412 siam
2345 5354 2499 5410 Bcati
2522 5353 2669 5409 Petri
2696 5368 2820 5409 cum
2854 5365 2956 5407 suo
2978 5351 3186 5406 honore
3225 5359 3278 5406 et
3302 5363 3433 5404 cum
3465 5356 3582 5402 tota
3614 5345 3790 5414 digni»

1520 5629 1562 5700 ’ἒ
1581 5628 1656 5683 Cc
1683 5627 2002 5700 sommaire
2024 5639 2264 5700 manque
2290 5623 2521 5700 d_ans_l3,
2553 5629 2608 5677 et
2650 5619 2699 5700 la
2746 5616 3405 5700 _rubrique__y_‘est_ainsi
3432 5614 3812 5700 coneuealk;

491 5679 1351 5761 transmutatione.canonicorunt
1368 5679 1383 5687 ’
1401 5679 1735 5755 δέεαιαῖἱῖιιῖιί
1753 5679 2142 5771 ίίὶέίίιῖέρἆᾴὲεε.
2164 5679 2192 5696 ἶ
2219 5679 2264 5728 ί*
2284 5679 2373 5771 ΑΒ,
2416 5679 2944 5771 Vinergsolimitanus:
3175 5689 3434 5771 'eiusdern
3465 5679 3812 5771 dirimatis;

492 5773 535 5808 ⁸⁷
555 5757 1244 5840 B,’Iheroioliindriih}f'ié
1267 5757 1328 5840 Β,
1356 5789 1450 5842 pro
1474 5771 1622 5842 nobis
1647 5757 2032 5842 pugnaretrh"

2178 5757 2397 5842 equitia.
2468 5767 2511 5800 ⁸ο
2544 5764 2605 5834 Β,
2638 5762 2928 5820 inscrririt.
3006 5759 3048 5792 ²¹
3074 5759 3137 5830 Β,
3170 5757 3790 5816 ιὴενοδοιὶηιὶιαηοτιιι.

493 5846 539 5877 ’³
560 5835 795 5918 Suppléé
820 5845 1032 5918 d‘aprcs
1055 5845 1112 5905 Β,
1188 5848 1234 5881 ⁸³
1266 5835 1327 5915 B,
1356 5835 1690 5916 parascheve.
1721 5835 1738 5841 ⁷
1768 5841 1812 5873 ’³
1841 5838 1902 5905 Β,
1934 5837 2050 5894 Ihet

2178 5835 2283 5892 em.
