3816 6306
39 373 152 432 nn
997 367 1447 428 caurumer
1485 367 1574 426 nu
1620 368 1824 426 SAINT
1869 371 2252 431 seremus.
2711 391 2714 394 ~
3142 382 3288 439 ms

34 505 148 559 tate,
185 506 288 563 que
332 488 582 561 pertinet
617 488 780 546 matri
813 491 1078 546 'ecclesie.
1121 490 1384 546 Concessi
1431 489 1597 546 etiam
1629 490 1676 548 A
1701 490 2034 562 deferentur,
2055 493 2212 549 vobis
2237 492 2582 551 medietatem
2607 495 2982 566 concedimus,
2997 493 3080 556 ita
3103 508 3288 558 tamen

32 586 286 647 ecclesiam
332 584 490 641 Beati
531 585 722 640 Lazari
769 601 894 641 cum
939 585 1198 642 omnibus
1230 583 1597 656 appendiciis,
1703 591 1764 636 ut
1787 583 1855 638 de
1890 599 2014 664 cera
2069 584 2248 640 solum
2285 584 2353 640 ad
2402 585 2697 641 luminaria
2733 571 3290 649 concinnanda’duas

32 700 118 754 que
141 681 381 736 adiacent
401 679 478 746 ei,
506 687 566 734 et
593 677 776 734 omnia
799 694 1147 749 quecumque
1174 688 1332 734 antea
1358 679 1602 748 possedit
1700 676 1929 731 ecclesia
1975 686 2160 746 partes
2209 677 2474 744 obtineat,
2525 679 2694 736 tercia
2721 697 2878 738 vero
2922 691 3034 738 tam
3082 684 3290 743 nostris

30 773 247 830 ecclesia.
276 770 344 826 Et
371 787 466 828 res
507 787 657 837 suas,
683 786 1063 842 quascumque
1090 771 1293 827 habent
1313 770 1402 825 vel
1423 769 1600 841 possi-
1699 784 1864 839 quam
1895 784 2275 826 successorum
2315 780 2630 832 nostrorum
2661 773 2854 830 usibus
2883 784 2937 830 et
2963 776 3290 834 utilitatibus

30 865 137 920 dent
171 861 253 917 vel
304 859 456 916 Deus
508 861 741 916 daturus
777 867 860 917 est
891 861 993 928 eis,
1020 861 1190 917 libere
1232 860 1512 916 habebunt
1547 869 1598 915 et
1699 861 1874 916 cedat.
1917 859 2234 919 Oblationes
2283 877 2413 918 vero
2457 865 2648 920 sancte
2693 864 2910 936 Crucis,
2960 879 3071 940 que
3109 879 3288 926 vestre
3391 931 3393 933 1

30 962 164 1026 prout
181 952 453 1008 voluerint
491 952 846 1008 ordinabunt.
885 950 944 1008 Si
979 953 1106 1024 quis
1128 961 1310 1009 autem
1342 952 1448 1010 hoc
1481 952 1598 1024 pri--
1699 954 1944 1011 custodis
1973 954 2284 1026 deputatur,
2313 953 2466 1011 omni
2496 963 2742 1026 tempore
2765 959 3108 1030 recipiendas
3131 960 3288 1016 vobis

30 1047 250 1118 vilegium
295 1045 556 1101 nostrum
607 1033 815 1100 violare
865 1045 1279 1116 presumpserit.
1338 1043 1437 1098 illi.
1459 1058 1599 1115 pene
1699 1053 1754 1102 et
1807 1045 2088 1102 habendas
2135 1047 2416 1103 sancimus
2431 1047 2498 1116 ³¹,
2557 1058 2786 1120 excepta
2841 1051 3092 1108 videlicet
3153 1051 3286 1109 feria

29 1141 296 1204 subiaceat,
331 1151 507 1212 quam
545 1133 814 1193 Dominus
846 1137 1103 1193 omnibus
1127 1137 1436 1194 maledictis
1464 1153 1596 1209 pro-
1699 1139 1872 1196 sancti
1892 1141 2367 1210 parascheve,.aut
2389 1155 2513 1196 cum
2541 1157 2630 1198 me
2654 1152 2750 1199 aut
2767 1159 3120 1202 successores.
3138 1162 3288 1203 meos
3375 1215 3377 1217 ι

28 1233 183 1300 misit,
207 1231 310 1287 nisi
351 1230 683 1302 resipuerit;
727 1230 901 1300 gratia
945 1237 1127 1286 autem
1177 1238 1231 1285 et
1263 1245 1368 1300 pax
1409 1245 1443 1285 a
1485 1228 1598 1283 Deo
1697 1231 1998 1288 necessitas
2022 1231 2208 1302 aliqua
2236 1233 2562 1303 compulerit
2591 1249 2713 1289 eam
2735 1235 2952 1306 uspiam
2977 1237 3285 1306 deportare.

26 1327 161 1382 Patre
177 1334 228 1380 et
249 1323 492 1379 Domino
521 1322 682 1378 lhesu
709 1321 932 1378 Christo
954 1320 1025 1378 sit
1052 1321 1156 1378 ista
1183 1321 1515 1378 custodienti
1543 1329 1598 1377 et
1698 1323 1952 1380 Decimas
1985 1323 2150 1380 etiam
2175 1324 2356 1380 tocius
2383 1335 2570 1381 sancte
2597 1327 2835 1382 civitatis
2861 1326 3216 1384 Ierusalem”
3235 1339 3290 1384 et

30 1430 186 1474 sancte
211 1415 440 1472 ccclesie
473 1415 598 1470 iura
636 1415 830 1471 tuenti.
862 1414 1059 1470 Amen.
1377 1441 1380 1445 -
1697 1415 1948 1472 locorum
1980 1415 2086 1472 sibi
2129 1415 2494 1472 adiacentium
2535 1418 2692 1474 vobis
2734 1434 2843 1474 non
2867 1420 3051 1475 minus
3091 1435 3291 1476 conce-

659 1526 832 1584 XXVI
853 1529 919 1583 ".
1147 1533 1153 1536 '
1696 1506 2173 1576 dimus,.exceptis
2195 1506 2424 1563 decimis
2452 1504 2650 1574 funde,
2689 1523 2796 1577 que
2818 1509 2886 1564 ad
2916 1517 3166 1569 nostrum
3203 1509 3290 1564 ius

31 1636 334 1676 PBlVlLEGlUl
347 1621 394 1652 "
416 1638 696 1677 munem
719 1636 1054 1676 PATRMBCHE
1077 1635 1143 1673 DE
1166 1633 1538 1675 coxrrnumo:

1778 1599 1970 1655 rtinere
2041 1607 2368 1655 noscuntur.
2437 1597 2734 1654 Dimidiam
2803 1615 3022 1671 quoque
3077 1609 3285 1671 partem

467 1708 678 1748 oumuu
717 1706 1120 1748 rosssssronuu.
1697 1689 1946 1744 omnium
1967 1689 2190 1745 illorum
2215 1703 2322 1760 que
2341 1688 2771 1746 bonememorie
2801 1705 2892 1745 rex
2923 1689 3286 1758 Ierusalem“,

83 1782 134 1838 ln
158 1783 372 1838 nomine
401 1791 602 1839 sancte
639 1792 695 1839 et
729 1783 1007 1839 individue
1031 1780 1319 1836 Trinitatis
1342 1779 1520 1836 Patris
1538 1789 1594 1836 et
1633 1849 1642 1851 A
1695 1780 1998 1836 Balduinus
2021 1778 2342 1836 Latinorum
2367 1779 2580 1850 primus
2599 1795 2699 1851 pro
2717 1781 3046 1838 concambio
3073 1781 3285 1837 Bethlc.
3321 1848 3324 1851 ι

31 1873 126 1927 Filii
148 1881 195 1927 et
214 1872 453 1944 Spiritus
479 1874 686 1940 sancti,
713 1875 893 1928 amen.
1625 1849 1670 1906 Β
1695 1875 1900 1931 emitici
1935 1875 2288 1946 episcopatus
2319 1849 2553 1930 ecclesie
2582 1849 2858 1929 Dominici
2887 1872 3138 1945 Sepulcri
3168 1882 3285 1931 tra-

84 1961 394 2031 Gullelmus,
443 1962 552 2018 Dei
601 1964 779 2035 gratia
835 1961 1128 2019 lerusalem
1146 1963 1192 1994 "’
1242 1961 1554 2034 patriarcha
1574 2005 1588 2030 ,
1697 1965 1868 2035 didit,
1897 1965 2064 2023 simili
2085 1965 2254 2021 modo
2277 1965 2436 2021 vobis
2459 1965 2707 2022 habenda
2731 1966 3118 2028 sanctimus”.
3149 1975 3205 2022 et
3232 1967 3290 2021 in

31 2055 297 2111 karissimis
342 2055 398 2111 in
426 2055 658 2112 Christo
705 2055 833 2111 ﬁliis
861 2054 1044 2122 Petro,
1083 2055 1315 2112 eeclesie
1346 2055 1594 2126 Sepulcri
1693 2059 1912 2116 civitate
1939 2057 2102 2130 Ioppe
2141 2057 2430 2114 ecclesiam
2474 2055 2626 2112 Beati
2665 2057 2812 2114 Petri
2847 2073 2974 2114 cum
3021 2058 3288 2130 dignitate

34 2148 210 2202 Domini
233 2148 426 2218 priori,
452 2149 771 2220 ceterisque
794 2147 1058 2204 fratribus
1079 2149 1135 2203 in
1157 2149 1344 2204 eadem
1363 2148 1594 2204 ecclesia
1694 2165 1794 2207 sua
1824 2156 1879 2204 et
1922 2148 2073 2204 omni
2112 2145 2341 2204 honoris
2373 2146 2745 2218 plenitudine,
2793 2148 2890 2218 qui
2934 2149 3004 2204 ad
3056 2149 3288 2204 eandem

33 2239 168 2292 vitam
203 2238 462 2310 professis
511 2240 835 2296 canonicam
859 2281 875 2306 ,
913 2248 1023 2294 tam
1053 2238 1397 2310 presentibus
1425 2254 1590 2309 quam
1643 2289 1661 2304 ,
1693 2249 1928 2298 matrem
1981 2239 2272 2296 ecclesiam
2333 2237 2582 2294 noscitur
2634 2236 2928 2308 pertinere.
2984 2237 3289 2294 Ecclesiam

35 2329 221 2396 futuris,
247 2330 512 2386 salutem.
563 2330 740 2387 Ofﬁcii
768 2332 944 2388 nostri
969 2346 1072 2388 nos
1103 2331 1381 2402 compellit
1403 2339 1595 2386 aucto-
1693 2343 1938 2406 preterea
1976 2331 2127 2388 Beati
2163 2329 2360 2387 Lazari
2393 2345 2520 2386 cum
2557 2329 2819 2392 omnibus
2845 2327 3011 2402 [suis]
3048 2329 3092 2361 ³⁸
3121 2329 3288 2398 perti-

34 2419 142 2474 ritas
199 2421 628 2478 commissarum
692 2421 852 2478 nobis
910 2421 1220 2478 animarum
1283 2430 1593 2479 vestrarum
1693 2425 1896 2484 nentiis
1941 2433 1996 2482 et
2033 2431 2281 2497 quatuor
2333 2422 2628 2490 casalibus,
2659 2420 2988 2488 Benahatie,
3037 2419 3279 2488 Benena-

33 2510 168 2566 lueris
194 2520 245 2566 et
271 2511 620 2582 profectibus
649 2513 938 2582 insudare,
971 2523 1026 2570 et
1049 2513 1118 2570 ad
1149 2514 1460 2571 communis
1485 2514 1596 2570 vite
1692 2517 1844 2585 beth,
1870 2515 2168 2589 Ragabam,
2190 2515 2394 2584 Roma,
2424 2530 2532 2586 que
2557 2515 2627 2571 ab
2650 2513 2845 2571 eodem
2871 2529 3004 2586 rege-
3019 2512 3289 2570 Balduino

35 2611 178 2658 vestre
204 2605 668 2661 sustentacionem
710 2615 936 2676 paterne
975 2607 1132 2662 vobis
1159 2621 1292 2663 cura
1322 2607 1592 2664 sollieitu-
1695 2608 2001 2681 Sepulchro
2037 2606 2258 2666 Domini
2307 2605 2481 2662 fuisse
2526 2605 2726 2666 tradita
2754 2621 2820 2661 ex
2853 2605 2974 2660 eius
3003 2603 3288 2675 privilegio

35 2693 148 2750 dinis
172 2696 476 2766 providere.
525 2695 585 2753 Si
625 2699 770 2754 enim
802 2699 1086 2755 commissi
1117 2699 1276 2755 nobis
1310 2699 1595 2770 regiminis
1693 2701 2153 2772 comprobantur,
2204 2697 2324 2770 pari
2361 2697 2522 2754 vobis
2552 2697 2718 2753 modo
2745 2695 3132 2762 concedimus,
3161 2703 3217 2751 et
3240 2693 3285 2726 ⁸⁷

38 2787 183 2843 debito
205 2789 462 2848 ecclesias
501 2791 645 2846 intra
691 2792 1094 2862 patriarchatus
1121 2792 1296 2848 nostri
1325 2792 1593 2849 terminos
1691 2794 1926 2850 villanos
1957 2809 2086 2850 cum
2112 2792 2231 2850 suis
2264 2789 2511 2858 familiis,
2543 2789 2639 2860 qui
2667 2788 2916 2845 eiusdem
2957 2787 3101 2859 regis
3137 2787 3287 2842 dono

37 2881 315 2939 constitutas
334 2892 388 2940 et
417 2899 618 2940 earum
647 2885 789 2940 filios
817 2870 956 2940 tueri
980 2884 1242 2940 debemus
1273 2891 1437 2954 atque
1469 2883 1594 2939 dili-
1690 2886 1850 2943 vobis
1879 2901 1977 2957 per
1999 2884 2228 2942 eandem
2258 2882 2454 2954 scripti
2478 2881 2566 2938 sui
2589 2881 2843 2959 paginam
2863 2879 3284 2954 contraduntur.

40 2989 154 3043 gere,
172 2990 296 3043 vos,
324 2977 420 3049 qui
445 2985 528 3033 ut
570 2975 1021 3049 spcti[a]liores”
1040 2976 1138 3032 filii
1161 2976 1322 3032 nobis
1354 2975 1592 3032 vicinius
1692 2977 1770 3035 De
1799 2980 2021 3050 proprio
2057 2993 2279 3050 quoque
2317 2984 2510 3033 nostro
2530 2972 2837 3034 ecclesiam
2867 2971 3217 3039 Quarenteue
3238 2970 3286 3020 ⁸³

38 3064 266 3123 adheretis
303 3075 356 3125 et
397 3083 647 3141 quorum
689 3069 850 3124 nobis
884 3067 1218 3124 omnimodis
1259 3083 1392 3123 cura
1438 3082 1592 3124 com-
1690 3071 1848 3128 vobis
1893 3070 2148 3140 deinceps
2192 3065 2582 3140 possidendam
2631 3063 2932 3138 adicimus;
2981 3077 3296 3132 omnesque

39 3155 174 3213 missa
219 3163 326 3228 est,
369 3161 582 3232 equius
631 3159 940 3215 iudicamus
994 3160 1048 3214 in
1099 3159 1348 3215 tuitionis
1397 3168 1589 3216 nostre
1614 3203 1659 3232 η
1691 3161 1888 3220 furnos
1921 3161 2215 3218 Ierusalem
2255 3161 2324 3229 ³⁹,·
2367 3174 2511 3231 quos
2556 3173 2627 3213 ex
2671 3153 2980 3218 venerande
3023 3153 3286 3210 memorie

40 3251 207 3311 gremio
232 3253 545 3320 confovere,
570 3261 630 3308 ut
653 3260 806 3308 tanto
822 3252 1048 3309 liberius
1080 3251 1135 3307 in
1163 3252 1396 3308 ecclesia
1416 3269 1584 3324 quam
1615 3246 1660 3266 “
1691 3255 1850 3312 ducis
1874 3253 2158 3312 Godofridi
2179 3253 2224 3286 ⁸ο
2249 3253 2398 3309 dono
2428 3250 2664 3318 habetis,
2685 3258 2874 3312 vestra
2895 3247 3002 3304 iuri
3025 3246 3285 3316 deinceps

40 3339 322 3416 Redemptor
348 3356 544 3405 noster
572 3347 850 3418 passionis
873 3361 972 3403 sue
993 3345 1302 3402 humilitate
1328 3354 1382 3402 et
1411 3347 1590 3403 resur-
1689 3346 2092 3420 mancipamus,
2119 3343 2361 3414 exceptis
2393 3341 2590 3407 tribus,
2626 3355 2864 3411 quorum
2893 3339 3007 3404 duo
3039 3338 3283 3394 necessi-

41 3437 254 3495 rectionis
292 3441 469 3512 gloria
510 3440 825 3507 illustravit,
857 3437 1115 3495 exhibere
1149 3439 1374 3510 possitis
1407 3439 1586 3496 eidem
1687 3439 1786 3495 tati
1815 3452 2117 3508 pauperum
2154 3433 2453 3504 Hospitalis
2481 3431 2802 3488 deserviunt
2834 3439 2889 3486 et
2913 3429 3282 3494 subiciuntur,
3353 3469 3356 3474 .

41 3522 337 3600 Redemptori
391 3533 816 3606 devotissimo"
873 3531 1174 3587 famulatus
1222 3532 1546 3603 obsequium
1568 3574 1585 3600 ,
1691 3529 1895 3584 tercius
1915 3542 2046 3582 vero
2069 3523 2299 3581 ccelesie
2329 3523 2528 3578 Sancte
2549 3521 2721 3576 Marie
2751 3519 2944 3592 Latine
2972 3519 3166 3574 usibus
3195 3518 3286 3582 dc-

40 3630 208 3687 quanto
256 3623 310 3680 in
360 3625 844 3681 administratione
895 3624 1280 3697 temporalium
1326 3623 1586 3680 nostrum
1688 3629 1934 3693 putatur.
1973 3618 2167 3674 Omnia
2195 3618 2360 3673 etiam
2386 3614 2612 3682 casalia,
2640 3628 2749 3684 que
2775 3612 2920 3668 idem
2954 3610 3283 3666 venerabilis

41 3710 245 3771 ﬁlialitati
301 3727 490 3774 vestre
531 3716 778 3773 videritis
838 3731 952 3772 non
1005 3716 1196 3772 deesse
1241 3715 1582 3786 suffragium.
1687 3714 1800 3771 dux
1837 3710 2168 3770 Godofridus
2199 3708 2244 3741 “
2292 3705 2523 3767 ecclesie
2573 3703 2857 3760 Dominice
2882 3701 3278 3770 Resurrextio-

42 3800 402 3870 Predecessoris
452 3812 640 3883 itaque
696 3810 872 3866 nostri
923 3811 1014 3881 pie
1066 3810 1349 3876 memorie,
1398 3810 1586 3866 domui
1687 3809 1775 3862 nis
1797 3807 1842 3838 δ’
1883 3801 2189 3868 concessit,
2227 3799 2386 3856 vobis
2427 3797 2596 3854 libere
2637 3797 2694 3851 in
2731 3803 3056 3867 perpetuum
3096 3794 3277 3865 possi-

40 3897 208 3956 Arnulli
238 3905 569 3974 patriarche,
602 3904 876 3972 instituta,
906 3920 1015 3976 que
1043 3912 1097 3960 et
1126 3903 1427 3974 apostolice
1457 3919 1588 3958 auc-
1687 3899 1863 3956 denda
1899 3895 2282 3960 decernimus,
2323 3890 2465 3949 sicut
2506 3891 2562 3945 in
2596 3888 2793 3961 prefati
2839 3888 2982 3960 regis
3023 3885 3281 3942 Balduini

42 3989 234 4050 Ioritatis
258 3997 543 4068 privilegio
573 4005 702 4053 sunt
727 4005 781 4052 et
815 3995 1236 4052 confirmatione
1263 3993 1582 4061 sanctita'”,
1686 3991 1972 4064 privilegio
2019 3987 2394 4044 continentur.
2456 3983 2596 4040 Huic
2655 3991 2840 4039 nostre
2901 3977 3282 4046 concessionis

40 4078 106 4145 pia
140 4085 374 4144 aviditate
417 4095 733 4159 sequentes,
765 4101 1111 4158 quecumque
1138 4086 1195 4140 in
1217 4085 1448 4142 ecclesia
1484 4085 1584 4139 Se-
1685 4083 1902 4142 muneri
1928 4090 2166 4152 quatuor
2198 4078 2424 4146 casalia,
2461 4076 2601 4134 Gath
2625 4077 2690 4144 ι’,
2741 4074 3088 4146 Capharruth
3143 4071 3280 4128 Cre-

42 4171 178 4237 pulcri
198 4175 438 4248 Domini,
468 4180 557 4236 cui
581 4187 804 4236 auctore
833 4179 945 4234 Deo
968 4194 1117 4234 nunc
1146 4193 1364 4249 preesse
1393 4177 1584 4233 dinos-
1684 4169 1890 4244 fesilta,
1911 4173 2236 4246 ‘Porpbiria,
2280 4187 2407 4230 cum
2451 4169 2569 4227 suis
2609 4168 2950 4242 appendiciis
2985 4181 3280 4224 censemus

42 4261 250 4335 timur",
279 4271 342 4326 de
394 4270 731 4344 regularium
775 4271 1165 4327 canonicorum
1199 4283 1302 4326 suo
1341 4277 1585 4339 tempore
1685 4270 2017 4343 adiungere,
2050 4283 2158 4340 que
2194 4282 2262 4323 ex
2311 4265 2458 4322 dono
2495 4273 2552 4322 et
2580 4263 2940 4322 concessione
2988 4261 3178 4319 fratris
3224 4271 3279 4318 et

44 4356 416 4418 constitutorum
449 4372 546 4418 aut
584 4363 1093 4419 constituendorum
1124 4362 1269 4418 victu
1299 4371 1354 4418 et
1383 4361 1583 4418 vestitu
1685 4361 1993 4434 coepiscopi
2046 4359 2222 4418 nostri
2281 4358 2500 4432 Bogerii
2523 4401 2538 4426 ,
2599 4357 2987 4414 Ramatbensis
3034 4356 3278 4427 episc0pi

45 4443 134 4498 zelo
153 4446 233 4504 Dei
257 4463 308 4509 et
331 4455 644 4510 honestatis
679 4455 852 4527 gratia
881 4454 1190 4521 ordinavit,
1215 4463 1270 4508 et
1303 4454 1358 4508 in
1382 4467 1578 4524 perpe-
1683 4457 1827 4514 iuste
1859 4457 1915 4510 in
1952 4453 2355 4526 presentiarum
2401 4450 2849 4508 disnoscimini“
2869 4450 3172 4521 possidere.
3210 4447 3278 4503 Et

45 4541 164 4594 tuum
190 4543 424 4603 habenda
474 4547 742 4619 privilegii
784 4548 872 4604 sui
911 4547 1268 4618 inscriptione
1315 4547 1577 4614 firmavit,
1609 4545 1658 4618 ι)
1685 4558 1746 4605 ut
1770 4558 1966 4605 cuncta
1993 4547 2232 4604 breviter
2255 4545 2670 4612 concludamus,
2713 4559 2824 4598 non
2869 4543 3047 4598 solum
3067 4553 3139 4597 'ea
3168 4557 3277 4610 que

43 4641 120 4684 "05
143 4649 336 4710 quoque
370 4641 494 4707 tibi,
546 4641 623 4696 fili
647 4640 829 4709 Petre,
869 4658 935 4699 ac
980 4633 1258 4697 fratribus
1283 4640 1424 4707 tuis,
1462 4649 1576 4696 tam
1682 4640 1825 4697 infra
1856 4640 2258 4712 patriarchatus
2283 4637 2459 4693 nostri
2490 4647 2664 4692 metas
2690 4635 2850 4691 vobis
2879 4634 3054 4706 gratia
3089 4632 3274 4688 divina

46 4729 336 4788 presentibus
405 4749 571 4803 quam
642 4732 864 4802 futuris,
919 4735 1089 4789 libere
1138 4734 1192 4788 in
1253 4741 1577 4804 perpetuum
1680 4731 1972 4798 concessit,
2001 4745 2194 4786 verum
2222 4729 2386 4784 etiam
2415 4741 2764 4798 quecumque
2805 4725 2942 4795 citra
2989 4739 3139 4778 mare
3178 4734 3275 4780 aut

42 4815 313 4879 possidenda
327 4825 1244 4893 concedimus,ct,utsufﬁcientius
1268 4828 1578 4883 necessaria
1678 4827 1824 4882 ultra
1853 4839 2004 4880 mare.
2049 4822 2364 4894 possidetis,
2414 4829 2510 4876 aut
2540 4821 2596 4874 in
2637 4817 2883 4884 futurum
2913 4815 3273 4873 concessione

45 4898 259 4979 habeatis,
304 4917 385 4973 eis
427 4919 695 4990 ampliora
731 4915 1286 4991 adicimus.’Dignum
1319 4928 1404 4975 est
1427 4920 1572 4974 enim
1678 4917 2032 4991 pontificum,
2049 4915 2194 4971 dono
2222 4929 2410 4986 regum
2443 4928 2508 4968 ac
2529 4911 2860 4982 principum,
2881 4909 3010 4965 sive
3039 4908 3273 4966 oblatio.-

44 5001 196 5084 “bqui
217 5019 390 5066 nostra
417 5013 673 5068 volumus
707 5014 954 5069 instituta
983 5014 1211 5080 servari,
1235 5014 1355 5083 pios
1383 5013 1575 5084 prevle-
1681 5010 1845 5064 nibus
1877 5007 2114 5063 fidelium
2153 5006 2296 5062 iuste
2323 5003 2574 5075 poteritis
2603 5000 2854 5071 adipisci,
2901 4999 3050 5056 salva
3083 4999 3269 5056 dioce-

44 5096 272 5153 cessorum
289 5112 600 5159 nostrorum
617 5114 836 5161 actuset
857 5105 1248 5176 dispositiones
1264 5123 1372 5160 non
1394 5106 1572 5162 solum
1680 5120 1940 5162 sanorum
1976 5103 2356 5174 episc0porum
2400 5096 2704 5154 reverentia
2729 5138 2743 5161 ,
2791 5093 2896 5148 iuri
2929 5102 3111 5149 vestro
3148 5109 3270 5163 per-

47 5186 127 5271 llon
167 5182 459 5264 infringere,
503 5197 597 5252 sed
625 5198 787 5252 etiam
811 5239 826 5264 ,
851 5197 905 5251 in
935 5211 1045 5268 quo
1079 5213 1376 5268 possumus
1395 5241 1410 5264 ,
1452 5199 1573 5254 stu-
1679 5199 1968 5271 petualiter
1998 5196 2306 5261 subdimus,
2336 5193 2409 5248 ita
2436 5201 2496 5246 ut
2523 5191 2579 5246 in
2609 5189 2866 5245 omnibus
2887 5187 3268 5260 patriarcltalis

44 5262 225 5333 deimus
249 5262 572 5342 omnimodis
610 5262 836 5344 imitari.
873 5262 1133 5344 omnium
1178 5304 1308 5361 ergo
1339 5262 1574 5347 oblatio-
1678 5262 1978 5361 dignitatis,
2010 5289 2098 5343 ius
2127 5300 2350 5358 quoque
2373 5299 2438 5339 ac
2465 5281 2770 5338 reverentia
2791 5287 3166 5335 conservetur.
3199 5277 3266 5334 Ut

47 5370 168 5435 "um.
208 5389 300 5444 que
345 5377 412 5434 ad
457 5379 781 5451 Sepulcrum
831 5379 1048 5436 Domini
1082 5379 1432 5453 pertinebunt
1479 5392 1576 5438 aut
1663 5393 1860 5438 autem
1889 5383 1992 5437 hec
2019 5379 2206 5436 omnia
2233 5377 2393 5434 vobis
2432 5375 2644 5447 integra
2683 5373 3002 5443 illibataque
3038 5386 3263 5432 serven-

48 5611 74 5662 ά
97 5543 132 5577 ’⁸
163 5551 216 5635 ᾼ,
233 5556 274 5640 r
299 5560 386 5630 es,
434 5573 520 5631 τος
555 5563 617 5630 B,
644 5563 684 5618 ro
713 5565 807 5631 es,
834 5574 906 5621 r°.
983 5563 1031 5598 ιο
1052 5563 1114 5626 Β,
1145 5560 1281 5618 Item
1313 5560 1554 5635 privilegi

73 5630 312 5662 ambrum:
334 5651 344 5662 .
378 5633 414 5662 D
464 5636 634 5662 ,δμωαὶ
731 5636 776 5662 an
801 5635 840 5662 I')
890 5636 1124 5662 -,...--;ι,..
1221 5635 1261 5662 It
1294 5634 1446 5662 ινηηη
1475 5634 1545 5662 “'1

1762 5562 1806 5594 ’⁷
1831 5566 1890 5627 Β,
1913 5556 2264 5615 Hierusalem.
2353 5557 2402 5592 ’⁸
2422 5555 2484 5623 Β,
2512 5552 2868 5627 specialiores.
2938 5551 2985 5585 ¹⁹
3006 5551 3262 5622 Corrigez

1755 5641 1782 5662 ,ο
1820 5631 2035 5662 ..Αιιςηιςη
2064 5631 2198 5662 deum
2239 5629 2268 5662 Δ
2304 5628 2466 5662 Αἰιηο
2493 5626 2650 5662 fonnn
2687 5621 3216 5662 innnmnréhpncihln
3243 5641 3258 5653 ο

73 5623 312 5714 ξ’ίίξξξξδίηπὲ
328 5651 344 5698 ;
374 5621 436 5702 B,
460 5621 655 5714 devoti.
731 5636 776 5714 ξο
796 5621 862 5704 B,
886 5621 1156 5714 sanccite.
1221 5635 1261 5714 ξ
1293 5621 1674 5714 άρςιεφξῇιηξθ
1695 5641 1783 5714 est
1810 5621 2035 5714 redigée
2061 5631 2200 5714 dans
2231 5629 2276 5682 A
2303 5621 2651 5714 d‘unificon
2687 5621 3258 5714 incomprél‘lfgsib'lf‘:

49 5696 306 5768 quaminiqua
322 5689 521 5774 preesse
541 5689 869 5769 disnocimttr
890 5689 944 5761 in
970 5689 1192 5760 ecclesia
1216 5702 1458 5775 Sepulcrt'
1479 5689 1556 5757 ³1)(

52 5762 249 5822 "mem.
317 5775 358 5806 “
388 5775 449 5831 Β.
483 5775 832 5831 Iherusalem.
903 5778 948 5810 ³⁵
971 5775 1034 5831 Β.
1061 5777 1380 5831 sanccimus.
1458 5775 1504 5807 "
1528 5774 1556 5830 ε

1754 5704 1820 5757 ηιξ
1848 5689 2065 5756 ααᾶονθ
2102 5700 2210 5754 Deo
2241 5716 2396 5764 nunc.
2441 5698 2487 5731 δ’
2513 5689 2910 5751 Βέαηοεὶιηαᾶ.
2980 5692 3025 5724 ³³
3047 5690 3107 5756 Β,
3140 5689 3261 5746 Ihe-

1754 5775 1765 5830 i
1795 5772 2010 5831 d’anrés
2041 5771 2100 5826 Β.
2175 5771 2218 5803 δ’
2247 5769 2393 5826 Dans
2417 5769 2465 5826 Α
2484 5768 2522 5824 il
2549 5783 2626 5831 va
2653 5775 2732 5821 ut.
2807 5763 2854 5797 ³⁸
2877 5763 2934 5828 Β,
2959 5759 3259 5827 Quarante-

53 5784 249 5822 ι-δαιρηι.
317 5784 358 5806 ’τ’
388 5784 449 5842 Β,
483 5784 832 5832 lheruaalem.
903 5784 948 5810 "
973 5784 1034 5842 Β,
1061 5784 1380 5831 sancct‘mus.
1458 5784 1504 5807 "
1528 5784 1557 5830 ξ

50 5834 110 5880 ⁸⁸·
157 5833 627 5910 ³⁹Β,11ιενηεαιεηι.
687 5850 732 5881 ἰθ
754 5847 1132 5920 B,Godefridt'.
1186 5847 1227 5880 “
1253 5846 1313 5916 Β,
1339 5844 1554 5917 Godefri

1748 5784 1765 5830 Ξ
1795 5784 2010 5845 d'apres
2041 5784 2100 5826 I5.
2175 5784 2214 5803 ‘"
2247 5784 2393 5826 uans
2417 5784 2522 5826 All
2596 5784 2626 5822 a
2653 5784 2732 5821 tu.
2807 5784 2854 5797 *ν
2877 5784 3255 5845 “agunturet.th-

1748 5849 1779 5878 ’³
1803 5845 1863 5916 Β,
1886 5841 2322 5902 Resurrectiom‘s.
2394 5841 2440 5875 “
2458 5839 2520 5911 Β,
2547 5784 2692 5896 {litin
2748 5836 2795 5878 ⁸³
2817 5834 3255 5906 B,dmoactmtm'.
