3816 6306
5 425 76 480 l2!
969 417 1420 476 CARTULAIRE
1454 415 1544 474 DU
1583 414 1790 472 SAINT
1827 415 2214 476 SEPULCRE.
3115 421 3256 478 H22

5 552 164 609 usque
196 535 250 571 "
285 545 614 593 conventus
655 533 1004 591 Sanctissimi
1052 533 1302 607 Sepulcri
1351 541 1560 590 cetero-
1589 539 1636 595 Α
1666 530 1928 588 Sanctum
1962 531 2234 588 Lazarum
2258 531 2489 591 villanos
2515 549 2641 591 cum
2673 534 2915 603 familiis,
2946 551 3088 608 quos
3117 536 3259 594 San-

6 642 180 699 imque
198 627 592 698 probabilium
613 629 835 682 testium
863 627 1290 698 subscriptione,
1323 640 1470 682 anno
1494 625 1565 680 ab
1666 631 1756 679 cto
1783 623 2044 695 Sepulcro
2073 625 2270 681 tradidi
2295 644 2310 692 ;
2343 635 2396 682 et
2423 635 2663 698 quatuor
2687 629 2891 686 casalia
2919 645 3085 701 supra
3119 629 3261 686 Sun:-

5 718 332 773 scamatione
383 717 618 772 Domini
659 716 834 772 nostri
868 715 1028 772 lhesu
1063 716 1272 772 Christi
1300 731 1562 783 ucxxxvt,
1666 723 1814 772 ctum
1841 715 2133 784 Lazarum,
2163 733 2400 788 quorum
2429 719 2654 776 nomina
2697 729 2829 776 sunt
2857 721 2978 789 hcc,
3005 720 3258 778 Beneha-

5 819 136 879 pacta
157 823 252 876 xv,
292 809 614 870 indictione
642 824 753 862 xxv.
780 805 955 863 Huius
984 808 1062 863 rei
1092 816 1256 863 testes
1285 817 1415 863 sunt
1441 826 1454 862 :
1666 807 1760 873 tie,
1793 806 2164 878 Benehabeth,
2193 808 2495 881 Ragabam,
2527 810 2731 880 Roma;
2779 821 2836 868 et
2882 813 2939 868 in
2981 814 3259 871 territorio

93 901 394 973 Rogerius,
430 901 744 974 Lyddensis
765 901 1078 972 episcopus.
1108 900 1426 966 Anselmus,
1461 899 1566 956 Be-
1664 897 1921 970 Neapolis
1970 900 2117 956 mille
2147 901 2360 958 modios
2404 902 2570 959 tritici
2614 919 2947 976 unoquoque
2972 919 3160 974 anno;
3204 912 3265 962 et

160 992 368 1048 thleem
395 995 719 1064 episcopus.
743 993 962 1059 Petrus,
995 994 1147 1064 prior
1174 992 1421 1065 Sepulcri
1453 991 1564 1048 Do-
1667 993 1948 1050 dimidiam
1977 1004 2184 1067 partem
2216 996 2361 1052 illius
2389 998 2760 1068 possessionis
2785 1014 2950 1070 quam
2972 997 3097 1054 dedi
3127 995 3264 1053 San-

163 1084 326 1140 mini.
375 1086 706 1154 Achardus,
736 1085 888 1158 prior
915 1083 1128 1156 Templi
1167 1084 1406 1140 Domini.
1456 1083 1564 1138 Ar-
1667 1096 1756 1142 cto
1783 1085 2048 1158 Sepulcro
2067 1103 2167 1158 pro
2191 1090 2502 1144 excambitu
2527 1091 2876 1161 episcopatus
2887 1089 3264 1164 Bethle[e]mi-

157 1178 374 1234 nardus
430 1179 518 1246 ⁷⁸,
572 1180 724 1250 prior
772 1177 972 1234 Montis
1035 1176 1208 1250 Syon.
1271 1175 1562 1243 Henricus,
1667 1180 1784 1236 tici.
1817 1179 1885 1234 Et
1911 1189 1973 1235 ut
2016 1197 2136 1236 mea
2185 1181 2332 1253 regia
2380 1184 2657 1255 prcceptio
2705 1182 2910 1239 nostris
2951 1183 3264 1255 futurisque

155 1269 309 1340 prior
337 1269 556 1327 Montis
582 1269 797 1327 Oliveti.
831 1269 1131 1338 Robertus,
1177 1269 1351 1325 abbas
1395 1267 1565 1323 Vallis
1667 1275 2006 1344 temporibus
2051 1275 2361 1331 ﬁrmitatem
2389 1277 2653 1345 obtineat,
2684 1278 2850 1334 huius
2876 1277 3144 1351 privilegii
3168 1280 3266 1335 ﬂr-

137 1359 460 1431 Qosaphat.
509 1361 873 1431 Soibrandus,
922 1361 1094 1418 abbas
1146 1359 1345 1417 Sancte
1397 1359 1566 1415 Marie
1668 1372 2006 1420 mamentum
2035 1365 2360 1422 auctoritate
2389 1381 2509 1421 mea
2530 1368 2755 1435 robore,
2785 1383 2953 1422 manu
2980 1383 3102 1423 mea
3131 1369 3266 1424 sub-

163 1450 386 1508 Latinc.
1667 1457 2041 1525 ter-conﬁrmo,
2070 1457 2248 1528 sigillo
2278 1473 2401 1514 meo
2430 1459 2631 1530 sigillo,
2664 1468 2724 1514 ut
2751 1469 2939 1516 sancte
2966 1476 3266 1532 congrega-

96 1543 168 1598 Dc
219 1552 517 1599 conventu
573 1542 761 1600 Sancti
819 1543 1087 1616 Sepulcri.
1163 1543 1412 1600 Domnus
1469 1544 1567 1598 Ri-
1669 1551 1807 1605 tioni
1852 1550 2027 1620 ipsius
2056 1550 2287 1606 ecclesie
2331 1549 2560 1606 ﬁrmiter
2603 1559 2658 1606 et
2695 1551 3081 1608 inviolabiliter
3103 1552 3266 1608 liceat

159 1634 410 1692 chardus
438 1636 516 1690 ⁷⁸.
549 1635 744 1692 Petrus
771 1635 1260 1692 Barchinonensis.
1290 1635 1567 1693 Robertus
1667 1643 1772 1698 Lee
1817 1641 2003 1696 omnia
2051 1641 2334 1712 possidere
2359 1641 2478 1697 iure
2521 1643 2811 1714 perhenni.
2843 1641 2902 1698 Si
2931 1643 3056 1712 quis
3079 1649 3265 1698 autent

161 1719 579 1778 Arthasicnsis.
654 1721 951 1778 Gaul'ridus
1005 1721 1568 1793 Constantinopolita-

1767 1734 2180 1791 successoribus
2210 1733 2368 1800 meis,
2415 1733 2532 1790 sive
2580 1734 2636 1788 in
2679 1733 2915 1789 clericali
2943 1733 3059 1789 sive
3087 1733 3140 1787 in
3164 1730 3267 1787 lai-

164 1826 292 1868 nus.
343 1814 686 1882 Anselmus,
733 1823 1042 1885 precentor.
1087 1813 1358 1870 Radulfus
1410 1814 1568 1870 Pari-
1600 1879 1641 1892 _
1671 1825 1774 1881 cali
1803 1824 1994 1879 vivens
2038 1822 2374 1890 ordinavi",
2403 1831 2594 1879 contra
2644 1823 2788 1878 hanc
2830 1837 3009 1877 meam
3055 1821 3269 1892 regiam

165 1904 393 1961 siensis.
445 1905 650 1963 Petrus
671 1879 974 1962 'Bernardi.
1009 1906 1332 1962 Garnerius.
1365 1906 1570 1963 Geber—
1600 1879 1644 1938 Β
1673 1913 2078 1969 institutionem
2109 1921 2274 1982 atque
2303 1879 2608 1978 decretum,
2640 1911 2786 1982 quod
2818 1910 2994 1966 absit!
3038 1879 3268 1980 irevpre-

163 2006 252 2052 tus
274 1999 344 2052 ⁷⁷.
374 1997 682 2056 Robertus.
707 1999 1035 2056 Willelmus.
1067 2000 1370 2072 ngrinus.
1405 1999 1571 2054 Lam-
1669 2005 1967 2076 sumpserit
1994 2014 2050 2060 et
2075 2003 2374 2077 infringere
2400 2012 2634 2060 conatus
2663 2002 2847 2070 fuerit,
2878 2010 2932 2057 et
2959 2001 3027 2057 de
3053 2001 3267 2056 consti-

170 2089 384 2147 bertus.
414 2090 557 2148 Item
581 2091 927 2148 Lambertus.
947 2091 1300 2147 Godofridus.
1326 2091 1563 2163 Moyses.
1669 2105 1785 2152 tuta
1814 2095 2206 2152 canonicorum
2231 2095 2504 2165 prehenda
2528 2094 2735 2165 aliquid
2757 2092 3096 2158 diminuerit,
3119 2107 3268 2162 eam,

164 2179 468 2254 Roget-ius.
522 2182 964 2240 Bartholomeus.
1022 2183 1338 2240 Gervasius.
1381 2183 1542 2240 Geral
1667 2203 1776 2258 que
1802 2186 2085 2257 sacrilegis
2125 2185 2374 2252 debetur,
2417 2200 2616 2256 penam
2659 2185 2715 2240 in
2738 2192 2992 2239 eternum
3021 2182 3264 2251 sentiat;

170 2271 294 2328 dus.
324 2272 644 2331 Eurardus.
675 2273 973 2330 Dionisius.
1004 2277 1008 2281 ’
1668 2280 1846 2352 gratia
1886 2287 2070 2334 autem
2115 2285 2172 2334 et
2210 2293 2315 2348 pax
2361 2294 2394 2334 a
2426 2277 2540 2333 Deo
2559 2277 2721 2333 Patre
2741 2286 2794 2332 et
2816 2275 3053 2332 Domino
3073 2283 3268 2332 nostro

642 2363 817 2419 XXIX
857 2365 926 2420 ⁷⁸.
1669 2370 1831 2427 lbesu
1853 2371 2078 2425 Christo
2103 2369 2362 2426 omnibus
2412 2378 2602 2426 sancte
2643 2369 2877 2425 ecclesie
2922 2369 3044 2423 iura
3066 2367 3270 2424 tuenti-

50 2453 380 2526 Conﬁrmatio
409 2459 561 2530 regis
599 2457 859 2514 Balduini
891 2459 1053 2529 primi
1084 2458 1148 2514 de
1176 2457 1440 2524 omnibus,
1470 2474 1571 2530 que
1669 2463 1797 2530 bus,
1839 2462 2126 2519 canonicis
2169 2477 2392 2535 quoque
2429 2462 2608 2518 eidem
2627 2461 2858 2541 ecclesie
2879 2459 3264 2518 servientibus.

5 2543 84 2598 tux
111 2545 427 2618 Godefridus
469 2550 687 2604 ecclesie
733 2547 966 2622 [Sancti]
1015 2547 1259 2619 Sepulcri
1295 2549 1570 2605 contulit:
1668 2555 1864 2614 Amen.

5 2635 199 2692 uidelicet
219 2639 497 2694 casalium
521 2657 638 2709 xxi,
659 2656 885 2712 quorum
911 2641 1128 2694 nomina
1157 2641 1243 2694 hic
1268 2641 1572 2712 subscripta
2357 2664 2508 2720 XXX
2519 2667 2589 2720 ea.

5 2735 115 2816 sim"
157 2737 205 2782 ⁸⁸
253 2729 550 2800 [umorum
609 2729 927 2799 Ierusalem
967 2739 1018 2786 εί
1061 2731 1380 2786 “umorum
1428 2733 1571 2804 apud
1670 2773 2016 2816 mmmam
2037 2756 2086 2791 "
2129 2772 2381 2813 saccum
2439 2771 2597 2812 necis
2649 2771 2874 2812 saeuum
2938 2771 3007 2812 ne
3058 2769 3244 2812 casm

5 2815 220 2873 Sanctum
256 2820 540 2878 Lazarum
567 2839 688 2877 cum
714 2823 940 2894 [anniliis
968 2824 1104 2890 suis,
1135 2833 1186 2878 et
1216 2840 1271 2879 1v
1305 2825 1571 2880 casalium
1673 2815 1711 2816 ᾗ
1746 2815 1781 2816 ﬂ
2115 2845 2254 2894 quon
2298 2845 2398 2884 εει·
2443 2844 2580 2883 nun
2627 2843 2828 2882 "non.

5 2925 130 2978 super
147 2911 394 2970 Sam-tum
417 2915 718 2984 Lazarum,
741 2925 792 2970 et
817 2914 964 2970 mille
989 2915 1290 2971 modiorum
1321 2918 1492 2972 tritici
1515 2919 1574 2973 in
1739 2923 1801 2978 In
1823 2923 2046 2978 nomine
2067 2930 2256 2978 sancte
2277 2928 2332 2976 et
2364 2919 2643 2976 individue
2679 2918 2970 2975 Trinitatis
3008 2915 3190 2974 Patris
3214 2927 3271 2974 et
3291 2957 3295 2960 η

9 3004 238 3060 territorio
282 3007 577 3080 Neapolis,
607 3019 658 3064 et
687 3009 909 3064 dimidia
953 3011 1126 3080 partis
1155 3009 1419 3066 cambitus
1461 3014 1574 3084 epi-
1669 3013 1794 3070 Filii
1816 3023 1873 3070 et
1901 3013 2139 3085 Spiritus
2163 3011 2372 3068 Sancti.

7 3108 214 3166 scopam
233 3099 628 3158 Bethleemitici
649 3103 717 3158 "’.
1743 3100 1859 3174 Ego
1883 3100 2205 3168 Balduinus,
2232 3117 2331 3172 per
2371 3100 2468 3157 Dei
2509 3101 2740 3174 gratiam
2785 3115 2880 3156 rex
2910 3097 3271 3156 Ierusalem”

13 3224 313 3270 PRIVILEGIUI
368 3231 643 3272 ελελιιῑτκ
697 3229 770 3271 ετ
824 3229 1153 3300 υεαιιιξιῳξ.
1201 3229 1516 3274 CONCESSION

1761 3196 1994 3250 tinorum
2038 3195 2350 3262 secundus,
2392 3209 2494 3264 pro
2533 3194 2718 3249 anime
2754 3191 3120 3250 antecessoris
3158 3191 3268 3248 mei

351 3303 612 3344 BALDUINI
637 3301 794 3342 REGIS
815 3285 1082 3358 rmom[s]
1106 3286 1174 3341 ⁸ο.
1600 3285 1638 3295 “”
1671 3288 1834 3360 digne
1854 3287 2138 3355 memorie,
2165 3287 2312 3359 regis
2341 3285 2615 3355 Balduini,
2637 3288 2816 3346 salute
2841 3301 3052 3343 necnon
3073 3285 3272 3343 remis-

64 3368 116 3425 ln
139 3377 350 3434 nomine
375 3387 576 3435 sancte
605 3386 660 3434 et
687 3377 965 3434 individue
996 3375 1324 3448 Trinitatis]
1671 3379 1826 3435 sione
1849 3387 2202 3449 peccatorum
2227 3394 2480 3436 meorum
2523 3379 2580 3434 in
2604 3379 2855 3435 terminis
2877 3377 3006 3451 Tyri
3027 3379 3175 3434 dono
3213 3387 3271 3436 et

69 3459 210 3522 Decet
225 3483 439 3539 omnes,
455 3485 596 3541 quos
619 3469 688 3526 ad
711 3469 862 3542 regie
882 3469 1170 3540 potestatis
1193 3469 1571 3527 celsitudinem
1671 3471 1912 3527 concedo
1932 3471 2164 3526 ecclesie
2187 3467 2534 3526 Sanctissimi
2575 3470 2823 3540 Sepulcri
2848 3468 3068 3524 Domini
3092 3477 3148 3524 et
3169 3482 3269 3526 ca-

17 3547 165 3611 divina
181 3561 342 3630 gratia
357 3563 539 3620 voluit
574 3562 892 3629 sublimare,
915 3577 946 3616 a
971 3562 1180 3619 sanctis
1201 3562 1470 3633 iustisque
1483 3577 1574 3634 pe-
1672 3563 1888 3618 nonicis
1926 3561 2059 3617 inibi
2098 3561 2337 3633 regulari
2363 3561 2474 3616 vita
2497 3560 2610 3616 Deo
2633 3559 3018 3626 servientibus,
3042 3553 3282 3629 presen-’

20 3643 267 3707 ticionibus
301 3668 496 3710 aurem
529 3653 820 3709 clementie
859 3667 958 3708 sue
999 3667 1110 3708 non
1147 3660 1423 3720 avertere,
1474 3653 1573 3708 sed
1675 3656 1821 3710 tibus
1842 3663 1897 3708 et
1928 3653 2148 3720 futuris,
2173 3653 2357 3708 casale
2379 3651 2655 3723 quoddam
2692 3650 2917 3706 nomine
2953 3649 3153 3706 Derina
3175 3665 3274 3707 su-

19 3739 132 3794 votis
153 3743 248 3812 piis
272 3745 498 3819 Deoque
525 3746 744 3818 placitis
769 3745 1080 3813 desideriis,
1111 3753 1174 3801 ut
1215 3745 1354 3800 bene
1381 3745 1576 3815 ampli—
1673 3761 1770 3815 pra
1810 3755 2070 3814 magnum
2118 3742 2356 3810 fontem,
2401 3741 2469 3798 de
2505 3756 2617 3812 quo
2663 3741 2910 3812 procedit
2965 3740 3274 3798 conductus

23 3828 232 3903 liceatur,
263 3838 555 3912 diligenter
599 3839 974 3910 adquiescere.
1007 3837 1169 3894 Anno
1199 3838 1366 3909 igitur
1390 3838 1461 3894 ab
1489 3839 1575 3893 in-
1675 3852 1965 3908 aquarum,
2009 3851 2134 3890 cum
2173 3834 2326 3890 omni
2370 3849 2470 3890 suo
2514 3833 2790 3888 territorio
2830 3841 2886 3888 et
2920 3833 3270 3904 pertinentia,

23 3927 295 3986 cal-natione
355 3932 582 3988 Domini
637 3946 843 3999 ucnv,
915 3945 1064 3986 anno
1132 3945 1354 4002 quoque
1419 3931 1575 4002 regni
1675 3939 1901 4000 excepto
1921 3929 2030 3984 alio
2057 3927 2245 3994 casali,
2271 3927 2319 3983 si
2343 3925 2674 3998 quandoque
2695 3926 2746 3982 ei
2769 3925 3065 3993 subiacuit,
3087 3925 3274 3996 quati-

27 4015 110 4068 mei
138 4034 236 4088 xiv,
279 4024 580 4081 indictione
622 4039 721 4092 vn,
753 4031 942 4095 epacta
972 4039 1074 4092 χιι,
1118 4036 1222 4094 ego
1252 4020 1572 4090 Balduinus,
1675 4039 1782 4079 nus
1826 4022 2068 4092 predicta
2107 4019 2344 4076 ecclesia
2388 4018 2508 4074 sine
2567 4019 2718 4074 omni
2763 4016 3106 4074 calumnia"
3146 4027 3272 4073 mea

26 4117 214 4175 regnum
257 4111 758 4172 [erosolimitanum
781 4115 826 4148 “
877 4113 1244 4187 dispositione
1291 4109 1388 4168 Dei
1427 4113 1574 4184 opti-
1675 4113 2306 4184 meorumqueheredum
2330 4111 2418 4166 vel
2441 4125 2824 4167 successorum
2847 4109 3046 4166 habeat
3067 4117 3275 4183 etpos-

30 4208 154 4267 nens,
195 4217 224 4259 a
268 4208 579 4276 patriarcha
607 4207 782 4279 ipsius
828 4216 1019 4264 sancte
1069 4205 1313 4264 civitatis
1362 4203 1577 4262 lerusa-
1678 4208 1852 4265 sideat
1877 4205 2008 4262 illud
2030 4205 2150 4260 iure
2168 4211 2428 4276 perpetue
2449 4203 2800 4270 hereditatis;
2833 4209 3078 4274 preterea
3103 4203 3273 4259 simili

31 4283 177 4358 lem",
208 4299 499 4354 venerabili
535 4297 790 4367 Arnull‘o,
822 4307 879 4354 et
902 4314 934 4353 a
963 4306 1077 4354 toto
1105 4307 1376 4354 conventu
1407 4311 1578 4353 cano—
1678 4300 1843 4356 modo
1865 4300 2082 4353 hortum
2100 4294 2168 4363 ",
2192 4297 2286 4367 qui
2310 4293 2494 4368 [estt']
2531 4295 2674 4350 inter
2695 4309 2919 4350 murum
2939 4302 2996 4350 et
3017 4302 3273 4350 antemu-

34 4379 237 4445 nieorum
261 4393 490 4450 ecclesie
515 4393 703 4451 Sancti
747 4393 998 4466 Sepulcri
1045 4405 1269 4466 rogatus
1289 4435 1306 4464 ,
1353 4394 1480 4450 volo
1524 4401 1579 4448 et
1678 4393 1792 4449 rale
1821 4392 2064 4448 eiusdem
2102 4390 2358 4456 civitatis,
2383 4403 2451 4444 ex
2477 4396 2632 4460 parte
2657 4388 2861 4456 maris;
2899 4388 2954 4443 in
2975 4387 3274 4444 contermi-

35 4480 232 4536 δουρεᾶο
257 4499 348 4555 per
388 4487 558 4543 huius
602 4487 916 4559 scriptionis
957 4486 1240 4542 decretum
1285 4495 1366 4553 ut,
1413 4485 1576 4556 quid-
1679 4483 1768 4539 nis
1809 4497 1939 4538 vero
1977 4481 2152 4551 ipsius
2193 4479 2392 4536 casalis
2433 4478 2755 4550 supradicti,
2799 4479 2945 4535 circa
2987 4487 3273 4546 montana,

38 4566 189 4631 quid"
215 4575 398 4634 ducem
430 4577 806 4648 Godefridum,
839 4579 1284 4651 predecessorem
1316 4593 1500 4633 meum
1525 4583 1580 4632 et
1609 4589 1655 4646 ι)
1682 4582 1894 4630 tantum
1923 4583 2099 4640 terre,
2141 4579 2409 4642 quantum
2455 4579 2695 4641 quatuor
2733 4567 2889 4640 paria
2913 4569 3082 4624 boum
3114 4578 3273 4638 pote-

39 4652 240 4734 fratrem,
263 4669 435 4728 eidem
481 4672 711 4729 ecclesie
751 4672 971 4729 dedisse
1015 4671 1266 4743 cognovi,
1319 4669 1582 4726 inviolata
1679 4676 1811 4725 runt
1851 4667 2101 4723 excolere
2143 4666 2212 4720 de
2241 4679 2388 4719 anno
2408 4664 2477 4720 ad
2506 4677 2737 4719 annum.
2768 4661 2874 4717 Pro
2902 4661 3068 4716 huius
3090 4660 3276 4730 itaque

41 4757 399 4816 Permaneant“
430 4779 446 4816 :
476 4761 688 4818 scilicet
709 4762 909 4819 casella
925 4761 971 4794 ⁸³
997 4761 1190 4832 viginti
1219 4769 1274 4817 et
1304 4775 1473 4833 unum
1499 4758 1580 4817 sic
1680 4759 1789 4815 mei
1837 4757 1968 4814 doni
2015 4755 2308 4812 securitate
2348 4763 2403 4810 et
2439 4752 2857 4810 conﬁrmatione
2902 4751 3010 4806 hoc
3054 4750 3274 4821 privile-

45 4843 609 4926 nominata,Ainquine,
636 4853 902 4921 Armotie,
930 4851 1292 4920 Kefreachab,
1315 4851 1556 4907 Kefredil
1678 4855 1829 4926 gium
1871 4851 1987 4908 ﬁeri
2027 4863 2080 4906 et
2103 4865 2229 4905 meo
2265 4848 2522 4920 plumbeo
2557 4846 2736 4918 sigillo
2773 4844 3120 4900 corroborari
3146 4859 3274 4914 pre-

45 4921 187 5017 iluhil,
212 4935 402 5012 llubin,
431 4921 620 5012 Aram,
651 4942 935 5010 Kalendie,
965 4941 1206 5014 Betligge
1220 4942 1290 5011 ⁸⁸,
1323 4941 1492 5014 Byrra
1508 4941 1552 4973 ⁸⁷

1767 4946 1799 5000 »ἱ
1821 4945 1908 5001 his
1929 4958 2116 5000 coram
2140 4943 2393 5007 testibus,
2417 4955 2654 5011 quorum
2704 4936 2929 4993 nomina
2963 4937 3274 5007 subscripta

51 5014 281 5100 SUbahiet,
307 5035 643 5106 Ataraberet,
693 5035 906 5104 Urniet,
953 5035 1125 5105 Zenu,
1157 5035 1423 5102 Helmulc,
1455 5033 1581 5090 Bei-
1679 5014 1973 5109 leguntur:

50 5115 598 5201 lelamus,Aineseins,
630 5099 941 5201 'Barimeta,
995 5099 1323 5200 Beitiumcn,
1373 5099 1580 5188 Deitfu-
1733 5099 1763 5109 ν
1827 5130 1885 5186 S.
1927 5128 2276 5194 Gedduini”,
2323 5125 2523 5182 Sancte
2576 5123 2746 5180 Marie
2809 5121 2981 5179 Vallis
3019 5099 3278 5191 losaphat

54 5207 192 5281 teir",
220 5217 416 5281 Betsuri
433 5227 510 5294 3’;
555 5236 612 5283 et
638 5242 831 5283 omnes
857 5225 1051 5284 furnos
1074 5226 1371 5283 Ierusalem
1389 5227 1456 5293 9°,
1485 5242 1580 5282 ex—
1899 5222 2130 5276 abbatis.
2159 5220 2218 5274 S.
2249 5217 2474 5290 Pagani,
2501 5217 2647 5290 regis
2667 5212 3000 5273 cancellarii.
3026 5211 3084 5269 S.
3109 5209 3278 5268 ϐυθι-

55 5303 188 5369 eeptis
206 5310 401 5376 duobus
428 5318 723 5391 Hospitalis
753 5327 808 5375 et
835 5333 948 5376 uno
987 5319 1054 5374 de
1099 5319 1326 5388 Latina;
1358 5330 1412 5376 et
1437 5318 1580 5390 apud
1902 5312 2025 5367 terii
2083 5311 2418 5368 Brisebarrc.
2493 5309 2551 5364 S.
2614 5307 2817 5380 Pagani
2881 5306 2951 5362 de
3005 5304 3274 5361 Mineriis.

112 5521 149 5553 “
167 5524 217 5610 κη
243 5539 513 5611 tociusque.
592 5541 638 5573 "
661 5539 723 5607 Β,
745 5539 1037 5596 Arnaldus.
1122 5537 1170 5570 "
1191 5538 1253 5606 Β,
1277 5534 1558 5590 Ricardus.

190 5599 231 5630 "’
253 5603 320 5655 Ce
347 5611 561 5655 nignmé
590 5613 660 5655 ,1η
697 5611 936 5655 rlinlAmp.
969 5625 1206 5655 manune
1257 5607 1397 5655 dans
1429 5604 1489 5655 Β.
1577 5603 1619 5636 ⁸ο

1773 5573 1787 5597 ,
1810 5527 2114 5584 Gerbertus.
2183 5530 2231 5563 ⁷⁸
2259 5530 2322 5594 A,
2351 5527 2392 5582 l'°
2412 5528 2504 5595 28,
2523 5537 2594 5593 τ’,
2617 5535 2671 5584 et
2693 5525 2734 5582 Ρ
2758 5526 2882 5592 158,
2906 5535 2986 5593 r9;
3031 5523 3093 5592 Β,
3117 5523 3158 5580 l"
3179 5525 3275 5592 35,

1769 5599 2116 5655 Privileaium
2173 5599 2432 5654 Balduim
2473 5600 2608 5655 reais
2636 5598 2797 5655 primi
2845 5598 2910 5650 de
2944 5595 3276 5650 concessione

65 5603 102 5706 ς
149 5664 159 5675 ,
190 5603 231 5630 ⁷³³
253 5603 320 5687 (ξε
346 5603 561 5666 resume
590 5613 661 5667 du
697 5603 936 5682 dipleme
969 5603 1397 5690 unaque-dans
1429 5604 1489 5659 Β.

73 5674 160 5754 “(fit
185 5669 316 5731 ducit
371 5681 667 5754 Godefridi.
754 5683 799 5716 ³³
854 5681 916 5754 Β,
961 5681 1505 5754 ΙΙῳνρεοιρηριρηαηω.
1543 5744 1572 5754 Ν

1770 5603 2116 5670 Privilegium
2173 5603 2432 5654 Balduim
2473 5603 2608 5670 regis
2635 5603 2797 5670 primi
2845 5603 2910 5650 de
2944 5603 3277 5650 concessione

1770 5671 2103 5754 ἷξιεηιεαιξηιέ
2168 5671 2226 5754 ‘1
2243 5669 2636 5754 Βκιιξιίςηαίαι.
2664 5669 2725 5754 .‘J‘
2753 5666 3021 5754 Omissa
3043 5663 3277 5754 inti“:-

72 5732 153 5817 ξΨη
183 5731 686 5817 ρεηηιαηὶαἰῖἽῗῦ,
717 5731 941 5808 casalis.
961 5731 1471 5817 vvi’v‘vﬁeitligge.
1494 5731 1510 5817 ί
1542 5744 1579 5817 Ῠῗ

1768 5745 1910 5817 tirrg.
1976 5741 2126 5817 B_,
2179 5731 2516 5817 Beitfuteie'r.
2663 5738 2725 5817 ἒ,
2769 5731 3042 5817 βεεήἔιιτρ.
3111 5731 3275 5817 "LE,

72 5792 496 5887 ἕξιςνιὶεᾶιὲἱῆζτ”’ίι
516 5823 577 5887 B,
604 5792 944 5881 0721532“?
965 5823 1032 5886 A,
1060 5792 1329 5887 ιδ”ἒθῖὲῖξ
1338 5792 1482 5882 ’ἶςῗῗο
1505 5815 1574 5872 57

1781 5792 2515 5887 Easter—«1'piissimam.
2601 5810 2647 5844 οι
2671 5792 2733 5877 B',
2760 5804 3108 5862 Hierusalem.
3141 5801 3188 5836 σε
3209 5792 3273 5871 8;

72 5868 351 5950 “‘"mpnid."
399 5895 446 5928 ⁹⁶
467 5868 865 5962 dissim"
893 5868 1461 5967 Suppleé_d’apre;
1510 5868 1970 5972 '_'°'B,Gelduini.
