3816 6306
80 343 196 401 “53

990 339 1441 401 CARTULAIRE
1475 343 1568 402 DU
1608 341 1812 407 SAINT
1852 343 2235 404 SEPULCRE.

3158 347 3310 418 ’1154

77 461 230 532 ipsum
249 455 421 520 casale
441 453 678 513 habeant
695 455 1123 530 possideantque
1135 469 1400 530 perpetuo
1411 459 1536 531 jure
1549 458 1620 494 ’δ’
1647 461 1701 522 Λ
1726 459 2046 533 impugnare
2066 473 2161 521 aut
2185 479 2408 522 cassare
2428 469 2794 539 temptaverit,
2819 486 2850 526 a
2871 469 3003 540 Deo,
3033 473 3139 530 nisi
3165 477 3309 533 resi-

75 550 173 605 sine
195 547 335 602 omni
358 545 664 616 calumpnia
694 546 958 602 heredum
981 564 1233 604 meorum
1261 559 1315 605 et
1338 564 1624 608 successo-

74 655 174 696 rum
191 641 268 694 vel
293 638 658 709 quorumlibet
687 638 997 696 hominum.
1022 640 1133 712 Ipsi
1157 651 1340 698 autem
1371 643 1623 700 canonici

72 735 131 790 ob
148 733 292 789 istius
313 732 508 789 casalis
535 732 741 788 donum
764 749 828 790 cc
855 735 1160 804 bizancios,
1185 751 1326 808 quos
1350 737 1624 793 habebant

74 827 118 881 in
136 825 329 882 redditu
363 823 636 896 Neapolis,
663 826 799 882 mihi
841 828 1059 899 quietos
1085 829 1482 886 clamaverunt.
1515 829 1624 886 Sed

72 929 227 990 postea
267 917 509 974 amicicia
531 919 603 950 ⁸³⁸
634 927 690 975 et
722 929 914 991 rogatu
955 923 1278 979 eorumdem
1326 925 1624 980 canonico-

71 1025 190 1076 rum,
232 1007 442 1064 eosdem
491 1009 751 1079 rusticos,
799 1027 941 1082 quos
985 1014 1141 1084 prius
1185 1024 1621 1086 exceptaveram,

72 1117 176 1156 cum
197 1101 335 1156 omni
383 1103 645 1174 progenie
673 1119 773 1159 sua
800 1113 856 1161 et
902 1105 1194 1163 heredibus
1223 1109 1340 1164 suis
1379 1106 1626 1166 Sanctis-
1671 1137 1678 1144 ι

69 1195 184 1250 sime
216 1193 468 1266 Sepulcro
493 1203 660 1266 atque
683 1195 866 1264 Petro,
895 1197 1144 1254 eiusdem
1168 1199 1364 1270 priori,
1397 1202 1623 1258 ceteris-

67 1303 153 1359 que
165 1287 424 1345 canonicis
436 1304 566 1344 cum
583 1289 900 1361 supradicto
918 1291 1086 1347 casali
1105 1300 1160 1348 et
1174 1293 1388 1350 cunctis
1408 1309 1535 1350 cum
1553 1295 1622 1330 ’δι

68 1383 368 1454 pertinentiis
404 1383 523 1439 suis
561 1383 617 1439 in
656 1384 932 1456 presentia
962 1385 1182 1443 comitis
1210 1387 1624 1459 Andegavensis

67 1484 202 1546 atque
221 1473 522 1530 Milissende
545 1473 656 1532 illic
686 1491 828 1546 mee,
864 1477 1081 1534 hisdem
1105 1479 1542 1550 approbantibus
1569 1490 1626 1537 et

67 1566 469 1635 assentientibus,
495 1567 697 1624 donavi
721 1577 777 1625 et
804 1570 1077 1626 concessi.
1103 1569 1163 1626 Si
1190 1571 1318 1643 quis
1345 1587 1499 1641 vero,
1533 1588 1626 1630 ne-
1727 1591 1731 1597 ί

66 1657 206 1728 quitic
226 1667 527 1716 commotus
549 1659 807 1728 stimulis,
830 1661 1122 1718 temerario
1146 1677 1285 1719 ausu
1307 1664 1412 1720 hoc
1437 1679 1622 1721 meum

67 1747 205 1820 legale
223 1749 418 1806 donum
445 1751 564 1807 ullo
590 1752 756 1808 modo
776 1751 1099 1826 impugnare
1118 1763 1215 1812 aut
1241 1770 1460 1812 caesare
1480 1764 1620 1812 tem-

67 1842 275 1910 ptaverit,
299 1858 330 1898 a
354 1842 490 1911 Deo,
523 1844 633 1902 nisi
662 1845 976 1918 resipuerit,
1005 1847 1371 1906 anathematis
1393 1857 1616 1906 senten-

65 1933 124 1988 tia
148 1949 442 2005 percussus,
466 1945 662 1993 nostre
695 1938 844 2010 regie
870 1939 1128 2010 potestati
1159 1955 1287 1996 reus
1315 1941 1616 2010 subiaceat,

66 2025 378 2084 nihilominus
421 2031 531 2086 hoc
569 2045 698 2087 meo
727 2031 875 2088 dono
908 2033 1069 2090 firmo
1095 2043 1148 2090 et
1180 2035 1362 2091 stabili
1403 2051 1620 2108 semper

67 2117 369 2176 consistente.
396 2119 556 2178 Hanc
593 2122 783 2194 itaque
811 2124 920 2180 mei
949 2125 1077 2181 doni
1109 2127 1617 2186 corroborationem

65 2223 108 2269 et
129 2216 546 2286 supradictorum
570 2218 907 2275 rusticorum
929 2223 1428 2293 augmentationem
1454 2223 1618 2280 Ame-

66 2307 170 2374 lino,
196 2323 307 2365 meo
327 2311 683 2379 cancellario,
708 2312 952 2370 scribere
972 2323 1024 2370 et
1053 2313 1311 2385 plumbeo
1338 2315 1508 2388 regali
1537 2315 1616 2373 si-

65 2399 167 2466 gillo
192 2401 510 2459 conﬁrmare
528 2405 771 2476 precepi,
801 2415 1054 2477 presente
1074 2406 1300 2464 domino
1319 2407 1615 2476 Willelmo,

64 2489 503 2551 lherosolimorum
527 2497 841 2567 patriarcha
863 2497 1181 2566 venerabili,
1208 2507 1264 2554 et
1285 2513 1471 2555 coram
1494 2500 1618 2556 aliis

63 2581 274 2652 teatihus,
302 2601 542 2657 quorum
574 2587 796 2643 nomina
826 2589 1132 2660 subscripta
1171 2583 1430 2662 leguntur
1459 2609 1474 2647 :

173 2677 371 2749 Petrus,
395 2681 716 2752 capellanus
744 2697 922 2738 meus.
957 2680 1249 2750 Radulfus,
1274 2682 1618 2741 camerarius

236 2787 405 2830 meus.
464 2773 737 2830 Martinus
784 2775 852 2830 de
901 2773 1195 2831 Nazareth.
1254 2775 1612 2844 Anscatinus,

236 2865 545 2923 vicecomes
596 2865 952 2923 lherusalem.
1011 2865 1248 2938 Olricus,
1306 2867 1616 2926 vioecomes

231 2953 541 3029 Neapolim,
564 2965 622 3013 et
648 2957 742 3012 alii
771 2958 1147 3030 quamplures.

656 3070 822 3127 XLIV
878 3072 970 3129 ’5'.

89 3179 196 3220 l'l’EI
228 3181 477 3223 cunmm
514 3180 670 3222 REGIS
705 3183 928 3223 SECUNDI
973 3168 1044 3204 ’³³

625 3251 1013 3294 CAFERHELICH.

111 3325 162 3382 In
183 3328 394 3386 nomine
417 3338 616 3387 sancte
636 3339 691 3386 et
715 3330 995 3387 individue
1033 3330 1323 3388 Trinitatis
1348 3332 1527 3392 Patris
1559 3344 1615 3392 et

60 3411 159 3470 Filii
179 3425 227 3473 et
245 3417 484 3490 Spiritus
508 3418 722 3488 Sancti,
757 3436 916 3477 amen
940 3421 1032 3477 π’.

115 3504 213 3578 Ego
238 3508 562 3576 Balduinus,
593 3509 690 3566 Dei
719 3511 893 3583 gratia
910 3527 1007 3568 rex
1026 3510 1362 3570 lberusale'm
1389 3513 1613 3572 Latino-

59 3610 158 3651 rum
178 3600 658 3672 secundus,-digne
685 3610 840 3658 ratus
868 3603 1113 3659 maculas
1139 3603 1380 3659 fidelium
1405 3604 1616 3662 anima—

58 3701 158 3744 rum
188 3693 496 3748 orationum
542 3692 833 3749 devotione
881 3702 936 3749 et
977 3695 1404 3750 elemosinarum
1450 3695 1616 3768 largi-

58 3776 181 3833 tione
227 3797 384 3851 posse
434 3782 667 3850 aboleri,
718 3798 819 3854 pro
845 3785 1026 3839 anima
1069 3785 1476 3856 predecessoris
1508 3787 1614 3842 mei

57 3861 174 3921 bone
191 3872 471 3939 memorie,
513 3871 659 3942 regis
699 3869 972 3940 Balduini,
1001 3879 1057 3927 et
1102 3873 1291 3944 regine
1335 3875 1519 3931 usoris
1543 3876 1615 3908 "'

57 3971 156 4013 meo
173 3971 568 4034 parentumque
591 3979 838 4020 meorum
873 3965 1018 4020 dono
1043 3973 1231 4021 sancte
1253 3966 1482 4022 ecclesie
1503 3967 1614 4022 Do-

57 4047 214 4106 minici
237 4052 524 4124 Sepulchri
547 4064 601 4110 et
625 4054 900 4112 Willelmo
920 4057 1091 4127 priori
1115 4056 1422 4128 ceterisque
1445 4073 1618 4115 cano-

56 4140 172 4199 nicis
203 4144 334 4201 inibi
375 4147 623 4218 regulari
673 4149 892 4205 tramite
940 4149 1055 4206 Deo
1081 4150 1466 4220 militantibus,
1503 4159 1615 4207 tam

56 4236 367 4300 presentibus
387 4253 561 4309 quam
589 4236 810 4308 futuris,
853 4241 1039 4298 casale
1063 4242 1340 4314 quoddam
1367 4241 1424 4298 in
1451 4242 1615 4298 terri-

57 4327 174 4382 torio
199 4327 478 4402 Neapolis,
507 4331 731 4389 nomine
769 4332 1134 4390 Cafermelich
1165 4336 1259 4404 ³³⁸,
1287 4351 1412 4392 cum
1434 4335 1616 4392 omni-

55 4412 141 4472 bus
158 4421 327 4490 terris,
356 4423 578 4480 villanis
609 4432 664 4479 et
684 4425 1030 4494 pertinentiis
1069 4427 1206 4495 suis,
1237 4427 1482 4498 exceptis
1511 4426 1617 4483 illis

56 4507 269 4568 eiusdem
309 4515 512 4572 easalis
555 4517 795 4584 villanis,
843 4533 984 4589 quos
1009 4517 1294 4575 Romanus
1336 4519 1405 4576 de
1443 4518 1616 4575 Podio
1646 4547 1692 4602 ι)

57 4607 489 4664 transmutaverat
512 4609 582 4665 ad
619 4609 804 4665 casale
844 4609 1136 4666 Bethellori
1163 4611 1256 4666 ³⁵⁷.
1289 4608 1367 4665 Ita
1393 4610 1614 4680 quidem

56 4690 178 4751 dono
213 4708 271 4754 ut
307 4700 541 4757 ecclesia
589 4701 923 4758 sanctissimi
965 4699 1239 4759 Dominici
1287 4699 1535 4772 Sepulcri
1565 4709 1619 4756 et

57 4785 257 4851 predicti
282 4791 534 4849 canonici
564 4792 746 4864 ipsum
767 4793 950 4849 casale
970 4793 1281 4849 habeantet
1301 4791 1620 4864 possideant

59 4872 158 4931 iure
182 4892 439 4952 perpetuo
468 4884 588 4942 sine
632 4886 784 4942 omni
821 4885 1132 4958 calumpnia
1174 4885 1436 4942 heredum
1465 4901 1618 4943 meo-

58 4979 163 5022 rum
189 4979 240 5026 et
265 4988 647 5032 successorum
672 4978 760 5034 vel
777 4978 1150 5049 quorumlibet
1176 4977 1487 5034 hominum.
1507 4977 1615 5050 Ipsi

57 5072 170 5117 vero
193 5069 436 5126 canonici
459 5070 530 5126 ob
558 5071 721 5127 istius
758 5071 958 5127 casalis
983 5071 1189 5126 donum
1219 5085 1282 5126 cc
1308 5069 1612 5138 bizancios,

59 5165 180 5220 quos
197 5156 464 5217 habebant
486 5162 542 5216 in
565 5163 778 5218 redditu
800 5161 1078 5233 Neapolis,
1101 5161 1236 5218 mihi
1258 5161 1477 5232 quietos
1499 5161 1615 5218 cla-

60 5255 338 5305 maverunt.
367 5249 429 5306 Si
443 5253 568 5323 quis
585 5269 738 5321 vero,
759 5253 1002 5324 nequitie
1022 5261 1332 5310 commotus
1355 5253 1613 5320 stimulis,

59 5335 326 5395 temerario
346 5356 484 5398 ausu
511 5343 828 5401 hocymeum
873 5344 1046 5416 legale
1073 5343 1281 5401 donum
1307 5343 1420 5400 ullo
1451 5343 1615 5401 modo

1726 553 1926 622 puerit,
1942 557 2311 614 anathematis
2331 561 2600 615 sententia
2615 577 2936 634 percussus,
2961 574 3147 623 nostre
3162 569 3310 641 regie

1723 647 1978 714 potestati
2001 661 2128 704 reus
2156 649 2455 718 subiaceat,
2473 645 2868 712 nichilominus
2888 655 2993 712 hoc
3012 673 3135 714 meo
3163 659 3312 715 dono

1723 734 1884 792 firmo
1904 749 1959 794 et
1988 741 2169 796 stabili
2193 757 2408 814 semper
2427 745 2784 802 consistente.
2825 747 2909 804 Ad
2935 749 3100 806 huius
3125 752 3313 824 itaque

1724 827 1838 883 mei
1861 829 1992 885 doni
2021 835 2528 892 corroborationem
2566 835 2811 910 Pagano,
2861 857 2986 897 meo
3043 845 3314 902 cancella~

1723 918 1830 986 rio,
1859 921 2026 976 scribi
2053 931 2108 978 et
2134 925 2390 995 plumbeo
2428 929 2599 1002 regali
2631 931 2810 1002 sigillo
2849 933 3163 990 confirmari
3187 953 3313 1007 pre-

1723 1011 1864 1082 cepi,
1895 1025 2146 1083 presente
2167 1016 2371 1073 domno
2401 1017 2702 1090 Stephano,
2731 1025 3030 1081 venerabili
3059 1025 3313 1084 lheroso-

1723 1101 1982 1158 limorum
2003 1105 2408 1175 patriarcha,et
2437 1124 2624 1166 coram
2650 1113 2774 1170 aliis
2803 1115 3056 1185 testibus,
3075 1132 3311 1186 quorum

1725 1195 1950 1251 nomina
1980 1198 2288 1269 subscripta
2312 1199 2570 1272 leguntur
2610 1223 2624 1259 :

1864 1287 2149 1345 Milisenda
2179 1291 2270 1360 ⁸⁵⁸,
2303 1292 2415 1348 ﬁlia
2445 1296 2612 1367 regis,
2654 1295 2761 1353 hoc
2790 1298 2978 1355 laudat
2997 1308 3053 1357 et
3079 1316 3313 1358 consen-

1935 1381 2021 1437 tit.
2087 1381 2413 1453 Willelmus,
2465 1385 2786 1446 Nazarenus
2840 1393 3310 1465 archiepiscopus.

1937 1473 2260 1544 Balduinus,
2279 1476 2604 1537 Sebastinus
2619 1482 2928 1554 episcopus.
2943 1483 3199 1544 Ansellus
3217 1489 3310 1555 "9,

1938 1565 2297 1625 Bethleemita
2359 1570 2674 1644 episcopus.
2739 1573 3078 1647 Gelduinus,
3149 1578 3314 1638 Vallis

1938 1656 2196 1730 Iosaphat
2217 1661 2405 1720 abbas.
2437 1663 2734 1735 Arnaldus,
2749 1668 2902 1739 prior
2917 1669 3118 1728 Montis
3143 1671 3308 1744 Syon.

1947 1749 2238 1821 Iohannes,
2269 1757 2626 1814 camerarius.
2652 1757 2962 1817 Bernardus
2991 1761 3312 1820 Vaccarius.

1939 1841 2122 1916 Ilugo,
2151 1843 2435 1917 Ioppensis
2463 1849 2742 1908 dominus.
2779 1851 3037 1911 Ansellus
3065 1855 3133 1910 de
3161 1853 3310 1911 Bria.

1933 1933 2243 1995 Henfredus
2271 1940 2338 1995 de
2393 1939 2630 2000 Torone.
2685 1945 3019 2016 Gualterius,
3077 1947 3314 2007 Cesaree

1934 2026 2211 2086 dominus.
2269 2031 2593 2104 Guitterius,
2645 2038 2946 2113 sorori[u]s
3009 2041 3079 2075 ⁸⁸⁸
3138 2043 3307 2116 regis.

1936 2118 2210 2178 Roardus.
2242 2122 2408 2194 Sado,
2461 2129 2852 2186 marescalcus.
2882 2130 3157 2206 Paganus,
3181 2135 3309 2206 pin-

1931 2228 2118 2270 cerna.
2144 2213 2429 2275 Romanus
2455 2218 2524 2276 de
2555 2219 2745 2278 Podio.
2773 2223 3051 2284 Goil‘ridus
3079 2227 3302 2286 Tortus.

1931 2303 2238 2364 Balduinus
2287 2307 2476 2366 Sancti
2515 2310 2754 2369 Abrahe.
2787 2313 3070 2385 Hulricus,
3101 2315 3308 2390 Niapo-

1931 2397 2002 2455 lis
2034 2399 2103 2432 “‘
2127 2401 2453 2470 vicecomes,
2484 2411 2539 2460 et
2569 2404 2754 2476 plures
2785 2406 2898 2461 alii.
3009 2411 3012 2418 '

1746 2524 1752 2530 -
1789 2487 2018 2546 Factum
2047 2499 2132 2548 est
2159 2499 2214 2549 et
2265 2493 2453 2550 datum
2507 2496 2564 2551 in
2621 2497 2827 2568 palatio
2868 2498 2939 2532 ²⁶¹
2971 2499 3116 2572 regis
3165 2501 3306 2573 apud

1716 2580 1909 2638 Acbon
1967 2582 2058 2652 ⁸⁸³,
2096 2599 2242 2641 anno
2293 2584 2570 2644 dominice
2610 2587 3006 2650 incarnationis
3025 2592 3306 2666 :chxvm,

1720 2672 2021 2732 indictione
2053 2691 2127 2746 tv,
2152 2693 2343 2734 mense
2373 2681 2600 2737 marcio.
3131 2667 3148 2674 ”

2380 2770 2523 2827 XLV
2559 2774 2648 2830 m.

1719 2877 2066 2921 ιιιιγηεῦιωί
2103 2881 2352 2922 BALDUINI
2389 2883 2545 2924 REGIS
2581 2884 2802 2925 SECUNDI
2838 2888 2905 2926 DE
2941 2889 3308 2931 ABSOLU’I'IONB

2000 2951 2424 2994 CONSUETUDINIS
2457 2954 2634 2995 PORTE
2672 2956 3028 2999 IIIEBUSALEM.

1788 3025 1850 3081 In
1877 3028 2100 3084 nomine
2131 3038 2319 3084 sancte
2348 3039 2402 3086 et
2431 3031 2710 3088 individue
2736 3029 3020 3091 Trinitatis
3042 3033 3222 3094 Patris
3252 3047 3308 3094 et

1719 3117 1847 3174 Filii
1866 3129 1921 3176 et
1937 3117 2190 3191 Spiritus
2218 3121 2426 3178 Sancti.
2636 3117 2638 3120 ’

1080 3185 1148 3224 νε
1185 3183 1324 3226 ¹⁵⁰Ν⁰
1360 3185 1580 3229 “sum
1641 3181 1689 3246 ο
1735 3230 1742 3236 ·
1789 3209 1903 3284 Ego
1930 3211 2254 3281 Balduinus,
2286 3216 2563 3273 secundus
2588 3216 2700 3274 'Dei
2733 3219 2905 3290 gratia
2930 3235 3026 3277 rex
3055 3221 3310 3281 Iherusa-

1716 3304 1847 3374 lem,
1899 3307 2344 3366 condescendens
2371 3310 2632 3380 precibus
2679 3312 2853 3382 patris
2900 3314 3074 3370 nostri
3119 3315 3310 3373 damni

1718 3396 2060 3455 Guarmundi
2088 3401 2422 3472 patriarche,
2453 3403 2587 3460 cleri
2615 3419 2836 3475 quoque
2873 3420 2938 3460 ac
2966 3405 3189 3477 capituli
3237 3406 3310 3442 ’⁸³

1718 3501 1907 3549 sancte
1956 3493 2194 3550 civitatis
2244 3493 2616 3564 Iherusalem,
2673 3497 3150 3566 consuetudinem,
3201 3515 3310 3570 que

1716 3593 1944 3641 actenus
1971 3585 2292 3658 exigebatur
2315 3597 2371 3643 et
2399 3589 2632 3644 dabatur
2679 3588 2736 3643 in
2784 3597 2940 3660 porta
2976 3589 3046 3644 ab
3103 3590 3188 3646 his
3213 3592 3308 3664 qui.

1717 3677 2054 3734 frumentum
2085 3685 2139 3734 et
2168 3679 2398 3735 ordeum
2439 3693 2494 3736 et
2536 3679 2821 3752 lugumina
2867 3680 2939 3713 ’⁸⁵
2979 3679 3306 3749 inferebant,

1716 3773 1915 3828 amodo
1939 3779 1994 3828 et
2013 3772 2291 3844 deinceps,
2309 3773 2740 3830 assentientibus
2762 3773 3122 3846 Optimatibus
3147 3775 3304 3843 meis,

1715 3865 1935 3920 remitto
1959 3873 2068 3920 tam
2093 3879 2194 3935 pro
2217 3865 2459 3922 remedio
2481 3865 2664 3922 anime
2683 3866 2870 3923 domui
2889 3866 3190 3941 [Balduini]
3211 3870 3303 3937 “',

1715 3957 2122 4027 predecessoris
2155 3957 2282 4024 mei,
2309 3957 2534 4030 gloriosi
2593 3959 2762 4032 regis,
2817 3977 2982 4032 quam
3029 3976 3129 4032 pro
3182 3976 3306 4016 mea

1716 4064 2212 4118 successorumque
2264 4065 2512 4105 meorum
2572 4049 2948 4108 incolumitate
3000 4061 3053 4108 et
3105 4052 3304 4110 salue.

1715 4141 2067 4197 Consuetudo
2087 4140 2288 4196 etenim
2321 4141 2410 4197 illa
2437 4143 2572 4198 dura
2603 4144 2761 4199 valde
2791 4153 2845 4200 et
2867 4144 3169 4216 dampnosa
3191 4153 3304 4201 tae

1715 4233 2023 4306 peregrinis
2069 4232 2394 4305 Sepulcrum
2445 4233 2664 4292 Domini
2723 4237 3087 4295 invisentibus
3135 4253 3304 4310 quam

1715 4328 1963 4385 eiusdem
2010 4336 2200 4386 sancte
2248 4328 2486 4386 civitatis
2542 4329 2946 4387 habitatoribus
2993 4331 3300 4388 videbatur.

1715 4420 1956 4476 Absolve
2019 4421 2204 4492 itaque
2254 4421 2324 4476 ab
2375 4419 2526 4476 omni
2590 4421 2876 4478 exactione
2947 4421 3142 4477 omnes
3207 4422 3303 4492 qui

1719 4497 1860 4586 [per]
1889 4513 1960 4546 ’⁵⁸
1988 4528 2178 4585 portas
2205 4513 2540 4568 lherusalem
2569 4511 2904 4570 frumentum
2924 4521 3021 4569 aut
3049 4513 3301 4581 ordeum,

1718 4604 1894 4672 fabas,
1949 4604 2241 4660 lenticulas
2293 4613 2348 4659 et
2399 4603 2545 4659 cicer
2591 4601 2797 4659 inferre
2839 4601 3148 4668 voluerint;
3203 4600 3306 4658 1η-

1717 4697 1991 4768 beantque
2029 4695 2257 4752 liberam
2299 4692 2616 4751 facultatem
2671 4692 3010 4765 ingrediendi
3040 4691 3116 4764 [et
3147 4707 3304 4764 egre-

1718 4783 1927 4858 diendi]
1960 4783 2030 4817 "’
2067 4791 2231 4855 atque
2286 4781 2552 4840 vendendi
2583 4781 2678 4837 ubi
2717 4790 2766 4836 et
2799 4780 3002 4852 quibus
3029 4779 3306 4836 voluerint

1719 4879 1927 4949 absque
1977 4877 2228 4934 molestia
2269 4885 2381 4932 tam
2431 4873 2722 4930 Sarraceni
2766 4887 2932 4944 quam
2980 4870 3302 4928 Christiani.

1719 4970 1960 5026 Obsecro
1987 4969 2155 5042 igitur
2183 4977 2237 5025 et
2259 4975 2540 5025 contestor
2562 4981 2631 5021 ne
2649 4964 2775 5036 quis
2805 4977 3188 5020 successorum
3212 4973 3308 5020 aut

1720 5061 1980 5118 heredum
2024 5077 2272 5118 meorum
2299 5061 2446 5116 hunc
2465 5056 2882 5116 constitutionis
2911 5071 3033 5113 mee
3056 5069 3304 5114 tenorem

1719 5157 1903 5228 aliquo
1928 5157 2093 5213 modo
2121 5155 2327 5211 violare
2358 5160 2453 5212 aut
2481 5153 2773 5208 immutare
2799 5161 3102 5224 presumat,
3139 5151 3300 5208 dom--

1719 5265 1964 5320 numque
1990 5247 2359 5320 patriarcham
2403 5244 2503 5320 [et]
2531 5253 2710 5302 totum
2762 5245 2970 5303 clerum
3010 5243 3308 5301 Iherosoli-

1719 5345 1989 5400 mitanum
2015 5342 2280 5413 deprecor
2309 5349 2370 5396 ut
2398 5321 2736 5397 sentenciam
2765 5339 2837 5372 ”°
2859 5338 3303 5418 excommunica-

119 5511 267 5600 δὶἶὲ
292 5525 342 5569 ετ
363 5520 798 5600 Ροεξξάεαηείιξνε
818 5529 1085 5591 rerum
1142 5592 1159 5600 ,
1199 5521 1269 5556 ’⁸⁸
1296 5521 1360 5600 β,
1390 5522 1618 5600 cretei!“

1840 5519 1903 5589 Β»
1927 5535 2046 5600 eam
2067 5517 2288 5600 ςειῖιξιίεο
2391 5517 2467 5600 .’"
2487 5515 2673 5600 AA"-
2719 5515 2926 5600 eam
2955 5514 3017 5600 1.3:
3050 5513 3093 5570 ν’
3115 5513 3206 5600 332:
3226 5525 3299 5600 tt-

62 5577 124 5611 ’⁸³
148 5577 289 5639 Cette
302 5577 567 5657 pr'emiére
585 5577 848 5661 rubrique
867 5577 1106 5662 manquc
1125 5592 1266 5651 dans
1287 5577 1360 5647 Δί
1432 5593 1504 5625 ³⁸⁸
1515 5591 1618 5648 Mat

66 5648 286 5691 ηοιρθηρᾶ
383 5657 450 5691 us
478 5661 518 5691 ι)
576 5661 879 5691 Πέριμηκλ-
975 5662 1046 5691 an
1087 5663 1124 5691 n
1191 5663 1458 5691 Α...,.ι.....-
1559 5663 1618 5691 nt

1773 5577 1914 5647 dans
1935 5577 2024 5644 B.-
2075 5588 2217 5654 "'B,
2247 5590 2450 5644 uxoris.
2527 5577 2599 5622 ί⁸⁶
2631 5587 2694 5656 Β,
2719 5577 3057 5691 ϐαῖεςφίιειὶὶ.
3135 5577 3206 5617 ²⁸¹⁷
3237 5584 3302 5652 Β,

1759 5669 1807 5691 ιιι
1835 5659 2145 5691 ηοαίῖθιιΙῖΛη
2175 5669 2256 5691 nne
2280 5659 2552 5691 ιιι-Ιηοῖοῶ
2571 5675 2671 5691 nm.
2698 5657 2738 5691 Ω
2835 5660 2856 5691 8
2886 5657 2906 5691 ι
2927 5655 2975 5691 Ὠ
3032 5655 3278 5691 Νιικιηηο

63 5648 319 5723 Bue/lori.-
383 5657 450 5692 ⁸⁸⁸
477 5661 540 5729 B,
567 5648 899 5717 Hilissénia.
975 5648 1046 5698 ³⁸³
1176 5648 1478 5718 Ἁηεειηιαε.
1559 5663 1618 5696 ⁸⁸⁸

64 5720 123 5753 ²“¹
141 5721 196 5785 Β,
221 5725 506 5789 palact'um.
617 5733 688 5768 m
712 5733 774 5789 Β.
797 5741 925 5789 auat
949 5733 1184 5789 Acclton.
1300 5734 1370 5767 ’⁵⁸
1393 5734 1461 5789 Α.
1485 5733 1527 5789 l"
1561 5734 1618 5788 41

1759 5669 1808 5716 te
1835 5659 2150 5717 restitution
2174 5648 2259 5716 est
2278 5659 2552 5716 autorisée
2571 5648 2758 5731 par'B.
2800 5648 2856 5692 ’⁸

1802 5731 1864 5789 Β.
1892 5730 1935 5786 f‘
1977 5732 2068 5789 55.
2090 5739 2166 5786 ν’.
2279 5731 2348 5763 ⁸⁸³
2374 5731 2434 5789 Β.
2462 5730 2663 5789 nonali.
2794 5729 2856 5762 ²⁶⁴

1445 5771 1503 5802 Ἰ
1561 5771 1695 5797 ’.ΙἸ
1977 5771 2068 5802 νυ,
2100 5771 2166 5802 vi.

64 5720 123 5804 ῘῘῘ
141 5720 196 5804 ἓν
221 5725 506 5804 ραέέιςίςςηι.
525 5720 557 5804 ’ί
617 5733 688 5804 1"
712 5733 774 5800 Β,
797 5741 925 5804 aput
949 5720 1184 5790 Aeolion.

2875 5637 3298 5740 F§§,':Neapqtisi

2279 5731 2348 5763 ηε
2374 5731 2434 5798 Β,
2461 5723 2663 5801 popa“.
2794 5729 2865 5762 ’σο
2907 5723 2987 5799 Β,’
3009 5723 3298 5797 legumina.

61 5790 118 5820 “’
143 5790 364 5867 Sttppléé
388 5800 599 5875 d’aprés
621 5802 682 5860 Β.
760 5790 1088 5878 mwSuppléé
1107 5805 1322 5880 d’apres
1353 5803 1413 5862 Β.
1448 5790 1461 5802 ’
1489 5805 1560 5841 ³⁶⁹
1587 5790 1862 5876 suppletis
1885 5790 2183 5874 d’aprésB.
2261 5803 2332 5837 "°
2359 5790 2432 5872 Β(
2453 5790 2785 5862 irruentium.
