3816 6306
92 381 201 462 ιίδγ

1021 363 1473 459 CARTULAIRE
1511 401 1601 457 DU
1641 401 1845 458 SAINT
1883 403 2250 460 SEPULCRE

3161 409 3220 464 Η
3230 407 3298 464 58

88 513 394 579 illustrissimi
432 513 583 572 ducis
613 511 896 571 Godoi‘ridi
920 515 990 550 ³η
1029 515 1257 572 liberius
1283 524 1336 573 et
1361 515 1604 586 quietius
1633 519 1682 580 Α
1710 514 1942 584 Mezera,
1975 533 2102 574 cum
2128 518 2386 574 omnibus
2409 517 2755 588 pertinentiis
2802 521 2916 578 suis
2945 537 3044 594 pro
3084 523 3302 579 duobus

88 611 318 675 habuisse,
367 607 602 663 tenuisse
653 615 709 662 et
753 607 1062 680 possedisse
1102 617 1423 664 noscuntur.
1473 606 1614 663 Huic

84 701 320 761 donationi
348 709 399 756 et
425 700 763 756 concessioni
807 699 1074 756 Surianos
1100 701 1168 756 de
1200 700 1494 756 Calandria
1520 701 1610 768 η’,

84 793 292 859 Cosmas,
314 789 616 847 Seimahian
648 791 742 860 ³⁸⁸,
773 790 1018 861 Samuel,
1046 790 1276 861 lhanna,
1325 791 1612 860 Meferreg,

84 885 266 958 Gerges,
302 899 393 956 pro
439 883 638 955 quibus
681 885 998 954 stationem,
1025 901 1134 957 que
1162 885 1441 956 quondam
1473 883 1612 939 Wil—

83 975 200 1031 lelmi
225 972 458 1030 Bastarai
505 972 704 1044 fuerat,
735 983 790 1030 et
836 983 1044 1048 partes,
1076 991 1217 1047 quas
1252 975 1528 1030 habebant
1558 975 1613 1029 in

82 1064 256 1122 duabus
276 1065 469 1121 mensis
495 1065 1016 1135 nummulariorum,
1045 1067 1203 1123 nobis
1226 1066 1294 1122 ad
1322 1066 1613 1138 perﬁcien-

81 1156 182 1212 dam
206 1170 344 1210 ruam
368 1171 561 1210 novam
594 1156 663 1188 ³⁸⁸
693 1157 750 1212 in
795 1155 1129 1214 Iherusalem
1161 1159 1228 1215 de
1255 1172 1356 1214 suo
1383 1173 1614 1214 conces-

81 1255 252 1316 serunt,
278 1256 328 1304 et
359 1246 622 1306 Surianos
645 1249 713 1305 de
757 1248 1072 1320 Ramethes,
1105 1251 1313 1308 scilicet
1341 1249 1612 1322 Boll'erag,

80 1340 226 1410 Iacob,
271 1341 504 1413 Brahim,
535 1342 735 1416 Ysaac,
768 1359 933 1416 super
973 1344 1175 1417 quibus
1205 1345 1414 1402 eisdem
1442 1360 1613 1401 cano-

80 1436 191 1493 nicis
208 1437 516 1508 quandoque
537 1439 912 1510 ealumpniam
961 1439 1259 1508 movimus,
1309 1449 1363 1496 et
1397 1440 1612 1495 vineam

80 1527 216 1597 illam,
236 1544 387 1600 quam
407 1530 632 1586 domina
665 1529 914 1600 Geltidis,
949 1545 1089 1586 uxor
1109 1531 1320 1586 domini
1345 1531 1610 1599 Rohardi,

79 1621 131 1676 de
143 1620 230 1676 hoc
251 1622 424 1678 seculo
447 1622 683 1694 migratu
692 1638 750 1678 ra
767 1638 868 1693 pro
897 1622 1076 1679 salute
1094 1621 1276 1678 anime
1293 1637 1392 1677 sue
1406 1621 1612 1680 eisdem

80 1714 313 1771 canonicis
333 1715 494 1784 dedit,
523 1716 863 1773 addicientes
891 1716 1262 1788 adiungimus,
1304 1721 1378 1782 et,
1412 1722 1471 1768 ut
1495 1729 1613 1770 om-

79 1821 154 1862 nes
191 1806 443 1877 predictos
495 1809 767 1866 Surianos
825 1826 951 1866 cum
1002 1809 1264 1866 omnibus
1307 1807 1375 1863 de
1419 1821 1612 1863 eorum

79 1876 292 1970 progenie
327 1901 648 1972 sequatibus
698 1901 768 1934 ³⁸⁸
823 1910 878 1958 et
925 1902 1195 1972 prefatam
1217 1899 1610 1970 vineamjuxta
1643 1876 1688 1936 Β

79 1991 268 2049 formam
283 1995 719 2065 supradictorum
735 1995 1086 2066 perhenniter
1099 1994 1359 2061 habeant,
1371 2001 1612 2060 teneant,

77 2082 363 2153 possideant,
394 2084 810 2142 conﬁrmamus.
839 2082 912 2140 Ut
951 2084 1055 2140 hec
1105 2084 1270 2157 igitur
1296 2082 1481 2138 omnia
1509 2097 1617 2152 que

77 2176 453 2246 prenotavimus,
503 2191 574 2232 eo
619 2177 811 2233 ordine
844 2192 954 2248 quo
972 2175 1380 2248 proposuimus,
1405 2181 1616 2229 remota

78 2266 276 2320 omnium
304 2282 686 2337 personarum,
729 2275 842 2322 tam
881 2265 1214 2322 secularium
1244 2280 1412 2336 quam
1441 2262 1618 2318 eccle-

78 2356 394 2426 siasticarum,
419 2357 831 2428 inquietacione
861 2357 950 2425 ³⁸³,
973 2355 1429 2428 interpellatione,
1447 2354 1617 2410 cavil-

79 2449 258 2518 latione,
303 2451 531 2507 ecclesie
580 2449 853 2507 Dominici
907 2448 1158 2522 Sepulcri
1207 2448 1334 2514 ﬁxa,
1381 2447 1537 2502 ﬁrma
1563 2454 1618 2501 et

77 2537 345 2596 inconvulsa
369 2548 750 2611 permaneant,
779 2540 987 2612 placuit
1023 2539 1182 2595 nobis
1206 2539 1386 2594 eidem
1419 2537 1492 2570 ⁸⁸⁵
1526 2553 1618 2594 ec-

76 2629 207 2686 clesie
227 2631 490 2688 canonicis
515 2632 794 2702 prescntis
825 2631 1082 2703 paginule
1125 2629 1514 2702 cirographum
1545 2627 1616 2660 '°'

77 2720 291 2791 scribere,
318 2732 388 2792 et,
416 2731 474 2778 ut
501 2723 575 2779 de
597 2730 780 2780 cetero
804 2723 986 2778 tocius
1008 2723 1318 2792 calumpnie
1339 2720 1619 2777 auferatur

75 2812 267 2882 occasio,
289 2814 460 2886 ipsum
483 2814 892 2888 cyrographum
925 2821 1246 2870 nostrorum
1275 2813 1619 2885 appositione

74 2901 330 2973 sigillorum
355 2905 639 2962 rnborare.
668 2902 843 2960 Huius
866 2904 943 2960 rei
970 2913 1138 2960 testes
1167 2904 1460 2970 habentur,
1488 2917 1621 2973 quo-

75 3009 170 3050 rum
193 2997 395 3052 nomina
423 2995 742 3068 subscripta
764 2995 1024 3069 videntur
1050 3014 1063 3050 :

187 3085 454 3147 Rohardus
503 3089 720 3146 scilicet
753 3094 808 3143 et
853 3103 1022 3159 nepos
1071 3085 1213 3153 eius,
1270 3085 1614 3158 Badulphus.

243 3179 503 3238 Iohannes
533 3181 602 3238 de
631 3179 978 3236 Valenticnes
1002 3179 1094 3233 ³⁰⁶.
1128 3177 1390 3234 Babinus.
1425 3177 1615 3234 Fulco.

247 3273 437 3331 Salem.
468 3274 824 3330 Bencelinus.
857 3271 1132 3328 Tbosetus
1165 3271 1259 3337 '°",
1301 3272 1395 3342 qui
1427 3287 1621 3328 omnes

249 3365 645 3424 considerande
667 3374 834 3434 terre,
856 3365 922 3422 de
952 3381 1060 3437 qua
1086 3365 1399 3436 calumpnia
1421 3363 1620 3435 fuerat,

255 3468 645 3518 convenerunt.

131 3547 186 3605 Et
208 3552 289 3607 alii
321 3553 412 3626 qui
443 3560 734 3620 secuntur,
759 3549 968 3608 scilicet
1003 3569 1018 3606 :

184 3643 380 3702 Boebes
409 3647 478 3680 ³⁸⁸
509 3647 580 3702 de
631 3643 924 3700 Nazareth.
957 3642 1360 3699 Ermenaudus.
1399 3640 1622 3710 Helias,

248 3738 406 3796 frater
432 3740 580 3796 eius.
608 3736 868 3794 Nicolaus
897 3737 989 3805 3”,
1021 3721 1383 3792 Camerarius.
1413 3734 1532 3792 Odo
1558 3736 1626 3792 de

249 3827 544 3887 Turcarrne
569 3829 659 3883 δίο.
704 3827 1028 3900 Radulphus
1053 3828 1116 3882 Li
1163 3829 1230 3860 ³¹¹
1266 3826 1622 3883 Fanchenirs.

249 3917 545 3977 Herbertus
578 3921 647 3976 de
689 3919 998 3991 Regiteste,
1034 3920 1130 3992 qui
1164 3919 1295 3976 huic
1323 3927 1511 3976 nostre
1540 3917 1625 3973 in-

251 4012 555 4070 terfuerunt
588 4012 958 4069 concessioni.

132 4099 272 4160 Anno
309 4105 376 4164 ab
413 4105 802 4163 incarnatione
843 4103 1062 4161 Domini
1114 4121 1290 4173 HCLII,
1332 4102 1629 4161 indictione

75 4207 148 4248 ιν.

695 4310 863 4368 XLIX
891 4313 982 4366 ³η.

74 4412 384 4464 rmmscwl
422 4421 740 4462 IILESBNDIS
776 4421 971 4461 nscius
1007 4404 1076 4436 ³¹³
1099 4421 1166 4459 nr.
1205 4419 1627 4461 conuu'rxnonn

566 4492 812 4532 IOHANNIS
849 4491 1107 4532 PATBICII.

131 4559 184 4616 In
208 4567 419 4624 nomine
446 4576 638 4628 sancte
666 4575 721 4623 et
749 4565 1030 4622 individue
1060 4563 1346 4622 Trinitatis
1376 4565 1555 4622 Patris
1575 4574 1631 4624 et

75 4651 178 4709 Filii
195 4666 247 4712 et
267 4657 504 4730 Spiritus
527 4659 736 4729 Sancti,
763 4675 947 4716 amen.

133 4743 314 4805 Notum
351 4751 421 4808 sit
450 4752 730 4819 omnibus,
770 4761 881 4806 tam
915 4750 1119 4808 futuris
1160 4766 1328 4823 quam
1359 4752 1632 4822 presenti-

73 4839 180 4908 bus,
209 4847 348 4916 quod
385 4864 488 4921 ego
522 4847 824 4906 Milisendis
848 4848 942 4916 ⁸³⁵,
988 4847 1084 4904 Dei
1120 4850 1296 4922 gratia
1339 4848 1630 4905 Iherosoli-

74 4947 264 4993 morum
301 4942 508 5013 regina,
535 4943 799 5011 concedo,
832 4943 999 4999 laudo
1035 4954 1089 5001 et
1115 4947 1362 5018 approbo
1387 4961 1636 5002 comnm-

77 5023 310 5083 tationem
334 5030 501 5099 illam,
521 5047 628 5102 que
662 5031 808 5090 facta
838 5033 945 5090 fult
975 5035 1316 5105 temporibus
1344 5034 1552 5090 domini
1573 5050 1636 5090 ac

77 5114 234 5170 mariti
261 5120 383 5187 mei,
414 5121 813 5194 illustrisregis
835 5123 1322 5182 Iherosolimorum
1355 5124 1633 5193 Fulconis,

78 5201 198 5260 inter
220 5207 507 5269 Ihoannem
541 5215 629 5270 ⁸η.
654 5214 954 5273 Patricium
971 5227 1024 5274 et
1047 5219 1346 5274 canonicos
1366 5217 1634 5274 Dominici

81 5290 300 5367 Sepulcri
321 5304 388 5362 de
411 5307 636 5365 duobus
652 5309 928 5367 casalibus
953 5309 1091 5378 suis,
1117 5309 1327 5368 scilicet
1349 5310 1560 5384 Megina
1583 5320 1639 5368 et
1742 5343 1744 5345 ›

140 5498 202 5533 ³³⁸
226 5499 285 5572 Β,
310 5502 602 5580 Godefridi.
680 5511 750 5543 ’"
785 5509 846 5579 Β,
876 5507 1201 5566 Kalandria.
1277 5509 1346 5544 ³⁸⁸
1371 5509 1432 5579 Β,
1465 5509 1618 5566 ερηιΙι

140 5584 218 5613 ιιιρῄ
331 5576 464 5613 περ
533 5581 766 5613 οὲοιοιθιηκ
819 5604 824 5608 ε
902 5581 971 5613 ,οῦ
1003 5581 1044 5613 n
1093 5582 1473 5613 ειη-Ληρι-κιηηω

1848 5511 1856 5540 ¹
1881 5505 1942 5573 Β,
1975 5523 2066 5561 nou

1849 5577 2066 5613 νηιοηρε

1227 5577 1494 5707 331g”?-
1589 5577 2221 5706 .::°AB,PY-‘gle;tociegesio
2245 5578 2389 5704 43m
2431 5577 2436 5630 1

1376 5696 1390 5720 ,
1465 5669 1512 5708 e.
1746 5694 1760 5720 ,
1933 5693 1948 5718 ’
2047 5669 2062 5717 ς
2140 5693 2155 5716 ,
2321 5692 2334 5716 ν
2361 5659 2436 5704 vo.

85 5566 222 5648 ξξρηε.
269 5566 402 5648 '__'°‘
423 5566 486 5648 Β,
532 5581 824 5636 εἱαδάεπι.·

85 5581 222 5694 ﬁgitﬁ-
297 5581 402 5670 μηδ
424 5581 486 5648 Β,
532 5581 788 5636 eiusdem.
819 5604 824 5608 σ
902 5581 971 5657 ³9⁸
1003 5581 1064 5648 Β,
1089 5582 1494 5655 cyrographum.

218 5685 232 5710 ,
264 5643 542 5707 hrrolaus;
584 5699 593 5714 ,
644 5652 715 5684 ³¹⁰
739 5649 797 5714 Β,
841 5651 1118 5708 Turcame.
1227 5652 1296 5686 '“
1328 5653 1390 5714 Β,
1419 5651 1494 5706 Le

644 5652 715 5684 ³¹⁰
739 5649 797 5717 Β,
841 5651 1118 5708 Turcame.

1715 608 1840 664 aliis
1885 608 2072 665 Sancti
2103 607 2351 680 Sepulcri
2393 611 2689 679 casalibus,
2717 611 3078 669 Cafermelieh
3105 624 3160 670 et
3189 616 3320 670 An—‘

1713 700 1904 771 quina,
1937 701 2191 757 similiter
2218 716 2342 756 cum
2374 702 2721 773 pertinentiis
2768 703 2906 759 suis.
2946 703 3122 771 Quam
3151 721 3303 760 com-

1714 793 2075 847 mutationem
2102 791 2354 858 Babinus.
2389 808 2421 847 a
2465 808 2577 864 quo
2610 792 2758 850 idem
2787 793 3055 852 Iohannes
3082 795 3304 853 fcodum

1714 883 1934 939 tenebat
1968 899 2130 954 suum
2167 883 2257 952 ³¹⁶,
2294 883 2571 940 concessit
2596 893 2652 940 et
2689 886 2745 942 in
2771 895 2959 945 nostra
2985 888 3305 959 approbavit

1713 973 2052 1044 presentia;
2083 973 2346 1030 Petrosus
2399 989 2650 1048 quoque,
2709 985 2975 1050 cognatus
3020 978 3265 1034 eiusdem
3287 1020 3302 1043 ,

1713 1065 1892 1136 ipsam
1944 1065 2219 1122 concussit
2272 1064 2474 1138 factam
2543 1069 3066 1138 commutationem;
3119 1068 3304 1124 Bruna

1714 1172 1956 1228 quoque,
2002 1172 2144 1213 uxor
2191 1156 2473 1227 Iohannis,
2536 1175 2602 1215 ac
2643 1159 2742 1215 ﬁlii
2775 1161 2916 1227 eius,
2972 1158 3211 1216 Thomas
3253 1171 3308 1216 et

1714 1248 2067 1316 Eustachius,
2099 1249 2436 1322 heredesque
2467 1250 2554 1307 sui
2576 1265 2762 1307 coram
2791 1251 2953 1307 nobis
2981 1259 3036 1306 et
3069 1252 3306 1318 homini-,-

1714 1341 1819 1399 bus
1847 1342 2054 1398 nostris
2083 1340 2528 1399 facte‘assensere
2551 1343 3003 1410 commutationi;
3037 1344 3131 1399 tali
3164 1344 3309 1399 vide-

1714 1435 1842 1492 licet
1863 1434 2175 1492 conditione
2202 1442 2282 1502 ut,
2311 1434 2359 1490 si
2389 1450 2499 1506 qua
2526 1435 2581 1489 in
2605 1442 2888 1506 posterum
2911 1449 3075 1505 super
3095 1432 3308 1506 prefata

1715 1527 1981 1584 casalium
2028 1527 2461 1582 commutatione
2515 1528 2890 1598 quorumlibet
2937 1527 3178 1582 oriretur
3211 1541 3306 1582 ca-

1714 1619 1995 1692 lumpnia,
2046 1619 2164 1690 ipse
2208 1619 2501 1694 Iohannes,
2551 1619 3003 1676 commutationis
3036 1628 3208 1686 actor,
3252 1625 3312 1674 et

1716 1711 1946 1770 heredes
1972 1713 2093 1769 eius
2121 1727 2188 1768 ac
2218 1713 2318 1781 illi,
2352 1695 2420 1768 ad
2438 1727 2579 1782 quos
2603 1712 2878 1767 hereditas
2919 1711 3091 1782 ipsius
3122 1719 3306 1768 trans-

1715 1804 1840 1861 ierit
1886 1814 2010 1876 post
2045 1805 2248 1876 ipsum,
2283 1805 2516 1862 ecclesie
2546 1803 2735 1860 Sancti
2779 1803 3027 1874 Sepulcri
3080 1801 3307 1872 obligati

1715 1906 1979 1969 perpetuo
2004 1904 2321 1953 tenerentur
2349 1903 2430 1962 ut,
2455 1895 2724 1966 quidquid
2750 1895 2815 1928 ³¹⁷
2847 1894 3068 1963 dampni
3091 1901 3310 1964 propter

1715 1999 1921 2046 motam
1941 1990 2313 2061 ealumpniam
2342 1989 2551 2045 eisdem
2570 1989 2853 2045 canonicis
2875 1988 3182 2060 contigerit,
3207 1989 3310 2044 sub

1715 2082 2065 2140 estimatione
2094 2083 2366 2138 bonorum
2394 2083 2638 2138 virorum
2681 2082 2913 2138 ecclesie
2934 2090 2989 2137 et
3019 2081 3310 2138 conventui

1716 2175 1788 2231 ab
1815 2175 1935 2246 ipso
1974 2174 2220 2231 Iohanne
2244 2183 2298 2230 et
2329 2175 2624 2230 heredibus
2655 2174 2772 2230 suis
2807 2173 2865 2228 in
2917 2175 3191 2246 integrum
3222 2188 3310 2228 re-

1717 2274 2016 2323 stauretur.
2047 2265 2252 2322 Verum
2295 2267 2561 2337 quoniam
2592 2266 2648 2320 in
2680 2274 2925 2336 tempore
2963 2265 3152 2320 domni
3180 2264 3309 2318 Ful-

1715 2359 1872 2416 conis
1921 2359 2066 2432 regis
2109 2367 2333 2430 propter
2384 2358 2655 2430 quasdam
2692 2366 3038 2427 emergentes
3062 2373 3128 2412 ex
3157 2366 3311 2428 parte

1715 2451 1977 2508 Iohannis
2001 2451 2409 2507 controversias
2433 2451 2792 2506 commutatio
2821 2457 3126 2521 prctaxata,
3150 2457 3312 2520 prout

1715 2544 1960 2614 predicte
1987 2541 2260 2598 Dominici
2285 2539 2534 2613 SepulCri
2563 2543 2794 2624 ecclesie
2824 2541 3048 2613 placuit,
3069 2541 3310 2597 debitum

1716 2651 1782 2692 ac
1802 2635 2091 2707 paciﬁcum
2115 2633 2280 2690 ﬁnem
2299 2634 2487 2691 sortiri
2516 2649 2626 2688 non
2647 2634 2847 2704 potuit,
2869 2649 2993 2706 ego,
3017 2649 3125 2705 que
3147 2633 3313 2690 modo

1717 2745 1834 2784 rem
1863 2737 1919 2785 et
1962 2728 2251 2800 negocium
2291 2744 2360 2782 ex
2400 2727 2554 2784 omni
2600 2736 2755 2798 parte
2801 2728 3043 2798 positum
3091 2727 3146 2781 in
3179 2742 3314 2797 pace

1717 2820 2021 2890 conspicio,
2044 2835 2151 2890 que
2175 2819 2342 2874 etiam
2367 2817 2786 2874 commutationi
2813 2816 2956 2873 facte
2988 2815 3232 2884 interfui,
3261 2825 3316 2873 et

1717 2909 2073 2982 postmodum
2111 2910 2182 2966 ab
2213 2909 2344 2978 illis,
2381 2909 2450 2965 de
2478 2908 2682 2980 quibus
2726 2907 3032 2978 supradixi,
3061 2923 3315 2963 commu-

1718 3003 1986 3066 tationem
2033 3016 2356 3058 concessam
2410 3008 2466 3056 et
2499 2997 2884 3056 conlaudatam
2929 2997 3134 3066 audivi,
3191 3013 3314 3053 eam

1721 3093 1937 3149 ﬁrmam
1967 3101 2022 3149 et
2053 3100 2230 3148 ratam
2276 3101 2436 3148 teneo
2461 3099 2516 3147 et
2547 3090 2810 3148 vivaciter
2853 3087 3086 3156 afﬁrmo,
3120 3104 3186 3144 ac
3215 3104 3315 3160 pro

1724 3187 1907 3244 anima
1935 3185 2372 3258 supranominati
2397 3183 2582 3238 mariti
2605 3182 2712 3238 mei
2741 3198 2808 3239 ac
2828 3198 2950 3238 mea
2972 3181 3319 3252 ﬁliorumque

1727 3296 1975 3338 meorum
2028 3279 2224 3345 salute,
2279 3277 2375 3349 qui
2433 3277 2916 3334 commutationem
2965 3275 3219 3330 viderunt
3265 3282 3320 3329 et

1724 3381 2138 3441 concesserunt,
2168 3388 2238 3428 ne
2267 3370 2563 3442 aliquando
2583 3369 2888 3426 temeritate
2912 3368 3144 3423 alicuius
3173 3381 3318 3421 com-

1725 3469 1959 3526 mutatio
1979 3477 2035 3524 et
2058 3465 2345 3524 concessio
2373 3465 2474 3520 hec
2495 3463 2762 3520 inﬁrmari
2795 3462 2991 3534 possit,
3008 3467 3318 3532 presentem

1725 3561 1982 3634 paginam
2002 3558 2454 3616 commutationis
2468 3565 2529 3612 et~
2551 3554 2924 3611 concessionis
2949 3553 3172 3608 modum
3195 3566 3321 3606 con-

1729 3655 1992 3710 tinentem
2024 3651 2184 3724 sigilli
2218 3650 2326 3706 mei
2363 3649 2707 3720 appositione
2741 3646 3028 3714 roboravi,
3059 3643 3321 3715 quatinus

1727 3766 1795 3806 ex
1837 3756 2028 3806 nostra
2057 3760 2190 3803 cura
2221 3741 2604 3814 prenominata
2652 3737 2901 3809 Sepulcri
2933 3735 3204 3792 Dominici
3226 3749 3320 3790 ec-

1729 3839 1895 3897 clesia
1940 3839 2139 3894 habeat
2173 3835 2319 3891 unde
2364 3848 2464 3904 pro
2493 3831 2676 3898 nobis,
2722 3830 2816 3901 qui
2856 3828 3062 3883 donum
3091 3841 3320 3882 conces-

1729 3934 1925 4000 simus,
1955 3945 2144 3988 coram
2177 3927 2385 3986 sanctis
2413 3925 2551 3982 locis
2573 3924 2665 3978 ³⁸⁸.
2697 3922 2869 3978 Deum
2893 3921 3320 3990 omnipotentem

1729 4026 1873 4082 iuste
1899 4039 2058 4079 orare
2086 4022 2297 4078 debeat.
2330 4017 2700 4074 Interfuerunt
2735 4015 3007 4086 siquidem
3029 4013 3156 4068 huic
3187 4027 3321 4068 con-

1729 4115 1971 4174 cessioni
2019 4121 2209 4170 nostre
2260 4112 2317 4166 in
2373 4109 2616 4167 veridico
2679 4107 3024 4174 testimonio,
3087 4119 3321 4178 quorum

1731 4210 1956 4268 nomina
1987 4205 2432 4271 subscribuntur,
2459 4203 2712 4260 videlicet
2737 4221 2752 4258 :

1875 4293 2151 4352 Giraudus
2181 4292 2272 4360 "',
2303 4289 2626 4348 Bethlemita
2670 4291 2740 4322 ³³⁸
2770 4289 3087 4360 episcopus.
3119 4285 3324 4342 Amul-

1943 4386 2054 4454 fus,
2108 4384 2357 4442 eiusdem
2402 4382 2724 4439 canonicus.
2773 4380 3108 4446 Gaufridus,
3155 4379 3325 4438 abbas

1946 4479 2175 4550 Templi.
2203 4475 2492 4548 Rogerius,
2515 4476 2635 4531 eius
2665 4474 2988 4530 canonicus.
3017 4470 3326 4526 Amalricus

1950 4587 2136 4628 comes
2185 4569 2314 4640 Iope
2368 4569 2460 4623 δί’.
2507 4568 2810 4635 Manasses,
2861 4564 3323 4622 constabularius.

1945 4664 2232 4735 Philippus
2280 4659 2692 4732 Neapolitanus.
2721 4659 3033 4714 Rohardus.
3059 4655 3326 4711 Badulfus

1951 4757 2170 4812 Strabo.
2228 4753 2476 4821 Orricus,
2507 4752 2764 4824 Neapolis
2815 4751 3142 4805 vicecomes.
3196 4747 3324 4801 Bal-

1947 4847 2150 4903 duinus
2180 4846 2272 4913 m,
2326 4845 2472 4901 ﬁlius
2513 4845 2654 4901 eius.
2703 4840 3006 4898 Balduinus
3059 4839 3322 4896 Bubalus.

1949 4939 2242 4996 Gauterius
2275 4937 2521 4994 Malduit.
2549 4935 2819 4992 Iohannes
2855 4932 3102 5010 Vacher.’

1811 5032 2118 5105 Burgenses
2151 5052 2165 5087 :

1882 5125 2133 5183 Tosetus.
2186 5123 2482 5180 Umbertus
2520 5123 2589 5177 de
2628 5121 2754 5176 Bar.
2785 5119 2981 5176 Petrus
3009 5119 3077 5176 de
3133 5117 3327 5174 Perre-

1953 5225 2074 5288 gort
2116 5215 2205 5269 ³³³.
2253 5213 2461 5285 Symon
2497 5209 2696 5267 Rufus.
2743 5210 3000 5266 Albertus
3058 5207 3328 5264 Lombar-

1955 5309 2078 5365 dus.

1789 5511 1856 5540 ’τι
1881 5505 1942 5573 Β,
1975 5523 2180 5563 novam.
2257 5506 2328 5538 ³⁰¹
2353 5506 2414 5573 Β,
2435 5504 2776 5577 squacibus.
2856 5503 3012 5577 ΨΒ,
3059 5502 3300 5577 inquieta

2321 5572 2406 5610 “7'
2431 5575 2473 5630 Β
2513 5572 2770 5630 Ὑοδεῑαε.
2884 5575 2953 5607 ³⁰⁸
2979 5575 3041 5640 Β,
3080 5572 3328 5628 Rere/tes.

2321 5692 2334 5716 ,
2361 5659 2436 5704 v°.
2479 5619 2492 5645 ’
2511 5648 2582 5683 ³³³
2605 5645 2758 5702 Cette
2784 5645 3051 5717 premiére
3070 5644 3329 5717 rubrique

86 5722 296 5792 manque
323 5718 467 5792 dans
480 5723 546 5778 Α.
584 5712 688 5771 ’.διδ
715 5712 1134 5789 Β,’Μίιεδειιάὶε.
1213 5723 1284 5757 ³³³
1307 5712 1618 5792 Β,ἸοΙιαηητ

1848 5723 1867 5754 ⁸
1892 5712 1954 5792 Β,
1981 5712 2390 5792 δηὲιηιίεηιξῠίιι.
2466 5719 2534 5752 ³³⁷
2560 5718 2622 5786 Β,
2656 5712 2948 5792 (μιίεὶιίιξίι.Δ
3005 5715 3076 5748 ⁸³⁸
3102 5717 3165 5781 Β,
3195 5712 3326 5766 locis

86 5787 280 5860 magis.
353 5789 422 5822 ³⁸⁸
449 5791 509 5860 Β,
541 5787 820 5860 Gimldns.

87 5845 381 5922 Balduinus.
410 5845 474 5920 att
495 5845 625 5922 'néu'
742 5845 1053 5928 Πληινὶιίιῖ
1092 5845 1127 5850 ⁷
1141 5845 1380 5936 ᾖείνῇίρ
1383 5845 1562 5937 vel-1’90"
1566 5875 1604 5921 ‘-

897 5795 966 5827 ³¹⁰
992 5794 1053 5862 Β,
1092 5788 1440 5870 Βσιῇιιεεηῄτα
1512 5796 1578 5832 ⁸¹¹
1608 5794 1618 5848 1

1848 5812 1893 5850 e.
1931 5788 1948 5828 ·’
1971 5794 2041 5828 ³³⁸
2067 5792 2130 5870 le
2163 5790 2308 5849 crois
2331 5806 2438 5858 que
2460 5792 2510 5846 le
2549 5788 2758 5864 copiste
2785 5805 2816 5844 a
2841 5788 2975 5845 écrit
3007 5801 3105 5857 par
3140 5799 3326 5842 errem
