3812 6312
506 378 648 434 H39

1077 363 1169 420 AD
1203 352 1655 420 GODEFRIDUM
1693 345 1983 419 APPEND.
2023 345 2086 402 ll.
2130 375 2198 386 —-
2237 337 2509 398 MONUM.
2550 337 2639 393 DE
2675 332 2898 391 BELLO
2936 327 3179 388 SACRO.
3543 339 3627 401 mo

574 487 658 545 Ab
693 481 1072 544 incarnatione
1119 473 1337 534 Domini
1383 483 1531 528 anno
1580 481 1735 532 neu,
1791 460 2086 524 indictione
2114 461 2162 520 Α
2190 455 2409 513 nentiis.
2437 453 2612 520 Quam
2639 448 3126 506 commutationem
3156 439 3632 516 Babinus,aquoidw

501 595 617 644 ω’
1205 635 1270 692 L.
1303 632 1392 688 ιιι.

504 761 639 804 ιτειι
677 753 1029 800 rntvrcncwu
1066 742 1380 790 IILESENDIS
1414 738 1608 781 annm:
1652 720 1725 753 η’
1761 734 1829 774 οε
1865 731 2087 773 (τοπικ-

969 819 1207 864 IATIONB
1241 809 1624 856 VUETIOAKEL.

571 909 633 965 In
666 907 892 965 nomine
921 907 1108 959 sancte
1135 905 1190 953 et
1209 892 1492 951 individue
1521 885 1806 944 Trinitatis
1832 882 2012 940 Patris
2035 890 2091 936 et

503 1001 625 1058 Filii
651 1008 706 1055 et
737 995 973 1068 Spiritus
1002 987 1208 1054 Sancti,
1243 999 1426 1040 amen.

573 1064 796 1146 Notum—
827 1087 897 1141 sit
930 1080 1209 1146 omnibus,
1241 1085 1353 1131 tam
1384 1071 1584 1130 futuris
1613 1084 1778 1143 quam
1819 1064 2089 1139 presenti-

503 1185 630 1246 bus,
659 1177 808 1250 quod
835 1189 938 1247 ego
972 1168 1289 1227 Melisendis
1317 1166 1410 1233 ⁸²⁶,
1437 1180 1534 1236 per
1563 1161 1659 1217 Dei
1691 1159 1924 1249 gratiam
1971 1154 2092 1210 lhe-

502 1274 890 1330 rosolimorum
911 1264 1121 1337 regina,
1141 1258 1512 1317 venditionem
1535 1263 1589 1311 et
1602 1242 1933 1324 emptionem
1950 1255 2093 1303 terre

508 1364 757 1438 llugonis
801 1361 869 1417 de
901 1356 1155 1414 Hibelino
1184 1353 1252 1387 “'
1296 1353 1439 1407 inter
1470 1363 1530 1405 se
1569 1354 1624 1402 et
1645 1344 1842 1400 fratres
1871 1349 2092 1396 nostros

507 1430 778 1512 Dominici
810 1448 1058 1522 Sepulcri
1084 1444 1378 1502 canonicos
1398 1439 1640 1512 legitime
1671 1435 1893 1500 factam,
1916 1430 2061 1506 [vide
2077 1460 2092 1470 -

503 1545 654 1620 licet]
679 1546 750 1580 ³¹⁸
774 1539 1154 1606 Vuetmoamel
1182 1551 1308 1594 cum
1335 1531 1558 1590 villanis
1601 1538 1657 1584 et
1689 1527 1943 1584 omnibus
1970 1537 2094 1595 per-

504 1617 754 1696 tinentiis
786 1637 924 1703 suis,
951 1631 1250 1690 Dersabeth
1274 1628 1345 1664 m
1368 1643 1493 1684 cum
1514 1622 1732 1679 villanis
1759 1629 1813 1676 et
1839 1617 2094 1674 omnibus

502 1731 848 1806 pertinentiis
895 1728 1045 1795 suis,
1098 1721 1311 1781 Corteis
1353 1735 1478 1776 cum
1505 1715 1722 1772 villanis
1744 1722 1798 1768 et
1837 1710 2095 1767 omnibus

505 1803 850 1899 pertinentiis
882 1820 1018 1887 suis,
1056 1827 1109 1874 et
1128 1825 1306 1873 cetera
1358 1811 1566 1878 omnia,
1601 1816 1764 1880 prout
1810 1803 2094 1877 privilegio
2127 1820 2170 1876 Β

505 1895 651 1990 regis
696 1912 951 1970 Balduini
980 1910 1165 1967 dilecti
1197 1907 1293 1963 ﬁlii
1338 1905 1448 1960 mei
1491 1901 1864 1965 continentur,
1918 1895 2094 1968 ipsius

507 1989 652 2081 regis
677 2021 837 2079 prece
881 2014 937 2060 et
972 1999 1392 2076 a[d]monitione
1417 1995 1507 2064 ³³⁸⁸,
1551 1993 1802 2050 similiter
1830 1998 1884 2046 et
1903 1989 2092 2044 Alma-

507 2102 610 2157 rici
639 2101 730 2166 ³⁸⁸,
761 2096 1048 2154 Ascalonis
1089 2092 1328 2158 comitis,
1371 2103 1585 2144 necnon
1615 2082 1923 2142 voluntaria
1950 2081 2095 2152 peti-«

512 2195 656 2249 tione
685 2191 754 2224 ”’
781 2198 835 2244 et
862 2195 1055 2259 rogatu
1087 2183 1283 2256 prefati
1310 2179 1578 2251 Hugonis,
1606 2177 1701 2248 qui
1733 2177 1878 2231 hanc
1907 2172 2097 2228 vendi-

509 2287 716 2341 tionem
742 2282 890 2349 facit,
938 2288 993 2335 et
1029 2275 1279 2334 Balduini
1302 2274 1488 2329 fratris
1517 2273 1624 2339 sui,
1650 2269 1904 2327 similiter
1927 2274 1982 2322 et
2003 2280 2098 2336 pe-

509 2379 701 2435 titione
722 2377 791 2410 ³³⁸
806 2373 994 2431 domni
1013 2369 1274 2425 Amalrici
1304 2367 1394 2433 ³³⁸,
1411 2364 1724 2437 patriarche
1749 2355 2096 2423 Antiocheni,

511 2486 674 2542 quem
716 2464 946 2540 predicti
995 2460 1246 2519 canonici
1301 2458 1427 2514 inde
1452 2459 1804 2527 rogaverunt,
1834 2449 2000 2505 laudo
2045 2454 2101 2501 et

511 2559 771 2626 concedo,
821 2564 910 2623 et,
951 2561 1013 2609 ut
1055 2551 1270 2610 ﬁrmius
1323 2555 1595 2610 teneatur,
1625 2545 1768 2598 hanc
1791 2547 2100 2611 presentem

512 2653 765 2724 paginam
802 2647 1128 2704 auctoritate
1157 2641 1320 2713 sigilli
1350 2639 1456 2694 mei
1479 2637 1765 2693 conﬁrmo.
1798 2631 1909 2688 Hec
1937 2631 2104 2702 igitur

514 2721 758 2817 prodicta
807 2738 1050 2797 vendidit
1081 2735 1236 2806 ﬂugo
1282 2733 1350 2788 de
1392 2729 1644 2785 Hibelino
1673 2726 1746 2760 ³³⁸
1782 2721 2104 2782 cannonicis

514 2812 584 2878 λε’·
619 2833 888 2892 Dominici
919 2827 1165 2900 Sepulcri
1194 2839 1294 2896 pro
1321 2831 1528 2892 septem
1565 2818 1806 2874 millibus
1840 2812 2107 2871 bizanciis

517 2931 636 2985 iure
649 2922 981 2982 hereditario
996 2917 1323 2992 possidenda
1339 2925 1394 2971 et
1409 2915 1476 2970 ab
1489 2913 1639 2971 omni
1655 2907 1928 2982 servi[ti]o
1943 2915 2108 2976 atque

518 3019 766 3076 dominio
808 3016 893 3071 vel
931 3013 1223 3070 exaccione
1277 3009 1344 3042 ”’
1377 3008 1580 3072 soluta,
1609 3004 1783 3059 libera
1813 3008 1868 3056 et
1895 2998 2101 3070 quieta.

519 3110 695 3168 liuius
720 3106 990 3179 siquidem
1007 3105 1086 3162 rei
1111 3111 1279 3159 testes
1307 3107 1436 3155 sunt
1469 3117 1485 3153 :

661 3200 975 3267 Rainerius,
1014 3193 1379 3252 Sebastiensis
1416 3191 1488 3224 ⁸³³
1529 3188 1839 3259 episcopus.
1886 3181 2106 3240 Gaufri-
2130 3167 2177 3231 C

731 3295 864 3359 dus,
901 3291 1068 3346 abbas
1096 3285 1327 3357 Templi.
1378 3282 1661 3352 Philippus
1716 3276 2108 3346 Neapolitanus

732 3395 787 3442 et
838 3382 1130 3448 Henricus,
1162 3379 1332 3433 frater
1371 3374 1511 3430 eius.
1545 3371 1613 3426 Et
1653 3367 1906 3424 Roardus
1934 3365 2003 3397 ³³⁸
2041 3363 2110 3419 de

733 3475 1040 3548 Neapolim,
1069 3482 1124 3529 et
1159 3469 1514 3542 quamplures
1544 3464 1657 3520 alii.

595 3573 824 3628 Factum
862 3575 947 3624 est
968 3575 1150 3622 autem
1180 3563 1288 3618 hoc
1314 3572 1460 3614 anno
1494 3555 1564 3613 ab
1599 3551 1978 3611 incarnatione
2002 3549 2112 3606 Do-,

525 3666 658 3723 mini
684 3679 842 3730 ucnv,
869 3658 1166 3739 indictione
1186 3670 1259 3709 ιν.
1347 3708 1350 3710 γ

597 3760 729 3815 Data
755 3772 852 3828 per
874 3738 1099 3829 manum
1130 3745 1418 3813 Guidonis,
1443 3741 1630 3815 regine
1663 3738 1869 3797 clerici.

1226 3839 1295 3896 LI
1324 3838 1416 3894 “°.

583 3963 740 4005 meo
780 3953 1127 4016 PRIVILEGlIiI
1166 3948 1416 3992 annum
1454 3945 1611 3987 nacus
1644 3943 1846 3994 QUARTI
1878 3924 1946 3959 ³⁸⁵⁸
1990 3941 2058 3980 ns

813 4013 1232 4072 COIIUTATIONB
1273 4018 1520 4061 romanus
1551 4013 1811 4057 PATnlCll.

602 4113 659 4166 ln
687 4108 911 4166 nomine
947 4111 1133 4162 sancte
1158 4109 1213 4157 et
1239 4097 1516 4154 individue
1541 4089 1828 4150 Trinitatis
1852 4087 2032 4145 Patris
2064 4095 2120 4143 et

529 4205 652 4262 Filii
681 4211 737 4260 et
765 4198 1003 4272 Spiritus
1029 4194 1238 4261 Sancti,
1275 4207 1455 4247 amen.

602 4295 804 4351 Notum
829 4291 904 4347 sit
925 4288 1202 4352 omnibus,
1232 4293 1342 4340 tam
1364 4280 1713 4354 presentibus
1733 4291 1898 4348 quam
1921 4273 2121 4330 futuris

533 4391 622 4457 ου,
648 4385 795 4458 quod
823 4399 926 4454 ego
956 4379 1276 4443 Balduinus,
1311 4390 1408 4446 per
1441 4372 1670 4445 gratiam
1701 4369 1799 4425 Dei
1847 4368 1903 4422 in
1930 4374 2120 4422 sancta

534 4475 867 4534 lherusalem
917 4470 1235 4525 Latinorum
1279 4480 1374 4521 rex
1408 4471 1674 4534 quartus,
1708 4471 1940 4514 assensu
1980 4455 2121 4510 Mili-

533 4570 718 4628 sendis
762 4566 830 4600 ³⁸³
856 4563 1062 4635 regine,
1095 4558 1288 4616 matris
1337 4555 1607 4625 siquidem
1651 4563 1792 4615 mee,
1824 4562 2036 4604 necnon
2065 4556 2120 4603 et
2152 4520 2197 4578 θ
2229 4588 2231 4590 .

534 4659 816 4726 Amalrici,
867 4657 1051 4712 fratris
1090 4653 1218 4718 mei,
1265 4648 1483 4706 comitis
1532 4641 1922 4708 Ascalonitani,
1958 4648 2116 4706 nutu,

535 4754 796 4818 concedo,
827 4749 990 4805 laudo
1019 4756 1073 4803 et
1091 4743 1335 4816 approbo
1358 4734 1846 4794 commutationem
1876 4742 2120 4804 tempore

535 4845 724 4903 domui
771 4840 1062 4904 Fulconis,
1087 4835 1260 4908 patris
1290 4830 1418 4895 mei,
1461 4827 1608 4899 regis
1637 4825 2118 4882 lherosolimorum

536 4936 786 5002 illustris,
811 4936 950 4989 inter
969 4921 1313 5005 [Iohannem]
1339 4920 1409 4952 ³⁸⁵⁵
1424 4919 1724 4974 Patricium
1746 4929 1800 4973 et
1823 4917 2120 4974 canonicos

536 5028 812 5087 Dominici
886 5020 1134 5093 Sepulcri
1195 5016 1394 5071 factam
1444 5014 1511 5068 de
1558 5012 1775 5068 duobus
1827 5011 2125 5074 casalibus,

539 5123 750 5195 Megina
779 5117 988 5176 scilicet
1007 5121 1062 5168 et
1089 5110 1322 5176 Mezera,
1355 5123 1479 5163 cum
1501 5106 1758 5162 omnibus
1783 5105 2126 5176 pertinentiis

538 5217 657 5272 suis
683 5227 784 5283 pro
813 5208 1033 5264 duobus
1059 5203 1183 5260 aliis
1208 5199 1394 5258 Sancti
1424 5198 1670 5270 Sepulcri
1699 5198 1996 5263 casalibus,
2021 5197 2126 5252 Ca-

541 5301 824 5362 fermelich
850 5299 921 5331 m
957 5305 1012 5353 et
1053 5294 1328 5366 Anquina,
1368 5308 1493 5348 cum
1533 5291 1650 5348 suis
1676 5290 1928 5346 similiter
1955 5290 2125 5360 perti-

612 5415 762 5483 ωΑ,
783 5413 823 5469 ro
845 5414 936 5479 es,
961 5422 1039 5478 r";
1075 5410 1318 5483 8,1546,
1340 5419 1450 5483 r°._
1491 5407 1742 5483 "'UQette

541 5477 759 5543 belinof
813 5485 884 5518 ³¹⁸
916 5477 1149 5553 δυρίυιέέ
1175 5479 1389 5553 d‘aprés
1416 5479 1476 5553 Β.
1534 5477 1710 5553 ΔξξεθῇΒ,

542 5617 606 5694 B;
628 5617 944 5683 'Roltardus.
1021 5625 1089 5657 ιη
1122 5617 1188 5688 Α,
1219 5620 1261 5676 ιο
1290 5622 1386 5694 t5,
1406 5629 1490 5694 vf;
1524 5617 1652 5694 9,!»
1679 5617 1877 5694 48,_jv°.

545 5678 1240 5771 ιιένῖέ’ἀὶῖάίὶῖρι-εδεηιίθιὶε.
1320 5678 1390 5724 διδ
1415 5678 1488 5755 B,’
1522 5678 1848 5744 Μ’ίιεδεηᾱεδ.
1927 5689 1995 5722 διδ
2025 5689 2086 5751 B,

545 5787 642 5810 ηιιρ
739 5771 806 5810 δι”
841 5761 1307 5810 Snnnlééd‘anrés
1329 5761 1390 5810 B.
1469 5761 1537 5792 “3
1562 5760 1621 5810 Β.
1658 5759 1940 5810 Hubelino.
2057 5758 2109 5790 ³⁵¹

2209 5678 2346 5755 )pléé
2381 5681 2596 5752 d‘aprés
2631 5678 2692 5732 Β.
2805 5678 2875 5709 ⁸⁵⁵

2209 5754 2405 5810 fulti.
2437 5763 2525 5810 v";
2561 5749 2686 5810 B.P’
2717 5748 2785 5803 59
2829 5755 2883 5798 v°

543 5787 660 5842 que.
722 5759 1400 5845 '?~7_Suppiéétln’_ap'rés_ll3_.'
1469 5760 1621 5845 “alii.
1658 5759 1940 5831 Ilybeliuo.

546 5830 788 5912 {nanque
808 5830 944 5894 dans
961 5830 1043 5892 Ἀ.
1117 5830 1270 5900 anB,
1303 5830 1626 5907 Milegendis.

1804 5405 2034 5461 remiére
2055 5405 2320 5474 rubrique
2342 5415 2580 5474 manque
2593 5397 2732 5474 dans
2868 5463 2880 5474 ⁸
2895 5391 2964 5422 ³⁸⁸
2987 5389 3055 5474 l3,
3087 5381 3463 5474 Milefzegdis.

723 5473 785 5570 τ’.
813 5485 884 5518 ³¹⁸
916 5473 1149 5570 suppleti
1175 5473 1389 5570 d'aprés
1532 5477 1710 5570 ,::’nB,
1731 5473 2026 5570 [Pelag-bet
2083 5477 2109 5570 ,³

2209 5473 2558 5555 ᾱηιοιιὶςὶοιιε.

541 5559 606 5623 Β,
628 5558 902 5628 petitione.
981 5544 1146 5628 “SB,
1177 5544 1452 5628 Λξήιςςίεί.
1524 5546 2023 5628 ζηβηῌῃὺειὶηοε.

2209 5544 2468 5624 anonicis‘.

1989 5618 2055 5650 ³³⁸
2087 5616 2240 5671 Cette
2261 5595 2530 5685 prerniiére
2547 5595 3075 5685 rttbi‘iqucﬂma‘nque
3102 5598 3254 5685 darts

2189 547 2459 604 Iohannes
2515 542 2735 598 feodum
2785 554 2948 596 suum
3006 535 3223 592 tenebat
3255 535 3490 603 concessit,
3525 551 3562 595 et
3597 543 3634 600 in

2188 648 2379 695 nostra
2427 633 2701 692 dominice
2743 631 2816 664 '“
2870 629 3056 701 regine
3104 624 3400 696 approbavit
3431 633 3635 703 presenﬁa;

2187 729 2448 792 Petrosus
2470 739 2689 799 quoque
2716 729 2980 793 cognatus
3007 717 3252 777 eiusdem
3280 713 3427 784 ipsam
3457 724 3638 778 concessit

2190 823 2393 880 factam
2445 815 2962 889 commutationem;
3012 811 3197 868 Bruna
3241 806 3413 874 etiam,
3459 790 3558 865 uxor
3590 812 3642 870 lo-

2188 913 2412 979 hannis,
2459 925 2523 979 ac
2568 906 2666 976 ﬁlii
2711 904 2864 975 eius,
2901 899 3145 956 Thomas
3175 905 3229 953 et
3257 895 3642 965 Eustachius,iacte

2190 1016 2478 1062 assensere
2535 993 2983 1060 commutationi;
3026 989 3120 1046 tali
3165 985 3397 1042 videlicet
3435 988 3647 1048 conditione

2189 1106 2271 1164 ut,
2309 1095 2356 1152 si
2389 1109 2498 1168 qua
2543 1092 2600 1146 in
2643 1098 2924 1162 posterum
2968 1097 3134 1154 super
3160 1076 3444 1154 prefata[m]
3471 1082 3645 1139 casalinm

2191 1187 2675 1250 commutationem
2718 1178 3092 1254 quorumlibet
3133 1173 3362 1243 oriretur
3417 1173 3650 1245 calumpnia,

2191 1283 2308 1354 ipse
2335 1279 2627 1349 Iohannes,
2654 1267 3101 1344 commutationis
3136 1273 3308 1330 actor,
3327 1270 3375 1317 et
3396 1263 3652 1322 heredcseius

2193 1391 2259 1430 ac
2289 1372 2367 1442 illi
2425 1371 2495 1426 ad
2541 1383 2681 1440 quos
2710 1363 2989 1426 hereditas
3031 1356 3207 1429 ipsius
3237 1355 3482 1410 transierit
3505 1359 3655 1428 postip-

2195 1482 2340 1533 sum,
2371 1461 2603 1521 ecclesie
2649 1455 2836 1513 Sancti
2864 1449 3114 1524 Sepulcri
3141 1446 3358 1518 obligati
3393 1455 3655 1520 per-petente-

2195 1563 2458 1612 nerentur
2526 1559 2618 1619 ut,
2680 1544 2944 1634 quicquid
3005 1538 3229 1619 dampni
3289 1547 3476 1608 propter
3524 1547 3658 1592 motam

2195 1644 2563 1717 calumpnia’m
2579 1627 2810 1697 ecclesie
2827 1633 3035 1707 prefate
3058 1627 3334 1695 canonicis
3348 1627 3586 1697 contigerit,
3597 1628 3660 1681 sub

2195 1737 2543 1796 estimatione
2593 1733 2862 1788 honorum
2912 1727 3156 1782 virorum
3187 1718 3405 1776 ecclesie
3438 1727 3482 1773 et
3498 1718 3663 1773 eiusdem

2195 1828 2489 1889 conventui
2518 1826 2574 1881 in
2606 1825 2880 1894 integrum
2907 1824 3269 1873 restauretur.
3294 1809 3470 1866 Verum
3487 1811 3663 1880 quoniam

2195 1927 2252 1980 in
2287 1932 2533 1992 tempore
2570 1914 2760 1972 domui
2807 1908 3066 1966 Fulconis
3117 1904 3285 1976 regis,
3334 1901 3479 1972 patris
3501 1898 3668 1954 videlicet

2195 2017 2326 2084 mei,
2354 1990 2576 2085 propter
2597 2006 2863 2080 quasdam
2887 2008 3228 2072 emergentes
3250 2011 3317 2050 ex
3347 2001 3476 2064 parte
3496 1990 3670 2045 Iohannis

2196 2105 2602 2168 controversias
2631 2095 2989 2158 commutatio
3015 2098 3320 2165 pretaxata,
3345 2093 3482 2156 prout
3508 2083 3671 2154 predicte

2197 2197 2468 2254 Dominici
2501 2190 2748 2266 Sepulcri
2771 2184 3000 2244 ecclesie
3026 2181 3254 2254 placuit,
3278 2178 3492 2232 debitum
3512 2191 3559 2228 ac
3576 2172 3676 2242 paci-

2199 2292 2362 2348 ficum
2410 2265 2587 2343 tinem,
2613 2281 2799 2339 sortiri
2823 2293 2932 2334 non
2959 2273 3158 2347 potuit,
3188 2268 3339 2343 [ego]
3360 2268 3438 2334 ³⁸⁷,
3465 2265 3539 2336 qui
3569 2265 3674 2319 modo

2199 2397 2315 2438 rem
2364 2388 2420 2434 et
2464 2374 2755 2447 negocium
2796 2386 2863 2425 ex
2886 2365 3037 2423 omni
3075 2371 3231 2434 parte
3280 2359 3491 2430 positum
3529 2356 3569 2408 in
3595 2371 3679 2423 pace

2201 2470 2509 2542 conspicio,
2545 2446 2652 2538 qui
2686 2463 2852 2520 etiam
2895 2452 3314 2530 commutationi
3362 2449 3482 2504 facte
3504 2446 3670 2509 interfui,

2200 2576 2255 2622 et
2285 2540 2634 2636 postmodum
2672 2557 2741 2612 ab
2764 2555 2904 2630 illis,
2923 2551 2990 2606 de
3020 2548 3226 2619 quibus
3259 2558 3415 2612 supra
3449 2540 3562 2602 dixi,
3587 2553 3683 2592 com-

2203 2655 2564 2712 mutationem
2600 2629 2920 2706 concessam
2961 2635 3397 2697 etcollaudatam
3429 2629 3586 2692 audiri,
3605 2643 3682 2680 eam

2205 2748 2420 2803 ﬁrmam
2463 2750 2518 2799 et
2548 2749 2724 2796 ratam
2752 2745 2912 2812 teneo
2961 2740 3016 2787 et
3043 2727 3311 2795 vivaciter
3335 2723 3532 2790 afﬁrmo,
3554 2736 3600 2773 ac
3627 2732 3687 2785 pro

2207 2841 2382 2898 salute
2422 2833 2605 2891 anime
2635 2845 2755 2887 mee
2776 2809 2839 2900 et
2865 2831 3164 2898 parentum,
3188 2831 3449 2880 meorum,
3473 2823 3561 2867 tam
3593 2809 3688 2860 n‘vo—

2206 2945 2330 2985 rum
2361 2941 2528 2998 quam
2571 2900 2992 2990 defunctorum,
3036 2929 3105 2968 ne
3133 2909 3456 2994 quandoque
3481 2900 3693 2959 temeritate

2207 3017 2440 3074 alicuius
2480 3008 2837 3078 commutatio
2867 2985 2922 3062 et
2976 2985 3329 3078 confirmatio
3380 2985 3470 3051 liec
3510 2986 3693 3046 inﬁrmari

2209 3117 2393 3182 queat,
2426 3111 2735 3178 presentem
2764 3099 3021 3173 paginam
3045 3087 3483 3150 commutationis
3503 3096 3545 3139 et
3565 3081 3698 3137 conﬁr-

2208 3171 2466 3260 mationi-s
2495 3196 2717 3253 modum
2744 3171 3112 3246 continentem
3134 3181 3303 3253 sigilli
3334 3177 3433 3232 mei
3454 3171 3700 3243 apposition:

2209 3293 2476 3352 conﬁrmo
2495 3296 2550 3344 et
2577 3284 2895 3347 corroboro,
2933 3285 3207 3349 quatenus
3259 3287 3326 3325 ex
3356 3283 3470 3324 mea
3495 3278 3600 3320 cura
3620 3273 3703 3330 pre-

2211 3385 2493 3442 nominata
2526 3373 2799 3434 Dominici
2845 3367 3097 3442 Sepulcri
3142 3361 3379 3420 ecclesia
3424 3349 3704 3422 habeatunde

2209 3492 2310 3550 pro
2355 3492 2463 3543 me,
2511 3473 2608 3545 qui
2659 3464 3145 3526 commutationem
3197 3459 3317 3528 jam
3367 3452 3552 3509 tociens
3573 3447 3707 3502 dictam

2209 3568 2496 3634 conﬁrmo,
2529 3542 2716 3641 coram
2756 3557 2893 3614 locis
2925 3552 3132 3612 sanctis
3171 3549 3351 3605 Deum
3376 3542 3706 3612 omnipotentem

2214 3665 2332 3719 iure
2362 3673 2593 3718 exorare
2616 3655 2830 3711 debeat.

2285 3752 2511 3808 Factum
2533 3755 2616 3804 est
2654 3753 2835 3800 autem
2886 3739 2990 3796 hoc
3014 3748 3161 3791 anno
3193 3731 3266 3788 ab
3303 3716 3715 3785 incamationeDo—

2216 3843 2350 3900 mini
2403 3854 2562 3906 ncnv,
2594 3831 2891 3890 indictione
2933 3842 3014 3884 ιιι.
3064 3823 3250 3879 Huius
3274 3819 3491 3892 quidem
3522 3811 3720 3868 reitestcs

2213 3950 2384 3999 sunt:

2357 3987 2604 4084 Andreas
2656 4021 2723 4076 de
2770 4016 2952 4072 Monte
3003 4013 3172 4066 Barro
3193 4049 3208 4075 ,
3262 4002 3517 4076 magister
3558 3987 3724 4084 Teutob-

2431 4080 2795 4177 llumfredus,
2839 4099 3316 4165 constabularius.
3359 4092 3615 4177 Philippus
3634 4080 3725 4134 Ne:-

2427 4209 2724 4282 politanus.
2782 4198 2980 4263 Guido,
3019 4194 3187 4249 frater
3231 4189 3391 4252 eius,
3451 4175 3727 4246 Francigena.

3241 4281 3247 4282 ,
3332 4278 3359 4282 _
3550 4270 3563 4282 _
3683 4262 3715 4282 ,Δ

2429 4262 2585 4370 irin—go
2621 4297 2688 4353 de
2704 4292 2934 4348 Ybelino
2958 4262 3048 4340 ³⁸⁸.
3069 4283 3188 4339 Odo
3220 4281 3294 4336 de
3326 4278 3522 4332 Sancto
3538 4262 3730 4370 Atna‘ndO-

2433 4356 2632 4455 Ysaac,
2661 4383 2995 4442 castellanus
3029 4375 3203 4432 turris
3250 4370 3448 4427 David.
3491 4356 3736 4455 Guillclmns

2434 4483 2502 4538 de
2550 4449 2736 4534 Ba-rra.
2787 4473 3102 4530 Galvannus
3148 4465 3222 4520 de
3277 4459 3489 4515 Rochia
3544 4449 3738 4506 Belenus

2439 4571 2661 4627 Asinus;
2692 4566 2934 4621 Thomas
2964 4560 3032 4615 de
3055 4559 3364 4612 Satorono.

2300 4669 2433 4722 Data
2465 4658 2853 4724 lherosolimis,
2899 4668 2996 4726 per
3025 4665 3258 4706 manum
3292 4641 3509 4700 Radulﬁ
3551 4629 3744 4691 cancelli-

2231 4763 2317 4828 rii,
2350 4779 2380 4815 v
2415 4755 2677 4814 kalendas
2705 4750 2842 4808 iulii.

2912 4857 3002 4914 ιιι
3042 4854 3134 4908 ³³⁸.

2235 4983 2366 5023 nent
2415 4977 2664 5019 saccum
2719 4971 2873 5014 REGIS
2909 4963 3108 5018 QUAR“
3153 4945 3230 4977 ³⁵⁸
3279 4958 3353 5017 ηε
3391 4936 3749 5023 ηὲξῗδιθθῖῗζῖ

2303 5038 2586 5097 ιωιιηηιεέ
2642 5045 2785 5094 ρυΑιι
2842 5005 3031 5080 unam
3092 5011 3416 5072 ιιιιιδειξοιε
3472 5005 3536 5039 ³³¹
3579 5005 3750 5056 ":ch

2305 5123 2471 5166 SUPER
2507 5116 2753 5158 VILLANIS
2784 5114 2851 5152 DE
2886 5103 3210 5150 BETHSURIB.

2301 5197 2359 5250 In
2412 5193 2633 5249 nomine
2685 5196 2870 5246 sancte
2923 5191 2979 5239 et
3012 5178 3309 5237 individue
3338 5164 3609 5228 Trinitatis
3631 5151 3755 5214 Patri!

2229 5299 2283 5345 ct
2314 5287 2435 5343 Filii
2465 5294 2521 5341 et
2550 5283 2788 5354 Spiritus
2817 5275 3024 5338 Sancti,
3054 5285 3247 5327 amen.

3533 5374 3592 5405 ⁸¹¹
3610 5369 3658 5421 Β.
3682 5361 3756 5427 Hg-

2660 5429 2732 5498 ‘I:
2848 5429 3657 5529 Amaﬁicﬁivqﬁgpelicioqe-
3713 5429 3754 5529 Ξ

2579 5539 2645 5571 ⁸³⁷
2669 5535 2731 5600 Β,
2756 5499 3085 5589 auctio}?
3117 5499 3200 5558 ’³³⁸
3233 5524 3304 5588 Β,
3337 5499 3659 5577 Segestem.
3713 5499 3754 5531 ⁸³

2582 5608 2813 5639 nimia-nn
2838 5616 3074 5639 unauana
3102 5598 3254 5639 dans
3285 5595 3354 5639 Α-
3435 5590 3500 5621 ³⁸³
3529 5586 3582 5639 Β,
3601 5593 3683 5633 εαιι
3703 5573 3756 5639 [ε’

2805 5646 3339 5741 εξεῖῑέρἧξτῑιῑέὶῐειι.
3420 5660 3487 5741 ξιξ
3512 5656 3567 5721 B.
3587 5646 3756 5741 dmi":

2984 5721 3240 5794 SMtfltzttc
3267 5730 3538 5808 premiére
3568 5721 3754 5784 rubriqﬂ
