3812 6312
489 340 630 396 1145

1048 341 1142 396 AD
1180 341 1632 399 GODEFRIDUM
1664 343 1954 400 APPEND.
1997 342 2060 398 II.
2095 373 2164 383 -
2199 343 2468 402 NONUM.
2512 345 2601 402 DE
2639 344 2863 403 BELLO
2899 344 3143 404 SACRO.

3567 354 3667 412 ιιιι

485 453 714 526 Insuper
750 464 913 512 etiam
953 455 1232 513 dimidiam
1269 466 1476 528 partem
1510 457 1654 512 illius
1678 457 2066 528 possessionis,
2096 460 2142 521 Α
2170 471 2307 526 quas
2335 472 2528 514 omnes
2552 467 2707 528 pater
2734 472 2890 513 meus
2911 455 3026 527 iam
3056 455 3264 511 tocicns
3283 455 3448 514 dictus
3473 460 3532 515 ab
3559 467 3668 520 enini

483 562 651 618 quam
689 548 898 618 primus
928 563 1020 603 rex
1065 546 1364 604 Balduinns
1392 563 1490 618 pro
1521 549 1830 604 excamhitu
1852 549 2064 619 episco-

480 647 645 710 patus
679 638 1069 700 Bethleemitici
1109 640 1338 695 ecclesie
1373 639 1558 694 Sancti
1591 639 1661 673 ³⁷⁸
1686 638 1932 709 Sepulcri
1962 639 2058 695 de-

483 727 593 795 dit,
620 730 906 784 conﬁrmo.
949 728 1141 784 Casale
1180 729 1437 800 insuper,
1479 730 1702 786 nomine
1743 729 1973 796 Derina,
2005 731 2061 786 in

482 820 759 878 territorio
797 821 1008 878 Tirensi
1035 821 1105 854 ⁸⁷⁵
1132 823 1320 887 situm,
1350 837 1514 892 super
1543 839 1802 895 magnum
1833 821 2060 891 fontem,

482 910 551 967 de
595 927 708 983 quo
755 913 1000 982 procedit
1045 913 1348 968 conductus
1397 928 1697 983 aquarum,
1744 930 1870 970 cum
1911 915 2063 970 omni

481 1003 804 1072 pertinentia
852 1019 980 1070 sua,
1008 1011 1234 1072 excepto
1265 1003 1374 1058 alio
1413 1004 1614 1072 casali,
1643 1003 1690 1060 si
1733 1005 2064 1076 quandoque

479 1094 532 1148 ei
557 1094 856 1161 subiacuit,
881 1102 935 1148 et
963 1093 1018 1147 in
1049 1093 1404 1150 conterminis
1429 1094 1624 1166 prefati
1653 1097 1882 1164 casalis,
1913 1097 2061 1153 circa

477 1195 766 1253 montana,
805 1194 1072 1256 quantum
1115 1195 1257 1243 terre
1307 1197 1544 1258 quatuor
1587 1187 1739 1258 paria
1787 1188 1951 1244 boum
1994 1189 2064 1245 de

477 1292 623 1332 anno
645 1278 701 1332 in
734 1293 939 1333 annum
965 1279 1214 1335 excolere
1238 1288 1470 1351 possunt
1487 1323 1502 1347 ,
1530 1289 1586 1335 et
1608 1289 1821 1348 ortum,
1859 1281 1954 1352 qui
1978 1289 2064 1338 est

476 1367 620 1424 inter
661 1385 883 1425 murum
923 1381 978 1426 et
1022 1374 1364 1428 antemurale
1404 1372 1531 1445 Tyri
1574 1389 1640 1428 ex
1674 1383 1830 1444 parte
1867 1375 2059 1442 maris,

476 1477 584 1531 qne
627 1463 811 1518 omnia
847 1464 1055 1520 scilicet
1096 1467 1370 1522 secundus
1411 1483 1506 1522 rex
1539 1465 1838 1523 Balduinus
1875 1467 2062 1522 Domi-

476 1555 601 1610 nico
625 1554 772 1610 dedit
795 1555 1078 1628 Sepulcro,
1103 1558 1388 1614 conﬁrmo.
1419 1559 1673 1615 Preterea
1697 1561 1752 1615 in
1781 1560 2062 1616 territorio

477 1643 832 1717 Neapolitano
860 1649 1060 1718 casale,
1082 1651 1307 1705 nomine
1329 1650 1697 1708 Cafermclech
1720 1653 1811 1720 ³⁷⁸,
1828 1668 1895 1708 ex
1915 1653 2061 1708 dono

478 1738 622 1808 regis
650 1739 873 1794 secundi
904 1738 1184 1808 Balduini,
1213 1750 1377 1812 prout
1403 1743 1459 1798 in
1495 1742 1667 1812 ipsius
1699 1752 1920 1798 notatur
1945 1743 2057 1814 pri-

479 1829 694 1900 vilegio,
733 1831 1016 1886 conﬁrmo.
1051 1831 1222 1888 Porro
1244 1834 1585 1889 medietatem
1627 1835 1824 1890 casalis
1853 1835 2059 1891 Fieisse
2088 1810 2134 1864 Β

479 1919 570 1976 ³⁷⁷.
597 1936 743 1975 nunc
779 1921 957 1978 casale
993 1921 1178 1979 Sancti
1227 1922 1472 1994 Sepulcri
1517 1926 1848 1996 nuncupati,
1890 1943 2057 1997 quam

477 2025 604 2065 cum
634 2012 781 2066 omni
814 2013 1135 2082 pertinentia
1183 2031 1281 2070 sua
1317 2015 1646 2074 Eustachius
1671 2017 1940 2074 Gancrius
1966 2019 2056 2086 ³⁷⁸,

478 2103 832 2157 concessione
865 2105 1027 2159 etiam
1064 2105 1208 2175 regis
1239 2105 1488 2161 Balduini
1517 2109 1780 2176 secundi,
1807 2110 1975 2165 libere
2003 2119 2058 2164 et

478 2191 823 2260 perhenniter
857 2194 1160 2250 habendam
1191 2197 1420 2253 ecclesie
1468 2197 1656 2254 Sancti
1689 2200 1934 2271 Sepulcri
1961 2201 2059 2257 do-

478 2282 656 2348 navit,
684 2291 739 2336 et
762 2293 931 2339 totam
963 2293 1162 2341 terram
1192 2287 1372 2357 illam,
1404 2305 1568 2360 quam
1597 2290 1872 2348 Galterius
1891 2334 1906 2359 ,
1935 2307 2059 2362 pre-

477 2375 605 2432 dicti
653 2377 932 2434 Eustachii
969 2381 1113 2437 ﬁlius
1138 2423 1155 2448 ,
1191 2383 1337 2438 circa
1383 2384 1526 2439 idem
1559 2385 1740 2439 casale
1777 2383 2061 2440 canonicis

476 2469 746 2528 Dominici
779 2473 1024 2543 Sepulcri
1055 2476 1195 2530 ultra
1225 2475 1424 2532 ﬁumen
1455 2477 1759 2533 habendam
1785 2493 1962 2548 usque
1989 2477 2058 2532 ad

476 2564 768 2620 terminum
803 2565 1146 2638 designatum
1178 2569 1268 2636 ³⁷⁸,
1298 2569 1393 2640 qui
1434 2586 1608 2640 usque
1646 2571 1700 2624 in
1732 2570 2058 2626 hodiernum

474 2652 617 2708 diem
650 2665 934 2724 apparent,
957 2657 1124 2722 dedit,
1151 2657 1440 2729 scpedictis
1465 2659 1748 2714 canonicis
1769 2659 2054 2714 conﬁrmo.

475 2741 666 2799 Casale
693 2745 918 2815 insuper
943 2745 1161 2802 Thecue
1185 2765 1307 2804 cum
1341 2751 1596 2805 omnibus
1623 2751 1960 2821 appendiciis
1988 2750 2057 2782 ’°°

474 2835 625 2899 suis,
661 2844 826 2904 prout
853 2844 1005 2905 pater
1029 2852 1185 2894 meus
1213 2838 1414 2907 Fulco,
1447 2840 1926 2897 lherosolimorum
1963 2857 2057 2896 rex

476 2927 712 2993 tercius,
737 2942 836 2996 pro
870 2930 1190 2986 concambio
1230 2930 1415 2988 Sancti
1447 2932 1640 2989 Lazari
1675 2935 1730 2988 in
1772 2934 2054 3003 Bethania,

475 3033 704 3073 assensu
739 3018 1037 3077 Milisendis
1060 3022 1124 3054 ³⁸¹
1156 3024 1362 3094 regine,
1389 3027 1582 3082 matris
1616 3027 1887 3097 siquidem
1915 3044 2054 3096 mee,

475 3120 527 3163 et
556 3109 849 3179 Amalrici,
889 3111 1078 3170 fratris
1102 3115 1347 3172 videlicet
1381 3119 1517 3186 mei,
1549 3134 1612 3174 ea
1642 3119 1866 3190 inquam
1893 3121 2056 3176 Iiber-
2083 3151 2131 3214 ο

475 3209 612 3266 tate,
640 3218 746 3272 qua
773 3205 1046 3273 predictus
1067 3216 1221 3276 pater
1241 3224 1397 3269 meus
1418 3225 1544 3264 cum
1566 3209 1847 3266 Milisende
1869 3212 2057 3284 regina

476 3290 608 3358 illud
633 3295 872 3350 tenuisse
899 3297 1223 3366 dinoscitur,
1258 3300 1487 3356 ecclesie
1519 3301 1786 3358 Dominici
1812 3302 2058 3374 Sepulcri

475 3382 712 3451 donavit,
735 3395 786 3440 et
813 3403 914 3443 suo
940 3389 1223 3462 privilegio
1247 3391 1590 3448 conﬁrmavit
1613 3393 1703 3460 ’3',
1729 3395 1904 3450 eidem
1927 3412 2060 3451 con-

475 3474 655 3543 ﬁrmo,
704 3494 917 3534 necnon
955 3490 1009 3536 et
1057 3499 1088 3536 a
1136 3483 1312 3538 tocius
1351 3485 1659 3556 calumpnie
1701 3488 1951 3544 molestia
1976 3489 2058 3545 vel

472 3567 841 3638 inpedimento
877 3589 1023 3628 nunc
1073 3583 1128 3629 ct
1160 3574 1414 3648 deinceps
1452 3577 1718 3648 prefatam
1747 3580 2059 3638 donationis

473 3662 885 3718 concessionem
930 3681 1016 3720 me
1064 3666 1420 3724 defensurum
1471 3671 1752 3742 polliceor.
1803 3672 2056 3730 Preterea

472 3753 610 3814 duas
636 3767 951 3812 carrucatas
983 3767 1123 3814 terre
1145 3761 1434 3830 plenarias,
1464 3780 1602 3834 quas
1630 3780 1696 3819 ex
1724 3766 1870 3821 dono
1893 3765 2056 3822 Lam-

473 3845 611 3900 bcrti
640 3847 735 3903 Als
759 3849 812 3903 in
845 3851 1119 3906 territorio
1145 3852 1337 3908 Mimas
1355 3856 1555 3910 casalis
1583 3857 1719 3912 sitas
1742 3858 1881 3913 idem
1903 3868 2059 3928 pater

471 3953 630 3994 meus
656 3941 1030 4009 prenominate
1063 3945 1406 4002 conﬁrmavit
1434 3949 1692 4016 ecclesie,
1719 3960 1771 4005 et
1799 3967 1900 4023 ego
1923 3968 2056 4009 eon-

473 4025 650 4080 ﬁrmo.
681 4027 995 4094 Quinimmo
1021 4033 1130 4088 duo
1156 4035 1378 4097 casalia,
1408 4038 1580 4093 Gebul
1608 4050 1660 4095 ct
1687 4039 1899 4109 IIelcar,
1928 4060 2052 4100 cum

473 4118 730 4176 omnibus
754 4123 1071 4182 adiacentiis
1104 4128 1240 4196 suis,
1268 4139 1322 4184 et
1350 4131 1613 4200 piscarias
1643 4150 1739 4204 per
1763 4145 1888 4191 octo
1914 4137 2051 4205 dies,

472 4217 524 4264 et
544 4213 824 4282 angariam
849 4231 944 4284 per
958 4216 1101 4273 diem
1126 4235 1320 4288 unum,
1343 4230 1397 4275 et
1422 4238 1614 4280 navem
1641 4226 1879 4290 assidue,
1903 4228 2053 4284 iuxta

474 4302 697 4358 modum
754 4323 864 4377 quo
916 4307 1236 4367 Guillelmus
1275 4313 1343 4367 de
1391 4314 1549 4371 Buris
1589 4317 1818 4372 ecclesie
1868 4317 2052 4376 Sancti

474 4390 721 4462 Sepulcri
752 4399 1031 4455 canonicis
1071 4403 1374 4470 concessit,
1415 4414 1468 4460 et
1509 4421 1609 4459 suo
1637 4406 1915 4476 patrisque
1944 4411 2049 4464 mei

2165 549 2446 605 exactione
2476 549 2674 604 liberas
2700 557 2755 603 et
2777 548 2992 618 quietas
3010 589 3026 616 ,
3053 547 3204 603 salvo
3227 556 3402 604 tamen
3422 552 3548 621 regio
3569 554 3674 624 iure,

2161 638 2309 708 quod
2360 639 2415 693 in
2462 637 2800 694 helemosina
2840 654 3006 708 quam
3056 654 3152 693 rex
3205 639 3425 694 ecclesie
3463 640 3571 697 facit
3607 645 3675 711 ³⁸7,

2162 731 2320 786 debet
2346 730 2578 797 habere,
2616 730 2898 786 canonicis
2935 728 3121 784 Sancti
3170 729 3410 800 Sepulcri
3445 737 3678 802 concessit,

2162 837 2373 894 suoque
2401 822 2681 894 privilegio
2708 823 2970 888 munivit,
3000 821 3209 878 eisdem
3238 820 3511 877 conﬁrmo.
3535 823 3594 878 De
3616 842 3680 880 ee.

2161 923 2279 970 tero
2320 915 2546 970 domum
2593 915 2784 969 Achon
2827 914 3015 981 sitam,
3050 930 3216 985 quam
3261 912 3564 970 Lalnhertus
3597 917 3680 986 Ais,

2161 1004 2386 1077 Agnetis
2421 1005 2610 1061 uxoris
2639 1021 2738 1062 sue
2765 1006 3003 1061 consilio
3035 1020 3254 1060 necnon
3281 1015 3335 1059 et
3368 1004 3596 1062 Fulconis
3616 1025 3682 1078 pa-

2163 1096 2262 1152 tris
2288 1097 2394 1152 mei
2423 1113 2720 1164 consensu,
2744 1097 2971 1154 ecclesie
3004 1096 3273 1151 Dominici
3301 1095 3533 1167 Sepulcri
3558 1099 3684 1154 dona-

2161 1188 2239 1244 vit
2267 1189 2419 1244 iuxta
2447 1189 2810 1245 conditionem
2836 1204 2945 1260 que
2971 1189 3029 1243 iu
3079 1203 3274 1244 eorum
3303 1189 3568 1260 privilegio
3590 1206 3686 1246 con-

2164 1281 2387 1348 tinetur,
2406 1281 2610 1337 donum
2635 1279 2843 1352 prei'ate
2864 1281 3065 1336 domus
3091 1281 3378 1335 conﬁrmo.
3404 1279 3536 1335 Inter
3551 1292 3688 1339 cetera

2160 1387 2290 1427 vero
2338 1373 2440 1427 tria
2485 1373 2709 1439 casalia,
2753 1389 2990 1443 quorum
3033 1373 3182 1429 aliud
3226 1370 3548 1442 Capharuth,
3579 1375 3688 1430 aliud

2161 1474 2343 1520 autem
2379 1465 2504 1520 Gith
2547 1472 2602 1520 et
2622 1465 2768 1519 aliud
2805 1463 3094 1536 Porphiria
3133 1472 3393 1530 vocatur,
3431 1477 3528 1532 que
3557 1462 3689 1536 Rege

2160 1558 2299 1625 rius,
2355 1555 2640 1613 Liddensis
2682 1556 2992 1628 episcopus,
3038 1571 3105 1611 ex
3163 1556 3507 1626 possessione
3548 1556 3689 1613 Sancti

2162 1647 2379 1719 Georgii
2425 1663 2550 1704 cum
2591 1646 2850 1703 omnibus
2894 1645 3230 1717 appendiciis
3272 1645 3392 1701 suis
3434 1653 3485 1701 et
3530 1647 3689 1702 medie-

2163 1747 2330 1796 tatem
2353 1739 2422 1771 ³⁸⁵
2455 1739 2665 1796 decime
2716 1738 2980 1794 messium
3024 1737 3348 1794 earumdem
3389 1737 3621 1792 casaliuln
3653 1751 3692 1796 et

2160 1832 2394 1889 aliarum
2425 1831 2673 1888 omnium
2701 1846 2887 1886 rerum
2927 1830 3138 1886 decima
3171 1839 3286 1885 tota
3321 1839 3376 1885 et
3415 1829 3600 1901 integra
3619 1845 3690 1886 ec-

2158 1924 2324 1980 clesie
2351 1924 2598 1996 Sepulcri
2626 1923 2843 1979 Domini
2872 1924 2990 1980 iure
3016 1923 3246 1994 perenni
3268 1923 3342 1955 ’θ’
3365 1924 3572 1979 tenenda
3592 1941 3692 1979 con-

2158 2018 2344 2085 cessit,
2371 2026 2425 2074 et
2451 2025 2708 2089 quartum
2736 2016 2938 2084 casale,
2972 2015 3293 2072 Kelrescilta
3327 2016 3556 2082 nomine,
3578 2017 3694 2087 quod

2157 2108 2402 2180 prefatus
2433 2108 2736 2181 Lyddensts
2761 2110 2831 2142 ³⁸⁸
2860 2109 3150 2179 episcopus
3187 2125 3316 2164 eum
3345 2109 3491 2164 omni
3517 2109 3696 2181 integri-

2160 2210 2268 2256 tate
2298 2217 2397 2256 sua
2423 2210 2477 2256 et
2501 2201 2775 2257 consimili
2808 2201 3051 2267 decima,
3080 2217 3190 2271 qua
3221 2201 3464 2270 prodicta
3491 2201 3603 2268 tria,
3626 2217 3696 2256 ec.-

2158 2295 2324 2350 clesie
2361 2302 2641 2364 pretaxate
2674 2309 2774 2364 pro
2807 2293 3131 2350 concambio
3166 2302 3354 2348 tamen
3395 2293 3584 2349 decime
3619 2311 3697 2349 ca-

2159 2385 2298 2442 stelli
2324 2385 2549 2440 Arnaldi
2586 2393 2641 2439 et
2672 2383 2884 2440 decime
2925 2384 3212 2439 cuiusdam
3239 2384 3439 2439 casalis
3465 2385 3525 2440 de
3542 2383 3699 2454 Hospi-

2157 2477 2284 2543 tali,
2310 2477 2533 2532 nomine
2560 2475 2787 2542 Bnlbul,
2819 2476 3168 2546 perhenniter
3198 2477 3572 2546 possidendum
3596 2492 3702 2531 con-

2158 2569 2378 2636 stituit,
2439 2578 2618 2624 ratum
2679 2571 2934 2624 decerno.
2979 2567 3482 2624 Commutationem
3520 2569 3702 2640 insuper

2161 2660 2300 2715 inter
2348 2658 2618 2715 Dominici
2673 2659 2919 2730 Sepulcri
2979 2660 3279 2716 canonicos
3335 2669 3389 2716 et
3450 2659 3702 2715 Iohannem

2157 2752 2454 2809 Patricium
2487 2754 2555 2810 de
2585 2753 2800 2810 duobus
2832 2752 3140 2819 casalibus,
3167 2752 3558 2823 Capharnelich
3583 2753 3640 2784 θ’*
3661 2762 3706 2807 et

2158 2846 2412 2917 Anquina
2443 2847 2533 2913 η’,
2564 2862 2666 2918 pro
2695 2846 2910 2902 duobus
2945 2847 3230 2902 memorati
3259 2845 3514 2902 Iohannis
3540 2847 3705 2902 casali-

2157 2937 2264 2992 hus
2285 2978 2300 3003 ,
2325 2935 2538 3010 Megina
2563 2937 2770 2993 scilicet
2799 2945 2854 2992 et
2885 2935 3125 3002 Mezera,
3155 2936 3436 3006 utrimque
3464 2937 3709 2992 laudabili.

2160 3036 2243 3081 ter
2259 3026 2458 3082 factam
2479 3027 2763 3081 conﬁrmo.
2782 3025 3009 3081 Demum
3033 3033 3358 3085 cunctarum
3383 3027 3709 3094 oblationem,

2161 3133 2267 3187 que
2301 3117 2367 3172 ad
2405 3115 2726 3187 Sepulcrum
2757 3115 2970 3172 Domini
3012 3118 3274 3184 venient,
3303 3119 3630 3174 medietatem
3666 3122 3712 3175 in

2161 3209 2418 3265 omnibus
2446 3251 2460 3277 ,
2502 3218 2666 3280 prout
2705 3209 3036 3265 venerabilis
3085 3209 3356 3267 Arnult’us
3400 3213 3714 3282 patriarcha,

2158 3303 2389 3358 consilio
2440 3302 2603 3372 primi
2649 3302 2794 3374 regis
2841 3301 3124 3370 Balduini,
3173 3303 3407 3374 prefatis
3451 3305 3717 3377 assignavit

2157 3395 2473 3461 canonicis,
2499 3394 2786 3451 conﬁrmo.
2827 3393 3145 3451 Oblationes
3177 3396 3342 3451 etiam
3380 3412 3601 3464 omnes,
3631 3414 3719 3468 que

2157 3487 2226 3542 ad
2255 3487 2524 3542 viviﬁcam
2563 3485 2796 3542 Crucem
2837 3487 3057 3542 venient
3085 3487 3177 3554 ³³³,
3215 3489 3462 3559 exceptis
3494 3504 3600 3560 que
3623 3490 3718 3545 vola

2157 3579 2246 3634 die
2272 3578 2447 3634 sancti
2469 3593 2763 3649 parasceve
2783 3577 2856 3610 ""
2879 3577 3102 3645 fuerint,
3127 3588 3225 3635 aut
3243 3581 3291 3634 si
3324 3581 3630 3650 patriarcha
3652 3597 3718 3637 se-

2155 3686 2280 3725 cum
2308 3670 2456 3725 illam
2480 3685 2581 3741 pro
2606 3669 2788 3741 aliqua
2820 3670 3145 3727 necessitate
3171 3671 3450 3739 detulerit,
3479 3673 3586 3730 illis
3611 3690 3722 3730 con-

2155 3763 2336 3818 ﬁrmo.
2369 3763 2504 3818 Core
2533 3773 2715 3818 autem
2733 3804 2748 3831 ,
2781 3778 2890 3833 que
2917 3763 2986 3819 ad
3009 3765 3298 3820 ecclesiam
3333 3767 3580 3833 venerit,
3606 3767 3725 3823 duas

2155 3864 2338 3925 partes
2368 3854 2436 3909 ad
2471 3854 2763 3909 luminaria
2791 3854 2998 3910 eisdem
3025 3855 3313 3911 conﬁrmo.
3347 3854 3603 3912 Decimas
3623 3873 3723 3928 pre

2155 3955 2301 4002 terea
2328 3946 2508 4003 tocius
2539 3955 2725 4002 sancte
2754 3946 2992 4002 civitatis
3017 3945 3353 4003 Iherusalem
3392 3949 3728 4020 locorumque

2153 4038 2256 4094 sibi
2280 4038 2667 4105 adiacentium,
2697 4054 2836 4109 quas
2860 4039 3172 4108 patriarcha
3207 4038 3456 4110 prefatus
3487 4041 3593 4096 illis
3611 4058 3728 4096 coni.

2153 4130 2346 4196 cessit,
2377 4130 2618 4201 exceptis
2647 4139 2827 4186 tamen
2854 4129 3019 4185 funde
3050 4130 3280 4187 decimis
3303 4174 3320 4198 ,
3347 4148 3458 4202 quc
3497 4144 3622 4188 sunt
3651 4149 3718 4203 pa-

2152 4223 2410 4290 triarche,
2431 4223 2637 4278 eisdem
2661 4222 2946 4278 conﬁrmo.
2979 4221 3281 4279 Ecclesiam
3307 4224 3572 4296 deinceps
3600 4224 3731 4279 Beati

2153 4313 2299 4370 Petri
2326 4315 2382 4369 in
2406 4313 2589 4386 Ioppe,
2613 4331 2778 4386 quam
2807 4315 3114 4384 patriarcha
3143 4317 3252 4370 iam
3283 4316 3454 4372 tocies
3477 4316 3549 4348 ⁸³⁸
3574 4317 3734 4371 dictus

2154 4422 2280 4462 cum
2321 4407 2530 4462 honore
2577 4422 2680 4462 suo
2730 4407 2942 4477 integro
2984 4416 3196 4462 etcum
3238 4416 3383 4476 tota,
3421 4425 3536 4479 que
3564 4420 3732 4465 sancte

472 4484 759 4556 privilegio
791 4487 1106 4544 roboratum
1140 4502 1253 4559 est,
1291 4494 1495 4548 eisdem
1535 4494 1821 4551 conﬁrmo.
1852 4495 2054 4555 Domos
2089 4502 2130 4556 D
2155 4499 2316 4554 matri
2359 4499 2596 4570 pertinet
2631 4499 2896 4566 ecclesie,
2940 4500 3184 4569 plenaria
3217 4500 3488 4572 dignitate
3527 4501 3740 4572 pretatis

473 4588 602 4628 vero
631 4574 772 4630 intra
803 4586 952 4647 septa
987 4579 1316 4637 Iherusalem
1357 4583 1521 4651 sitas,
1554 4584 1800 4639 videlicet
1829 4587 2051 4644 domum

479 4663 625 4719 Petri
654 4665 912 4724 Bernardi
941 4673 1226 4736 canonici,
1260 4673 1484 4728 domum
1516 4673 1747 4731 Eurardi
1781 4680 2052 4747 canonici,

473 4756 600 4812 item
626 4760 846 4816 domum
883 4763 1106 4820 alterius
1135 4763 1366 4821 Eurardi
1397 4768 1676 4834 canonici,
1705 4770 1929 4827 domum
1954 4773 2054 4830 Mi-

473 4851 631 4906 nardi
663 4854 750 4920 ³⁸³,
779 4857 1003 4912 domum
1046 4856 1358 4925 Garsionis,
1393 4859 1615 4915 domum
1650 4861 1872 4920 Galterii
1912 4865 2052 4922 Len-

474 4945 687 5001 tronior
710 4948 799 5015 3",
823 4950 1046 5004 domum
1079 4950 1337 5007 Bernardi
1370 4952 1632 5021 Bursarii,
1665 4957 1886 5013 domum
1913 4959 2051 5016 Her—

472 5035 638 5106 luini,
671 5040 894 5096 domum
933 5043 1147 5097 Mahilic
1183 5060 1306 5099 cum
1337 5056 1457 5102 orto
1496 5064 1662 5120 prope
1699 5062 2054 5110 memoratam

474 5123 697 5184 domum
741 5131 939 5199 posito,
979 5132 1202 5188 domum
1242 5133 1454 5192 Rocerii
1488 5137 1556 5192 de
1588 5137 1788 5195 Sancto
1823 5141 2054 5211 Lazaro,

476 5217 661 5276 fratris
693 5221 881 5277 Sancti
912 5224 1156 5294 Sepulcri
1178 5269 1192 5293 ,
1224 5237 1276 5283 et
1305 5229 1592 5286 stationem
1614 5274 1628 5298 ,
1653 5249 1759 5303 que
1787 5233 1891 5288 fuit
1920 5234 2056 5291 Wil-

473 5308 620 5396 Ielmi
646 5313 712 5345 ³⁸⁸
758 5313 1005 5372 Bastardi
1033 5361 1047 5386 ,
1091 5330 1409 5393 partemque
1459 5325 1607 5380 illam
1633 5368 1648 5391 ,
1693 5343 1856 5397 quam
1911 5330 2053 5385 idem

478 5399 784 5460 Willelmus
833 5406 901 5438 ³³⁵
946 5409 1000 5463 in
1045 5413 1252 5468 mensis
1295 5415 1730 5470 numulariorum
1777 5418 2051 5488 habebat,

2157 4589 2429 4647 concessit
2462 4591 2761 4655 canonicis,
2790 4591 3033 4662 predicto
3063 4591 3224 4648 modo
3254 4592 3544 4649 conﬁrmo.
3582 4593 3742 4648 Dimi-

2156 4681 2304 4736 diam
2337 4695 2555 4751 quoque
2597 4689 2809 4752 partem
2847 4680 2993 4736 illius
3029 4681 3312 4749 beneﬁcii,
3345 4684 3498 4754 quod
3540 4685 3744 4756 primus

2157 4793 2252 4834 rex
2281 4775 2580 4831 Balduinus
2624 4774 2826 4831 Sancto
2862 4773 3125 4846 Sepulcro
3155 4791 3257 4846 pro
3283 4777 3599 4832 excambitu
3634 4779 3742 4849 epi-

2156 4876 2413 4941 scopatus
2444 4867 2883 4940 [Bethleemitici]
2906 4869 3156 4935 contulit,
3187 4868 3438 4924 similiter
3458 4870 3742 4926 conﬁrmo.

2155 4960 2265 5017 Ilec
2303 4961 2508 5026 omnia,
2537 4969 2699 5034 prout
2726 4960 2980 5032 superius
3006 4971 3309 5017 memorata
3343 4973 3496 5030 sunt,
3521 4965 3747 5020 ecclesie

2153 5053 2424 5123 scpedicte
2455 5053 2811 5124 eiusdemque
2832 5053 3124 5108 conventui
3153 5070 3302 5110 nunc
3327 5065 3384 5110 et
3405 5071 3506 5126 per
3527 5071 3748 5112 succes-

2151 5144 2360 5200 sionem
2388 5145 2590 5201 ibidem
2621 5145 2730 5202 Deo
2772 5145 3061 5200 famulanti
3094 5146 3297 5213 libere,
3330 5147 3522 5218 quiete
3547 5159 3604 5204 et
3636 5151 3746 5206 sine

2151 5237 2302 5293 omni
2349 5239 2659 5309 calumpnia
2701 5238 2784 5293 vel
2820 5237 3192 5312 inpedimento
3230 5239 3287 5293 in
3310 5239 3624 5310 posterum
3659 5243 3752 5296 ka—

2151 5329 2326 5384 bcnda
2357 5340 2411 5385 et
2440 5331 2556 5385 iure
2585 5339 2849 5401 perpetuo
2879 5331 3207 5401 possidenda
3246 5331 3514 5400 concedo,
3543 5342 3600 5388 et
3627 5351 3752 5404 pre-

2151 5423 2290 5477 senti
2333 5422 2536 5491 scripto
2581 5424 2849 5478 conﬁrmo
2895 5431 2950 5476 et
2990 5423 3311 5478 corroboro.
3361 5422 3427 5478 Et
3473 5425 3539 5480 ut
3585 5425 3752 5481 huius

512 5561 624 5642 'f'”
659 5562 891 5646 Manque
927 5568 1064 5626 dans
1083 5570 1148 5646 _I_l_.
1183 5572 1296 5646 _"’
1321 5571 1382 5638 B,
1414 5572 1650 5646 Tyrensi.
1728 5575 1799 5609 ⁸⁷⁸
1828 5575 1887 5646 Β,
1929 5576 2055 5646 Cafa

2158 5577 2314 5646 elecli.
2389 5577 2458 5614 ⁸⁷⁷
2496 5577 2556 5644 Β,
2591 5577 2791 5633 Fiesse.
2869 5579 2938 5611 ³⁷³
2960 5578 3020 5643 Β,
3047 5577 3362 5634 Cranerina.
3441 5581 3518 5617 ³⁷⁸
3558 5581 3750 5644 3.1a-

479 5632 648 5725 minos
681 5632 1052 5725 «@39th
1080 5643 1158 5725 ’1‘"
1181 5643 1241 5725 I3,
1271 5632 1664 5725 ᾳρρξξιβξᾙζξε.

1779 5643 1844 5677 ³⁸¹
1874 5645 1933 5713 Β,
1974 5643 2300 5703 Mileseudis.

485 5699 744 5788 Ξίένπαοῖτ
765 5775 776 5788 ,
798 5699 889 5788 ί³⁸⁵
915 5709 978 5788 β,
1010 5699 1318 5788 σξξξιιξιιῆξέ
1343 5699 1464 5788 ’,ηδ
1482 5699 1933 5788 ΒξγϐιιὶΙΙςινζιιιδξ
1976 5699 2055 5748 'ss'v

2337 5699 2570 5773 ecclesie.

2407 5647 2475 5681 ³⁸³
2499 5647 2559 5715 Β,
2585 5650 2837 5718 ﬁrmavit.
2915 5649 2983 5680 ³³³
3011 5647 3074 5713 C,
3102 5649 3418 5714 Hainardi.
3480 5653 3556 5686 ³⁸⁸
3583 5650 3647 5716 Β.
3681 5653 3754 5705 ιο

2683 5719 2756 5791 ³⁸ἕ
2780 5718 3172 5791 B,_medietate.
3288 5722 3360 5754 ³⁸’
3388 5721 3454 5787 Β,
3479 5725 3754 5791 pertenui.

484 5770 556 5802 ³⁹⁰
578 5771 639 5839 Β,
675 5770 976 5835 ιὶάάωιδὶεξ
1054 5784 1118 5814 ³⁹¹
1151 5782 1213 5850 Β,
1238 5770 1617 5853 ϐαρΙισΓιηεῖἱε.
1697 5787 1765 5821 ³⁹²
1791 5785 1853 5854 Β,
1879 5770 2055 5859 Ᾰὶητμι

2158 5770 2193 5842 .’
2225 5770 2410 5858 "stin,
2433 5770 2665 5844 ωιτη.
2742 5770 3258 5868 ayi'n’,“g.a;e;ci;.'u..
3309 5770 3750 5870 sita;
