3812 6312
122 352 220 438 ms

115 564 227 620 neat,
255 548 448 606 testibus
475 559 592 600 eam
637 545 961 616 subscriptis
996 544 1272 617 sigillique
1313 546 1421 604 mei
1462 561 1593 618 sup-

111 643 322 723 pressione
344 635 522 694 muniri
548 635 755 706 precipi
779 636 868 692 ³³⁸.

158 737 332 793 Factum
363 737 434 786 est
458 735 630 784 autem
662 727 769 784 hoc
801 743 945 784 anno
974 727 1047 786 ab
1075 727 1453 786 incarnatione
1480 727 1594 785 Do-

107 827 205 887 miri
232 838 367 890 ICLY,
398 817 678 876 indictione
715 835 797 874 nr.
834 817 1008 878 Huius
1046 820 1269 894 quidem
1309 820 1388 878 rei
1423 829 1595 880 testes

108 928 197 977 sunt
219 937 231 972 :

202 1003 476 1072 Lmalricus,
501 1001 667 1060 frater
685 1004 830 1077 regis
857 1012 910 1060 et
937 1021 1121 1062 eomes
1145 1006 1589 1064 Ascalonitanus.

256 1093 548 1151 Humfredus
572 1093 638 1150 de
662 1091 902 1164 Torono,
930 1097 1391 1154 constabularius.
1414 1097 1594 1155 Guido

260 1184 574 1259 Berytbensis
606 1185 696 1241 ³⁹⁷.
761 1184 1027 1245 Girardus
1095 1187 1451 1261 Sydoniensis
1499 1190 1590 1246 ”'.

253 1277 498 1348 Philippus
542 1274 951 1348 Neapolitanus.
1000 1278 1177 1336 Guido
1231 1279 1589 1353 Francigena.

249 1368 486 1426 Henricus
512 1368 758 1426 Bufalus.
791 1369 948 1444 Hugo
981 1370 1340 1430 Cesariensis.
1377 1372 1594 1430 Baldui—

249 1481 337 1521 nus
362 1463 422 1519 de
445 1461 643 1519 Insula.
670 1460 788 1520 Odo
811 1463 880 1520 de
902 1463 1194 1534 Tbolentb,
1220 1465 1388 1522 turris
1421 1465 1594 1522 David

246 1553 561 1612 castellanus.
593 1552 710 1611 Odo
732 1553 800 1611 de
828 1553 1030 1612 Sancto
1055 1557 1326 1614 Amando.
1363 1556 1592 1615 Guillel-

245 1663 351 1702 mus
378 1647 438 1702 de
459 1643 646 1703 Barra.

138 1737 239 1793 Data
267 1736 464 1806 Achon,
497 1752 598 1808 per
629 1753 854 1795 manum
889 1737 1124 1796 Radulﬁi
1158 1739 1499 1810 cancellarii,
1529 1755 1590 1796 ιιι

89 1831 173 1886 idus
192 1829 301 1886 iulii.

671 1941 786 1999 LIV
817 1944 907 2000 ³⁹⁹.

129 2050 250 2091 ωσι)
269 2033 332 2066 ⁸⁸⁸
355 2049 694 2091 remanemus
738 2051 986 2091 pannum
1023 2051 1178 2092 ιιεωε
1211 2052 1414 2100 quam:
1445 2054 1514 2093 ne

263 2120 670 2162 CONFIRIATIONE
698 2121 902 2162 OINIUI
933 2122 1333 2164 POSSESSIONUII.

127 2195 169 2253 In
195 2199 384 2254 nomine
403 2207 588 2255 sancte
612 2209 667 2256 et
700 2199 977 2257 individue
1003 2199 1287 2258 Trinitatis
1322 2199 1505 2258 Patris
1532 2212 1586 2261 et

81 2290 251 2362 Spiritus
273 2291 461 2364 Sancti,
492 2309 676 2351 amen.

617 387 623 414 ζ
1008 335 1456 396 CARTULAIRE
1484 339 1576 397 DU
1620 340 1824 402 SAlN'l‘
1862 341 2244 410 SEPULCRE.

115 452 450 524 conﬁrmationis
469 466 583 510 mec
609 452 807 524 pagina
831 460 946 508 rata
972 461 1026 509 et
1047 453 1363 525 incorrupta
1387 469 1597 526 perma-
1621 457 1672 520 Α
1699 455 1926 530 Insuper
1949 460 2114 517 etiam
2144 460 2428 517 dimidiam
2464 470 2674 533 partem
2710 462 2858 533 illius
2889 463 3283 534 possessionis,

3137 348 3284 404 ηισ

1695 565 1862 622 quam
1885 551 2098 622 primus
2131 569 2226 610 rex
2260 550 2559 610 Balduinus
2593 570 2694 626 pro
2727 556 3036 611 excambitu
3065 556 3284 626 episco-

1695 653 1857 716 patus
1890 642 2284 702 Bethleemitici
2324 647 2556 704 ecclesie
2599 646 2785 702 Sancti
2818 646 3066 718 Sepulcri
3100 647 3282 714 dedit,

1695 734 1982 792 conﬁrmo.
2009 737 2205 794 Casale
2233 738 2458 812 insuper
2476 781 2492 808 ,
2522 741 2746 796 nomine
2780 738 3012 806 Derina,
3041 740 3096 794 in
3123 738 3284 793 terri-

1694 825 1836 883 torio
1867 825 2096 899 Tyrensi
2125 829 2312 898 situm,
2341 846 2508 902 super
2537 845 2796 901 magnum
2823 829 3050 897 fontem,
3073 828 3141 883 de
3171 841 3283 898 quo

1693 918 1939 990 procedit
1961 921 2266 978 conductus
2293 938 2584 994 aquarum,
2617 939 2740 978 cum
2777 922 2927 977 omni
2956 921 3282 992 pertinentia

1693 1026 1826 1078 sua,
1853 1023 2081 1084 excepto
2108 1014 2216 1068 alio
2244 1014 2410 1070 casali
2428 1057 2444 1082 ,
2477 1015 2524 1068 si
2554 1015 2884 1086 quandoque
2911 1014 2962 1069 ei
2985 1013 3282 1082 subiacuit,

1692 1111 1748 1159 et
1795 1102 1852 1158 in
1897 1105 2252 1161 conterminis
2297 1105 2494 1178 prefati
2537 1107 2774 1175 casalis,
2804 1107 2949 1162 circa
2998 1115 3281 1175 montana,

1692 1204 1960 1269 quantum
1999 1205 2142 1252 terre
2173 1207 2410 1268 quatuor
2437 1198 2588 1269 paria
2621 1199 2789 1254 boum
2818 1198 2886 1254 de
2923 1213 3070 1253 anno
3097 1198 3152 1253 in
3184 1213 3284 1254 an-

1691 1304 1826 1345 num
1853 1288 2100 1346 excolere
2134 1297 2390 1361 possunt,
2419 1300 2473 1346 et
2503 1299 2714 1359 ortum,
2739 1291 2834 1361 qui
2871 1301 2955 1346 est
2989 1290 3132 1345 inter
3155 1305 3281 1344 mu-

1690 1396 1816 1437 rum
1841 1389 1896 1436 et
1923 1381 2262 1436 antemurale
2290 1378 2416 1454 Tyri
2447 1398 2514 1437 ex
2550 1392 2702 1452 parte
2732 1381 2932 1450 maris,
2956 1397 3065 1454 que
3094 1382 3280 1436 omnia

1692 1471 1903 1530 scilicet
1930 1472 2206 1528 secundus
2233 1488 2329 1528 rex
2359 1472 2656 1528 Balduinus
2693 1471 2981 1528 Dominico
3008 1471 3159 1528 dedit
3185 1469 3283 1526 Se-

1691 1564 1904 1636 pulcro,
1930 1564 2217 1621 conﬁrmo.
2249 1564 2503 1621 Preterea
2533 1565 2590 1620 in
2621 1565 2896 1621 territorio
2922 1563 3282 1637 Neapolitano

1690 1657 1893 1724 casale,
1916 1657 2138 1714 nomine
2163 1655 2489 1713 Cafarmelie
2509 1657 2600 1725 ‘°',
2623 1673 2690 1712 ex
2715 1657 2861 1714 dono
2889 1657 3032 1730 regis
3054 1658 3283 1714 secundi

1691 1747 1962 1817 Balduini,
2005 1758 2170 1821 prout
2216 1749 2271 1804 in
2319 1750 2494 1821 ipsius
2533 1757 2757 1805 notatur
2797 1750 3103 1822 privilegio,
3143 1767 3281 1806 con-

1618 1832 1663 1892 B
1688 1840 1866 1898 ﬁrmo.
1910 1839 2085 1898 Porro
2125 1841 2473 1898 medietatem
2505 1841 2706 1897 casalis
2747 1840 2988 1908 Fieisse,
3019 1857 3168 1896 nunc
3191 1858 3284 1896 ca-

1688 1933 1801 1991 sale
1839 1933 2028 1992 Sancti
2075 1933 2321 2006 Sepulcri
2371 1935 2702 2005 nuncupati,
2740 1950 2906 2005 quam
2959 1949 3086 1990 cum
3130 1933 3285 1990 omni

1685 2027 2014 2099 pertinentia
2060 2043 2162 2083 sua
2207 2026 2541 2084 Eustachius
2583 2027 2885 2084 Garnerius
2916 2026 3018 2095 ⁸⁸⁸,
3056 2041 3286 2082 conces-

1687 2119 1842 2176 sione
1868 2120 2032 2176 etiam
2053 2120 2198 2193 regis
2221 2119 2470 2175 Balduini
2495 2120 2744 2185 secundi,
2767 2119 2938 2174 libere
2966 2126 3020 2173 et
3045 2118 3284 2189 perbena

1685 2209 1828 2266 niter
1855 2209 2161 2266 habendam
2191 2209 2422 2266 ecclesie
2453 2207 2639 2264 Sancti
2667 2208 2914 2280 Sepulcri
2951 2208 3196 2274 donavit,
3228 2216 3286 2264 et

1685 2313 1856 2360 totam
1884 2313 2085 2359 terram
2114 2303 2284 2369 illam,
2315 2319 2482 2373 quam
2509 2301 2804 2369 Galterius,
2834 2300 3061 2372 predicti
3088 2299 3287 2356 Eusta-

123 2383 277 2440 Notum
307 2387 370 2442 sit
397 2388 684 2456 omnibus,
715 2397 828 2444 tam
865 2389 1213 2459 presentibus
1240 2406 1406 2461 quam
1437 2388 1586 2446 futu-
1615 2403 1642 2427 τ
1687 2392 1796 2448 chii
1852 2392 2020 2459 ﬁlius,
2068 2391 2214 2448 circa
2260 2391 2402 2447 idem
2452 2391 2633 2446 casale
2681 2389 2966 2446 canonicis
3009 2387 3285 2444 Dominici

77 2477 142 2543 ris,
163 2477 278 2548 quod
311 2494 403 2552 ego
432 2479 756 2548 Balduinus,
791 2496 889 2552 per
911 2481 1144 2553 gratiam
1177 2480 1272 2537 Dei
1313 2483 1366 2537 in
1395 2492 1586 2538 sancta

75 2566 329 2625 lberusalem
359 2569 683 2628 Latinorum
710 2588 805 2628 rex
835 2583 1067 2644 quartus
1087 2616 1102 2641 ,
1135 2573 1583 2645 predecessorum

76 2676 255 2716 meorum
293 2661 453 2719 felicis
489 2664 784 2732 memorie,
811 2665 969 2723 ducis
1007 2666 1262 2722 videlicet
1303 2665 1584 2722 Godefridi

73 2751 294 2824 fratrisque
325 2755 436 2812 cius
470 2755 759 2823 Balduini,
790 2757 954 2828 primi
982 2756 1460 2814 lberosolimorum
1498 2774 1587 2814 re-

73 2843 141 2912 gis,
161 2842 369 2899 Balduini
392 2846 558 2902 etiam
588 2847 813 2904 secundi
843 2847 986 2920 regis
1011 2863 1225 2904 necnon
1251 2857 1306 2904 et
1328 2848 1586 2906 Fulconis

71 2935 191 3001 patris
219 2937 337 3003 mei,
367 2939 609 2994 civitatis
641 2939 887 2995 eiusdem
930 2941 1076 3013 regis
1114 2942 1300 3010 tercii,
1341 2943 1586 3015 vestigiis

73 3023 257 3082 inberere
278 3028 612 3098 desiderans,
629 3047 730 3102 pro
755 3033 932 3088 salute
957 3049 1079 3090 mea
1104 3043 1158 3090 et
1182 3051 1452 3103 meorum,
1472 3045 1582 3091 tam

69 3116 251 3174 vivorum
278 3137 431 3191 quam
457 3121 850 3180 defunctorum
869 3167 884 3192 ,
920 3126 1186 3183 conﬁrmo
1213 3129 1443 3184 ecclesie
1472 3127 1582 3183 Do-

70 3209 162 3263 mini
198 3209 416 3281 Scpulcri
452 3215 816 3287 eiusdemque
861 3218 1144 3274 canonicis
1185 3236 1333 3275 nunc
1381 3220 1582 3279 ibidem

69 3297 485 3361 Deoservientibus
507 3314 566 3362 et
598 3306 652 3362 in
681 3317 962 3378 posterum
991 3310 1300 3377 servituris,
1328 3328 1586 3382 quecum-

68 3406 140 3460 que
163 3408 188 3447 a
216 3403 436 3466 tempore
475 3398 713 3469 predicti
758 3400 913 3459 ducis
947 3399 1230 3456 Godofridi
1253 3401 1319 3434 W
1353 3403 1494 3459 iuste
1531 3411 1587 3459 et

67 3484 384 3543 rationabiliter
409 3490 557 3546 dono
578 3533 595 3558 ,
635 3492 1012 3561 concessione,
1043 3495 1474 3551 commutatione
1499 3496 1587 3552 vel

66 3575 270 3642 eruptione
296 3577 432 3635 infra
469 3581 635 3653 regni
670 3582 778 3638 mei
808 3583 944 3638 ﬁnes
972 3599 1146 3655 usque
1177 3583 1233 3639 in
1260 3584 1586 3642 hodiernum

64 3663 164 3720 diem
189 3667 496 3740 impetravit.
545 3674 806 3730 Seriatim
849 3675 1017 3748 igitur
1053 3691 1162 3748 que
1189 3677 1275 3733 vel
1313 3693 1342 3734 a
1385 3679 1587 3749 quibus

63 3768 277 3824 pretaxata
301 3766 527 3822 ecclesia
571 3766 720 3823 dono
753 3769 838 3824 vel
867 3769 1250 3838 concessione,
1282 3782 1589 3828 commuta-

62 3848 166 3905 tione
198 3852 296 3909 sive
325 3857 611 3928 emptione
650 3857 759 3914 huc
801 3873 975 3930 usque
1011 3860 1248 3931 optinuit
1269 3861 1361 3928 W,
1401 3869 1464 3916 ut
1497 3877 1588 3918 se-

61 3944 223 4009 quentia
245 3947 537 4017 declarant,
562 3966 770 4022 ponere
802 3951 979 4008 libuit.
1012 3951 1232 4011 Primus
1261 3954 1448 4026 itaque
1475 3955 1589 4012 dux

60 4032 316 4097 Godefridus
342 4058 432 4098 xxr
461 4044 699 4110 casalia,
736 4045 1061 4117 subscriptis
1092 4047 1410 4104 nominibus
1443 4066 1589 4105 nun-

60 4139 225 4197 Cllpala,
256 4133 523 4206 Ainquine
547 4179 563 4200 ,
602 4134 881 4206 Armotie,
917 4135 1288 4206 Kefreaehab,
1319 4137 1588 4209 Kefredil,

57 4214 194 4289 Bubil,
235 4222 439 4294 Hubin,
494 4227 704 4297 Aram,
764 4228 1059 4298 Kalendie,
1101 4231 1380 4304 Betdigge,
1411 4232 1589 4302 Birra,

58 4307 288 4384 Subabiet,
331 4319 698 4390 Atarabcret,
749 4319 915 4379 Uniet
948 4322 1040 4391 ⁸⁸³,
1090 4322 1272 4391 Zenu,
1322 4323 1590 4393 Helmule,

1689 2481 1940 2556 Sepulcri
1972 2484 2113 2538 ultra
2140 2482 2342 2540 ﬁumen
2376 2483 2681 2538 habendam
2709 2498 2884 2554 usque
2915 2481 2983 2538 ad
3017 2481 3286 2536 terminos

1686 2575 2025 2648 designatos,
2053 2575 2148 2647 qui
2176 2590 2353 2647 usque
2386 2574 2442 2630 in
2471 2575 2798 2630 hodiernum
2826 2574 2971 2629 diem
2996 2580 3284 2645 apparent,

1686 2665 1869 2733 dedit,
1902 2666 2176 2736 sepedicte
2218 2665 2485 2721 conﬁrmo
2526 2665 2774 2722 ecclesie.
2818 2663 3012 2720 Casale
3059 2663 3287 2733 insuper

1688 2757 1908 2814 Thecue
1929 2774 2054 2813 cum
2081 2757 2231 2815 omni
2265 2757 2577 2829 integritate
2607 2772 2729 2824 sua,
2760 2763 2924 2826 prout
2946 2763 3101 2827 pater
3129 2769 3286 2811 mens

1688 2847 1887 2916 Fulco,
1923 2846 2404 2904 lherosolimorum
2437 2863 2535 2902 rex
2569 2845 2804 2912 tercius,
2835 2860 2934 2915 pro
2965 2843 3288 2900 concambio

1690 2939 1876 3002 Sancti
1907 2939 2102 2995 Lazari
2136 2939 2192 2994 in
2239 2939 2534 3006 Bethania,
2567 2952 2796 2993 assensu
2836 2935 3167 2992 Milissendis
3199 2951 3289 2990 re-

1689 3033 1836 3108 gine,
1888 3031 2084 3088 matris
2136 3030 2410 3104 siquidem
2463 3044 2604 3097 mee,
2665 3037 2720 3084 et
2767 3027 3052 3095 Amalrici,
3099 3026 3288 3082 fratris

1687 3125 1942 3181 videlicet
1979 3124 2116 3194 mei,
2151 3140 2216 3180 ea
2262 3123 2486 3195 inquam
2535 3121 2823 3186 libertate,
2859 3135 2968 3192 qua
3008 3119 3289 3191 predictus

1688 3226 1842 3289 pater
1889 3233 2046 3273 meus
2091 3233 2219 3273 cum
2265 3215 2579 3272 Milissende
2622 3214 2812 3287 regina
2855 3212 2989 3269 illud
3043 3212 3289 3268 tenuisse

1687 3310 2020 3378 dinoscitur,
2049 3308 2278 3365 ecclesie
2307 3306 2493 3363 Sancti
2523 3305 2771 3378 Sepulcri
2801 3305 3046 3371 donavit,
3074 3319 3288 3376 suoque

1687 3402 1971 3474 privilegio
2012 3401 2284 3467 ﬁrmavit,
2309 3399 2486 3456 eidem
2515 3399 2782 3455 conﬁrmo
2802 3440 2817 3466 ,
2845 3407 2899 3453 et
2928 3414 2958 3452 a
2989 3397 3166 3452 tocius
3194 3412 3289 3452 ca-

1685 3496 1932 3566 lumpnie
1954 3494 2202 3550 molestia
2232 3493 2317 3549 vel
2349 3492 2740 3564 impedimento
2777 3505 2924 3545 nunc
2946 3497 3001 3544 et
3025 3487 3284 3558 deinceps

1687 3585 1896 3659 prefatc
1947 3585 2261 3642 donationis
2311 3584 2726 3640 concessionem
2779 3597 2869 3637 me
2924 3579 3284 3637 defensurum

1687 3683 1970 3756 polliceor.
2005 3679 2228 3738 Necnon
2263 3679 2428 3736 etiam
2459 3684 2776 3735 earrucatas
2800 3685 2945 3731 terre
2980 3672 3276 3746 plenarias,

1688 3791 1830 3848 quas
1869 3789 1938 3829 ex
1978 3773 2124 3830 dono
2173 3770 2449 3828 Lamberti
2493 3769 2609 3826 Alsi
2656 3769 2712 3824 in
2758 3767 3044 3823 territorio
3087 3763 3284 3821 Mimas

1687 3865 1888 3924 casalis
1919 3865 2053 3922 sitas
2083 3863 2225 3920 idem
2256 3871 2412 3934 pater
2439 3877 2596 3917 meus
2627 3869 2912 3932 pretaxate
2940 3858 3289 3915 conﬁrmavit

1689 3959 1950 4025 ecclesie,
1974 3964 2029 4013 et
2065 3972 2165 4028 ego
2188 3956 2470 4012 conﬁrmo.
2501 3951 2620 4008 Duo
2650 3965 2870 4024 quoque
2897 3950 3103 4007 casalia
3127 3991 3143 4017 ,
3182 3948 3288 4005 Ge-

1689 4051 1784 4107 bul
1829 4057 1884 4105 et
1926 4047 2181 4115 Helcbar,
2217 4061 2342 4102 cum
2390 4044 2648 4100 omnibus
2693 4041 3018 4099 adiacentiis
3062 4041 3289 4107 suis,et

1688 4141 1956 4213 piscarias
1981 4156 2078 4211 per
2099 4148 2222 4195 octo
2249 4139 2387 4205 dies,
2411 4146 2465 4193 et
2488 4137 2771 4209 angariam
2796 4151 2893 4208 per
2918 4135 3062 4191 diem
3089 4148 3287 4203 unum,

1690 4230 1745 4289 et
1777 4249 1970 4288 navem
1999 4231 2240 4297 assidue,
2268 4231 2418 4285 iuxta
2455 4228 2680 4284 modum
2727 4243 2838 4300 quo
2869 4226 3191 4283 Guillelmus
3219 4223 3290 4281 de

1692 4322 1853 4380 Buris
1880 4323 2110 4379 ecclesie
2151 4320 2338 4377 Sancti
2388 4319 2636 4390 Sepulcri
2677 4319 2959 4375 canonicis
2991 4316 3292 4386 concessit,

54 4399 364 4480 Beittelamus,
403 4413 735 4484 Aineseins,
778 4414 1082 4485 Barimeta,
1137 4416 1447 4474 Beituimen
1494 4419 1587 4488 ⁸⁸⁸,
1691 4426 1746 4474 et
1773 4432 1876 4473 suo
1922 4416 2206 4488 patrisque
2245 4413 2352 4469 mei
2390 4411 2673 4484 privilegio
2709 4411 3027 4467 roboratum
3063 4419 3176 4476 est,
3208 4407 3287 4464 ei-

53 4489 332 4570 Beitiubeire,
355 4505 628 4573 ecclesie,
663 4506 730 4562 de
761 4522 869 4578 qua
906 4509 1086 4580 agitur
1105 4551 1120 4576 ,
1151 4510 1333 4578 dedit,
1364 4521 1418 4566 et
1447 4511 1587 4580 iure,
1619 4543 1668 4606 υ
1692 4511 1816 4567 dem
1846 4509 2077 4566 ecclesie
2101 4507 2388 4564 conﬁrmo.
2421 4504 2624 4559 Domos
2649 4518 2780 4560 vero
2815 4501 2957 4557 infra
2983 4509 3134 4572 septa
3169 4498 3286 4554 Ilie-

51 4597 253 4658 νει-ρειηο
286 4596 626 4666 possidenda
658 4599 951 4655 concessit.
989 4600 1144 4657 Dedit
1167 4601 1392 4673 insuper
1412 4604 1589 4660 eidem
1619 4590 1664 4606 ⁷
1694 4603 1932 4660 rusalem
1971 4603 2138 4669 sitas,
2176 4599 2426 4654 videlicet
2454 4596 2680 4654 domum
2712 4593 2974 4650 Bernardi
3012 4590 3286 4660 canonici,

51 4680 222 4738 ecclesie
246 4701 434 4744 omnes
472 4687 676 4744 furnos
705 4687 1073 4760 lherusalem,
1105 4696 1346 4765 exceptis
1375 4695 1594 4754 duobus
1693 4699 1919 4755 domum
1974 4695 2206 4752 Eurardi
2255 4693 2550 4757 canonici,
2606 4693 2734 4747 item
2783 4691 3008 4746 domum
3062 4688 3287 4744 alterius

51 4767 96 4824 de
126 4771 356 4848 liospitali
386 4789 443 4836 et
475 4795 594 4836 nno
627 4781 695 4837 de
735 4781 950 4839 Latina.
989 4784 1058 4840 Et
1089 4787 1301 4858 primus
1333 4803 1428 4844 rex
1469 4787 1595 4844 Bal-
1693 4789 1926 4846 Eurardi
1951 4787 2222 4854 canonici,
2244 4785 2468 4841 domum
2499 4783 2786 4848 Mainardi,
2814 4783 3036 4837 domum
3066 4779 3287 4836 Carsio-

50 4861 200 4924 duinus
222 4871 419 4940 prefatc
445 4874 686 4930 ecclesie
715 4875 859 4946 apud
898 4875 1157 4934 Sanctum
1191 4879 1460 4936 Lazarum
1491 4883 1594 4936 vil—
1694 4882 1812 4950 nis,
1851 4881 2078 4937 domum
2124 4877 2350 4935 Galterii
2404 4874 2733 4932 Lentronior
2753 4873 2846 4941 δυ’,
2889 4872 3112 4928 domum
3158 4869 3282 4925 Ber-

50 4952 163 5013 lanos
183 4977 292 5019 cum
323 4963 556 5022 familiis
585 4966 734 5022 dedit
760 4976 814 5022 et
841 4969 1082 5038 tradidit,
1105 4980 1159 5026 et
1185 4988 1238 5027 1v
1265 4972 1467 5028 casalia
1499 4988 1593 5029 sn-
1697 4979 1856 5036 nardi
1898 4976 2170 5046 Bursarii,
2199 4975 2425 5032 domum
2461 4970 2738 5038 Herluini,
2777 4968 3004 5024 domum
3040 4966 3290 5034 Μειδίῐῖθ,

51 5063 114 5144 pra
143 5051 382 5114 Santtum
421 5059 703 5114 Lazarum
723 5102 738 5128 ,
772 5076 1006 5132 quorum
1049 5064 1270 5120 nomina
1301 5074 1430 5120 sunt
1467 5065 1605 5135 hec,’
1697 5075 1924 5130 domum
1953 5070 2172 5144 Rogerii
2196 5112 2211 5138 ,
2244 5067 2435 5124 fratris
2473 5063 2660 5121 Sancti
2697 5061 2980 5134 Sepulcri,
3012 5068 3068 5115 et
3093 5059 3290 5116 statio-

51 5138 300 5244 iienebatie,
330 5151 715 5220 Benehabcth,
752 5152 1052 5226 Ragabam,
1083 5154 1292 5225 Roma;
1319 5167 1373 5214 et
1396 5157 1451 5213 in
1478 5167 1556 5214 ter

1784 5183 1822 5222 ιι
1856 5180 1962 5238 que
2019 5138 2123 5219 fuit
2149 5157 2424 5220 Guillelmi
2457 5153 2739 5222 Bastardi,
2769 5160 3089 5224 partemque
3112 5149 3289 5244 illam

51 5238 190 5335 τίιίθτίο
215 5240 583 5335 δεδιδυιίιίωο
613 5245 759 5302 mine
794 5246 1006 5304 πιοδίθδ
1037 5249 1201 5305 "mei
1235 5250 1468 5322 δίηῧυιίε
1495 5267 1595 5306 ³η-
1697 5277 1865 5332 quam
1924 5258 2068 5313 idem
2115 5253 2438 5312 Guillelmns
2485 5249 2542 5304 in
2589 5246 2797 5323 menst
2846 5243 3290 5304 numulariorum

51 5333 108 5382 nis
129 5334 455 5406 accipiendos
485 5338 672 5394 eidem
698 5339 847 5395 dedit
873 5341 1120 5397 ecclesie.
1159 5341 1275 5410 Que
1301 5346 1507 5412 omnia,
1536 5352 1597 5399 ut
1700 5348 1956 5417 habebat,
1981 5361 2121 5420 quas
2149 5359 2341 5400 omnes
2367 5348 2521 5413 pater
2556 5353 2713 5394 meus
2741 5336 2850 5392 iam
2873 5335 3082 5391 tociens
3109 5333 3288 5390 dictus

51 5425 245 5489 superius
270 5439 588 5485 memorata
615 5444 760 5493 sunt,
783 5433 1012 5489 ecclesie
1043 5431 1227 5490 Sancti
1255 5433 1498 5506 Sepulcri
1527 5454 1595 5494 ex
1701 5438 1771 5492 ab
1809 5437 1960 5492 omni
1999 5434 2284 5492 exactione
2322 5431 2526 5487 liberas
2553 5435 2609 5485 et
2641 5425 2859 5499 quietas
2877 5467 2892 5492 ,
2923 5425 3076 5481 salvo
3103 5433 3288 5480 tamen

53 5520 160 5577 βακε
177 5533 288 5575 mea
308 5522 588 5590 concedo,
613 5531 665 5578 et
688 5524 1038 5594 perhcnniter
1062 5525 1307 5584 habenda
1337 5529 1592 5587 decerno.
1700 5529 1851 5602 regio
1892 5528 2011 5584 iure
2031 5569 2047 5598 ,
2077 5527 2226 5601 quod
2253 5527 2313 5584 in
2340 5521 2677 5582 helemosina
2696 5561 2713 5591 ,
2735 5534 2902 5594 quam
2936 5533 3027 5574 rex
3059 5515 3292 5574 ecclesie

98 5673 153 5709 "'
176 5677 694 5756 ςέοιί·ῇιςςξκ“ιιι-ειεξινὶἶ
726 5752 737 5756 Α
766 5681 837 5756 ﬁ"
865 5680 942 5756 B,_
960 5683 1287 5756 Berytensis.
1399 5688 1470 5722 ³³⁸
1493 5687 1555 5749 Β,
1580 5686 1603 5742 ἑ

1779 5688 1933 5743 ensis.
2023 5686 2100 5756 7f”
2131 5687 2196 5753 Α,
2219 5685 2264 5742 f"
2293 5685 2384 5754 ὅθ,
2416 5695 2488 5754 r°;
2520 5682 2582 5749 Β,
2608 5678 2658 5756 ς’
2688 5678 2876 5756 5_8,_r°.
3046 5674 3284 5756 “8119110

57 5743 148 5826 laus
176 5749 235 5806 Α.
308 5742 379 5785 εει
411 5742 476 5818 B’,
511 5742 819 5822 σοᾱείτεάε.
905 5742 1001 5800 έίοί
1025 5742 1092 5825 BI
1119 5759 1369 5816 obtinuit.
1447 5742 1558 5813 mi

53 5816 305 5879 Maserius.
385 5823 458 5856 ⁵⁸⁷
493 5821 561 5890 Β,
602 5821 676 5878 L0
705 5823 962 5881 Tornaor.

1762 5742 1877 5815 ia;
1921 5758 1992 5791 m
2021 5755 2084 5826 Β,
2115 5742 2412 5816 Beituimen.
2473 5742 2580 5791 ἰοί
2602 5751 2665 5822 Β,
2698 5742 3048 5822 Cdfarnulec.
3118 5742 3267 5798 «an

3215 5969 3224 5974 ς
3229 5958 3260 5974 ο.
