3824 6308
406 398 550 457 ΗΠ

1013 389 1107 448 AD
1145 356 1597 447 contrane»:
1632 368 1926 439 APPEND.
1965 374 2030 432 η.
2055 406 2121 417 -
2169 372 2457 433 nonum;
2482 346 2572 429 DE
2607 369 2834 429 θειιο
2865 362 3109 457 εΑᾳιιο.

3548 367 3678 424 ms

399 516 536 577 facit
555 560 569 585 ,
599 515 756 571 debet
781 513 1014 585 habere,
1044 508 1327 571 canonicis
1363 504 1549 561 Sancti
1578 500 1825 582 Sepulcri
1854 513 1991 555 con-
2017 494 2068 554 Α
2095 514 2203 571 que
2232 496 2301 554 ad
2332 472 2602 553 vlviﬁcam
2624 494 2863 553 Crucem
2889 490 3133 562 veniunt,
3161 497 3411 558 exceptis
3436 503 3541 561 que
3574 487 3679 544 sub

397 612 600 678 cessit,
628 622 841 678 suoque
866 603 1150 677 privilegio
1179 600 1440 665 munivit,
1468 597 1673 660 eisdem
1702 592 1989 657 conﬁrmo.

404 701 482 758 De
504 708 686 756 cetero
715 697 939 762 domum
974 694 1166 757 Achon
1194 690 1498 755 fundatam,
1530 702 1696 767 quam
1727 684 1995 739 Lamber-

401 805 493 861 tus
521 794 616 850 A‘ls
647 805 895 860 uxorque
933 804 1032 843 sua
1068 786 1280 864 Agnes,
1318 798 1586 839 concessu
1619 780 1763 853 regis
1795 778 1993 844 Fulca-

404 888 494 953 nis
516 884 687 960 patris
710 882 835 947 mei,
864 880 1093 937 ecclesie
1122 877 1308 933 Sancti
1333 873 1582 946 Sepulcri
1614 873 1717 939 hac
1743 870 1995 935 videlicet

403 978 720 1039 conditione
760 974 925 1029 libere
964 980 1017 1027 et
1053 969 1234 1049 quiete
1276 966 1663 1041 possidendam
1704 961 1992 1030 concessit,

406 1085 477 1137 ne
518 1067 827 1134 venditione
867 1064 955 1121 vel
999 1062 1427 1120 commutatione
1460 1060 1576 1119 sive
1601 1057 1847 1130 quolibet
1885 1055 1994 1111 alio

405 1163 571 1229 modo
593 1179 625 1219 a
648 1177 707 1217 se
735 1161 912 1217 elcere
940 1159 1131 1225 liceat,
1156 1166 1238 1223 et,
1268 1156 1315 1211 si
1344 1153 1574 1210 fecerint
1592 1196 1606 1219 ,
1634 1152 1784 1223 regia
1824 1150 1996 1220 maje-

406 1264 521 1314 stas
563 1272 629 1311 ex
672 1270 737 1310 ea
782 1252 1073 1309 servicium
1111 1249 1344 1316 habeat,
1382 1246 1672 1317 sepedictis
1714 1242 1997 1299 canonicis

405 1352 511 1407 hac
537 1349 779 1420 predicta
816 1347 1027 1403 ratione
1051 1344 1337 1401 conlirmo.
1363 1341 1510 1397 Inter
1533 1349 1713 1396 cetera
1737 1353 1866 1393 vero
1894 1336 2000 1391 tria

404 1440 627 1499 casalia.
656 1454 889 1510 quorum
913 1436 1061 1491 aliud
1096 1435 1437 1507 Capharuth,
1478 1431 1627 1488 aliud
1656 1441 1838 1487 autem
1870 1428 1999 1485 Gith

403 1541 461 1589 et
490 1532 640 1588 aliud
660 1530 946 1602 Porphiria
972 1538 1219 1595 vocatur,
1244 1543 1350 1599 que
1383 1525 1670 1598 Rogerius,
1697 1522 2000 1596 Lyddensis

405 1624 720 1697 episcopus,
748 1641 811 1679 ex
841 1622 1188 1694 possessione
1212 1618 1399 1675 Sancti
1424 1617 1643 1688 Georgii
1673 1632 1799 1671 cum
1821 1614 2001 1670 omni-

404 1717 513 1781 bus
542 1716 879 1788 appendiciis
907 1716 1023 1771 suis
1052 1723 1106 1771 et
1140 1714 1485 1769 medietatem
1516 1710 1587 1742 ⁸⁰⁸
1612 1709 1822 1765 decime
1850 1723 2000 1763 mes-

406 1808 553 1873 sium
575 1808 895 1865 eorumdem
912 1807 1175 1871 casalium
1212 1816 1267 1861 et
1286 1805 1518 1867 aliarum
1541 1802 1788 1861 omnium
1813 1816 1998 1857 rerum

407 1898 621 1961 decima
642 1907 755 1965 tota
785 1908 839 1956 et
866 1898 1079 1970 integra
1100 1898 1328 1954 ecclesie
1358 1896 1605 1967 Sepulcri
1635 1893 1854 1950 Domini
1880 1894 1999 1950 iure

406 1990 914 2074 perhennitenenda
933 1991 1227 2058 concessit,
1241 1998 1296 2047 et
1312 1986 1566 2061 quartum
1581 1988 1782 2054 casale,
1803 1985 1997 2042 Kefre-

409 2082 566 2138 scilta
583 2083 820 2150 nomine,
835 2082 981 2153 quod
996 2081 1238 2153 profatus
1250 2081 1550 2154 Lyddensis
1566 2082 1854 2152 episcopus
1871 2095 1998 2135 cum

407 2174 562 2230 omni
580 2175 887 2247 integritate
901 2192 1001 2237 sua
1022 2185 1074 2231 et
1086 2175 1363 2231 consimili
1382 2176 1611 2242 decima,
1628 2191 1734 2245 qua
1756 2173 2000 2244 predicta

407 2268 535 2335 tria,
558 2269 786 2325 ecclesie
813 2278 1094 2340 pretaxate
1123 2284 1223 2339 pro
1245 2268 1566 2325 concambio
1587 2277 1768 2323 tamen
1790 2266 2001 2322 decime

407 2358 617 2422 castelli
642 2358 862 2419 Arualdi
888 2366 942 2415 et
961 2359 1169 2415 decima
1195 2359 1481 2415 cuiusdam
1504 2357 1703 2413 casalis
1722 2358 1787 2412 de
1802 2355 2000 2426 Hospi-

407 2451 523 2520 tali,
548 2451 769 2507 nomine
788 2451 1003 2519 Bulbul,
1020 2452 1370 2523 perhenniter
1388 2451 1778 2523 possidendum
1796 2451 2002 2506 consti-

407 2544 534 2611 tuit,
558 2552 736 2599 ratum
752 2544 1007 2601 decerno.
1028 2542 1309 2601 Conﬁrmo
1328 2544 1492 2599 etiam
1514 2534 2009 2599 commutationem

408 2635 551 2692 inter
576 2635 846 2705 prediclos
873 2635 1169 2692 canonicos
1198 2644 1252 2692 et
1278 2635 1577 2691 Iohannem
1608 2634 1904 2690 Patricium
1933 2633 2003 2690 de

410 2724 628 2782 duobus
649 2727 944 2795 casalibus,
973 2726 1390 2797 Capharmelich
1406 2728 1477 2760 ἰον
1497 2736 1552 2784 et
1578 2727 1874 2799 Ainquina,
1899 2742 2001 2797 pro

411 2815 628 2896 duobus
657 2817 947 2873 memorati
979 2816 1239 2874 Iohannis
1270 2819 1565 2885 casalibus,
1596 2817 1809 2890 Mcgina
1849 2818 2001 2874 scili-

408 2918 497 2963 cet
524 2914 578 2961 et
605 2905 837 2974 Mezera,
871 2907 1146 2979 utrimque
1175 2909 1521 2974 laudabiliter
1546 2908 1765 2970 factam.
1796 2909 2003 2977 Quere-

408 2996 520 3063 lam
552 2997 777 3077 insuper
803 2996 973 3065 illam,
1000 3013 1108 3077 que
1135 2999 1202 3059 de
1234 2998 1485 3064 Surianis
1523 2999 1665 3055 inter
1693 3016 1781 3056 me
1809 3009 1864 3056 et
1896 3000 2003 3057 Do-

410 3083 603 3149 minici
631 3085 875 3155 Sepulcri
898 3087 1192 3145 canonicos
1218 3088 1415 3156 extitit,
1438 3104 1603 3159 quam
1631 3090 1815 3158 etiam,
1838 3098 2004 3162 prout

411 3175 472 3238 in
517 3189 710 3230 eorum
740 3176 1023 3248 privilegio
1050 3179 1264 3248 plenius
1310 3181 1642 3249 continetur,
1692 3191 1748 3238 et
1778 3183 2002 3239 nomina
2029 3197 2077 3263 α

410 3266 782 3350 predictorum
815 3267 1171 3325 Surianorum
1208 3271 1264 3325 in
1292 3271 1485 3328 eodem
1510 3274 1822 3346 conscripta
1852 3284 2001 3346 sunt,

411 3357 642 3443 prefatis
672 3361 973 3430 canonicis,
1005 3362 1119 3419 sive
1138 3362 1287 3434 justa
1316 3363 1457 3420 foret
1483 3365 1600 3422 sive
1622 3365 1847 3438 iniusta,
1868 3367 2005 3425 hbe.

413 3466 557 3520 ram,
603 3452 845 3523 quietam
891 3463 945 3510 et
990 3471 1218 3527 prorsus
1265 3457 1572 3513 absolutam
1620 3459 1826 3528 remisi,
1865 3476 2002 3517 con-

414 3543 594 3601 ﬁrmo.
627 3543 1030 3605 Nichilominus
1059 3548 1221 3605 etiam
1271 3550 1639 3622 ealumpniam
1691 3553 1860 3623 illam,
1897 3570 2006 3626 que

412 3637 472 3694 In
500 3638 749 3697 terminis
800 3641 993 3711 ﬁnium
1028 3643 1289 3711 territorii
1335 3646 1535 3711 casalis
1583 3644 1854 3712 Dominici
1906 3646 2007 3707 Se-

411 3732 610 3806 pulcri,
637 3734 784 3806 quod
812 3733 1014 3792 dicitur
1036 3735 1315 3807 Bethsuri,
1346 3738 1489 3795 inter
1516 3736 1885 3801 Milissendem
1916 3755 2007 3804 re-

411 3823 617 3897 ginam,
646 3834 876 3895 matrem
905 3827 1175 3901 siquidem
1226 3845 1427 3899 meam,
1457 3840 1512 3887 et
1540 3829 1727 3889 Sancti
1759 3830 2005 3905 Sepulcri

410 3917 708 3986 canonicos
754 3919 1069 3991 aliquandiu
1108 3922 1449 3992 versabatur,
1480 3923 1730 3993 liberam,
1763 3924 2005 3996 quietam

409 4013 467 4078 et
490 4008 610 4064 sine
636 4008 881 4079 quolibet
902 4011 990 4078 vel
1018 4027 1049 4071 a
1080 4028 1168 4081 me
1197 4013 1283 4080 vel
1331 4030 1363 4070 a
1409 4016 1824 4074 successoribus
1867 4019 2007 4077 meis

413 4094 502 4150 vel
538 4111 572 4151 a
604 4098 939 4168 quibuslibet
982 4101 1105 4169 aliis
1156 4102 1544 4174 impedimento
1590 4105 1707 4164 sive
1753 4108 2006 4176 molestia

414 4186 647 4249 ecclesie
680 4188 751 4233 ⁸η
803 4190 990 4253 Sancti
1062 4192 1310 4265 Sepulcri
1357 4196 1557 4253 iterum
1607 4214 1678 4255 ex
1749 4208 1865 4256 toto
1914 4217 2005 4266 re-

413 4280 650 4349 moto“
682 4291 737 4353 et
763 4283 1071 4339 absolutam
1116 4301 1346 4357 prorsus
1390 4289 1675 4346 conﬁrmo.
1715 4290 2013 4349 Verumta-

415 4386 546 4434 men
582 4373 786 4430 casalia
835 4375 947 4442 illa,
979 4374 1167 4447 Betth
1194 4377 1420 4448 scilicet,
1452 4379 1787 4452 Odemamel,
1814 4384 2006 4451 Debir-

412 4463 712 4533 sabetb‘“,
757 4464 992 4535 Corteis,
1040 4467 1454 4541 Deirmusin‘t’,
1504 4471 1847 4544 Huetdebes,
1900 4493 2006 4549 que

412 4569 541 4617 cum
571 4557 829 4624 omnibus
872 4560 1090 4627 villanis
1137 4570 1193 4629 et
1234 4579 1361 4621 cum
1406 4567 1556 4623 omni
1601 4566 1910 4640 integritate
1953 4578 2007 4626 et
2035 4581 2086 4642 ο

410 4649 760 4721 pertinentiis
808 4652 925 4720 suis
972 4654 1081 4719 iam
1110 4655 1320 4712 tociens
1346 4657 1476 4713 dicti
1508 4660 1758 4723 canonici
1789 4676 1855 4715 ex
1886 4659 2003 4714 llu-

410 4755 554 4813 gone
584 4742 653 4799 de
682 4741 931 4800 Hibelino
953 4746 1024 4778 ⁸³⁸
1049 4748 1233 4817 precio
1262 4761 1734 4821 comparaverunt,
1776 4752 2006 4820 ecclesie

412 4827 601 4887 Sancti
624 4830 877 4904 Sepulcri
907 4837 1193 4903 conﬁrmo,
1241 4837 1471 4901 Demum
1501 4851 1822 4908 cunctarum
1851 4842 2005 4898 obla-

410 4922 626 4981 tionum
672 4941 779 4995 que
823 4927 892 4983 ad
939 4927 1261 4999 Sepulcrum
1310 4929 1528 4992 Domini
1567 4935 1793 4990 veniunt
1821 4944 1877 4989 et
1905 4950 2001 4990 ve-

407 5013 585 5083 nient,
628 5017 971 5078 medietatem
1020 5020 1078 5075 in
1121 5021 1414 5089 omnibus,
1462 5033 1627 5095 prout
1676 5026 2003 5085 venerabilis

410 5104 678 5165 Arnull'us
702 5111 1042 5181 patriarcha,
1089 5113 1252 5183 primi
1282 5114 1426 5186 regis
1470 5114 1721 5172 Balduini
1750 5118 2002 5188 consilio,

409 5196 638 5269 prefatis
665 5201 965 5273 assignavit
989 5204 1289 5272 canonicis,
1313 5207 1600 5264 conﬁrmo.
1631 5208 1768 5266 Cere
1795 5220 1998 5280 autem,

412 5302 521 5359 que
548 5290 617 5347 ad
641 5294 927 5351 ecclesiam
958 5299 1186 5365 venerit,
1218 5300 1356 5355 duas
1400 5309 1584 5371 partes
1609 5302 1677 5357 ad
1707 5303 1999 5361 luminaria

408 5380 589 5446 cidem
619 5385 883 5443 conﬁrmo
910 5388 1159 5448 ecclesie.
1187 5390 1500 5451 Oblationes
1531 5393 1754 5466 insuper
1784 5412 1997 5466 omnes,

408 5560 423 5585 τ
483 5558 557 5595 too
612 5558 1028 5645 Eumeda-1319,
1066 5640 1079 5645 _
1170 5565 1243 5645 ⁸⁰ξ
1296 5566 1360 5645 B,
1404 5568 1825 5645 Cephgrmelich.

412 5645 511 5703 gez
546 5635 777 5714 remitto.
809 5635 951 5714 m‘jf
975 5635 1358 5714 Dehyrsabeth.
1377 5710 1387 5714 _
1406 5711 1441 5714 __
1472 5635 1542 5714 ‘1'
1561 5642 1641 5714 B,
1661 5643 2008 5705 Deirmusun.

392 5704 698 5778 pressione.
781 5704 876 5778 “"
903 5704 1241 5778 B,Arn}sius
1374 5710 1446 5744 ⁸⁸⁸
1492 5710 1564 5778 Β,
1613 5704 1974 5770 Βεὺτιδῑεηδὶε.

442 5772 486 5852 ί*
512 5771 966 5852 βηβενυειιεηδὶδζ
1044 5779 1115 5812 δ’*
1142 5780 1203 5843 Β,
1238 5779 1456 5838 Torone.

417 5838 701 5914 Hybelino.

1939 5573 2013 5607 “°
2071 5573 2220 5631 Dans
2280 5574 2325 5629 Α
2359 5588 2432 5629 on
2481 5571 2545 5628 lit
2596 5571 2705 5628 sive
2772 5569 2989 5625 ecclesie
3040 5567 3306 5622 molestia.

2090 5714 2159 5747 ιε’
2203 5714 2266 5784 Β,
2319 5714 2644 5770 Achonenst's
2699 5714 2994 5783 episcopus.

1559 5782 1632 5816 ιιι
1657 5782 1719 5853 Β,
1748 5783 2177 5856 Tyberiadeusis.

2093 592 2181 649 die
2204 589 2380 649 sancti
2406 601 2700 661 paraseeve
2723 577 2945 642 fuerint,
2975 588 3068 636 aut
3087 581 3136 638 si
3164 577 3487 651 patriarcha
3507 593 3681 633 secura

2094 682 2244 737 illam
2276 695 2378 751 pro
2408 678 2589 749 aliqua
2616 674 2945 757 necessitate
2972 670 3251 737 detulerit,
3289 666 3503 723 eisdem
3530 682 3687 722 eano-

2094 775 2235 831 nicis
2263 772 2551 830 conﬁrmo.
2601 768 2855 826 Decimas
2878 780 3098 838 quoque
3128 761 3309 819 tocius
3340 768 3532 817 sancte
3559 758 3685 814 civi.

2094 868 2224 924 tatis
2249 865 2584 922 Iherusalem
2614 863 2972 932 locorumque
3001 857 3106 915 sibi
3136 852 3541 916 adiacentium,
3562 865 3685 921 quas

2094 959 2408 1033 patriarcha
2437 957 2924 1029 supranominatus
2969 952 3077 1008 illis
3107 948 3416 1015 concessit,
3466 946 3688 1016 exceptis

2096 1053 2446 1113 solummodo
2482 1049 2651 1114 funde
2694 1047 2944 1114 decimis,
2970 1044 3181 1101 eisdem
3214 1038 3499 1098 conﬁrmo
3540 1051 3689 1092 cana-

2096 1148 2257 1205 nicis.
2291 1143 2590 1202 Dimidiam
2634 1148 2843 1212 partem
2872 1138 3041 1199 etiam
3070 1134 3219 1197 illius
3244 1128 3536 1194 beneﬁcii,
3560 1125 3691 1198 quod

2096 1240 2309 1312 primus
2350 1253 2450 1293 rex
2475 1232 2777 1291 Balduinus
2807 1229 3011 1288 Sancto
3054 1226 3329 1298 Sepulcro
3358 1238 3468 1295 pro
3494 1235 3693 1276 exean-

2098 1334 2212 1389 bitu
2242 1332 2589 1404 episcopatus
2612 1323 2974 1387 Bethlemitici
2999 1319 3258 1385 contulit,
3287 1315 3555 1373 similiter
3577 1329 3695 1369 coa-

2101 1427 2281 1483 ﬁrmo.
2336 1423 2635 1480 Ecclesiam
2684 1419 2940 1489 deinceps
2984 1414 3138 1471 Beati
3190 1412 3350 1468 Petri
3411 1410 3469 1465 in
3514 1407 3692 1478 Ione.

2102 1537 2264 1594 quam
2290 1517 2601 1591 patriarcha
2630 1516 2739 1570 iam
2768 1511 2980 1569 tociens
3005 1509 3186 1565 dictus
3210 1521 3347 1562 cum
3373 1503 3585 1558 honore
3608 1515 3695 1556 suo

2102 1617 2315 1688 integro
2343 1620 2546 1669 etcum
2578 1618 2711 1676 tota,
2742 1622 2850 1678 que
2891 1612 3080 1661 sancte
3128 1599 3299 1656 matri
3355 1595 3594 1668 pertinet
3616 1609 3695 1649 ce-

2103 1687 2287 1778 clesie,
2317 1706 2562 1780 plenaria
2605 1703 2867 1775 dignitate
2910 1695 3138 1771 prel‘atis
3167 1690 3465 1752 concessit
3490 1687 3696 1743 canoni-

2103 1807 2205 1874 cis,
2230 1803 2475 1877 predicto
2495 1798 2658 1855 modo
2683 1795 2966 1853 conﬁrmo.
2990 1789 3101 1845 Hec
3126 1787 3301 1860 igitur
3322 1783 3701 1877 omnia,prout

2102 1871 2356 1969 superius
2382 1898 2688 1949 memorata
2736 1893 2896 1952 sunt,
2943 1879 3175 1938 ecclesie
3204 1878 3324 1932 iam
3360 1871 3633 1943 sepediete
3655 1878 3701 1921 et

2100 1994 2345 2051 eiusdem
2373 1984 2663 2046 conventui
2688 1997 2836 2039 nunc
2861 1988 2913 2035 et
2934 1992 3033 2048 per
3059 1970 3495 2030 successionem
3523 1962 3701 2020 ibidem

2102 2085 2213 2141 Deo
2262 2078 2551 2138 famulanti
2595 2076 2766 2133 libere
2791 2080 2847 2127 et
2863 2072 2932 2105 ⁸¹⁸
2973 2068 3159 2139 quiete
3200 2071 3260 2118 et
3286 2061 3422 2116 sine
3450 2058 3599 2114 omni
3624 2070 3703 2109 ea-

2101 2175 2346 2249 lumpnia
2371 2173 2456 2229 vel
2499 2168 2892 2241 impedimento
2940 2160 2997 2215 in
3041 2165 3342 2229 posterum
3380 2147 3699 2249 habenda-et

2102 2240 2501 2343 iure.perpetuo
2522 2240 2852 2335 possidenda
2873 2252 3136 2319 concedo,
3162 2258 3220 2305 et
3241 2240 3701 2343 presenti

2103 2332 2429 2433 subscriptis
2458 2332 2693 2415 testibus
2737 2350 3012 2425 sigillique
3061 2343 3170 2399 mei
3225 2332 3701 2419 suppressiooe‘“

2102 2458 2358 2516 denotata
2386 2453 2670 2511 conﬁrmo.

2174 2549 2403 2606 Factum
2430 2554 2515 2602 est
2538 2551 2724 2599 autem
2769 2540 2879 2596 hoc
2908 2549 3052 2596 anno
3090 2532 3162 2588 ab
3188 2525 3591 2589 incarnatione
3614 2521 3702 2576 Do-

2102 2641 2239 2700 mini
2264 2655 2427 2704 ucu,
2460 2634 2759 2692 indictione
2787 2646 2907 2685 vin.
2961 2625 3172 2681 Horum
3208 2620 3451 2693 quidem
3479 2615 3701 2671 omnium

2103 2743 2271 2793 testes
2299 2738 2430 2789 sunt
2463 2747 2477 2785 :

2245 2827 2462 2892 Petrus,
2493 2819 2942 2892 archiepiscopus
2991 2808 3280 2884 Tyrensis.
3336 2803 3583 2861 Ernesiu

2317 2915 2766 2986 archiepiscopus
2791 2904 3156 2965 Cesariensis.
3202 2899 3518 2963 Letardus,
3544 2894 3701 2950 archi-

2311 2984 2604 3082 episcopus
2652 3002 2992 3059 Nazarenus.
3040 2992 3495 3057 Constantinus,
3544 2984 3705 3042 Sancti

2319 3080 2539 3171 Georgii
2600 3097 2912 3168 episcopus.
2987 3086 3289 3143 Rainerius
3320 3125 3339 3151 ,
3403 3080 3705 3137 Sebastietr

2315 3196 2394 3255 sis
2416 3194 2486 3227 δ”
2533 3191 2846 3263 episcopus.
2917 3181 3184 3239 Osbertus
3214 3220 3231 3246 ,
3289 3172 3707 3248 Tyberiadeasis

2322 3289 2632 3361 episcopus.
2692 3277 3038 3344 Fredericus,
3070 3273 3376 3345 episcopus
3428 3268 3707 3361 Actaeaea-

2317 3356 2396 3441 εἷς
2416 3379 2506 3434 ⁸³⁸.
2553 3376 2749 3440 Adam,
2775 3371 3068 3443 episcopus
3092 3362 3511 3421 Paueadensis.
3543 3356 3708 3412 Amal-

2317 3470 2490 3538 ricus,
2531 3466 2825 3539 episcopus
2855 3452 3317 3516 Sidoniensis“'.
3378 3448 3705 3509 Mainardas.

2312 3564 2602 3639 episcopus
2648 3550 3091 3617 Berithensis‘“.
3140 3544 3458 3604 Gaufridus
3485 3585 3533 3639 ,Δ
3558 3540 3707 3597 abba;

2318 3635 2528 3726 Templi
2552 3650 2793 3708 Domini.
2830 3644 3152 3707 Bainaldus,
3190 3639 3375 3695 abbas
3404 3639 3478 3692 de
3508 3635 3704 3690 Latina.

2318 3748 2655 3812 Gunterius,
2708 3742 2860 3814 prior
2905 3738 3106 3793 Montis
3150 3735 3328 3807 Syon.
3387 3729 3704 3791 Aimerias,

2316 3842 2469 3915 prior
2489 3837 2690 3896 Montis
2708 3833 2924 3891 Oliveti.
2950 3828 3302 3894 Guillelmus,
3333 3824 3703 3880 comilitonan

2317 3912 2529 4002 'I‘empli
2575 3926 2944 3986 senescalcus.
2998 3921 3193 3977 Frater
3239 3917 3559 3975 Gaul’ridus
3590 3912 3703 3969 Ful-

2319 4025 2514 4083 cherii.

2178 4119 2256 4176 De
2280 4115 2583 4174 baronibus
2608 4125 2738 4169 vero
2761 4120 2815 4167 et
2841 4104 3159 4164 hominibus
3191 4101 3347 4173 regis
3382 4119 3397 4156 ι

2248 4206 2578 4272 Amalricus,
2608 4218 2795 4260 comes
2820 4198 3269 4257 Ascalonitanus.
3306 4191 3623 4248 Heniredas
3642 4188 3699 4244 de

2317 4299 2539 4357 Torono
2554 4298 2645 4363 ⁸⁵⁸⁸,
2674 4291 3117 4353 constabularius
3144 4299 3200 4345 et
3232 4288 3390 4343 ﬁlius
3417 4287 3543 4357 ejus
3575 4283 3701 4338 Bel-

2314 4389 2520 4446 l'redus.
2559 4386 2854 4452 Galterius,
2889 4380 3407 4455 Tiberyadensis‘”
3436 4378 3694 4433 dominas.

2317 4479 2709 4538 Guormundus
2749 4472 3258 4531 Tiberiadensis‘”.
3316 4469 3587 4527 Girardus
3624 4464 3699 4520 Si-

2313 4572 2598 4630 doniensis
2635 4570 2727 4626 ⁸⁸⁸.
2794 4567 2953 4638 lIugo
3001 4564 3376 4622 Cesariensis.
3432 4561 3695 4630 Philippus

2313 4663 2723 4735 Neapolitanus.
2787 4660 3063 4717 Galterius
3119 4655 3492 4713 Beritbensis.
3539 4651 3693 4709 Guidn

2317 4755 2678 4827 Francigena.
2705 4753 2977 4810 Henricus
3003 4749 3265 4807 Bubalus.
3294 4747 3462 4819 Hugo
3486 4747 3551 4802 de
3576 4745 3695 4798 Ibe-

2316 4848 2516 4904 lino‘"
2540 4856 2594 4903 et
2623 4846 2791 4904 frater
2813 4846 2956 4916 ejus,
2981 4840 3310 4906 Balduinus,
3368 4840 3690 4899 Guillelmus.

2323 4940 2713 4997 marescalcus.
2746 4936 2864 4994 Odo
2893 4938 2960 4992 de
2989 4936 3191 4991 Sancto
3217 4933 3501 4999 Amando,
3526 4927 3687 4986 castel-

3586 2818 3612 2857 s
3627 2800 3702 2865 ut,

2317 5034 2477 5090 lanus
2497 5030 3028 5089 Iherosolimitanus.

2184 5124 2321 5181 Data
2365 5124 2612 5193 Acchon,
2654 5138 2751 5195 per
2798 5136 3028 5179 manum
3076 5117 3320 5183 Radulﬁ,
3361 5112 3683 5172 Bethleemite

2108 5218 2357 5292 episcopi
2403 5217 2657 5291 regisque
2715 5213 3030 5274 cancellarii
3055 5254 3073 5282 ,
3136 5228 3218 5267 vn
3282 5210 3549 5267 kalendas
3599 5221 3682 5259 δερ

2106 5312 2271 5385 gusti.

3416 5568 3485 5600 ιιι
3518 5564 3685 5621 emi.

2723 5641 2796 5725 δίξ
2841 5639 3076 5712 Manque
3119 5638 3260 5694 dans
3300 5637 3366 5694 B.
3406 5684 3409 5687 ς
3480 5640 3545 5721 “f
3576 5638 3684 5717 πρέ

2723 5729 2994 5765 υιεεουω.
3098 5708 3170 5742 δ”
3221 5709 3282 5765 Β.
3339 5708 3681 5765 Sldomaau.

2319 5722 2644 5770 Achonensis
2699 5722 2994 5783 episcopus.
3098 5722 3170 5742 "'
3222 5722 3282 5775 Β,
3339 5722 3681 5780 δςαωησω.

2290 5785 2359 5820 δ’*
2384 5784 2445 5856 Β,
2492 5784 2916 5857 Tyberiadensis.
2994 5780 3062 5815 m
3096 5779 3466 5853 Sydonienst's.
3540 5778 3603 5811 ³⁸⁸
3628 5772 3681 5839 Β»

2117 5646 2187 5680 ⁸⁸⁸
2212 5644 2296 5715 Β,
2334 5643 2618 5715 Hybelino.
