3812 6312
127 365 228 429 H53

1012 409 1020 413 .
1048 346 1497 407 CARTULAIRE
1530 347 1624 407 DU
1659 347 1864 406 SAINT
1903 346 2283 415 SEPULCRE.

3163 362 3305 424 “55

125 487 208 541 iure
222 465 495 533 hereditario
521 472 777 537 spectare
801 464 1146 534 credebatur,
1179 464 1462 522 cemmuni
1519 482 1615 523 as-
1643 469 1693 526 Α
1716 465 1788 523 tis
1814 474 1980 536 terre,
2005 467 2158 525 iuxta
2190 467 2338 540 quod
2371 461 2470 540 per
2490 468 2744 528 homines
2763 488 2920 530 meos
2949 472 3054 532 fuit
3079 478 3162 534 eis
3186 482 3304 538 tra-

121 588 242 632 sensu
279 559 517 622 canonicis
573 557 853 615 Dominici
904 555 1150 629 Sepulcri
1203 558 1610 614 venerabilibus

120 663 316 724 fratribus
336 655 455 712 meis
471 667 566 724 pro
587 652 768 708 tribus
792 652 1012 708 milibus
1047 652 1424 708 bisanciorum
1472 667 1610 708 ven-

118 757 229 821 didit,
250 747 436 806 instanti
461 760 614 816 prece
639 745 870 815 predtcti
899 743 1162 815 Hugonis,
1191 754 1394 800 terram
1409 745 1608 815 ipsam,

115 852 162 907 de
180 861 262 918 qua
284 842 457 913 agitur,
479 837 585 892 duo
612 837 903 894 dumtaxat
931 836 1140 894 casalia
1173 852 1302 893 cum
1352 837 1612 893 omnibus

118 940 272 997 rillanis
287 945 332 992 et
351 932 678 1006 pertinentiis
715 931 833 987 suis
857 945 925 986 ex
946 931 1180 1002 integro,
1205 930 1442 986 alterum
1466 946 1608 1001 quo-

112 1049 198 1092 rum
214 1036 510 1098 nuncupatur
533 1025 866 1081 Deirmusim
918 1034 976 1082 et
1016 1025 1250 1080 alterum
1300 1023 1610 1081 Huetdebes

111 1121 369 1194 W,eoclesie
387 1118 647 1174 Dominici
671 1117 918 1189 Sepulcri
945 1125 1001 1174 et
1025 1117 1308 1174 canonicis
1329 1133 1478 1172 nunc
1506 1117 1610 1172 ibi-

106 1219 196 1274 dem
232 1215 323 1270 Deo
366 1210 718 1268 servientibus
777 1219 834 1266 et
889 1210 946 1266 in
985 1219 1267 1282 posterum
1306 1209 1606 1266 servituris

107 1309 239 1374 laudo,
273 1315 320 1362 et
349 1305 412 1360 ab
433 1303 580 1358 omni
601 1302 847 1370 servitio,
876 1301 1143 1369 dominio,
1174 1301 1463 1358 exactione
1495 1301 1603 1355 iam

104 1402 207 1458 dicta
236 1398 326 1453 duo
363 1394 555 1451 casalia
589 1393 782 1462 libera,
818 1393 1004 1464 quieta
1036 1402 1090 1448 et
1143 1393 1322 1450 soluta
1373 1393 1604 1464 iureque

102 1487 298 1565 perbenni
345 1487 451 1543 sine
507 1485 658 1541 omni
719 1485 1112 1557 impedimento
1158 1486 1241 1542 vel
1289 1485 1603 1558 calumpnia

99 1580 324 1641 cuiuslibet
350 1577 400 1633 iu
416 1587 733 1649 perpetuum
762 1578 1089 1649 possidenda
1110 1581 1369 1636 concedo.
1396 1588 1451 1636 et
1476 1596 1607 1650 pre-

100 1673 200 1731 senti
221 1670 387 1744 pagina
418 1670 742 1742 subscriptis
767 1671 998 1728 testibus
1024 1672 1294 1745 sigillique
1330 1673 1439 1729 mei
1465 1674 1602 1731 sub-

96 1767 310 1842 pressione
327 1767 571 1822 denotata
599 1767 888 1823 confirmo.

1711 558 1846 626 dita,
1873 559 2070 628 divisa,
2096 560 2348 618 terminis
2383 569 2439 618 et
2458 563 2620 618 metis
2647 565 2966 636 presignata
2992 568 3084 638 ⁸⁸⁸,
3118 571 3305 628 deter-

1711 648 1938 703 minata.
1957 649 2115 706 Dono
2139 651 2305 706 etiam
2325 660 2381 707 et
2405 652 2674 711 conﬁrmo
2701 656 2908 712 eisdem
2933 662 3214 719 canonicis
3232 664 3306 700 ω

1711 741 2192 815 confratribusque
2219 746 2358 802 meis
2387 762 2553 801 unam
2577 747 2802 804 domum
2851 751 2907 806 in
2937 754 3207 810 Ascalone
3247 765 3303 812 et

1711 835 1850 891 duas
1879 845 2198 893 carrucatas
2231 846 2376 896 terre
2411 840 2465 894 in
2503 842 2694 910 casali,
2734 845 2882 914 quod
2925 846 3127 902 dicitur
3175 848 3301 904 Bai-

1711 928 2100 998 neolbederan,
2120 929 2178 984 in
2200 931 2476 988 camhium
2498 934 2788 991 cuiusdam
2810 938 3170 1010 mahunteric,
3194 958 3304 1013 que

1711 1018 1834 1074 data
1861 1018 1963 1076 fuit
1986 1021 2068 1076 eis
2104 1021 2161 1076 in
2181 1023 2452 1080 Ascalone
2472 1041 2502 1080 a
2525 1029 2779 1097 captione
2815 1029 3086 1100 eiusdem,
3133 1049 3302 1105 quam

1711 1111 1938 1182 predicti
1968 1114 2223 1170 canonici
2271 1117 2343 1149 ‘°°
2377 1117 2486 1172 mei
2533 1119 2590 1172 in
2622 1120 2861 1191 capitulo
2887 1138 2991 1178 suo
3019 1126 3140 1196 pari
3172 1136 3302 1184 voto

1711 1219 2056 1276 assensuque
2113 1206 2323 1262 domini
2374 1211 2683 1280 patriarche
2735 1212 3044 1289 A[malrici]
3106 1234 3302 1278 omnes

1711 1297 2076 1368 equanimiter
2113 1299 2247 1354 mihi
2274 1309 2328 1356 et
2357 1307 2772 1364 successoribus
2798 1310 2936 1366 meis
2972 1311 3028 1366 in
3049 1326 3302 1368 commu-

1714 1389 1970 1445 tationem
2017 1390 2216 1445 harum
2257 1392 2492 1449 duarum
2535 1408 2947 1456 carrucatarum
2991 1403 3303 1474 domusque

1711 1481 1922 1555 prefate
1981 1493 2394 1554 concesserunt,
2447 1489 2910 1560 condonaverunt,
2953 1497 3299 1552 contradide-

1709 1583 1872 1640 runt;
1905 1574 2007 1630 bec
2039 1584 2224 1630 autem
2273 1576 2616 1640 mahumeria
2665 1597 2697 1636 a
2734 1581 3054 1641 Sarracenis
3097 1587 3301 1643 dicitur

1711 1666 1972 1734 Cathara,
1997 1666 2189 1723 Latine
2224 1684 2357 1725 vero
2396 1669 2624 1728 Viridis.
2659 1672 2942 1732 Conlirmo
2971 1678 3177 1749 pariter
3217 1688 3302 1736 to-

1709 1761 1862 1817 ciens
1895 1761 2062 1818 dictis
2079 1762 2455 1820 confratribus
2503 1765 2644 1821 meis
2699 1777 2935 1837 quatuor
2981 1781 3302 1829 carrucatas

144 1825 324 1916 Factum
349 1866 428 1915 est
446 1867 630 1915 autem
670 1859 775 1914 hoc
800 1875 945 1915 anno
983 1859 1052 1915 ab
1086 1860 1461 1917 incarnatione
1488 1860 1602 1916 Do-
1639 1825 1680 1886 Β
1711 1861 1995 1924 ιεηθνιιυθ
2019 1863 2103 1909 θεῖ
2125 1869 2290 1924 super
2319 1854 2525 1912 ﬂumen
2549 1865 2677 1912 ωηο
2704 1857 2928 1930 ῙοΡΡθην
2961 1861 3105 1918 δίουι
3124 1863 3301 1918 ἀίνίδ³

93 1951 344 2018 miniuctx,
372 1949 664 2006 indictione
691 1966 809 2006 vui.
845 1949 1020 2007 Huius
1041 1953 1263 2023 quidem
1310 1953 1389 2008 rei
1437 1961 1604 2010 testes

96 2051 209 2099 sunt:

192 2133 446 2203 Letardus,
470 2135 920 2206 archiepiscopus
937 2133 1276 2207 Nazarenus,
1313 2137 1603 2208 Ricardus,

249 2227 553 2284 Andricnsis
608 2227 919 2300 episcopus.
970 2228 1254 2297 Arnulfus,
1303 2232 1604 2288 canonicus

243 2319 564 2376 Nazarenus.
598 2320 1129 2392 Philippus,domini
1181 2324 1328 2396 regis
1367 2326 1605 2396 capella-

244 2431 355 2470 nus.
408 2413 751 2484 Stephanus,
803 2416 948 2486 regie
997 2416 1323 2474 cancellarie
1365 2406 1621 2475 secreta--

245 2505 365 2560 rius.
400 2503 673 2560 Radulfus
690 2504 972 2579 Anglicus,
1007 2506 1277 2566 Nazareni
1329 2511 1604 2583 archiepi-

244 2598 378 2668 scopi
411 2597 672 2656 clericus.

132 2688 190 2745 De
207 2690 480 2747 baronibus
497 2706 638 2746 vero
668 2699 723 2747 et
752 2691 819 2748 de
845 2692 1164 2750 hominibus
1188 2695 1367 2767 regis:

177 2783 476 2852 Amalricus,
543 2800 736 2841 comes
793 2785 1237 2845 Ascalonitanus.
1298 2788 1606 2847 Henfredus

237 2873 296 2930 de
327 2873 570 2944 Torono,
605 2877 1066 2936 constabularius.
1099 2880 1279 2938 Guido
1313 2881 1607 2955 Francige-

235 2984 314 3022 na.
346 2968 696 3038 Guillelmus,
719 2973 1107 3030 marescalcus.
1131 2974 1433 3042 Abraham,
1454 2977 1604 3034 vice-

233 3075 402 3118 comes
423 3060 769 3120 Nazarenus.
810 3062 936 3121 Otto
989 3067 1056 3122 de
1099 3066 1380 3142 Risberge.
1426 3068 1605 3126 Guido

236 3152 294 3208 de
318 3152 602 3212 Maneriis.
628 3154 892 3214 Arbertus
914 3158 981 3214 de
1022 3157 1268 3218 Rethest.
1307 3161 1573 3219 Godescal
1589 3193 1604 3205 -
1632 3179 1679 3243 ο

233 3259 338 3301 cus.
368 3245 592 3314 Petrus,
643 3248 982 3306 foresterius.

125 3332 463 3420 DataAcchon
502 3340 715 3412 "°,per
735 3359 958 3400 manum
988 3344 1223 3413 Radulfi,
1251 3345 1607 3408 Bethleeme

75 3426 260 3500 episcopi
303 3431 559 3505 regisque
619 3435 954 3504 cancellarii,
1025 3453 1122 3494 vm
1167 3437 1447 3498 .kalendas
1507 3457 1604 3496 au-

125 3518 194 3575 sti.

73 3532 194 3585 gusti.

660 3615 821 3672 LVI“
852 3617 940 3674 ⁸³⁸.

68 3714 349 3760 Ριινιιεςιῦι
387 3705 459 3739 ⁸⁸³
500 3723 763 3764 Αιλιιιισι
812 3725 1030 3766 COIITIS
1066 3727 1132 3765 DE
1181 3727 1320 3767 Ν)Χο
1369 3728 1604 3769 ϐειλιιε

118 3788 169 3825 ετ
195 3790 251 3828 DB
297 3791 737 3835 CONFIBIATIONB
775 3795 980 3836 OINIUI
1037 3797 1420 3840 POSSESSIONUI
1468 3799 1607 3849 QUAS

114 3858 324 3902 εεςιεεη
384 3865 586 3905 εΑκετι
649 3866 902 3906 δερυιειιι
941 3868 1113 3908 ιιΑΒετ
1155 3870 1207 3908 IN
1264 3871 1441 3910 TERRA
1481 3872 1602 3913 SUA.

113 3933 377 3996 Innomine
407 3951 610 3998 sancte
631 3956 687 3999 et
717 3943 993 4001 individue
1022 3944 1309 4004 Trinitatis
1339 3947 1521 4007 Patris
1551 3957 1608 4006 et

61 4023 153 4083 Filii
176 4039 223 4086 et
244 4029 476 4104 Spiritus
507 4034 726 4105 Sancti,
750 4051 933 4093 amen.

112 4119 277 4182 Notum
306 4129 378 4185 sit
402 4130 696 4199 omnibus,
724 4139 836 4188 tam
859 4134 1203 4204 presentibus
1239 4151 1406 4208 quam
1456 4135 1607 4194 futuo

60 4214 132 4283 ris,
156 4220 285 4289 quod
337 4238 442 4296 ego
497 4223 841 4294 Amalricus,
873 4242 969 4299 per
1001 4225 1097 4284 Dei
1131 4229 1364 4301 gratiam
1415 4246 1604 4288 comes

59 4306 310 4380 Ascalonis,
333 4330 401 4371 ex
423 4333 672 4374 assensu
692 4326 748 4373 et
778 4319 1060 4376 voluntate
1081 4321 1289 4378 domini
1321 4331 1378 4378 et
1420 4321 1605 4381 fratris

59 4401 135 4457 mei
183 4402 442 4478 Balduini,
485 4407 984 4468 Iberosolimorum
1024 4413 1195 4486 regis,
1251 4414 1604 4474 laudamento

57 4494 216 4561 pariter
238 4499 456 4558 domine
485 4511 546 4558 et
573 4502 770 4560 matris
798 4518 940 4572 mee,
964 4505 1152 4577 regine
1175 4504 1477 4576 Milsendis,

54 4585 192 4646 salute
231 4609 347 4650 mea
390 4605 446 4653 et
496 4612 606 4668 pro
673 4596 963 4655 animabus
1009 4599 1256 4656 omnium
1315 4611 1606 4674 parentum

54 4696 275 4755 meorum,
297 4698 412 4745 tam
437 4691 702 4748 vivorum
731 4708 899 4764 quam
944 4691 1350 4764 defunctorum,
1383 4712 1482 4768 pro
1510 4712 1608 4754 ex-

51 4783 180 4840 pensa
218 4777 378 4835 etiam
415 4790 472 4837 et
501 4779 846 4854 mis[s]ione,
873 4799 1040 4855 quam
1086 4783 1335 4844 fecerunt
1387 4789 1456 4844 ad
1507 4803 1604 4845 ca-

50 4865 263 4933 Piendum
306 4875 676 4945 Ascalonem,
722 4879 868 4937 dono
911 4889 967 4937 ct
1009 4881 1078 4914 "'
1117 4885 1360 4940 concedo
1399 4884 1498 4959 [et]
1532 4887 1644 4930 "‘-

49 4964 267 5024 confirmo
304 4968 596 5028 Dominici
625 4970 872 5045 Sepulcri
917 4977 1197 5034 canonicis
1235 4978 1308 5010 ‘"
1359 4987 1415 5036 et
1461 4995 1600 5036 con-

48 5049 262 5118 fratribus
283 5065 424 5121 meis
465 5065 592 5123 Deo
628 5083 775 5124 nunc
807 5069 880 5124 ibi
905 5071 1269 5130 servientibus
1289 5081 1347 5130 et
1373 5076 1608 5132 canoni-

46 5144 106 5232 cis
144 5149 206 5184 ⁸⁹⁶
244 5157 544 5216 servituris
600 5159 655 5215 in
699 5170 1025 5232 perpetuum
1070 5166 1252 5222 casale
1298 5167 1600 5238 quoddam,

45 5243 156 5304 quod
180 5258 404 5306 vocatur
433 5251 692 5309 Geliadia
728 5254 820 5323 δ”,
855 5271 982 5313 cum
1029 5258 1308 5317 sexdecim
1339 5275 1606 5318 carruca-

93 5442 223 5534 ."ZF;
259 5448 557 5534 Ηςτεὲςδεετ
629 5453 740 5534 ..⁸⁸⁸
766 5454 834 5534 ,ιὲε
861 5456 1070 5534 Acha»-

1182 5459 1252 5492 ιιι
1298 5461 1366 5529 Α,
1394 5458 1438 5515 το
1483 5460 1670 5529 sem;
1719 5460 1782 5528 Β,
1820 5461 1862 5518 r
1893 5464 1983 5529 65,
2008 5475 2083 5520 v°.

1705 1954 1794 2002 est
1847 1954 1904 2002 et
1946 1946 2198 2002 terminis
2245 1955 2470 2015 metata,
2513 1958 2570 2004 et
2619 1951 2909 2021 gat-diuum
2955 1969 3130 2009 unum
3177 1962 3304 2010 ante

1705 2037 1905 2110 loppen
1935 2046 1992 2094 et
2022 2039 2238 2095 vineam
2261 2041 2624 2110 adiacentem,
2649 2051 2705 2098 et
2738 2045 2955 2100 vineam
3005 2047 3154 2102 illam
3207 2047 3298 2115 m,

1706 2147 1815 2203 que
1825 2133 1950 2188 data
1964 2132 2068 2187 fuit
2091 2133 2172 2189 eis
2196 2133 2251 2188 in
2274 2134 2670 2192 hclemosinam
2685 2137 2775 2192 ⁸⁸³.
2793 2137 3073 2195 Confirmo
3092 2142 3300 2198 eisdem

1705 2225 1973 2295 quidquid
2010 2224 2082 2256 '°'
2114 2225 2257 2280 iuste
2276 2235 2332 2282 et
2355 2227 2596 2299 legitime
2632 2229 2856 2297 habent,
2882 2240 2938 2287 et
2978 2233 3034 2286 in
3075 2249 3210 2303 pace
3245 2241 3303 2289 et

1705 2314 1826 2371 sine
1870 2313 2182 2385 calumpnia
2203 2317 2488 2384 possident
2515 2320 2572 2374 in
2601 2319 2872 2377 Ascalone
2924 2333 2980 2378 et
3020 2325 3301 2382 territorio

1707 2406 1850 2474 eius,
1879 2407 1934 2462 in
1965 2407 2130 2478 Ioppe
2171 2417 2227 2462 et
2249 2410 2528 2466 territorio
2559 2412 2682 2468 eius
2719 2413 2990 2470 similiter.
3017 2413 3088 2471 Ut
3135 2417 3302 2489 igitur

1708 2499 1810 2556 hec
1831 2503 2017 2559 omnia
2054 2504 2222 2562 libere
2270 2512 2326 2560 et
2353 2505 2562 2576 quiete,
2599 2507 2776 2563 solute
2825 2509 2898 2541 ὀδ
2936 2509 3055 2566 sine
3101 2511 3300 2590 [omni]

1707 2591 1780 2625 ⁸⁸⁸
1802 2595 2089 2653 exactione
2117 2613 2183 2653 ac
2206 2598 2525 2669 gravamine
2547 2601 2930 2657 cumcanonici
2967 2602 3039 2634 ⁵⁸⁸
3067 2613 3123 2658 ct
3165 2593 3301 2661 con;

1709 2684 1896 2744 fratris
1923 2687 1994 2720 “"
2027 2690 2135 2746 mei
2167 2690 2437 2761 pretaxati
2485 2690 2540 2745 in
2580 2700 2905 2762 perpetuum
2955 2696 3296 2765 possideant,

1709 2789 1916 2836 certam
1941 2789 2250 2851 presentem
2269 2781 2448 2852 sigillo
2470 2797 2594 2838 meo
2613 2783 2954 2856 testibusque
2974 2788 3300 2860 subscriptis

1707 2874 2066 2929 communivi.
2926 2873 2938 2879 ”

1780 2963 2006 3022 Factum
2033 2975 2119 3024 est
2149 2977 2332 3025 autem
2365 2968 2470 3024 hoc
2492 2984 2639 3024 anno
2661 2969 3060 3028 incarnationis
3080 2972 3298 3031 Domini

1707 3071 1871 3126 ICLX,
1908 3058 2206 3117 indictione
2236 3076 2307 3116 tv.
2337 3059 2513 3117 Huius
2545 3061 2624 3117 rei
2655 3070 2823 3119 testes
2853 3073 3021 3120 sunt:

1853 3149 2175 3219 Gunterius,
2211 3152 2364 3223 prior
2388 3152 2589 3210 Montis
2611 3153 2779 3227 Syon.
2802 3155 3130 3227 Aimcricus,
3150 3159 3301 3229 prior

1922 3240 2123 3300 Montis
2156 3242 2372 3301 Oliveti.
2426 3244 2720 3314 Rainerus,
2757 3249 3142 3307 caneellarius.
3190 3250 3301 3307 Ra-

1915 3335 2122 3404 dulfus,
2149 3337 2572 3395 archidiaconus
2597 3338 2952 3397 lherusalem.
2986 3341 3176 3399 Simon
3225 3344 3299 3377 ”"

1917 3428 1988 3483 de
2014 3427 2266 3486 Hosdenc
2312 3431 2383 3463 ⁸⁶⁹
2432 3428 2702 3488 ’δοειίηυδ
2741 3433 2808 3488 de
2846 3434 3134 3491 Samusac.
3159 3435 3298 3493 Ber-

1921 3526 2065 3575 tram
2097 3521 2190 3588 ιη,
2220 3524 2597 3580 marescaldus
2620 3525 2711 3579 '“.
2729 3523 3019 3584 Robardus
3041 3528 3108 3583 de
3136 3527 3300 3601 loppe

1922 3620 1980 3667 et
2005 3611 2174 3667 frater
2199 3614 2341 3682 eius,
2387 3614 2709 3672 Barisanus.
2767 3615 3081 3690 Raynaldus
3114 3621 3184 3654 '"
3229 3623 3298 3680 de

1920 3701 2102 3774 loppe.
2129 3704 2444 3763 Gerbertus.
2477 3707 2753 3764 Albertus.
2792 3707 3136 3768 Lambertus.
3160 3713 3298 3772 Pila-

1917 3801 2009 3850 tus
2036 3795 2128 3851 ⁸⁸³.
2161 3795 2486 3854 Guillelmus
2500 3796 2700 3856 Rufus.
2728 3799 3080 3873 Gillebertus,
3101 3807 3296 3862 castel-

1924 3885 2106 3942 ianus.

1778 3973 1915 4032 Data
1943 3976 2127 4050 loppe,
2156 3994 2255 4051 per
2275 3996 2500 4038 manum
2532 3981 2748 4041 Radulfi
2773 3985 3108 4058 cancellarii,
3137 4005 3178 4046 tt
3200 3989 3298 4047 ka-

1705 4063 1896 4126 lendas
1919 4070 2248 4128 decembris.
2445 4090 2458 4097 “

2381 4164 2498 4221 LIX
2530 4167 2620 4223 ut.

1705 4267 2051 4312 PRIYILEGIUI
2116 4271 2371 4314 Αιλιιυοι
2437 4274 2658 4317 (τοκιτιε
2730 4276 2801 4318 ΒΕ

2315 4345 2698 4388 VUBTMOAIEL.

1776 4436 1836 4494 In
1859 4440 2084 4498 nomine
2126 4451 2318 4499 sancte
2357 4453 2414 4500 et
2445 4445 2724 4504 individue
2772 4446 3064 4508 Trinitatis
3115 4451 3298 4510 Patris

2863 4277 3297 4324 CONHRIATIONB

1505 4523 1604 4579 Ρνο
1634 4538 1684 4599 ο
1707 4541 1762 4587 et
1781 4530 1906 4587 Filii
1933 4540 1989 4590 et
2025 4533 2264 4606 Spiritus
2293 4536 2502 4606 Sancti,
2525 4553 2707 4597 amen.

1779 4621 1981 4680 Notum
2007 4625 2082 4681 sit
2105 4627 2384 4696 omnibus,
2416 4637 2528 4685 tam
2551 4633 2898 4701 presentibus
2931 4650 3098 4704 quam
3143 4635 3298 4692 futu-

1709 4712 1810 4782 ris,
1854 4715 2003 4786 quod
2051 4731 2154 4788 ego
2208 4716 2538 4787 Amalricus,
2562 4736 2659 4791 per
2701 4720 2797 4778 Dei
2833 4724 3064 4794 gratiam
3109 4740 3298 4784 comes

1706 4805 2020 4876 Ascalonis,
2085 4809 2315 4868 instanti
2345 4827 2506 4883 prece
2533 4811 2780 4885 Hugonis
2813 4818 2882 4872 de
2931 4815 3197 4889 Hybelino
3237 4827 3298 4876 et

1705 4901 2064 4958 concessione
2108 4903 2296 4962 fratris
2342 4905 2429 4961 sui
2481 4905 2732 4962 Balduini
2772 4916 2828 4963 et
2875 4907 3296 4981 Hermengardis

1712 4992 1923 5049 sororis
1961 5009 2082 5062 sue,
2130 4993 2352 5051 domine
2373 4993 2792 5064 Tiberiadis'",
2841 4999 3142 5069 matrisque
3196 5016 3296 5057 sue

1710 5082 1864 5141 Alcis
1899 5092 1957 5140 et
1979 5086 2376 5141 avunculorum
2418 5102 2668 5155 suorum,
2697 5086 2932 5159 Philippi
2978 5089 3188 5146 scilicet
3228 5090 3298 5147 de

1711 5172 1958 5246 Neapoli,
1993 5175 2258 5232 Guidonis
2283 5175 2640 5248 Francigene,
2670 5175 2892 5234 Henrici
2918 5177 3132 5249 Bubali,
3172 5173 3296 5236 om-

1713 5266 1977 5338 niumque
2002 5268 2257 5337 aliorum,
2291 5268 2360 5325 ad
2390 5284 2532 5341 quos
2567 5271 2838 5341 presentis
2862 5271 3194 5331 venditionis
3224 5274 3296 5308 ‘"

2192 5465 2363 5542 ατη-β,
2388 5464 2569 5542 Ῑιςεηιζ
2648 5469 2731 5542 ΑΨ
2773 5468 3009 5542 Manque
3059 5472 3196 5528 dans
3228 5472 3288 5530 Β.

42 5506 96 5545 ⁸⁸⁵
124 5506 341 5602 Suppléé
363 5523 454 5578 d’a
501 5506 599 5577 rés
628 5520 688 5578 B.
762 5506 834 5558 ⁴⁹ί
858 5525 922 5594 Β,
945 5529 1330 5585 concanonicis.
1350 5506 1366 5529 ’
1407 5531 1478 5564 δ”
1504 5506 1574 5598 B,’
1588 5550 1608 5586 ι

42 5590 264 5625 mania"
402 5538 553 5625 ..Ρη
611 5597 944 5625 ρη..η..υ...;,.ι
1038 5597 1108 5625 nt
1147 5598 1188 5625 ι)
1242 5600 1398 5625 -ιι-.,.
1499 5601 1568 5625 ιι..
1593 5602 1608 5625 ι

1820 5506 1838 5518 .
1896 5506 1983 5529 νυ,
2017 5506 2032 5518 v
2069 5506 2083 5520 .
2300 5506 2363 5534 υ,
2388 5506 2546 5522 anu".
2773 5506 3009 5542 "lallun
3059 5506 3196 5528 uana
3228 5506 3288 5530 υ.

1793 5551 1892 5617 τε..
1933 5535 2002 5568 ⁸⁸⁷
2028 5535 2089 5603 Β,
2118 5533 2388 5625 Εςιείάὶα..
2443 5537 2513 5619 δ⁹ξ
2535 5539 2596 5625 β,
2621 5539 2919 5625 designata:
2959 5542 3292 5625 _‘"-B,c'o_n~-

42 5633 342 5734 ﬁgurare
389 5633 710 5734 magis:

113 5724 168 5804 β,
191 5721 555 5804 ξὶῖιναηάιῖε.
635 5735 701 5766 ⁵¹¹
728 5735 790 5804 Β,
813 5721 1188 5795 ηιανεξσαιειιε.

40 5795 92 5828 ⁸’·⁸
112 5798 161 5869 Β,
193 5801 534 5873 Tgberiadis.
648 5804 720 5838 ⁸⁸⁸
758 5795 816 5874 Β,
842 5810 1184 5864 condicionis.

817 5668 888 5704 ⁸⁰⁶
915 5667 977 5735 Β,
1005 5673 1366 5726 concauam'ci.

507 5593 964 5681 Βλεςζιοαηίζίιὶὲπξ.
1038 5597 1109 5631 ⁸⁸¹
1145 5598 1208 5666 Β,
1235 5600 1420 5681 aliam.

1793 5605 2040 5681 tosinant.
2074 5593 2088 5603 ’
2117 5607 2188 5639 ⁸⁸³
2216 5605 2278 5675 Β,
2299 5593 2596 5681 quiequid,
2645 5593 2998 5680 “tissime
3025 5593 3285 5681 «ﬁeri.

1499 5671 1864 5747 '_°’_Corrigez
1882 5676 2198 5747 conﬂati-es.
2264 5671 2273 5675 ⁷
2308 5671 2379 5712 ⁵⁸³⁸

1297 5743 1365 5774 ιη
1397 5743 1458 5811 n,
1489 5743 1808 5800 nummus:
1885 5743 2044 5816 ιηΒ,
2085 5745 2336 5819 Pylatus.

2450 5678 2796 5808 ‘a’:~si"i€"sv'
2820 5683 2892 5807 ἐξ
2936 5681 3006 5804 ξ’
3026 5678 3286 5806 re???
