3824 6308
87 326 204 387 1157

1061 312 1514 373 CARTULAIRE
1549 311 1640 372 DU
1681 311 1882 370 SMNT
1919 310 2304 370 SEPULCRE.

3191 311 3329 384 H58

84 435 415 524 et_omnihus
459 429 804 506 pertinentiis
857 428 995 499 suis,
1045 428 1411 504 Deirmucsim
1463 429 1632 486 etiam
1665 437 1709 495 Α
1805 429 1882 486 De
1915 427 2231 486 hominibus
2255 425 2392 484 meis

83 518 189 592 cum
208 527 419 584 villanis
446 533 502 582 et
529 521 782 582 omnibus
799 518 1148 594 pertinentiis
1178 520 1316 589 suis,
1335 535 1460 576 cum
1481 519 1633 578 omni

83 621 412 699 plenitudine,
433 633 597 692 quam
629 617 684 672 in
715 615 796 672 eis
818 616 1130 671 habuerunt
1157 629 1224 670 ex
1245 614 1389 670 dono
1411 595 1644 684 pieme?

83 717 234 774 morie
259 713 429 786 patris
469 711 554 767 sui
585 709 832 765 Barisani
870 707 1076 766 Muisse
1118 706 1338 764 Arrabit
1380 707 1636 779 filiusque

81 808 181 864 eius
203 802 483 874 Georgius,
506 815 720 872 queque
748 799 816 855 ad
844 813 1194 855 successores
1239 813 1430 854 eorum
1474 797 1636 853 here-

82 899 252 957 ditario
279 898 394 952 iure
418 894 720 966 spectabat,
745 908 846 964 pro
885 892 1060 948 tribus
1090 891 1333 948 millibus
1377 889 1632 948 bisantiis

80 991 181 1047 iure
200 994 452 1060 perpetuo
481 982 833 1056 possidenda,
867 982 937 1038 ab
960 981 1112 1038 omni
1159 980 1402 1048 servitio,
1449 980 1634 1035 domi-

79 1084 175 1150 nio,
200 1079 474 1137 exactione
510 1077 710 1142 soluta,
738 1076 909 1131 libera
945 1084 999 1132 et
1023 1074 1230 1146 quieta.
1281 1073 1438 1146 Hugo
1484 1073 1633 1131 enim

79 1174 133 1230 de
155 1171 422 1245 ﬂybelino,
451 1184 554 1240 pro
584 1169 904 1225 imminente
942 1166 1268 1224 necessitate
1294 1165 1634 1238 captivitatis

76 1262 549 1335 redemptionisque
583 1277 683 1318 sue
711 1259 1052 1332 compulsus,
1081 1259 1346 1332 predictis
1385 1258 1635 1315 homini-

74 1358 161 1415 bus
183 1358 310 1424 suis,
331 1354 537 1411 Muisse
567 1354 790 1410 Arrabit
815 1362 870 1410 et
894 1353 1006 1408 tilio
1030 1353 1149 1409 eius
1186 1351 1444 1424 Georgio,
1481 1346 1634 1408 dedit

74 1450 374 1505 voluntatem
396 1447 465 1503 ad
493 1462 689 1503 eorum
711 1445 782 1478 ⁸³⁸
809 1445 1086 1502 cambium
1105 1459 1207 1517 pro
1228 1443 1490 1516 predictis
1539 1459 1634 1520 ca-

74 1540 254 1596 salihus
310 1553 618 1610 eorumque
676 1537 1060 1609 pertinentiis;
1123 1536 1200 1592 illi
1253 1536 1632 1614 venditionem

72 1631 304 1703 prefatam
334 1631 647 1688 iuramento
671 1632 727 1688 in
749 1632 989 1706 capitulo
1013 1630 1198 1687 Sancti
1222 1621 1472 1702 Sepulcri
1497 1645 1633 1686 con-

73 1724 414 1808 ﬁrmaverunt,
443 1733 501 1782 et
531 1725 994 1790 manutenendam
1019 1732 1212 1781 contra
1259 1738 1454 1780 omnes
1491 1709 1632 1796 Spro-

1881 519 2072 577 Simon
2119 512 2189 553 ⁸⁸¹
2236 521 2306 577 de
2361 509 2636 576 Hesdenc.
2685 515 2958 578 locelinus
2999 521 3068 579 de
3125 522 3328 582 Samu-

1950 614 2083 670 sach
2113 597 2185 646 ⁵⁵³
2211 620 2268 669 et
2287 611 2455 678 frater
2489 611 2632 680 eius,
2664 609 2985 670 Balduinus.
3004 613 3323 672 Gerbertus.

1944 700 2262 762 Guibertus.
2284 702 2563 761 Albertus.
2608 703 2936 761 Guillelmus
2965 703 3034 761 de
3069 704 3200 762 Tiro
3229 707 3324 761 ³⁸⁸.

1950 797 2275 853 Guillelmus
2305 796 2372 851 de
2403 794 2694 851 Tiberiade
2716 795 2810 852 ⁵⁸⁵.
2847 795 3200 852 Leveraldus.
3228 795 3327 852 Gi-

1951 890 2139 947 raldus
2159 890 2227 946 de
2248 888 2570 946 Rummiuhi
2604 887 2697 943 ⁸⁸⁸.

1807 985 1884 1040 De
1905 983 2274 1054 stipendiariis
2298 983 2436 1039 meis

1879 1077 2178 1136 Galterius
2210 1079 2279 1134 de
2340 1076 2537 1134 Haino.
2594 1077 2921 1138 Guillelmus
2972 1079 3040 1134 de
3081 1077 3323 1137 Rumhe.

1951 1172 2210 1229 Albertus
2227 1171 2295 1226 de
2318 1169 2560 1227 Guarch.
2590 1169 2864 1229 Robertus
2887 1173 2956 1228 de
2990 1169 3194 1231 Sancto
3218 1171 3330 1228 Ka-

1949 1265 2154 1328 vilell‘o.
2179 1263 2368 1320 Fulco.

1802 1349 1880 1416 De
1911 1357 2280 1432 burgensibus
2307 1353 2453 1430 regis
2481 1375 2495 1413 ε

1857 1442 2034 1522 .Hugo
2054 1449 2259 1508 saliens
2319 1447 2378 1504 in
2432 1447 2662 1504 bonum.
2696 1443 2988 1506 Gotl‘redus
3036 1445 3329 1506 Turonen-

2411 1692 2532 1750 LXI
2559 1693 2652 1752 ⁸⁸⁷.

73 1818 326 1874 miserunt.
357 1816 430 1874 Ut
466 1833 601 1874 vero
626 1818 730 1875 hec
756 1817 996 1874 venditio
1024 1816 1238 1872 firmior
1257 1823 1624 1886 permaneret,
1660 1813 1706 1870 Β
1734 1849 2083 1895 nmmum
2115 1849 2354 1892 una,“
2397 1849 2468 1889 η
2519 1847 2954 1891 caninum“
3007 1847 3192 1901 “me,
3226 1846 3332 1897 om

71 1919 115 1966 et
138 1909 324 1967 nullius
345 1925 466 1967 eam
497 1911 844 1968 contradicio
882 1910 952 1944 ⁵⁸⁸
991 1911 1319 1978 inﬁrmaret,
1343 1924 1634 1967 concesse-

74 2012 183 2058 runt
200 2019 313 2059 eam
345 1995 437 2073 Μ,
469 2004 619 2060 sicut
649 2003 888 2075 predixi,
918 2001 1119 2060 fratres
1161 2003 1283 2060 eius
1327 1991 1633 2060 Balduinus

71 2106 115 2151 et
133 2096 412 2154 Barisanus
439 2107 730 2169 materque
759 2113 860 2154 sua
888 2097 1040 2154 Alois
1087 2105 1142 2154 et
1174 2111 1335 2152 soror
1378 2111 1483 2152 sua
1527 2094 1634 2152 Er-

74 2187 350 2259 mengardis
377 2189 472 2256 ⁸⁸²,
502 2189 763 2245 avunculi
796 2203 1019 2261 quoque
1053 2188 1174 2244 eius
1225 2186 1515 2260 Philippus
1565 2187 1636 2244 de

72 2278 286 2351 Neapoli,
316 2280 497 2337 Guido
545 2281 909 2353 Francigena,
944 2280 1216 2338 Henricus
1266 2279 1531 2358 Bubalus,
1581 2287 1636 2336 et

74 2373 256 2444 cognati
277 2373 358 2430 sui
390 2372 683 2445 Philippus
695 2373 763 2429 de
790 2373 1050 2445 Caphran
1074 2373 1146 2406 ⁸⁸⁸
1177 2381 1231 2430 et
1270 2371 1441 2428 frater
1483 2370 1638 2428 eius-

73 2466 174 2522 dein
199 2476 248 2523 et
279 2467 473 2526 Petrus
503 2468 575 2525 de
601 2467 821 2536 Teillei;
846 2483 947 2540 pro
988 2467 1098 2524 illis
1137 2482 1291 2536 vero,
1340 2466 1438 2539 qui
1477 2449 1636 2525 infra

80 2575 228 2616 annos
247 2571 390 2631 sunt,
413 2563 498 2620 sic
536 2560 644 2636 [ut]
672 2571 758 2618 est
777 2563 1012 2634 quedam
1037 2577 1198 2618 soror
1245 2561 1456 2618 tociens
1501 2559 1632 2618 dict'

73 2647 288 2722 llugonis
321 2650 625 2723 Stephania
647 2661 701 2708 et
738 2653 910 2724 aliqui
947 2653 1016 2709 de
1063 2653 1359 2709 heredibus
1403 2650 1644 2726 predicti

72 2739 264 2799 Arrabit
290 2752 343 2800 et
366 2743 464 2799 ﬁlii
488 2743 616 2800 eius
645 2745 886 2818 Georgii,
911 2745 958 2800 si
984 2745 1082 2817 qui
1109 2745 1276 2800 etiam
1322 2745 1376 2800 in
1406 2761 1634 2803 eorum-

77 2834 179 2889 dem
218 2839 469 2909 prosapia
512 2838 749 2894 minoris
783 2837 948 2894 etatis
1004 2838 1382 2908 inveniuntur,
1425 2846 1526 2893 aut
1576 2837 1633 2893 in

73 2924 288 2984 futurum
333 2939 599 3002 poterunt
637 2930 892 2998 inveniri,
918 2928 1077 3004 Hugo
1115 2930 1184 2986 de
1223 2927 1450 2986 Ybelino
1478 2927 1551 2962 '“
1579 2937 1636 2984 et

74 3017 214 3076 frater
240 3022 355 3078 eius
379 3022 690 3079 Balduinus
714 3032 768 3078 et
791 3022 1002 3078 tociens
1024 3022 1156 3078 dicti
1185 3020 1392 3078 Muisse
1411 3019 1636 3077 Arrabit

73 3109 294 3183 ﬁliusque
317 3115 438 3170 eius
463 3113 762 3187 Georgius.
785 3113 976 3170 Simon
1005 3113 1074 3169 de
1097 3114 1200 3168 Aia
1225 3113 1316 3175 m.
1339 3111 1558 3169 0rdelet
1579 3119 1635 3167 et

75 3199 350 3274 Stephanus
379 3207 534 3263 ﬁlius
554 3207 696 3275 eius,
732 3207 907 3262 Adam
929 3215 932 3218 ’
956 3207 1024 3262 dc
1071 3204 1290 3276 Orgeol,
1334 3204 1636 3262 Nicholaus

73 3295 128 3350 de
152 3295 384 3355 Hibelino
408 3301 507 3368 m,
546 3299 924 3367 Hosmundus,
955 3299 1230 3357 Radulfus
1277 3299 1448 3356 frater
1491 3299 1633 3367 eius,

73 3385 327 3460 Laberius,
361 3391 624 3463 Paganus
663 3392 731 3448 dc
789 3391 1020 3460 Rohais,
1069 3391 1356 3464 Philippus
1406 3393 1475 3450 de
1531 3391 1638 3448 Ca-

73 3477 221 3546 phran
245 3481 331 3549 W,
360 3483 688 3537 iuraverunt
715 3497 882 3552 super
924 3493 1300 3551 sacrosancta,
1349 3483 1638 3538 fideiusso-

72 3583 146 3625 res
171 3587 381 3644 quoque
405 3581 546 3630 sunt
572 3573 738 3645 quod,
763 3574 984 3646 quando
1006 3575 1074 3631 ad
1095 3591 1304 3631 annum
1330 3575 1633 3649 legitimum

71 3665 408 3733 pervenerint,
443 3663 593 3722 infra
625 3666 805 3736 ipsum
836 3681 1043 3722 annum
1080 3665 1274 3722 fatient
1321 3665 1394 3700 ⁸⁵⁸
1433 3681 1531 3722 eos
1578 3666 1634 3721 in

71 3756 340 3826 capitulum
372 3756 567 3814 Sancti
595 3756 844 3829 Sepulcri
882 3758 1073 3815 venire
1101 3769 1157 3814 et
1189 3757 1402 3816 tociens
1429 3758 1634 3814 dictam

69 3850 404 3907 venditionem
424 3851 750 3908 concedere.
776 3849 872 3905 lsti
897 3851 1041 3908 idem
1065 3850 1295 3922 predicti
1315 3865 1426 3906 non
1449 3851 1636 3907 minus

69 3937 209 4012 plegii
231 3942 459 4015 legitimi
482 3951 614 3999 sunt
633 3941 702 3998 ab
726 3941 878 3998 omni
901 3939 1214 4012 calumpnia
1247 3957 1396 3998 nunc
1415 3949 1470 3997 et
1496 3956 1636 3998 sem-

70 4045 152 4101 per
193 4036 368 4092 omnia
415 4036 525 4092 hec
577 4036 818 4106 predicta
873 4032 1250 4105 adquietandi.
1296 4033 1543 4106 Denique
1587 4033 1636 4091 si

70 4120 182 4190 quid
204 4122 270 4156 '”
295 4124 364 4181 de
389 4124 655 4182 omnibus
690 4123 1086 4196 suprascriptis
1114 4111 1487 4179 imminutum
1515 4123 1636 4180 fue-

70 4213 146 4280 rit,
187 4230 370 4274 omnes
421 4217 543 4286 isti,
563 4214 659 4288 qui
708 4232 871 4288 super
925 4216 1312 4289 prenominata
1357 4215 1636 4287 emptione

71 4302 425 4372 iusiurandum
445 4309 827 4382 prestiterunt,
854 4325 951 4380 per
971 4309 1274 4382 capitulum
1299 4307 1488 4364 Sancti
1532 4306 1634 4363 Se-

70 4397 222 4466 pulcri
251 4401 362 4457 sive
394 4417 497 4474 per
522 4398 773 4457 eiusdem
804 4401 1221 4458 internuncium
1276 4399 1349 4433 "°
1408 4398 1634 4454 submo-

70 4489 182 4558 niti,
227 4509 400 4567 usque
428 4495 501 4551 ad
538 4511 610 4550 xv
651 4494 796 4551 diem
844 4509 878 4549 a
922 4501 1167 4565 tempore
1209 4489 1635 4551 submonitionis

71 4580 192 4640 infra
220 4602 407 4645 muros
460 4586 796 4644 lherusalem
836 4593 899 4642 ut
953 4585 1174 4641 obsides
1210 4583 1630 4655 permanebunt,

69 4675 222 4736 donec
239 4696 325 4738 res
347 4682 404 4738 in
431 4682 705 4756 integrum
728 4688 786 4737 et
814 4678 1052 4736 solidum
1083 4677 1431 4734 reformetur.
1501 4669 1506 4672 ’

129 4765 342 4827 Factum
366 4781 453 4830 est
470 4781 654 4830 autem
682 4771 790 4829 hoc
816 4785 963 4828 anno
986 4767 1386 4827 incarnationis
1414 4765 1633 4822 Domini

68 4871 273 4931 ICLVIII,
299 4864 599 4922 indictione
619 4880 716 4920 vn.
737 4862 913 4920 Huius
933 4861 1155 4935 quidem
1179 4859 1260 4917 rei
1281 4867 1449 4916 testes
1469 4867 1628 4916 sunt:

195 4953 538 5032 lRicardus],
566 4958 858 5029 episc0pus
915 4955 1140 5012 Andrie.
1173 4951 1492 5020 Gaufridus,
1535 4950 1635 5007 ab-

259 5047 358 5104 bas
389 5039 620 5120 Templi:
649 5047 967 5115 Gunterius,
995 5045 1145 5118 prior
1192 5043 1394 5101 Montis
1457 5041 1628 5115 Syon.

131 5133 198 5190 De
219 5135 532 5194 hominibus
559 5138 703 5211 regis
733 5156 745 5193 :

191 5227 360 5284 Adam
388 5227 555 5302 Niger
601 5237 658 5285 et
715 5227 886 5286 frater
939 5227 1082 5297 eius,
1127 5225 1341 5284 Fulcho
1369 5224 1462 5283 ⁸⁵⁸.
1511 5222 1631 5281 Bo-

263 5320 448 5380 bertus
471 5320 540 5380 de
561 5319 764 5380 Betest.

133 5499 146 5513 '
161 5503 200 5534 ¹⁹
219 5502 278 5570 Β,
308 5504 378 5560 ad
394 5523 572 5564 eorum
598 5515 939 5562 saturitatem.

2231 1920 2360 1962 FUIT
2406 1921 2550 1961 NAYI
2584 1920 2820 1962 8031M“.
2891 1969 2894 1973 '

1809 2044 1871 2102 In
1895 2043 2120 2102 nomine
2153 2050 2342 2100 sancte
2363 2051 2419 2098 et
2447 2041 2728 2098 individue
2753 2037 3045 2097 Trinitatis
3073 2038 3254 2096 Patris
3279 2046 3337 2095 et

1737 2137 1864 2196 Filii
1888 2147 1945 2195 et
1968 2137 2208 2210 Spiritus
2241 2133 2450 2202 Sancti,
2478 2149 2662 2190 amen.
2740 2134 2750 2142 ’
3303 2132 3309 2152 ⁵

1751 2259 1761 2272 υ
1805 2229 2010 2288 Notum
2039 2229 2112 2286 sit
2136 2227 2416 2296 omnibus,
2437 2235 2550 2283 tam
2573 2225 2924 2298 presentibus
2964 2241 3133 2298 quam
3183 2223 3336 2297 futu-

1738 2325 1836 2393 ris,
1864 2324 2014 2397 quod
2056 2335 2159 2396 ego
2181 2321 2528 2388 Amalricus,
2568 2335 2668 2391 per
2718 2315 2817 2376 Dei
2861 2319 3095 2392 gratiam
3143 2333 3336 2375 comes

1736 2416 2051 2486 Ascalonis,
2079 2415 2151 2472 ob
2180 2414 2487 2473 remedium
2515 2412 2736 2484 quidem
2783 2419 3137 2484 peccatorum
3181 2417 3336 2467 meo-

1736 2525 1864 2567 rum
1890 2508 2253 2581 presentium,
2276 2507 2663 2579 preteritorum
2693 2513 2859 2577 atque
2883 2507 3216 2571 futurorum,
3237 2518 3336 2575 ι)ῃά

1736 2611 2067 2676 remumque
2097 2613 2372 2668 meorum,
2400 2609 2517 2657 tam
2571 2601 2824 2656 vivorum
2867 2613 3034 2671 quam
3081 2583 3333 2655 πηοτιυοὲ

1742 2711 1892 2764 rum,
1923 2695 2092 2763 dono,
2115 2693 2386 2760 concedo,
2417 2703 2586 2764 atque
2621 2691 2891 2748 confirmo
2919 2689 3330 2747 venerabilibus

1737 2786 2007 2843 fratribus
2033 2785 2174 2842 meis
2193 2784 2478 2841 Dominici
2507 2782 2756 2855 Sepulcri
2785 2780 3088 2847 canonicis,
3123 2773 3181 2836 et
3225 2778 3328 2834 tibi

1737 2879 2068 2951 specialiter,
2097 2876 2257 2950 Hugo
2278 2877 2487 2934 decane
2530 2875 2835 2947 loppensis,
2882 2874 2978 2946 qui
3005 2871 3206 2930 diceris
3251 2870 3332 2926 de

1737 2971 1973 3040 Tharso,
1997 2987 2167 3027 unam
2195 2970 2400 3042 petiam
2432 2969 2507 3002 ⁸⁸⁸
2532 2968 2710 3034 vince,
2738 2979 2848 3039 que
2884 2963 2991 3021 fuit
3044 2962 3334 3020 cuiusdam

1739 3067 1982 3137 Suriani,
2005 3065 2166 3124 Naim
2190 3068 2262 3102 ⁸⁵⁹
2283 3066 2529 3134 nomine,
2557 3079 2726 3137 quam
2757 3071 2838 3131 tu,
2875 3063 3082 3120 decane
3126 3066 3334 3132 prenoé

1663 3176 1706 3236 ο
1738 3161 1967 3226 minate,
1991 3160 2174 3217 emisti
2217 3175 2293 3216 ιιι
2335 3158 2610 3215 bizanciis
2656 3171 2688 3214 a
2739 3157 2987 3229 predicto
3026 3153 3186 3210 Nalm
3228 3155 3331 3222 ⁸⁶⁰ς

1740 3255 1880 3326 duas
1913 3253 2145 3325 inquam
2182 3261 2386 3324 partes,
2425 3263 2536 3323 que
2579 3249 2805 3306 fuerunt
2852 3247 3049 3321 Naym,
3097 3249 3168 3304 ab
3212 3246 3336 3318 ipso

1739 3345 1946 3415 emisti“,
1969 3345 2198 3402 tet-ciam
2221 3357 2358 3401 vero
2384 3352 2618 3416 partem,
2634 3358 2742 3415 que
2763 3341 2872 3398 mei
2894 3341 3031 3397 iuris
3055 3348 3158 3408 est,
3183 3339 3338 3395 dono‘

1738 3436 2105 3506 etconllrmo,
2142 3437 2286 3494 sicut
2308 3435 2614 3508 predictum
2636 3442 2741 3503 est,
2784 3434 2996 3490 tociens
3041 3432 3188 3488 dicte
3237 3431 3335 3487 de-

1739 3547 1897 3598 cane,
1916 3531 2015 3587 tibi
2037 3529 2471 3600 cannonicisque
2504 3527 2574 3560 ³⁶²
2604 3525 2922 3599 pretexatis.
2976 3523 3128 3579 Dono
3161 3522 3330 3578 etiam

1739 3624 1860 3691 tibi,
1889 3623 2115 3690 decane,
2141 3629 2197 3677 et
2216 3620 2479 3676 fratribus
2501 3617 2903 3691 prenominatis
2923 3623 3135 3687 partem
3161 3622 3214 3670 et
3240 3613 3330 3670 ius

1737 3723 1937 3782 totum,
1977 3713 2125 3785 quod
2148 3711 2217 3768 ad
2247 3728 2338 3768 me
2368 3717 2604 3784 spectat,
2629 3711 2684 3766 in
2707 3709 2869 3766 vinea
2892 3706 3203 3764 Menferrcti
3229 3705 3338 3761 Su-

1737 3808 1901 3866 riani.
1935 3805 2044 3863 Iste
2068 3814 2254 3863 autem
2286 3806 2396 3861 due
2431 3804 2574 3876 petie
2607 3803 2679 3837 ⁸⁸³
2701 3802 2862 3858 vinee
2911 3800 3041 3858 sunt
3089 3800 3158 3856 ab
3209 3806 3333 3854 ortu

1738 3904 1874 3961 solis
1895 3902 2054 3974 juxta
2079 3902 2299 3958 vineam
2323 3898 2575 3971 Sepulcri
2599 3896 2842 3954 Domini.
2873 3895 2984 3961 Pro
3005 3895 3112 3950 huc
3145 3902 3330 3950 autem

1738 3999 1886 4054 dono
1907 4005 2074 4068 atque
2100 3991 2521 4051 confirmatione
2555 3989 2708 4050 dedit
2747 3988 2886 4045 mihi
2937 3997 3051 4056 tua,
3097 3987 3325 4054 decane,

1735 4098 1964 4162 paterna
1986 4087 2209 4144 dilectio
2239 4102 2282 4142 c'
2298 4085 2600 4142 bizancios.
2627 4081 2700 4139 Ut
2724 4082 2895 4155 igitur
2926 4082 3125 4149 libere,
3149 4080 3336 4152 quiete

1737 4178 2004 4249 omnique
2036 4177 2156 4234 sine
2185 4176 2474 4234 exactione
2497 4173 2694 4234 usibus
2725 4174 2856 4241 tuis,
2878 4174 3107 4242 decane,
3145 4179 3200 4228 et
3239 4183 3358 4228 ca—'

1737 4273 2068 4329 nonicorum
2085 4271 2302 4329 tociens
2329 4272 2606 4328 dictorum
2636 4268 2782 4342 petie
2809 4267 2884 4301 “’
2906 4268 3008 4324 iste
3036 4266 3141 4323 due
3173 4264 3333 4320 vince

1737 4363 2112 4437 fratribusque
2138 4364 2300 4421 vobis
2327 4362 2612 4421 canonicis
2638 4361 2710 4394 '“
2744 4357 3090 4424 successuris
3113 4357 3169 4412 in
3201 4367 3362 4426 per-'

1736 4464 1964 4528 petnum
1987 4455 2318 4523 deserviant,
2339 4461 2547 4511 car-tam
2573 4452 2717 4508 hanc
2741 4449 2974 4506 testibus
3009 4442 3335 4515 subscriptis

1662 4537 1714 4599 υ
1737 4556 1793 4606 et
1817 4547 1984 4622 sigilli
2011 4547 2120 4604 mei
2143 4545 2490 4618 appositione
2513 4541 2846 4601 communiri
2875 4539 3113 4612 precepi.

1809 4643 2040 4700 Factum
2055 4650 2143 4698 est
2161 4642 2268 4698 hoc
2287 4655 2434 4697 anno
2451 4635 2846 4696 incarnationis
2860 4631 3080 4690 Domini
3102 4641 3329 4686 ιοινιιι.

1738 4733 1916 4792 Huius
1937 4734 2019 4793 rei
2043 4742 2214 4790 testes
2243 4739 2375 4790 sunt
2405 4749 2422 4789 :

1795 4851 1798 4856 '
1879 4844 2151 4904 locelinus
2213 4844 2282 4900 de
2340 4841 2608 4898 Samusac
2640 4846 2696 4894 et
2728 4835 2898 4892 frater
2941 4833 3082 4901 eius,
3111 4831 3332 4888 Βαιάυὶ-

1951 4952 2077 4995 nus.
2111 4934 2328 4993 Garcio.
2359 4933 2626 4991 lordanus
2651 4928 2856 4985 Bestia.
2881 4923 3145 4997 Raphael.
3185 4916 3333 4978 Pon-

1953 5031 2064 5088 tius
2099 5029 2191 5086 “'.
2221 5027 2464 5084 Thomas
2501 5022 2740 5079 Turchie
2791 5027 2848 5077 et
2899 5017 3148 5076 sororius
3187 5015 3329 5085 eius,

1953 5121 2273 5179 Herbertus.
2297 5118 2625 5175 Lambertus
2648 5113 2882 5172 Galiota.

1810 5215 1946 5273 Data
1973 5215 2030 5272 in
2063 5213 2470 5283 AscaIOne,per
2496 5223 2722 5266 manum
2751 5203 2969 5264 Radulli
2992 5203 3328 5274 cancellarii,

1735 5327 1871 5369 xvm
1895 5307 2158 5367 kalendas
2178 5304 2505 5364 decembris.

1048 5501 1120 5536 5“
1151 5499 1216 5569 Β,
1239 5496 1614 5569 contradictio.

1810 5489 1875 5558 B,
1898 5489 2132 5569 etiam.“
2177 5485 2248 5569 ξδ’
2275 5483 2342 5553 Β,
2376 5481 2815 5569 {ferrentur-dia.
2886 5479 3072 5569 3'3,
3093 5476 3325 5569 Quae}:

81 5567 140 5648 ξδ’
159 5549 974 5648 Β,Ἑῃὶ’ὲᾶἷιὶ›ῗ””εἷῗῦξὲξιῖὶὶἓη
1011 5573 1075 5648 ιιι
1113 5549 1632 5648 HE'ig'fsiﬁﬂgl

1802 5603 1820 5648 ;
1986 5558 2061 5648 βτί
2090 5549 2839 5648 οξῖςξπ-ᾳῗῖῗέξιίῖιείξπεδ
2885 5549 3070 5648 2.1.9“
3093 5549 3330 5648 “ait”:

140 5621 487 5717 1227,3355.“
496 5621 510 5636 '
547 5650 617 5684 ισο
647 5621 1293 5715 δῖἐιῐὶἒέἱιὶἑὲιιῖιῖηῐῗῖὶὶ
1324 5639 1388 5709 B,
1415 5621 1617 5694 meo.“

140 5713 369 5764 lberiada
467 5721 617 5764 ιηη
653 5719 913 5764 (Simulus
958 5717 1022 5764 de
1063 5713 1333 5764 Ruminhi.
1432 5710 1504 5743 ⁸⁸⁷
1535 5709 1632 5764 ΑΛ

1799 5633 1842 5701 3,
1869 5630 1910 5688 S
1947 5621 2069 5685 mon
2145 5621 2216 5662 ⁸⁵³
2236 5626 2300 5694 Β,
2337 5621 2618 5695 Samusac.
2696 5625 2769 5658 '“
2797 5623 2861 5692 B,
2894 5621 3052 5692 Tyro.

1818 5714 1890 5764 1'”;
1911 5648 2050 5764 Et"
2075 5701 2164 5764 64,
2240 5708 2318 5754 v°.
2394 5698 2466 5731 ⁸⁸⁸
2488 5696 2550 5764 Β,
2596 5697 2822 5764 peciam.
2912 5691 3052 5764 ,ωε

1585 5747 1642 5776 ’³
1696 5747 1890 5774 νυν-ν

82 5640 152 5762 9:
184 5640 470 5729 siquidem.
547 5650 617 5684 ⁵⁸⁸
647 5640 1148 5715 Β,’ἰηιὲνηαηιίιαη.
1205 5640 1333 5728 ,⁸⁵⁸⁸1

86 5713 413 5814 usus;
467 5713 1333 5814 "tractasse..Ruar'r-

1959 5699 2050 5770 ,τυ
2075 5701 2164 5768 64,
2240 5687 2318 5754 νδ.
2394 5698 2466 5731 ⁸⁸⁸
2488 5688 2575 5770 Β,
2592 5687 2856 5770 ρεεὶαιῃᾙ
2909 5687 3002 5770 ,⁵⁸⁸
3029 5691 3090 5761 Β,
3123 5687 3177 5746 Ν
3185 5687 3324 5762 cyrn.

165 5763 432 5852 Ralm.
508 5763 1332 5858 "fitfébﬁo'hiéisﬁeZ'WiF"ii;
1361 5781 1521 5854 pecie.
1587 5763 1632 5815 3'

1799 5763 1971 5831 »αἰεί
2013 5772 2086 5808 ⁸⁵⁸
2107 5763 2170 5842 Β,
2209 5770 2476 5828 canonice.
2537 5763 2629 5803 ’⁸⁸⁸
2659 5767 2722 5836 Β,
2752 5763 3006 5820 Poncim.
3053 5795 3060 5798 -
