3812 6312
470 354 606 414 “59

1130 464 1272 520 LXII
1299 465 1392 520 ⁸⁸⁸.

466 577 818 624 Ρκιγιιεειωι
848 575 1076 618 nucosts
1107 576 1174 615 ne
1234 556 1550 614 ver-:Lmo'”
1606 573 1675 612 nn
1731 562 2055 612 VENDlTlONB

1013 645 1375 686 VUETIOAIEL
1407 628 1498 684 ⁸⁸³.

539 747 598 803 ln
629 762 851 802 nomine
880 752 1067 800 sancte
1095 750 1149 798 et
1171 741 1449 797 individue
1475 737 1975 814 Trinitatisﬂ’atris
2000 748 2057 797 et

467 838 594 894 Filii
619 849 674 892 et
703 836 944 908 Spiritus
983 833 1192 899 Sancti,
1219 847 1399 887 amen.

540 932 742 988 Notum
780 931 852 986 sit
893 929 1170 993 omnibus,
1201 935 1312 981 tam
1343 925 1691 996 presentibus
1714 940 1878 996 quam
1907 923 2059 979 futu-

471 1014 571 1090 ris,
602 1024 747 1094 quod
769 1037 871 1092 ego
893 1019 1048 1088 Hugo
1079 1019 1147 1073 de
1171 1016 1427 1083 Ybelino,
1461 1016 1821 1072 concessione
1871 1014 2061 1072 fratris

471 1115 580 1171 mei
605 1113 855 1168 Balduini
882 1119 937 1166 et
962 1110 1171 1167 sororis
1192 1125 1311 1166 mee
1334 1108 1778 1181 Hermengardis,
1823 1109 2048 1164 domine

473 1189 780 1260 Tiberiadis
810 1202 904 1270 σθ’,
936 1211 992 1257 et
1023 1202 1218 1257 matris
1249 1217 1367 1257 mee
1402 1201 1553 1257 Alois
1574 1209 1629 1257 et
1658 1201 2061 1256 avunculorum

470 1311 741 1361 meorum,
760 1294 997 1364 Philippi
1021 1294 1232 1350 scilicet
1250 1293 1317 1348 de
1337 1291 1584 1364 Neapoli,
1599 1291 1867 1348 Guidonis
1891 1291 2064 1348 Fran-

470 1387 682 1458 cigene,
707 1382 1539 1454 Henrici_Bubali,omniumque
1561 1382 1899 1450 aliorum,ad
1923 1399 2063 1453 quos

469 1476 741 1547 presentis
772 1476 1105 1532 venditionis
1134 1475 1352 1531 videtur
1371 1476 1647 1546 pertinere
1669 1474 1956 1531 concessio
1977 1475 2064 1530 vel

471 1569 528 1624 in
561 1578 842 1640 posterum
873 1569 1115 1642 predicte
1159 1567 1530 1638 possessionis
1576 1567 1798 1624 vendite
1847 1566 2064 1622 heredi-

472 1662 614 1717 taria
642 1662 943 1732 possessio,
959 1661 1180 1717 vendidi
1206 1660 1490 1716 canonicis
1512 1659 1782 1717 Dominici
1815 1659 2062 1731 Sepulcri

471 1752 854 1810 Vuetmoamel
899 1755 970 1786 ⁵⁷⁸
1019 1769 1145 1808 cum
1187 1753 1404 1809 villanis
1455 1761 1508 1808 et
1557 1753 1902 1823 pertinentiis
1945 1754 2062 1809 suis

471 1850 752 1915 omnibus,
783 1848 1026 1919 exceptis
1053 1847 1272 1904 duobus
1298 1847 1572 1903 casalibus
1605 1845 1822 1902 Ambiri
1847 1847 2058 1915 militis,

471 1941 682 1998 scilicet
706 1939 928 1996 Odabeb
956 1948 1011 1997 et
1035 1939 1386 2008 Darmersor;
1409 1939 1626 1995 vendidi
1663 1939 1827 1994 etiam
1864 1939 2063 1996 Dersa-

471 2032 580 2088 heb
605 2046 732 2089 cum
762 2031 979 2088 villanis
1001 2039 1056 2088 et
1085 2031 1345 2088 omnibus
1371 2029 1718 2100 pertinentiis
1753 2030 1893 2098 suis,
1923 2029 2063 2086 Cor-

473 2124 577 2181 teis
606 2141 731 2181 cum
759 2125 977 2181 villanis
1019 2133 1076 2180 et
1124 2124 1382 2180 omnibus
1424 2123 1770 2194 pertinentiis
1812 2125 1953 2192 suis,
2005 2123 2064 2180 in

473 2217 617 2273 Zimi
645 2218 905 2289 quiequid
936 2218 1010 2274 ibi
1039 2229 1193 2289 pater
1214 2234 1372 2275 meus
1392 2218 1482 2275 die
1526 2234 1636 2290 qua
1664 2217 1802 2272 vixit
1824 2224 1882 2272 et
1903 2216 2060 2284 obiit,

471 2309 684 2376 habuit,
721 2317 782 2364 et
837 2309 904 2364 ad
954 2309 1261 2366 dominium
1311 2324 1496 2365 meum
1539 2309 1625 2366 vel
1675 2323 2063 2365 successorum

475 2415 728 2456 meorum
753 2400 1088 2457 hereditario
1113 2401 1233 2456 iure
1260 2401 1516 2472 pertinet,
1543 2401 1598 2456 in
1621 2400 1846 2456 civitate
1871 2399 2062 2456 Bethel

472 2493 728 2548 similiter
763 2492 1026 2565 quicquid
1055 2494 1130 2550 ibi
1167 2502 1322 2564 pater
1348 2509 1505 2549 meus
1533 2493 1623 2550 die
1675 2509 1786 2564 qua
1824 2493 1963 2548 vixit
2009 2501 2064 2548 et

473 2586 633 2654 obiit,
661 2586 875 2654 habuit,
903 2596 958 2642 et
979 2587 1119 2642 mihi
1143 2586 1211 2619 ⁵⁷¹
1244 2586 1388 2642 sicut
1409 2585 1597 2642 heredi
1627 2587 1712 2642 vel
1753 2586 1894 2643 meis
1937 2602 2067 2642 suc-

475 2679 795 2741 cessoribus
839 2678 1094 2748 pertinet.
1146 2676 1257 2733 Hec
1311 2678 1534 2748 inquam
1588 2676 1771 2732 omnia
1825 2677 2065 2748 predicta

472 2771 694 2833 vendidi
739 2769 1002 2842 predictis
1034 2768 1296 2826 fratribus
1348 2769 1622 2826 Dominici
1666 2768 1916 2840 Sepulcri
1965 2783 2067 2839 pro

473 2872 681 2934 septem
706 2863 948 2918 millibus
973 2862 1236 2919 bizanciis
1262 2862 1382 2918 iure
1407 2871 1672 2934 perpetuo
1711 2861 2064 2932 possidenda,

473 2954 548 3009 ab
577 2953 730 3009 omni
768 2953 1014 3021 servitio,
1053 2954 1315 3021 dominio,
1341 2955 1630 3010 exactione
1657 2953 1860 3020 soluta,
1889 2953 2063 3009 libera

475 3061 544 3102 ac
573 3044 778 3116 quieta.
812 3044 886 3101 Ut
906 3055 1088 3103 autem
1116 3047 1219 3102 hec
1246 3062 1368 3102 mea
1402 3045 1642 3102 venditio
1679 3045 1891 3101 firmior
1934 3060 2063 3117 per-

475 3147 743 3205 maneret,
771 3148 828 3196 et
857 3140 1064 3196 nullius
1089 3155 1210 3196 eam
1239 3138 1601 3196 contradictio
1627 3139 1928 3205 vacillaret,
1949 3138 2060 3194 sic-
2089 3164 2139 3232 ϐ

476 3239 540 3294 ιιι
575 3232 816 3303 predixi,
849 3233 1124 3289 concessit
1174 3249 1299 3288 eam
1343 3231 1514 3287 frater
1556 3247 1714 3287 meus
1751 3230 2066 3288 Balduinus

474 3335 531 3386 et
576 3341 686 3381 non
724 3326 908 3383 minus
953 3336 1128 3382 mater
1176 3342 1299 3381 mea
1348 3324 1533 3382 llelois
1559 3324 1631 3358 ⁸⁷³
1659 3334 1715 3379 et
1739 3339 1898 3379 soror
1928 3311 2068 3378 'mea

475 3415 920 3490 Hermengardis,
941 3418 1164 3474 domina
1185 3415 1492 3472 Tiberiadis
1506 3417 1596 3483 ⁸⁷³,
1617 3416 1873 3472 avunculi
1901 3415 2068 3472 etiam

474 3508 584 3566 mei
614 3506 898 3579 Philippus
920 3509 988 3564 de
1018 3506 1267 3579 Neapoli,
1293 3507 1474 3564 Guido
1511 3506 1871 3580 Francigena,
1918 3505 2066 3562 Heu-

481 3599 633 3656 ricus
673 3598 948 3668 Bubalus;
999 3608 1395 3657 concesserunt
1433 3609 1488 3656 et
1537 3600 1755 3672 cognati
1798 3599 1906 3656 mei
1939 3599 2069 3654 Phi-

475 3691 659 3762 lippus
685 3692 752 3748 de
775 3688 980 3748 Cafran
1009 3700 1066 3749 et
1091 3691 1266 3748 frater
1289 3693 1410 3748 eius
1433 3699 1490 3748 et
1524 3691 1722 3748 Petrus
1760 3692 1828 3748 de
1875 3691 2064 3748 Tellct.

474 3781 584 3839 Pro
613 3784 722 3840 illis
766 3799 898 3841 vero
923 3785 1018 3856 qui
1049 3783 1192 3840 infra
1216 3801 1392 3864 annos
1417 3793 1566 3853 sunt,
1598 3785 1741 3842 sicut
1766 3784 2068 3841 Barisanus

476 3877 648 3935 frater
677 3893 834 3935 meus
858 3886 914 3934 et
941 3892 1098 3935 soror
1122 3893 1244 3934 mea
1276 3877 1597 3949 Stephania,
1624 3878 1671 3934 si
1690 3877 1784 3950 qui
1813 3878 1980 3933 etiam
2011 3877 2068 3932 in

475 3987 600 4028 mea
624 3971 880 4043 prosapia
917 3971 1150 4028 minoris
1178 3971 1339 4028 etatis
1358 3970 1731 4037 inveniuntur,
1763 3979 1860 4026 aut
1884 3950 1940 4026 in
1969 3985 2069 4042 po-

477 4058 687 4120 sterum
710 4063 943 4120 inveniri
972 4072 1250 4135 poterunt,
1274 4079 1378 4136 ego
1417 4072 1474 4120 et
1520 4062 1690 4120 frater
1739 4078 1896 4119 meus
1944 4062 2070 4118 Bal-

474 4156 680 4213 duinus
704 4165 760 4212 et
783 4155 1071 4228 Philippus
1098 4157 1166 4212 de
1191 4154 1418 4228 Neapoli
1446 4165 1503 4212 et
1524 4155 1702 4212 Guido
1728 4155 2068 4227 Francigcna

474 4257 534 4304 et
598 4246 870 4306 Henricus
930 4248 1176 4305 Bubalus
1237 4248 1591 4305 fideiussores
1639 4264 1835 4305 sumus
1896 4249 2065 4320 quod,

476 4341 707 4412 quando
757 4341 827 4396 ad
884 4357 1092 4398 annum
1133 4341 1440 4414 legitimum
1492 4341 1870 4412 pervenerint,
1925 4341 2069 4398 infra

480 4434 665 4505 ipsum
691 4449 901 4490 annum
935 4433 1194 4490 fatiemus
1219 4433 1294 4468 ⁸⁷⁸
1323 4448 1419 4490 eos
1456 4431 1758 4504 predictam
1794 4432 2068 4488 venditio-

1087 349 1182 406 ΑΙ)
1215 346 1668 408 GODEFRIDUM
1702 345 1994 404 APPEND.
2035 344 2100 402 ll.
2141 377 2204 388 ο-
2247 343 2518 404 NONUM.
2557 345 2647 402 DE
2684 343 2909 405 BELLO
2945 346 3195 406 SACRO.

3584 335 3682 414 tino

2085 463 2133 522 Α
2160 476 2300 532 quos
2334 460 2612 518 hereditas
2649 477 2772 518 mea
2815 473 2941 533 post
2991 462 3080 518 me
3125 465 3425 533 transierit,
3451 477 3685 532 conventui

2161 554 2347 611 Sancti
2397 552 2644 626 Sepulcri
2693 555 3028 610 tenebuntur
3072 556 3298 628 obligati
3346 567 3434 626 ut,
3482 561 3689 635 quicquid

2157 647 2384 719 dampni
2413 655 2636 718 prOpter
2660 655 2870 702 motam
2909 647 3278 720 calumpniam
3301 650 3472 707 eidem
3504 669 3690 715 conven-

2159 739 2239 795 tui
2294 740 2603 811 contigerit,
2645 739 2748 796 sub
2782 739 3132 796 estimatione
3185 741 3456 798 bonorum
3499 746 3692 809 virorum

2159 832 2406 904 predicto
2432 831 2728 888 conventui
2761 831 2963 888 abillis
2992 832 3047 888 in
3087 831 3362 906 integrum
3394 845 3692 912 restauretur,

2159 936 2213 982 et
2248 926 2489 982 venditio
2513 933 2794 996 pretaxata
2825 934 2944 980 rata
2967 925 3025 980 in
3046 935 3376 998 perpetuum
3405 941 3618 987 maneat.
3642 933 3694 992 Ut

2161 1019 2330 1091 igitur
2363 1019 2530 1075 huius
2552 1019 2661 1074 mei
2689 1018 2960 1091 privilegii
3003 1019 3319 1075 auctoritati
3376 1021 3538 1081 nichil
3574 1025 3692 1096 desit,

2160 1122 2277 1168 tum
2304 1113 2434 1183 quia
2477 1112 2578 1167 hec
2600 1112 2786 1167 omnia
2812 1110 2958 1167 facta
2989 1120 3118 1167 sunt
3139 1127 3372 1168 assensu
3403 1121 3455 1168 et
3476 1115 3696 1175 voluntate

2162 1201 2373 1258 domini
2402 1202 2506 1258 mei
2539 1201 2826 1270 Amalrici,
2876 1202 3094 1259 comitis
3142 1203 3454 1272 Ascalonis,
3493 1206 3552 1262 de
3581 1210 3697 1267 cuius

2163 1292 2325 1349 feodo
2369 1293 2474 1348 fuit
2514 1294 2785 1365 prescntis
2835 1293 3170 1350 venditionis
3196 1295 3270 1332 ⁵²⁸
3298 1298 3579 1366 possessio,
3615 1308 3698 1356 tum

2163 1385 2290 1456 quia
2311 1383 2428 1455 ipse
2477 1385 2716 1457 sigillum
2762 1401 2874 1440 non
2928 1386 3102 1441 habeo
3165 1386 3397 1442 instanti
3436 1404 3579 1458 prece
3614 1390 3694 1446 feci

2164 1486 2473 1547 presentem
2503 1485 2712 1532 cartam
2753 1474 2933 1548 sigillo
2974 1477 3085 1532 iam
3107 1476 3241 1533 dicti
3270 1477 3480 1534 domini
3507 1479 3700 1548 mei,co-

2167 1569 2319 1624 mitis
2352 1568 2662 1636 Ascalonis,
2694 1569 3064 1626 corroborari.

2303 1661 2596 1729 Lctardus,
2621 1660 2894 1717 Nazarcth
2948 1661 3423 1734 archiepiscopus.
3481 1663 3702 1721 Constan-

2372 1755 2546 1821 tinus,
2577 1754 2868 1812 Liddensis
2886 1755 3201 1827 episcopus.
3243 1755 3535 1812 Gaufridus
3573 1759 3703 1815 abbas

2370 1847 2603 1919 Templi.
2637 1847 2893 1915 Amilius,
2925 1847 3096 1903 abbas
3122 1846 3337 1904 Latine.
3359 1848 3702 1920 Engelrannns,

2373 1940 2526 2012 prior
2571 1939 2772 1996 Montis
2824 1939 2991 2012 Syon.
3044 1938 3340 2012 Rogerius,
3381 1940 3527 2011 prior
3558 1941 3706 1998 Sancti

2375 2033 2676 2090 Abraham.
2727 2031 3048 2101 Balduinus,
3100 2032 3519 2089 archidiaconus
3555 2031 3704 2089 Liddc.

2229 2132 2305 2182 De
2333 2123 2595 2180 fratribus
2620 2123 2832 2196 Templi
2862 2142 2876 2154 -

2299 2211 2441 2282 Odo,
2464 2214 2901 2270 commendatur.
2938 2212 3236 2272 Gauterius
3277 2213 3351 2272 de
3403 2212 3708 2271 Berilo.Phi—

2375 2306 2577 2377 lippus.
2611 2304 2910 2362 Lodoicus.

2235 2395 2311 2454 De
2341 2398 2642 2453 baronibus
2673 2416 2688 2453 :

2301 2490 2615 2547 Ilenfredus
2677 2491 2746 2546 de
2803 2489 3025 2547 Torone
3068 2489 3166 2560 ⁸⁷⁸,
3212 2490 3361 2562 regis
3403 2488 3711 2545 eonstabula-

2376 2582 2516 2638 rius.
2558 2581 2831 2638 Iohannes
2874 2581 3132 2638 Gotman.
3192 2580 3350 2654 Hugo
3390 2581 3712 2637 Cesariensis.

2377 2674 2497 2732 Odo
2520 2675 2588 2732 de
2624 2675 2828 2731 Sancto
2854 2673 3451 2736 Amando.Willelmus
3474 2674 3537 2729 de
3555 2671 3711 2728 Bam.

2379 2768 2498 2824 Odo
2523 2768 2590 2825 de
2619 2767 2834 2824 Tolent.
2867 2766 3025 2840 Hugo
3050 2768 3118 2823 de
3147 2766 3348 2822 Bezan.
3397 2765 3640 2821 Viviauus
3665 2766 3717 2821 de

2377 2862 2625 2936 Caypha.
2696 2860 2966 2917 locelinus
3020 2858 3290 2916 Pescllus.
3352 2859 3616 2914 Arnaldus
3665 2857 3719 2913 de

2375 2938 2553 3023 Cre'st,
2576 2953 3018 3010 constabularius
3053 2951 3315 3024 Tripolis.
3343 2951 3646 3022 Arnulphns
3667 2949 3720 3002 de

2377 3044 2678 3119 Ysengihm
2700 3047 2792 3101 '".
2819 3044 3128 3101 Willelmus
3173 3044 3242 3100 de
3287 3043 3471 3099 Monte
3509 3041 3716 3098 Gisardi.

2375 3138 2646 3196 locelinus
2687 3139 2755 3196 de
2785 3137 3073 3194 Samusac.
3124 3135 3540 3193 Bartholomeus
3585 3133 3726 3191 Sues-

2379 3231 2674 3289 sionensis.

2235 3321 2314 3385 De
2338 3321 2707 3394 burgensihus
2737 3338 2754 3377 :

2307 3416 2598 3483 Arnulfus,
2624 3415 2934 3471 vicecomes
2966 3413 3324 3470 lherusalem.
3350 3411 3512 3486 [iugo
3555 3411 3728 3469 saliens

2380 3510 2438 3564 in
2463 3509 2692 3564 bonum.
2750 3506 2946 3563 Petrus
2986 3506 3475 3579 Pctragoricensis.
3523 3504 3730 3561 Bricins.
3810 3483 3812 3504 ¹

2377 3600 2677 3658 Gaufridus
2691 3599 3056 3657 Turonensis.
3067 3599 3729 3656 WillelmusNormannns.

2377 3693 2679 3749 Rainaldus
2702 3691 3001 3749 Siccarius.
3022 3691 3219 3748 Petrus
3233 3693 3300 3748 de
3316 3689 3525 3747 Sancto
3539 3689 3732 3745 Iacobo.

2376 3786 2574 3843 Petrus
2605 3784 2873 3858 llugonis.
2913 3784 3111 3842 Petrus
3159 3786 3225 3842 de
3277 3783 3485 3841 Sancto
3527 3783 3733 3839 Lazaro.

2378 3879 2647 3948 Andreas,
2679 3878 2823 3935 ﬁlius
2855 3877 3063 3934 Toseti.

2239 3969 2372 4026 Data
2396 3970 2619 4026 Acchon
2641 3971 2736 4038 m,
2767 3986 2864 4041 per
2891 3986 3117 4026 manum
3143 3967 3364 4026 Radulfl
3407 3967 3706 4026 cancellarii
3723 4008 3736 4034 ,

2167 4079 2261 4118 XIX
2280 4062 2543 4119 kalendas
2569 4061 2852 4118 februarii.

2817 4153 2982 4210 LXIII
3017 4156 3110 4210 ⁸⁷⁸.

2237 4263 2585 4303 PRIVILEGIUI
2621 4263 2853 4304 EIUSDEII
2887 4264 2956 4304 DE
2981 4263 3308 4304 VENDlTlONE
3345 4264 3684 4304 EUETDEBES.

2240 4339 2299 4394 In
2336 4341 2559 4396 nomine
2587 4349 2776 4397 sancte
2803 4350 2857 4397 et
2878 4341 3161 4397 individue
3184 4339 3481 4399 Trinitatis
3502 4340 3680 4397 Patris
3703 4346 3747 4393 et

2167 4431 2293 4487 Filii
2319 4441 2373 4488 et
2398 4432 2636 4503 Spiritus
2663 4431 2874 4502 Sancti,
2913 4450 3096 4490 amen.

477 4542 603 4583 nem
630 4527 947 4586 concedere.
990 4525 1111 4584 Non
1168 4527 1354 4584 minus
1402 4525 1568 4582 etiam
1621 4539 1725 4581 nos
1771 4523 1876 4596 ipsi
1919 4525 2058 4582 idem
2091 4524 2144 4587 D
2235 4523 2433 4582 Notum
2462 4527 2947 4596 sitomnibus,tam
2976 4529 3322 4600 presentibus
3347 4545 3524 4601 quam
3548 4527 3751 4594 futuris,

478 4620 706 4691 predicti
742 4620 978 4678 barones
1005 4619 1168 4692 plegii
1197 4619 1424 4691 legitimi
1451 4633 1646 4674 sumus
1667 4617 1738 4672 ab
1779 4616 1931 4672 omni
1969 4633 2064 4674 ea-

481 4713 729 4784 lumpnia
763 4729 913 4770 nunc
939 4721 996 4769 et
1033 4727 1250 4782 semper
1299 4712 1403 4766 hec
1439 4711 1628 4766 omnia
1675 4710 1922 4782 predicta
1964 4711 2065 4767 ad«

478 4805 794 4877 quietandi;
822 4807 928 4862 hoc
952 4815 1136 4860 tamen
1165 4812 1355 4859 tenore
1385 4802 1554 4874 quod,
1581 4813 1833 4860 nostrum
1859 4803 2066 4875 plegio-

480 4916 605 4956 rum
635 4901 952 4974 quicunque
973 4903 1253 4966 superstes
1283 4894 1466 4962 fuerit,
1490 4893 1612 4950 aliis
1642 4895 1886 4950 humano
1913 4909 2066 4950 more

480 4990 892 5057 decedentibus,
916 4988 1034 5058 ipse
1056 5002 1156 5057 pro
1183 4986 1439 5042 omnibus
1476 4987 1846 5058 respondebit,
1874 4997 1930 5042 et
1972 5003 2066 5043 ca-

481 5081 784 5154 lumpniam
819 5079 1176 5150 adquietabit.
1232 5077 1289 5133 Si
1320 5094 1427 5150 qua
1453 5079 1746 5150 aliquando
1775 5080 2065 5136 occasione

478 5189 546 5228 ex
573 5186 902 5244 quacunque
925 5160 1238 5241 calumpnia
1269 5170 1488 5225 interim
1530 5187 1695 5242 super
1721 5171 1842 5227 istis
1867 5187 2066 5243 preno—

481 5267 706 5321 minatis
732 5273 923 5320 exorta
959 5263 1146 5332 fuerit,
1175 5264 1507 5336 quicumque
1557 5275 1810 5322 nostrum
1862 5264 2068 5338 plegio—

481 5375 606 5414 rum
646 5358 796 5429 prior
820 5356 1142 5424 occurrerit,
1185 5357 1304 5428 ipsa
1351 5357 1720 5429 calumpniam
1767 5357 2069 5414 removebit

482 5467 549 5507 ac
569 5450 906 5522 paciﬁcabit;
937 5449 981 5506 si
1005 5449 1131 5521 quis
1155 5465 1284 5506 vero
1321 5450 1376 5506 in
1401 5459 1682 5522 posterum
1733 5466 1897 5522 super
1944 5466 2068 5522 pre-

484 5540 655 5598 fatam
679 5543 1050 5598 venditionem
1104 5541 1473 5613 calumpniam
1528 5542 1822 5604 induxerit.
1877 5542 1977 5601 illi.
2002 5543 2072 5599 ad

491 5672 494 5674 ‘
553 5677 624 5710 ιι·
650 5678 718 5744 Α,
750 5677 792 5733 r-
815 5676 905 5743 so,
927 5687 1005 5745 v°;
1029 5676 1092 5742 Β,
1116 5676 1206 5744 66,
1236 5685 1312 5731 v°.

483 5747 556 5782 ⁹⁷¹
581 5750 760 5804 michi.
810 5809 815 5813 _
860 5749 930 5781 δ”
959 5748 1021 5813 Β,
1052 5747 1222 5801 Alcis.

2169 4618 2315 4690 quod
2350 4635 2450 4692 ego
2479 4619 2635 4694 Hugo
2662 4621 2728 4677 de
2761 4621 2993 4678 Ybelino
3020 4623 3115 4691 "°,
3129 4624 3499 4679 concessione
3539 4622 3754 4678 fratrum

2171 4726 2419 4766 meorum
2451 4711 2703 4769 Balduini
2734 4723 2788 4771 et
2816 4714 3069 4770 Barisani
3098 4725 3152 4771 et
3197 4714 3641 4787 Hermengardis
3677 4730 3757 4769 so-

2172 4802 2314 4859 roris
2340 4820 2459 4860 mee
2483 4806 2785 4878 matrisque
2809 4822 2928 4863 mee
2949 4807 3101 4864 Alois
3117 4815 3172 4863 et
3191 4809 3611 4864 avunculorum
3633 4822 3759 4863 meo-

2171 4915 2294 4958 rum
2327 4894 2561 4971 Philippi
2583 4900 2650 4955 de
2669 4898 2916 4971 Neapoli,
2938 4899 3205 4956 Guidonis
3235 4899 3614 4973 Francigene,
3635 4898 3762 4954 Hen-

2169 4996 2270 5053 rici
2304 4993 2516 5060 Bubali,
2541 4994 2899 5064 omniumque
2920 4992 3277 5061 aliorum,ad
3313 5009 3465 5064 quos
3502 4992 3763 5066 presentis

2169 5088 2499 5145 venditionis
2514 5086 2731 5143 videtur
2751 5086 3025 5158 pertinere
3065 5088 3352 5143 concessio
3373 5088 3470 5142 vel
3503 5089 3565 5144 in
3599 5097 3766 5160 poste-

2169 5196 2294 5236 rum
2326 5179 2568 5251 predicte
2591 5178 2958 5249 possessionis
2994 5178 3213 5234 vendite
3257 5180 3616 5238 hereditaria
3655 5196 3766 5253 pos-

2168 5270 2367 5337 sessio,
2394 5269 2614 5325 vendidi
2641 5268 2906 5325 fratribus
2926 5270 3067 5326 meis
3096 5269 3288 5327 Sancti
3313 5269 3593 5343 Sepulcri
3615 5290 3768 5329 cano-

2168 5363 2308 5420 nicis
2338 5361 2647 5418 Huetdebes
2674 5377 2800 5418 cum
2830 5363 3046 5419 villanis
3067 5373 3122 5419 et
3141 5363 3402 5420 omnibus
3424 5363 3770 5436 pertinentiis

2169 5454 2286 5510 suis
2306 5463 2361 5510 et
2382 5453 2730 5527 Deirmugsin
2762 5455 2928 5510 etiam
2966 5471 3094 5510 cum
3135 5455 3357 5513 villanis
3402 5468 3473 5514 et
3526 5459 3773 5515 omnibus

2169 5546 2518 5617 pertinentiis
2551 5547 2689 5609 suis,
2726 5563 2854 5603 eum
2889 5547 3040 5602 omni
3081 5547 3458 5620 plenitudine,
3505 5567 3681 5624 quam
3727 5551 3776 5603 in

1391 5676 1460 5752 Ἢ
1485 5675 1856 5752 ΒιΗυεὲῖεξιοο
1930 5675 2002 5752 ff.”
2028 5676 2137 5752 13.1,

2190 5681 2520 5752 anetmoaval.
2597 5681 2666 5752 Ψ
2687 5680 2748 5749 Β,
2771 5680 3104 5752 Tyberiadit.
3181 5686 3228 5721 ⁸⁷
3235 5684 3257 5717 ⁸
3275 5683 3343 5749 Β,
3369 5682 3774 5743 [luctuosa-t1.

810 5809 815 5814 ,
860 5749 930 5781 δ”
959 5747 1290 5820 8,-Αιοὶεημ
1323 5747 1396 5820 ⁸7³
1422 5745 1485 5820 Β,
1521 5745 1857 5820 Τῃὺέγίαείἱεε
1919 5746 2000 5820 fi"
2023 5747 2085 5802 Β.
2111 5751 2386 5820 faciemus.

492 5818 767 5892 Ysengilm.
846 5819 917 5856 ⁵⁷⁸
945 5818 1147 5874 Athon.
1224 5817 1294 5851 '7’
1334 5817 1400 5886 Α,
1434 5815 1475 5871 f“
1513 5815 1604 5888 6f,
1637 5828 1714 5887 v°;
1740 5817 1802 5888 B,
1836 5817 1878 5874 f°
1907 5818 1998 5888 68,
2024 5829 2092 5875 r°.

2483 5752 2553 5784 ⁸⁷⁸
2583 5751 2645 5820 Β,
2671 5751 3014 5810 venditionis.

2170 5754 2414 5853 ξέξιξὶαεὴ
2457 5754 2556 5853 ,δτιξ
2583 5754 2645 5820 Β,
2671 5754 3014 5810 vendiciom‘s.
3106 5755 3179 5791 ⁸⁷⁵
3200 5754 3267 5826 B,
3297 5755 3553 5817 Turono.
3631 5760 3697 5793 ’τ’
3719 5756 3774 5824 Βν

2273 5820 2334 5888 Β,
2365 5820 2647 5892 Πνὺθιὶιιο.
