3824 6308
61 327 176 384 nat
1031 326 1480 386 CARTULAIRE
1519 327 1612 384 nu
1650 328 1851 386 SAINT
1893 328 2284 400 SEPULCRE.
3165 343 3304 398 “ea

57 457 145 498 cos
167 439 482 496 habuerunt
501 455 562 496 ex
587 440 735 497 dono
757 440 930 512 patris
974 443 1083 498 mei
1125 443 1378 500 Barisani
1427 443 1632 500 Muissc
1660 447 1708 504 Α
1805 444 1880 502 De
1905 445 2167 503 fratribus
2189 445 2485 517 llospitalis
2513 465 2529 503 :

55 533 257 588 Arrabit
283 540 339 586 et
365 531 517 588 ﬁlius
543 532 661 603 ejus
691 531 980 605 Georgius,
1019 550 1235 605 queque
1286 536 1354 590 ad
1398 552 1619 591 sueces-
1860 534 2056 592 Petrus
2090 536 2377 593 Bertrandi
2419 546 2474 594 et
2502 537 2810 596 Willelmns
2851 541 2918 596 de
2961 542 3120 598 Acer.
3170 543 3306 614 Azo,

57 638 195 679 seres
213 638 406 677 eorum
431 623 904 679 bereditarioiure
924 625 1620 700 pertinebat;vendidi,in—
1927 628 2240 698 capellanus
2287 630 2486 687 casalis
2533 629 2884 687 Balnearum.
2944 632 3302 706 Radulpbus,

55 731 224 786 quam,
251 729 352 786 pro
383 715 562 772 tribus
575 715 815 772 millibus
836 716 1198 772 bisantiorum
1222 717 1340 772 iure
1361 727 1620 790 perpetuo
1927 721 2239 790 capellanus
2256 721 2572 778 Ramarum.
2593 724 2816 780 Paletel.
2836 725 3142 782 vicecomes
3168 725 3310 786 Ἰδο-

57 807 388 879 possidenda,
424 809 498 863 ab
518 809 666 864 omni
690 810 1024 881 calumpnia,
1065 810 1308 878 servitio,
1352 811 1616 878 dominio,
1931 812 2049 866 lini.

58 901 322 955 exactione
345 901 550 968 soluta,
577 902 747 958 libera
796 911 851 957 et
891 903 1097 973 quieta.
1140 901 1254 974 Ego
1301 903 1471 970 enim,
1523 919 1622 974 pro
1795 901 1869 956 De
1895 901 2257 973 burgeusibus
2289 895 2469 976 regis:

62 993 357 1049 inminente
389 996 721 1051 necessitate
757 995 1086 1066 captivitatis
1137 1003 1190 1051 et
1233 995 1618 1065 redemptionis
1861 993 2197 1050 llumbertus
2248 998 2316 1050 de
2365 994 2490 1050 Bar.
2543 995 2746 1068 Symon
2795 996 3009 1054 Ruﬂ‘us.
3071 998 3306 1075 Bricius,

60 1100 165 1140 inec
189 1087 528 1154 compulsus,
557 1087 818 1157 predictis
857 1087 1172 1144 hominibus
1214 1088 1374 1153 meis,
1417 1086 1618 1144 Muisse
1932 1084 2229 1142 Gaufridus
2281 1084 2639 1143 Turonensis.
2677 1085 2998 1143 Guillelmus
3041 1089 3112 1121 ⁸⁸³
3164 1089 3306 1145 Nor-

59 1173 256 1230 Arrabit
288 1176 518 1247 ﬁlioque
547 1193 650 1233 suo
703 1177 956 1249 Georgio,
1008 1179 1128 1233 dedi
1173 1179 1242 1234 ad
1281 1181 1614 1235 voluntatem
1935 1189 2192 1230 manuus.
2224 1174 2495 1232 Iohannes
2527 1175 3172 1254 Raimundi..Guibertus
3205 1179 3310 1235 Pa-

61 1277 229 1317 corum
268 1265 548 1319 cambium
572 1281 670 1338 pro
697 1267 956 1336 predictis
992 1268 1266 1325 casalibus
1316 1279 1370 1324 et
1426 1284 1618 1325 eorum
1933 1265 2072 1336 pais.
2096 1265 2290 1322 Petrus
2312 1266 2606 1326 Burdinua.
2623 1267 2816 1324 Petrus
2845 1269 2912 1324 de
2943 1269 3142 1326 Sancto
3165 1269 3311 1325 laco-

60 1354 409 1424 pertinentiis;
439 1356 517 1410 illi
552 1373 681 1412 vero
706 1357 1076 1413 venditionem
1108 1359 1250 1414 hanc
1279 1359 1334 1413 in
1380 1361 1620 1430 capitulo
1933 1357 2026 1412 bo.
2061 1355 2216 1427 [Iugo
2249 1343 2461 1412 Saliens
2483 1357 2536 1412 in
2564 1359 2792 1413 bonum.
2821 1357 3140 1429 Radulphus
3167 1358 3308 1412 Bur-

63 1443 228 1500 Sancti
249 1445 498 1518 Sepulcri
523 1448 832 1506 iuramento
852 1449 1330 1517 confirmaverunt,
1349 1459 1402 1504 et
1424 1467 1620 1504 manu-
1930 1447 2134 1518 gensis.
2163 1446 2358 1503 Petrus
2401 1449 2469 1503 de
2522 1440 2723 1504 Sancto
2775 1447 3008 1505 Lazaro.
3039 1449 3310 1505 Iohannes

62 1536 323 1591 tenendam
361 1547 556 1593 contra
580 1555 770 1594 omnes
791 1539 1180 1610 promiserunt.
1223 1537 1292 1594 Ut
1318 1549 1498 1595 autem
1523 1541 1623 1596 hcc
1935 1538 2228 1594 Vitrarius.
2259 1538 2623 1595 Evernnimus
2649 1541 2742 1595 ⁸⁸⁷.
2793 1540 3181 1598 Anschetinus.
3225 1541 3310 1597 lo-

65 1643 167 1682 mea
202 1629 436 1684 venditio
485 1630 699 1686 ﬁrmior
737 1638 1100 1701 permaneret,
1151 1640 1206 1686 et
1244 1621 1449 1686 nullius
1499 1647 1620 1686 eam
1941 1629 2172 1697 hannes,
2196 1629 2340 1687 filius
2376 1629 2649 1699 Rainaldi,
2677 1629 2952 1688 Pictavus.

64 1721 394 1776 contradictio
448 1723 770 1788 vacillarct,
830 1730 1223 1778 concesserunt
1271 1737 1392 1777 eam
1420 1764 1433 1788 ,
1477 1723 1620 1779 sicut
2379 1742 2543 1797 wa
2565 1744 2656 1799 seu.

65 1811 480 1880 predixi,fratres
501 1813 608 1868 mei
633 1812 929 1868 Balduinus
945 1821 998 1868 et
1023 1811 1319 1868 Barisanus
1341 1825 1622 1883 materque
1655 1801 1697 1860 Β
1757 1847 2101 1888 mnuum,“
2135 1849 2403 1888 “nam,
2427 1875 2444 1900 ,
2481 1851 2704 1891 muns
2739 1848 3054 1891 suum,“
3093 1851 3278 1892 ,οεερη

65 1919 166 1957 mea
198 1905 340 1960 Aleis
381 1915 437 1960 et
483 1922 645 1962 soror
692 1916 813 1960 mea
878 1904 1318 1977 llermengardis,
1363 1907 1621 1962 avunculi

67 1995 206 2050 etiam
259 1998 362 2051 mei
401 1996 692 2068 Philippus
750 1998 818 2053 de
880 1996 1143 2067 Neapoli,
1205 1995 1384 2053 Guido
1443 1996 1622 2052 Fran-

67 2083 248 2153 cigena,
278 2075 550 2144 Henricus
572 2088 812 2144 Bubalus
837 2106 852 2155 ;
883 2098 1275 2143 concesserunt
1309 2095 1364 2142 ct-
1405 2087 1622 2160 cegnati

68 2175 157 2229 mei
179 2174 452 2250 Philippus
486 2179 558 2235 de
578 2177 780 2234 Cafran
801 2190 856 2234 et
883 2177 1050 2234 frater
1077 2177 1196 2234 eius
1217 2177 1526 2248 Petrusque
1548 2178 1619 2233 de

69 2264 216 2323 Teilli.
237 2267 339 2324 Pro
368 2271 479 2328 illis
503 2286 636 2326 vero
675 2271 770 2342 qui
815 2270 1158 2332 infraannos
1189 2279 1345 2337 sunt,
1372 2271 1516 2326 sicut
1539 2279 1624 2325 est

67 2359 277 2428 quedam.
308 2378 466 2419 soror
506 2379 629 2419 mea
673 2363 969 2434 Stephania
1007 2374 1062 2418 ct
1094 2362 1263 2435 aliqui
1296 2363 1363 2418 de
1396 2362 1622 2433 predicti

68 2449 256 2509 Arrabit
307 2463 360 2512 et
407 2455 508 2512 filii
552 2457 672 2512 eius
719 2457 1011 2512 heredibus
1062 2456 1282 2528 Georgii
1333 2457 1532 2512 totiens
1552 2455 1620 2489 ⁵⁸⁸

69 2543 194 2612 dicti,
232 2547 276 2602 si
310 2548 401 2618 qui
434 2550 605 2605 etiam
651 2549 707 2605 in
747 2565 869 2605 mea
909 2560 963 2604 et
1000 2550 1318 2624 earumdem
1367 2548 1620 2620 prosapia

71 2635 266 2692 minoris
301 2640 457 2696 etatis
492 2640 849 2696 inveniuntur
871 2651 966 2696 aut
991 2641 1046 2695 in
1071 2650 1350 2712 posterum
1388 2639 1621 2696 inveniri

71 2735 305 2798 poterunt,
341 2747 441 2802 ego
471 2717 534 2788 et
583 2731 753 2787 frater
800 2719 964 2788 meus
996 2732 1296 2788 Balduinus
1346 2741 1401 2787 et
1445 2731 1622 2786 homi-

73 2831 150 2872 nes
169 2821 282 2888 mei,
303 2824 585 2893 predictus
608 2822 811 2880 aluisse
836 2824 1057 2879 Arrabit
1077 2833 1132 2880 et
1157 2824 1300 2880 filius
1317 2823 1438 2879 eius
1453 2821 1622 2879 Geor-

72 2909 187 2977 gius,
225 2910 415 2984 Symon
458 2917 533 2972 de
581 2915 738 2984 llaia,
767 2915 984 2972 Ordelet
1025 2925 1076 2971 et
1126 2915 1438 2986 Stephanus
1476 2914 1620 2971 filius

72 3000 186 3069 ejus,
222 3003 384 3061 Adam
427 3008 499 3063 de
543 3005 739 3079 Orgeol
763 3049 779 3075 ,
816 3005 1113 3063 Nieholaus
1153 3008 1220 3062 de
1275 3005 1503 3062 Ybelino
1527 3007 1617 3074 ⁸⁸³,

74 3088 379 3154 llosmundus
407 3097 789 3170 Radulfusque
819 3097 986 3154 frater
1009 3099 1149 3166 eius,
1191 3097 1477 3166 Lebertus,
1512 3097 1618 3153 Pa-

75 3197 216 3248 ganus
235 3185 293 3241 de
318 3183 551 3257 Rohais,
578 3189 862 3260 Philippus
889 3191 956 3245 de
984 3188 1209 3257 Cafran,
1242 3205 1406 3260 super
1431 3205 1620 3246 sacro-

74 3284 231 3330 sancta
255 3279 557 3338 iuravimus
581 3291 636 3346 et
657 3283 1012 3338 fideiussores
1037 3299 1228 3339 sumus
1250 3286 1416 3354 quod,
1441 3299 1619 3354 quan-

76 3361 198 3420 doad
216 3382 407 3426 annum
425 3373 734 3444 legitimum
752 3375 1120 3445 pervenerint,
1145 3374 1288 3430 infra
1321 3376 1499 3447 ipsum
1523 3391 1624 3431 an-

76 3467 181 3509 num
201 3457 436 3540 fatiemus
454 3465 535 3497 ⁵⁸³
560 3468 614 3520 in
635 3457 935 3538 capitulum
957 3467 1140 3524 Sancti
1161 3467 1408 3539 Sepulcri
1436 3469 1623 3524 venire

77 3553 119 3598 et
143 3553 324 3610 toeiens
354 3556 562 3614 dictam
596 3559 960 3615 venditionem
991 3560 1308 3616 concedere.
1340 3557 1452 3616 Nos
1479 3561 1620 3616 idem

1850 1940 1920 1978 ετ
1959 1939 2158 1979 uacua
2175 1925 2268 1991 ⁸⁸⁸,
2307 1940 2376 1979 nr:
2413 1941 2834 1998 conuuracroau
2857 1929 2927 1960 “9°
2957 1943 3185 1982 unum.

1794 2031 1850 2086 ln
1875 2033 2096 2088 nomine
2123 2041 2310 2088 sancte
2334 2042 2389 2088 et
2414 2033 3041 2103 individue'Trinitatis.

1792 2122 1994 2179 Notum
2015 2124 2086 2180 sit
2106 2123 2383 2191 omnibus,
2401 2132 2511 2178 tam
2534 2127 2878 2194 presentibus
2899 2142 3065 2197 quam
3087 2127 3309 2193 futuris,

1723 2217 1871 2287 quod
1931 2230 2032 2287 ego
2087 2214 2389 2271 llcrbertus
2408 2215 2516 2282 ⁸⁸⁸,
2559 2230 2656 2285 per
2699 2215 2797 2272 Dei
2848 2218 3080 2288 gratiam
3141 2221 3312 2274 abbas

1726 2305 2052 2361 Sanctorum
2097 2304 2377 2374 losephet
2415 2305 2656 2374 Abaeuc,
2698 2306 2957 2363 laudante
2989 2317 3044 2362 et
3075 2323 3311 2366 consen-

1725 2399 1888 2453 tiente
1909 2397 2164 2454 universo
2191 2405 2302 2451 tam
2341 2397 2666 2454 clericorum
2708 2414 2874 2469 quam
2910 2399 3173 2455 laicorum
3200 2401 3309 2456 Deo

1723 2490 1860 2546 inibi
1884 2488 2184 2544 famulante
2211 2499 2506 2558 conventu,
2533 2490 2588 2544 in
2618 2479 2892 2561 presentia
2913 2491 3182 2547 bonorum
3207 2491 3310 2547 hev

1723 2582 1956 2648 minum,
1988 2597 2225 2652 quorum
2253 2581 2476 2638 nomina
2501 2583 2690 2638 subter
2708 2583 2986 2656 leguntur,
3011 2593 3314 2641 commata.

1721 2674 1906 2728 vimus
1949 2682 2005 2728 et
2053 2672 2390 2728 reddidimus
2439 2671 2653 2745 Hugoni
2689 2674 2756 2729 de
2791 2673 3038 2740 Ybelino,
3089 2670 3310 2733 domino

1719 2763 2102 2832 Ramathensi,
2124 2779 2470 2835 queeumque
2491 2775 2646 2836 pater
2670 2764 2790 2822 eius
2819 2764 3118 2822 Barisanus
3152 2767 3314 2830 nobis

1723 2858 1866 2929 apud
1883 2857 2081 2912 vBethel
2107 2857 2351 2932 dederat,
2373 2857 2625 2932 videlicet
2647 2858 2827 2928 ipsum
2852 2857 3040 2914 Bcthel
3061 2867 3114 2913 et
3139 2859 3276 2915 Beze
3293 2902 3310 2928 ,

1722 2951 1868 3022 quod
1889 2950 2090 3006 dicitur
2114 2949 2371 3017 Bazirim,
2397 2965 2523 3006 cum
2560 2951 2775 3006 duabus
2803 2950 3107 3006 earrueatis
3147 2960 3310 3018 terre,

1722 3046 1778 3094 et
1797 3039 2040 3110 quinque
2069 3039 2314 3094 iornatas
2335 3046 2500 3105 terre,
2523 3055 2662 3109 quas
2688 3039 2763 3094 ibi
2787 3040 3170 3110 querebamus,
3199 3049 3314 3114 tur-_

1647 3139 1693 3202 ρ
1724 3129 1828 3184 rim
1877 3143 2099 3204 quoque
2145 3138 2201 3184 et
2245 3129 2512 3200 quidquid
2541 3130 2609 3164 ⁵³³
2665 3129 2742 3184 ibi
2788 3129 3196 3196 editicavimus,
3251 3141 3309 3202 ut

1726 3217 1972 3289 prefatus
2019 3215 2174 3290 llngo
2201 3216 2400 3273 habeat
2444 3227 2769 3288 potestatem
2827 3219 3024 3274 exinde
3080 3217 3316 3274 faciendi

1723 3308 1987 3380 quicquid
2013 3309 2119 3363 sibi
2151 3307 2417 3378 placuerit
2442 3307 2651 3379 absque
2672 3307 2822 3362 omni
2874 3316 3064 3362 nostra
3090 3317 3142 3362 et
3182 3323 3313 3362 suc-

1724 3413 2004 3454 cessorum
2028 3406 2346 3454 nostrorum
2361 3397 2815 3455 contradictione.
2829 3395 3106 3466 Capenam
3127 3397 3312 3471 etiam,

1723 3505 1890 3560 quam
1906 3489 1978 3544 ι1)ἱ
1998 3489 2430 3556 eonstruximus,
2448 3499 2566 3544 tum
2588 3498 2842 3560 precepto
2865 3488 3069 3543 domini
3082 3488 3316 3557 patriar—

1391 3579 1452 3654 95
1479 3579 1620 3654 l9?!“
1724 3583 1826 3637 rbe
1854 3579 2186 3654 A[malrici],
2231 3592 2346 3637 tum
2371 3581 2582 3636 domini
2628 3579 2875 3653 llugonis
2911 3579 3186 3649 precibus,
3209 3581 3310 3634 do-

77 3642 264 3707 predicti
289 3663 396 3703 non
417 3651 609 3706 minus
639 3651 741 3707 sub
760 3650 988 3722 prmfato
1023 3651 1332 3706 iuramento
1354 3645 1515 3723 plegii
1541 3652 1620 3707 le~

1747 3673 1875 3728 nino
1899 3642 2066 3743 priori
2083 3642 2395 3744 N[icholao]
2421 3681 2476 3727 et
2509 3671 2696 3726 Sancti
2717 3642 2988 3740 “Sepulcri
3019 3667 3313 3724 conventui

78 3731 419 3833 δηίπξίδυνηιυδ
440 3742 550 3798 hec
572 3743 758 3826 οωιιὶει
795 3744 1038 3815 Inedia“
1063 3759 1210 3800 nunc
1229 3753 1284 3798 θι
1313 3760 1528 3816 semper
1553 3744 1624 3800 ab
1723 3764 1995 3820 dedimus.
2044 3731 2507 3819 Conﬁrmationes
2556 3772 2692 3818 vero
2743 3778 2883 3833 quas
2931 3761 2988 3816 in
3019 3761 3318 3833 privilegiis

78 3827 202 3925 {mni
239 3832 544 3906 calumpnia
593 3837 966 3908 adnuietandi.
1011 3839 1258 3912 Denique
1297 3841 1344 3897 si
1394 3842 1524 3909 quid
1550 3840 1620 3873 "'-

1747 3855 1928 3912 tostris
1953 3870 2119 3925 super
2134 3853 2222 3908 his
2251 3854 2509 3909 omnibus
2527 3853 2796 3908 habemus
2825 3851 3172 3922 supradictis,
3190 3867 3313 3907 om-

81 3914 133 3970 de
173 3928 479 3993 supradictis
511 3929 861 3987 immunitum
913 3931 1100 4000 fuerit,
1143 3949 1267 4001 nos,
1309 3933 1404 4004 qui
1459 3950 1620 4008 super

1747 3948 1857 4003 tino
1881 3963 2168 4004 cassamus
2205 3954 2260 4002 et
2297 3945 2352 4000 in
2388 3945 2604 4001 irritum
2633 3945 2852 4015 penitus
2891 3943 3164 3999 ducimus.
3196 3941 3316 4011 Que

82 4018 410 4112 “eliminata
445 4023 763 4080 venditione
811 4025 1192 4081 ίυδίυττίηάυιη
1234 4024 1496 4093 “mimus:
1527 4041 1624 4096 Ρθΐ
1721 4043 1909 4098 omnia
1941 4041 1994 4096 in
2035 4040 2312 4112 presentia
2337 4039 2509 4094 nostri
2545 4037 2886 4106 fratrumque
2921 4045 3236 4092 nostrorum
3265 4021 3318 4093 et

83 4107 336 4202 capitulum
361 4111 549 4170 Sancti
573 4113 818 4187 Sepulcri
839 4116 926 4172 vel
954 4131 1052 4206 per
1069 4117 1314 4173 eiusdem
1338 4117 1620 4174 internun-

1747 4134 2004 4201 lalduini,
2035 4107 2410 4189 archidiaconi
2444 4129 2628 4186 Sancti
2661 4128 2908 4200 Georgii,
2965 4129 3318 4201 cantorisque

85 4201 194 4294 lium
235 4205 546 4276 submoniti,
587 4226 617 4265 a
660 4211 748 4266 die
795 4201 1221 4266 submonitionis
1261 4225 1435 4281 usque
1460 4211 1529 4266 ad
1553 4227 1620 4264 xv

1747 4229 1966 4285 :iusdem
1999 4226 2231 4283 ecclesie
2269 4223 2561 4281 Gisleberti
2601 4231 2654 4278 et
2689 4222 2936 4294 magistri
2976 4221 3316 4288 Anschetini,

84 4281 201 4344 diem
223 4292 350 4351 inira
373 4315 566 4356 muros
587 4301 919 4359 lberusalem
950 4311 1008 4357 ut
1033 4301 1250 4358 obsides
1278 4303 1620 4373 permanebi-

1747 4281 1914 4374 an;
1939 4316 2163 4372 Robet‘ti
2205 4316 2273 4372 de
2315 4315 2423 4383 Git,
2460 4313 2698 4369 Marsirii
2750 4281 2971 4384 quoque
3013 4323 3064 4368 et
3105 4311 3319 4367 Andree

87 4388 203 4480 Elius,
229 4383 390 4445 donec
409 4407 501 4448 res
545 4393 598 4446 in
633 4393 904 4465 integrum
931 4403 984 4449 et
1014 4393 1231 4448 lirmum
1272 4392 1620 4448 reformetur.

1747 4407 2132 4480 indegavensis
2153 4407 2390 4460 militum
2413 4415 2468 4460 et
2500 4404 2709 4460 Alberti
2735 4383 3026 4460 Lombardi
3062 4403 3176 4474 ipse
3215 4402 3316 4457 do-

88 4464 302 4544 διίεςὶιιιι·
328 4482 490 4542 huius
513 4487 620 4542 mei
643 4464 910 4559 privilegii
932 4488 1244 4543 auctoritati
1267 4487 1433 4542 nichil
1461 4480 1621 4552 deSil,
1654 4483 1703 4543 Ι)
1730 4464 1912 4554 minus
1953 4496 2106 4569 Hugo
2147 4495 2436 4552 conventui
2472 4493 2660 4549 Sancti
2699 4491 2945 4566 Sepulcri
2979 4464 3098 4562 per.
3121 4507 3318 4545 manus

88 4569 179 4655 9"“
208 4571 324 4639 quia
351 4574 447 4634 hec
471 4579 656 4634 omnia
684 4579 827 4635 facta
851 4589 981 4636 sum
1001 4595 1232 4636 assensu
1262 4588 1317 4634 θι
1343 4577 1624 4634 κόιυιιιέὶῐθ
1731 4587 2159 4644 cannonicorutn
2184 4585 2254 4618 ⁵³³
2299 4585 2474 4655 ipsius
2522 4583 2754 4640 ecclesie
2773 4624 2788 4648 ,
2848 4581 3055 4637 domini
3112 4579 3319 4634 scilicet

88 4651 260 4746 (ξοπιίηὶ
291 4669 390 4724 mei
429 4673 692 4728 Amalrici
713 4714 728 4740 ,
765 4671 982 4728 comitis
1017 4671 1323 4738 Ascalonis,
1355 4670 1425 4727 de
1467 4671 1624 4727 cuius
1731 4676 1990 4733 Bernardi
2020 4677 2262 4732 cantoris
2286 4686 2339 4730 et
2370 4673 2618 4746 magistri
2646 4673 2892 4738 Achillis,
2921 4672 2977 4726 in
3000 4671 3117 4740 ipsa
3147 4670 3320 4724 eccle-

93 4741 218 4843 Ῐυοάο
239 4753 332 4813 fuit
367 4765 637 4832 presentis
670 4763 998 4820 venditionis
1027 4764 1325 4836 possessio,
1357 4771 1470 4818 tum
1496 4763 1625 4834 quia
1733 4768 1814 4824 sia
1859 4765 2043 4822 Sancti
2075 4767 2267 4838 Ioseph
2295 4767 2364 4798 ⁸⁸⁵
2400 4741 2570 4832 dedit,
2607 4763 2877 4820 concessit
2907 4770 2961 4816 et
2998 4759 3220 4814 tradidit
3255 4759 3321 4812 li-

93 4849 183 4933 ipse
201 4845 412 4917 sigillum
435 4873 544 4912 non
561 4857 758 4925 habeo,
783 4857 970 4912 sedula
993 4872 1152 4928 prece
1177 4856 1387 4912 obtinui
1417 4863 1622 4910 cartam
1731 4860 1859 4915 bere
1897 4868 1952 4914 et
1996 4859 2180 4929 quiete
2205 4867 2465 4929 perpetuo
2495 4855 2848 4928 possidenda,
2882 4853 3038 4908 nobis
3060 4853 3318 4906 omnibus

96 4938 224 4988 Istam
244 4940 404 5012 sigillo
424 4949 530 5004 iam
553 4949 686 5004 dicti
713 4948 921 5004 domini
967 4949 1072 5002 mei
1109 4947 1326 5003 comitis
1362 4947 1622 5003 corrobo-
1733 4950 2009 5007 comnnmi
2054 4965 2284 5005 assensu
2326 4959 2380 5004 et
2403 4949 2546 5003 bona
2575 4948 2855 5003 voluntate
2893 4944 3120 5002 eandem
3149 4944 3320 5000 dona-

95 5024 199 5078 mri-
1728 5045 1932 5100 tionem
1957 5042 2327 5107 laudantibus,
2357 5038 2827 5097 consentientibus
2857 5047 2910 5092 et
2937 5033 3318 5092 confirmanti-

154 5114 344 5183 Faflum
379 5143 457 5189 est
481 5144 664 5190 autem
691 5133 797 5188 hoc
825 5147 972 5188 anno
1004 5131 1400 5187 incarnationis
1430 5129 1630 5184 Doml‘
1724 5136 1845 5190 bus.
1879 5131 2203 5188 Pretaxatus
2228 5139 2412 5186 autem
2446 5129 2604 5201 llugo
2637 5128 2901 5183 voluntati
2934 5134 3122 5180 nostre
3156 5125 3319 5181 satis-

100 5205 214 5258 "im
243 5234 446 5293 ωειλ-ιιι,
494 5227 790 5283 indictione
815 5243 911 5281 vn.
946 5223 1120 5280 Huius
1141 5224 1219 5280 rei
1247 5231 1414 5280 testes
1447 5233 1577 5279 sunt
1607 5242 1618 5277 :
1724 5226 1933 5281 faciens
1962 5231 2016 5278 et
2041 5221 2262 5276 utilitati
2288 5222 2518 5278 ecclesie
2541 5229 2730 5277 nostre
2752 5219 3072 5286 consulens,
3097 5234 3196 5290 pro
3216 5218 3322 5275 hac

214 5306 606 5387 Constantinus,
653 5319 944 5375 Liddensis
991 5317 1304 5388 episcopus.
1359 5316 1620 5382 Absalon,
1726 5312 2158 5372 commutatione
2193 5313 2342 5368 dedit
2375 5313 2538 5368 nobis
2561 5322 2769 5384 partem
2793 5311 3028 5378 turonii,
3058 5311 3202 5381 quod
3236 5319 3321 5366 est

272 5409 558 5484 cpiscopus.
594 5412 913 5477 Gaufridus,
941 5411 1110 5466 abbas
1137 5409 1367 5480 Templi.
1403 5409 1616 5464 Rainal-
1727 5409 1830 5463 sub
1865 5405 2144 5460 Mirabella
2180 5406 2247 5460 ad
2293 5405 2491 5462 surdos
2517 5405 2716 5472 fontes,
2742 5413 2795 5461 et
2829 5405 2969 5460 duas
3003 5409 3321 5460 earrucatas

275 5495 382 5568 dus,
407 5506 550 5574 prior
585 5505 798 5561 Latine.
828 5503 1022 5559 Petrus
1045 5504 1112 5558 de
1137 5501 1410 5557 Calvario.
1727 5502 1783 5555 in
1807 5500 2000 5556 eodem
2028 5498 2322 5554 territorio.
2359 5497 2430 5554 Ut
2467 5499 2632 5572 igitur
2654 5501 2759 5555 hoc
2807 5507 2986 5554 ratum
3030 5495 3318 5552 inconvul-

108 5617 214 5737 "in
245 5627 298 5694 Β,
329 5639 529 5696 faciens.
605 5644 675 5675 ⁸⁸²
707 5643 769 5708 Β,
797 5640 1080 5712 Ibeelino.
1157 5639 1228 5670 ³⁸³
1255 5637 1315 5702 Β,
1343 5639 1620 5708 faciemus.

158 5691 351 5737 IIIp/mm
439 5712 508 5737 ny
535 5713 571 5737 ι)
623 5713 946 5737 cndu-mm---
1041 5712 1113 5737 ne
1144 5711 1166 5737 Α
1207 5708 1247 5737 ρο
1270 5710 1338 5737 ιω
1373 5719 1446 5737 .,ο.
1482 5708 1522 5737 ιι
1561 5710 1599 5737 ν.»

1748 5635 1868 5691 δΟιι
1900 5636 1962 5690 lit
1984 5636 2124 5690 dans
2149 5635 2186 5688 A
2217 5653 2229 5688 :
2262 5636 2308 5688 si
2347 5635 2573 5706 quidem.
2651 5635 2721 5667 ⁵⁸⁸
2736 5634 3092 5700 B,dominicc.
3137 5629 3227 5706 ,³⁸⁸
3255 5627 3317 5695 Β,
3417 5661 3422 5666 -

1750 5717 1770 5736 ο
1868 5707 1937 5737 an
1967 5706 2002 5737 ι)
2057 5706 2292 5737 Αιυιιηηιι.
2385 5707 2509 5737 cson
2548 5707 2957 5737 η...η....ρηι;,η.ο
3033 5705 3103 5737 ut
3137 5701 3174 5737 Ω
3217 5698 3317 5737 Δγ,

158 5691 366 5779 {we/"iui-
439 5691 594 5779 δῆν-Β,
617 5691 968 5769 Ere—tinnitus.
1041 5712 1113 5743 ⁸⁸⁸
1134 5711 1177 5764 Α
1206 5708 1247 5762 f°
1270 5691 1448 5775 v°;
1482 5708 1541 5762 Β.
1561 5710 1599 5760 Ι’·’

1750 5717 1792 5758 °.
1868 5707 1937 5740 ³⁵⁸
1964 5706 2004 5758 Β
2045 5706 2313 5760 Abarne/1.
2357 5691 2454 5738 ’⁵³⁸
2471 5707 2530 5762 Β.
2547 5691 2976 5767 commutatione.
3033 5705 3103 5738 ⁸⁹¹
3133 5701 3174 5755 Β
3209 5691 3317 5753 Ατὲ

121 5771 251 5820 crtus.
321 5775 390 5808 ³⁹²
416 5779 484 5850 Β,
509 5771 779 5855 quicquid.
853 5785 923 5816 ⁵³³
959 5782 1016 5849 Β,
1046 5771 1444 5836 σαηοηὶσονιὶηιξ
1517 5779 1587 5810 ⁸9⁸⁵
1629 5771 1801 5846 [030]).

356 5873 480 5939 9L1
495 5899 632 5941 noL.
673 5880 848 5941 CLV.
2919 5868 2997 5925 87
