3812 6312
504 311 637 370 1171
1104 308 1196 364 AD
1237 305 1688 368 GODEFRIDUM
1725 305 2020 363 APPEND.
2061 306 2106 362 ll
2168 338 2238 348 —
2274 306 2544 364 MONUM.
2587 307 2676 364 DE
2711 305 2934 362 BELLO
2973 303 3219 361 SACRO.
3589 306 3685 363 H72

711 425 1171 484 lherosolimitani
1190 425 1497 496 patriarcbe
1512 422 1896 492 cancellarins,
1923 432 1978 480 et
1990 423 2082 478 alii
2111 424 2160 484 Α
2183 423 2409 480 dendas.
2437 421 2550 480 Hec
2577 431 2760 481 autem
2792 430 2927 478 tunc
2963 419 3182 477 deserta
3217 425 3272 474 et
3300 425 3492 472 vastme
3514 419 3687 488 quedam

709 537 882 592 quam
906 521 1091 592 plures
1119 518 1210 574 "'.
2186 513 2496 580 existentia,
2532 529 2660 586 ,que
2721 513 3013 570 utilitatem
3066 508 3298 568 ecclesie
3345 523 3446 563 non
3505 523 3686 580 gravant,

571 613 739 670 Facta
768 623 952 671 autem
976 620 1060 668 est
1084 611 1154 643 ⁷¹³
1187 611 1384 681 pagine
1415 609 1582 680 hujus
1628 607 1913 680 inscriptio
1938 623 2084 664 anno
2187 605 2357 660 immo
2382 621 2489 677 que
2519 605 2762 675 predicta
2791 603 3107 660 conditione
3133 602 3259 658 data
3285 608 3518 671 prosunt,
3542 600 3634 655 dedi
3653 613 3690 656 et

499 705 571 761 ab
594 703 976 762 incarnatione
1019 703 1237 759 Domini
1281 717 1585 767 ucxxxvin,
1633 700 1930 756 indictione
1968 699 2083 771 pri-
2187 696 2436 753 concessi
2481 695 2536 750 in
2580 695 2857 767 presentia
2891 693 3099 752 domini
3143 690 3398 746 Willelmi
3436 691 3690 760 patriarche,

499 811 613 854 ma.
2184 804 2252 847 eo
2277 788 2396 860 ipso
2417 787 2700 855 laudante,
2731 786 2825 842 tali
2863 787 3084 858 quidem
3107 785 3274 840 modo
3303 799 3370 838 ne
3391 783 3505 854 quis
3527 783 3693 840 ulterius

594 865 596 867 ﬁ
1135 927 1347 983 Lxxm
1371 928 1444 960 τη
2189 893 2571 939 successorum
2609 892 2856 934 meorum
2886 879 2939 932 in
2970 877 3088 948 ipsa
3127 875 3359 933 ecclesia
3383 874 3550 929 Sancti
3574 874 3692 930 Geor-

499 1038 844 1079 PBIVILEGIUI
868 1021 1116 1079 ⁶ιιοοε1ιιι,
1166 1033 1535 1074 ιιΑΜΑτιιεΝδιε
1555 1032 1816 1079 ειηεεονι,
1841 1033 1908 1072 DE
1945 1031 2086 1072 DONO

2209 969 2258 1041 {ii
2288 969 2797 1028 substituendorum
2824 969 3190 1040 calumpniam
3223 967 3456 1040 aliquam
3491 966 3593 1023 inde
3615 985 3695 1022 iuo-

571 1059 1042 1149 IEV‘II'D'G‘Dl;G-ESSIONE
1094 1062 1359 1146 GASALIUM
1405 1103 1686 1144 CAPIINRUT
1738 1060 1816 1143 ET,
1855 1104 1985 1144 GITH
2013 1105 2082 1143 ΕΤ

2209 1072 2327 1131 teat,
2357 1063 2508 1119 salva
2560 1072 2744 1120 tamen
2779 1061 3185 1123 ehristianitate
3210 1072 3268 1118 et
3311 1061 3570 1120 medietate
3590 1062 3697 1118 deci-

569 1178 930 1220 mrnsscrL-rs
951 1177 1022 1216 ετ
1052 1176 1354 1217 ponemus.
2187 1169 2402 1211 marum
2425 1154 2713 1223 messium,
2740 1170 2848 1226 que
2870 1155 2939 1210 ad
2973 1170 3070 1211 eos
3093 1155 3349 1226 pertinet.

2257 1246 2485 1302 Factum
2527 1254 2612 1302 est
2647 1247 2754 1302 hoc
2777 1246 2983 1304 donum
3031 1261 3178 1301 anno
3225 1244 3590 1302 incarnationis
3623 1245 3698 1300 Duv

2188 1337 2322 1394 mini
2369 1354 2631 1406 meum,
2678 1337 2976 1394 indictione
3023 1354 3136 1402 11v,
3171 1336 3417 1393 kalendis
3439 1337 3698 1392 neveiuhris.

2189 1438 2449 1503 regnante
2486 1430 2541 1485 in
2575 1428 2910 1486 lberusalem
2956 1429 3218 1495 Fulcone,
3272 1427 3581 1484 Francorum
3613 1444 3702 1498 rege

2189 1522 2377 1579 tercio.
2413 1521 2589 1593 Hujus
2613 1538 2746 1578 vero
2775 1522 2905 1578 doni
2934 1521 3163 1594 legitimi
3190 1528 3359 1577 testes
3386 1528 3533 1576 sunt:

2328 1616 2646 1683 Anselmus,
2683 1615 2973 1686 episcopus
3003 1614 3305 1670 Bethleem.
3339 1612 3601 1678 Iohannes,
3619 1614 3700 1682 epi-

2403 1726 2607 1782 seopus
2649 1709 2873 1766 Aecbon
2899 1709 2992 1764 ⁷³⁸.
3025 1709 3336 1775 Acbardus,
3393 1705 3530 1777 prior
3550 1704 3704 1776 Templi

2406 1803 2645 1860 Domini.
2678 1802 2975 1869 Arualdus,
3005 1801 3156 1873 prior
3190 1801 3392 1857 Montis
3420 1799 3569 1871 Syon.
3592 1797 3702 1853 lien-

2404 1897 2575 1962 ricus,
2617 1895 2771 1968 prior
2820 1894 3022 1950 Montis
3064 1893 3282 1950 Oliveti.
3337 1892 3522 1960 Guido,
3572 1891 3707 1946 Sancti

2402 1987 2619 2044 Abrahe
2643 1988 2797 2060 prior
2821 1988 2916 2042 "’°.

2261 2078 2329 2135 Et
2357 2080 2424 2135 de
2449 2080 2690 2151 capitulo
2721 2077 2910 2135 Sancti
2947 2077 3169 2150 Georgii
3196 2096 3209 2131 :

2335 2170 2640 2228 Willelmus
2661 2170 2947 2227 Thuroldi.
2969 2169 3258 2228 lordanus.
3271 2166 3569 2223 Balduinus.
3582 2163 3712 2236 Hugo.

2399 2273 2452 2319 et
2473 2264 2826 2334 quamplures
2853 2263 2975 2318 alii-

2263 2350 2320 2406 Si
2369 2352 2496 2422 quis
2544 2352 2711 2423 igitur
2756 2352 2924 2407 huius
2967 2352 3098 2408 doni
3144 2351 3319 2406 nostri
3364 2349 3715 2404 concessionem

2189 2453 2354 2515 atque
2377 2443 2588 2500 domini
2624 2443 2938 2515 patriarcbe
2983 2457 3275 2500 assensum
3325 2447 3378 2496 et
3402 2438 3715 2496 continuatio-

2189 2551 2316 2592 nem
2337 2535 2546 2592 violare
2585 2535 2949 2607 temptaverit,
3000 2533 3369 2590 anathematis
3412 2530 3577 2603 gladio
3601 2529 3720 2584 feria-

2190 2635 2301 2693 tur,
2338 2627 2521 2698 quoad
2574 2643 2751 2699 usque
2797 2627 3094 2698 resipuerit
3141 2635 3197 2682 et
3243 2622 3574 2682 satisfecerit.
3612 2620 3721 2682 Fiat,

2191 2719 2306 2787 ﬁat,
2336 2735 2519 2788 amen,
2547 2735 2730 2776 amen.

566 1295 625 1351 In
662 1296 886 1352 nomine
914 1305 1102 1352 sancte
1133 1306 1186 1352 et
1213 1296 1492 1352 individue
1514 1295 1802 1353 Trinitatis
1824 1296 2004 1354 Patris
2032 1308 2086 1352 et

494 1387 619 1442 Filii
645 1396 700 1444 et
721 1386 958 1459 Spiritus
989 1386 1200 1454 Sancti,
1233 1403 1413 1442 amen.

567 1477 763 1550 Liquet
784 1494 906 1536 esse
933 1480 1365 1546 concedendum,
1382 1480 1555 1551 liquet
1576 1494 1700 1537 esse
1719 1489 1899 1536 ratum
1923 1489 2086 1552 atque

497 1570 717 1627 ﬁrmum
751 1572 841 1627 cui
870 1573 1055 1643 plures
1080 1579 1135 1628 et
1163 1572 1391 1644 legitimi
1423 1581 1588 1629 testes
1636 1572 1825 1628 auditu
1854 1572 2087 1643 visuque

493 1662 858 1735 peribere[n]t
913 1664 987 1696 ⁷⁸⁸
1040 1664 1439 1720 testimonium.
1481 1663 1597 1719 Hac
1645 1672 1832 1720 autem
1873 1664 2088 1720 ratione

495 1756 844 1827 procedente,
871 1756 1146 1828 simulque
1175 1772 1299 1812 eum
1333 1756 1666 1812 inviolabilis
1693 1755 1933 1827 episc0pi
1965 1771 2084 1812 ma-
2120 1771 2163 1830 Β

496 1857 624 1904 neat
647 1849 937 1914 sententia,
970 1864 1078 1919 que
1109 1848 1434 1905 clericorum
1470 1864 1699 1905 suorum
1743 1857 1800 1903 et
1823 1847 2088 1904 cannoni-

496 1954 688 1994 corum
710 1937 782 1972 ⁷¹⁶
810 1938 1167 1995 conﬁrmatur
1192 1940 1488 2010 presentia,
1517 1955 1619 2011 ego
1645 1939 1936 2011 Rogerius,
1967 1953 2088 2009 pro-

494 2030 714 2087 vidente
758 2029 869 2086 Deo
939 2029 1330 2089 Ramathensis
1381 2032 1693 2102 episcopus,
1740 2030 1973 2087 consilio
2035 2039 2089 2085 et

496 2135 729 2177 assensu
756 2120 934 2177 tocius
960 2121 1184 2192 capituli
1217 2119 1404 2176 Sancti
1439 2120 1658 2194 Georgi,
1694 2119 1905 2176 Radulli
1940 2120 2089 2176 vide-

495 2211 642 2277 licet,
689 2218 822 2268 tunc
869 2213 1134 2286 temporis
1169 2213 1561 2281 archidiaconi,
1606 2213 1951 2285 aliorumque
1996 2229 2088 2269 ca-

495 2303 843 2371 nonicorum,
870 2304 1018 2378 quod
1050 2305 1173 2360 dedi
1201 2313 1253 2360 et
1275 2305 1596 2360 conﬁrmavi
1642 2305 1873 2363 ecclesie
1904 2304 2090 2360 Domi-

494 2392 602 2447 nici
646 2391 918 2466 Sepulcri,
954 2393 1178 2448 domino
1204 2394 1455 2450 videlicet
1484 2393 1759 2451 Willelmo
1784 2394 1954 2466 priori
1995 2411 2087 2452 ce-

493 2485 739 2556 terisque
766 2484 956 2545 Sancti
997 2485 1246 2558 Sepulcri
1270 2487 1554 2544 canonicis
1580 2497 1634 2543 et
1663 2488 1779 2545 suis
1801 2504 2088 2545 successo-

493 2576 669 2642 ribus,
700 2577 943 2636 concedo
987 2586 1042 2633 et
1081 2579 1351 2638 conﬁrmo
1386 2579 1561 2636 eidem
1603 2579 1950 2636 Sanctissimi
1986 2579 2086 2636 Se-

497 2669 674 2738 pulcri
709 2670 959 2736 ecclesie,
1011 2670 1237 2726 domino
1279 2672 1490 2728 scilicet
1518 2671 1680 2727 Petro
1725 2673 1896 2743 priori
1939 2683 2087 2730 cete-

493 2761 682 2831 risque
715 2762 1099 2834 gloriosissimi
1136 2762 1382 2833 Sepuleri
1408 2763 1690 2819 canonicis
1720 2774 1775 2819 et
1815 2765 1932 2821 suis
1963 2782 2089 2822 suc—

496 2850 836 2917 cessoribus,
859 2851 969 2906 duo
998 2851 1200 2914 casalia
1221 2868 1288 2907 ex
1326 2853 1544 2924 propria
1576 2855 1925 2923 possessione
1949 2855 2089 2911 San-
2816 2854 3029 2910 LXXIV
3060 2856 3152 2911 1“.

496 2940 570 2994 eti
613 2939 831 3012 Georgii
883 2958 1009 3003 cum
1074 2943 1334 3000 omnibus
1393 2945 1734 3018 appendiciis
1786 2947 1903 3003 suis
1963 2949 2088 3019 jure
2190 2962 2534 3003 ratvrtsctuu
2559 2962 2830 3002 thtsm
2856 2963 2925 3002 ns
2946 2963 3103 3002 annis
3124 2962 3192 3001 ns
3220 2959 3360 3000 nono
3385 2958 3586 2998 DUORITI
3606 2956 3726 2995 cass-

496 3029 828 3087 hcreditario
859 3031 914 3086 in
941 3042 1263 3107 perpetuum
1303 3034 1628 3104 possidenda
1656 3053 1670 3101 ;
1709 3035 1904 3092 horum
1930 3054 2086 3094 casa-

2260 3035 2409 3086 uuu,
2424 3019 2675 3074 ossuum
2690 3033 2760 3072 ετ
2783 3019 3177 3084 annuam,“
3196 3033 3263 3071 us
3286 3031 3428 3071 nono
3450 3027 3672 3068 Ριεωιιε.

495 3123 830 3184 lium'aliud
875 3125 1094 3198 quidem
1151 3126 1488 3197 Capharuth,
1532 3129 1688 3184 aliud
1725 3146 1856 3186 vero
1896 3132 1985 3189 Git
2015 3134 2086 3166 7"
2114 3117 2156 3172 (ἶ
2259 3134 2419 3188 Anno
2461 3132 2532 3188 ab
2573 3132 2952 3188 incarnatione
2991 3130 3209 3186 Domini
3245 3145 3494 3192 chnn,
3524 3124 3730 3182 indictio-

495 3218 890 3286 vocatur;hec
920 3227 1101 3275 autem
1147 3222 1352 3277 casalia
1399 3222 1639 3293 prediete
1684 3223 1953 3281 Dominici
1985 3226 2084 3282 Se-
2190 3243 2258 3282 ne
2281 3244 2338 3293 χ,
2368 3225 2645 3281 Willelmo
2691 3224 3001 3295 patriarcha
3041 3221 3517 3278 lberosolimitane
3545 3216 3731 3272 ecclesie

495 3309 673 3377 pulcri
715 3310 944 3366 ecclesie
993 3316 1242 3368 concessi
1274 3313 1326 3368 in
1367 3316 1638 3384 presentia
1665 3315 1872 3372 domini
1905 3317 2084 3375 Guar-
2188 3319 2516 3390 presidente,
2536 3316 2776 3372 Fulcone
2797 3331 2922 3387 rege
2937 3314 3276 3370 Francorum
3301 3313 3474 3367 tercio
3494 3319 3730 3381 regnante.

494 3402 688 3458 mundi
728 3405 1039 3474 patriarche
1084 3422 1151 3462 eo
1183 3407 1302 3478 ipso
1351 3408 1626 3465 laudante.
1676 3409 1930 3467 Preterea
1958 3429 2083 3469 cum
2188 3426 2290 3483 ego
2324 3408 2633 3463 Willelmus
2675 3406 2743 3461 de
2771 3405 2931 3460 Buris
2977 3420 3079 3475 pro
3113 3405 3293 3458 salute
3334 3403 3517 3458 anime
3557 3414 3660 3454 mee
3691 3405 3732 3448 et

494 3496 654 3552 liceat
679 3497 908 3559 ecclesie
932 3501 1227 3555 venerabili
1255 3517 1378 3557 cum
1393 3503 1501 3558 alia
1529 3505 1829 3560 venerabili
1855 3507 2084 3562 ecclesia
2187 3510 2479 3573 parentum
2507 3513 2754 3554 meorum
2788 3497 3017 3553 ecclesie
3059 3493 3410 3551 Sanctissimi
3457 3490 3676 3562 Sepuleri
3699 3498 3737 3541 et

495 3601 678 3641 rerum
706 3588 870 3650 etiam
920 3589 1316 3660 immobilium,
1365 3594 1699 3652 concedente
1733 3593 2083 3667 patriarcha,
2187 3591 2466 3650 canonicis
2540 3590 2740 3645 ibidem
2813 3588 3137 3660 regulariter
3207 3587 3320 3642 Deo
3396 3583 3734 3642 servientibus.

494 3679 540 3734 si
575 3681 822 3750 partibus
852 3685 1119 3745 ambabus
1145 3687 1343 3756 placet,
1394 3690 1854 3758 permutationem
1882 3690 2082 3756 facere,
2187 3700 2415 3740 assensu
2443 3691 2499 3738 et
2535 3681 2891 3738 concessione
2927 3681 3224 3750 supradicti
3266 3679 3412 3750 regis
3437 3687 3493 3734 et
3521 3684 3738 3746 nepotum

495 3767 624 3822 item
655 3770 890 3830 consilio
917 3782 970 3828 et
1001 3789 1227 3830 assensu
1264 3777 1429 3832 totius
1455 3778 1680 3848 capituli
1704 3777 1890 3835 Sancti
1915 3780 2086 3835 Geor-
2188 3791 2459 3843 meorum,
2504 3773 2718 3829 Radulﬁ
2763 3772 2830 3828 de
2869 3771 2997 3828 Ysis
3043 3781 3098 3827 et
3131 3772 3376 3826 Simonis
3414 3771 3508 3835 ⁷⁸⁸,
3542 3770 3670 3825 dono
3699 3776 3738 3819 et

494 3859 590 3930 gii,
619 3860 767 3918 dono
812 3872 866 3921 et
905 3865 1175 3921 conﬁrmo
1205 3867 1412 3937 prefate
1458 3871 1689 3926 ecclesie
1738 3869 2083 3928 Sanctissimi
2186 3868 2427 3925 concedo
2468 3867 2578 3923 duo
2620 3866 2844 3933 casalia,
2873 3866 3121 3922 videlicet
3163 3864 3337 3919 Gebul
3374 3874 3428 3918 et
3473 3861 3672 3926 Heilm,
3703 3867 3743 3912 et

495 3951 767 4022 Sepulcri,
813 3956 1038 4013 domino
1084 3959 1334 4015 videlicet
1362 3960 1522 4016 Petro
1564 3963 1734 4035 priori
1778 3964 2085 4036 ceterisque
2186 3977 2405 4018 omnem
2430 3969 2631 4016 terram
2661 3974 2770 4028 que
2811 3958 2880 4013 ad
2922 3974 2986 4013 ea
3021 3957 3278 4028 pertinet,
3317 3957 3489 4011 libere
3516 3964 3569 4010 et
3589 3968 3742 4024 perpe-

488 4042 773 4099 Canonicis
799 4044 984 4101 Sancti
1016 4045 1262 4118 Sepulcri
1291 4057 1345 4104 et
1372 4050 1489 4106 suis
1521 4052 1955 4119 successoribus,
1977 4053 2085 4107 duo
2188 4062 2283 4111 tuo
2300 4051 2426 4121 jure
2460 4049 2812 4120 possidenda.
2841 4046 3016 4116 Hujus
3046 4056 3230 4102 autem
3263 4055 3409 4101 terre
3435 4043 3702 4116 longitudo
3722 4057 3743 4094 a

491 4129 599 4183 alia
648 4132 877 4199 casalia,
915 4133 1234 4191 Kefrescilta
1272 4147 1326 4193 et
1352 4137 1709 4210 Porpbiliam,
1757 4157 1823 4196 ex
1864 4144 2082 4216 prepria
2186 4143 2464 4198 montanis
2506 4157 2601 4211 per
2642 4141 2865 4212 planum
2908 4155 3085 4210 usque
3115 4140 3182 4194 ad
3226 4137 3523 4193 Iordanem
3566 4137 3746 4202 elonga-

491 4220 841 4287 possessione
882 4220 1067 4279 Sancti
1113 4225 1330 4299 Georgii
1377 4242 1503 4286 cum
1532 4231 1788 4286 omnibus
1817 4231 2081 4301 appendi-
2185 4238 2402 4304 mpm;
2452 4237 2682 4293 latitudo
2715 4252 2846 4292 vero
2870 4253 2900 4291 ει
2935 4236 3203 4291 divisione
3249 4235 3494 4290 Bethsan
3531 4242 3584 4289 et
3620 4231 3746 4285 Tibe-

489 4309 591 4400 ciis
614 4311 749 4379 suis,
771 4321 826 4368 et
848 4316 1189 4372 medietatem
1215 4319 1551 4376 decimarum
1580 4322 1844 4377 messium
1863 4338 2083 4378 eorum-
2186 4330 2354 4386 riadis
2379 4330 2451 4361 ⁷²⁶
2478 4345 2654 4400 usque
2681 4329 2747 4383 ad
2778 4344 2990 4390 cavam,
3031 4345 3139 4398 que
3179 4337 3265 4383 est
3308 4328 3567 4398 proxima
3593 4325 3747 4384 casali,

489 4399 614 4455 dem
663 4403 928 4459 casalium
996 4416 1050 4462 et
1071 4417 1239 4464 totam
1291 4410 1560 4466 decimam
1616 4411 1848 4466 aliarum
1895 4428 2078 4468 rerum
2111 4481 2156 4493 λ
2185 4422 2332 4493 quod
2355 4399 2856 4488 diciturHuxenia,
2885 4421 3220 4486 extenditur,
3251 4429 3307 4476 et
3331 4421 3504 4475 docet
3525 4429 3580 4475 et
3602 4416 3750 4485 dirigit

489 4494 764 4563 "mnium,
803 4496 977 4553 eidem
1006 4500 1340 4558 CODﬁl'manS
1378 4503 1610 4559 θοοιθείθ
1655 4503 1897 4572 predicta
1925 4521 2083 4560 casa-
2111 4481 2163 4541 D
2186 4512 2529 4570 rectitudinis
2559 4513 2758 4567 lineam
2785 4512 2851 4566 ad
2884 4512 3124 4582 prodicta
3173 4518 3436 4566 montana
3475 4512 3750 4577 ﬂumenque

491 4585 583 4678 lia,
605 4584 888 4658 Capharut
917 4591 989 4623 ⁷³⁸
1018 4601 1074 4648 et
1098 4592 1246 4661 Gith,
1297 4611 1422 4649 cum
1453 4595 1713 4676 omnibus
1743 4597 2079 4666 appendieiis
2187 4606 2478 4678 profatum,
2509 4604 2737 4676 Insuper
2780 4603 2989 4676 [etiam]
3015 4605 3087 4636 ⁷⁸⁷
3125 4619 3318 4659 omnes
3361 4605 3653 4673 piscarias,
3672 4617 3752 4671 que

489 4677 607 4734 suis
629 4687 685 4734 et
714 4681 1057 4739 medietatem
1087 4685 1424 4742 decimarum
1470 4687 1732 4742 messium
1759 4690 2076 4746 corumdem
2186 4677 2252 4753 ad
2284 4713 2371 4751 me
2414 4695 2704 4766 pertinent,
2759 4711 2855 4765 per
2905 4704 3029 4750 octo
3069 4695 3183 4750 dies
3231 4694 3465 4764 puelatis
3510 4694 3755 4751 canonici:

488 4771 753 4826 casalium
775 4776 1334 4845 totamqnedecimam
1348 4777 1577 4838 aliarum
1605 4782 2074 4848 rerumomnium;
2185 4789 2554 4844 confratribus
2589 4787 2728 4842 meis
2770 4787 2978 4841 solutas
3004 4795 3059 4841 et
3099 4787 3314 4856 quietas
3349 4787 3405 4841 in
3453 4800 3754 4858 unoquoque

490 4860 583 4914 tali
607 4862 828 4932 quidem
853 4865 1168 4922 conditione
1204 4877 1264 4922 ut
1293 4868 1569 4937 predictus
1603 4871 1861 4928 dominus
1881 4871 2077 4930 Petrus
2185 4896 2330 4943 anno
2385 4879 2663 4935 habendas
2724 4877 2986 4943 attribuo,
3040 4877 3304 4933 sciliceta
3360 4877 3754 4950 Septuagesima

489 4953 640 5022 prior
685 4955 963 5032 ceterique
999 4957 1250 5013 canonici
1310 4957 1497 5023 Sancti
1553 4959 1796 5033 Sepuleri
1853 4965 2077 5030 donent,
2182 4986 2356 5040 usque
2388 4969 2442 5023 in
2467 4968 2699 5034 Pascha,
2737 4968 2790 5021 in
2821 4983 3166 5038 quacumque
3203 4970 3524 5027 ebdomada
3547 4969 3758 5038 accipere

490 5044 796 5100 concedant
823 5055 989 5116 atque
1017 5048 1341 5104 conﬁrment
1365 5052 1594 5109 ecclesie
1626 5053 1812 5110 Sancti
1835 5055 2074 5126 Georgii,
2182 5063 2493 5128 voluerint;
2525 5059 2599 5114 ita
2624 5068 2805 5115 tamen
2845 5059 3013 5130 quod,
3045 5060 3091 5114 si
3117 5061 3170 5114 in
3220 5061 3328 5116 hiis
3362 5063 3443 5094 "9
3476 5063 3686 5124 diebus,
3718 5061 3757 5111 in

488 5135 623 5190 mihi
655 5133 868 5194 scilicet
896 5137 1140 5208 meisque
1169 5145 1580 5202 successoribus
1611 5157 1663 5202 et
1686 5148 1891 5203 nostris
1913 5163 2076 5202 cano-
2181 5155 2384 5224 quibus
2406 5152 2606 5225 piscari
2638 5150 2962 5221 inceperim,
2993 5166 3143 5206 mare
3173 5151 3470 5208 turbatum
3501 5152 3659 5208 fuerit
3683 5165 3755 5203 ne

490 5225 650 5319 Eleis.
689 5227 932 5282 decimas
978 5231 1184 5286 castelli
1233 5233 1458 5291 Arualdi
1501 5245 1555 5292 et
1610 5237 1852 5296 decimas
1880 5239 2080 5298 casalis
2184 5262 2290 5319 que
2313 5260 2413 5316 pro
2439 5245 2576 5300 velle
2612 5257 2713 5298 suo
2741 5241 2943 5312 piscari
2976 5241 3266 5309 valuerint,
3319 5244 3374 5298 in
3406 5246 3567 5310 aliis,
3593 5244 3761 5314 quibus

491 5315 812 5390 l‘lospitalis,
865 5323 1087 5380 nomine
1137 5325 1353 5398 Bulbul,
1413 5331 1467 5386 in
1523 5341 1844 5404 perpetuum
1897 5335 2077 5406 possi--
2182 5315 2468 5410 elegerint,
2499 5335 2580 5392 eis
2607 5333 2950 5410 persolvatur
2974 5341 3028 5388 et
3053 5344 3542 5404 recompensetur.
3567 5334 3758 5389 Necnon

561 5531 632 5564 ⁷η
666 5528 728 5592 Β,
754 5529 850 5586 alii
879 5531 1073 5602 plures.
1155 5536 1223 5566 ⁷¹³
1245 5539 1304 5606 Β,
1323 5551 1398 5596 est
1427 5553 1625 5597 autem.
1705 5546 1774 5576 7”
1802 5545 1864 5611 Α,
1891 5545 1932 5602 1"
1959 5546 2086 5608 68,1

492 5599 559 5629 7H
611 5601 648 5629 n
711 5599 832 5629 run.
934 5603 1004 5629 ’1η
1069 5605 1215 5629 ι’-..ι
1333 5612 1367 5629 ,ο
1505 5615 1572 5629 ηιο
1609 5614 1646 5629 n
1717 5615 1730 5629 ι
1784 5616 1794 5629 ι
1977 5619 2046 5629 .-.ι

2209 5548 2247 5613 ι,
2273 5548 2313 5602 r
2340 5522 2432 5611 77',
2459 5558 2530 5601 νο.
2605 5548 2675 5579 τη
2703 5544 2764 5608 B,
2790 5542 3097 5629 ρεννιέρςι-ςι.
3120 5611 3147 5629 Δ
3177 5541 3253 5629 τε
3281 5541 3347 5608 Β,
3376 5542 3753 5629 ca'r‘tozitz‘nnr.

492 5599 559 5629 '"
607 5599 886 5666 B.Gitb.'
934 5603 1004 5639 ⁷⁸³
1068 5599 1398 5674 Cap/mrum.
1505 5615 1572 5644 τη
1608 5599 1910 5672 lixis/ron.
1970 5599 2049 5650 ’⁷ιά

491 5669 559 5702 τη
594 5671 632 5705 ιι
709 5670 873 5705 Cal-nl
972 5675 1043 5705 τη
1070 5674 1107 5705 n
1171 5676 1361 5705 11-1----
1455 5686 1520 5705 μ’.
1554 5685 1590 5705 n
1847 5688 1856 5705 ,-
2010 5690 2079 5705 ιη.

2217 5599 2327 5705 ιῖξον
2362 5599 2549 5673 δάητιί
2579 5599 2807 5705 ,ιίὸΠέΙιιςξ
2859 5613 2988 5705 T7,"
3026 5611 3160 5705 5.1"
3182 5613 3497 5705 ίῖθζδξθὲῧν

497 5670 666 5750 ""B,
709 5670 904 5728 Grbul.
972 5675 1043 5752 7"”
1070 5670 1377 5737 Β,Ἠε1σίυ·.
1455 5686 1522 5724 ⁷³³
1554 5685 1612 5749 Β,
1641 5670 1903 5754 Symonis.
2010 5690 2079 5719 ⁷²⁸

497 5754 618 5800 DIES
661 5742 722 5800 B.
805 5745 872 5781 ⁷³⁸
900 5743 1083 5811 8,1115.

2581 5670 2589 5671 ί
2631 5670 2723 5721 7"“
2751 5670 2818 5749 Β)
2859 5670 3189 5750 Tylmriatlis.
3258 5670 3332 5716 +37
3376 5670 3618 5754 Suppléé
3659 5670 3754 5735 d'a-
