3824 6308
55 369 182 423 H75

1044 363 1495 421 CARTULAIRE
1532 363 1621 420 DU
1667 364 1866 420 SAINT
1905 364 2285 421 SEPULCBE.

3183 369 3324 425 H75

51 489 208 536 totam
243 475 538 547 angariam
600 482 656 528 et
701 473 964 529 auxilium
1006 475 1252 532 omnium
1294 477 1634 548 piscatorum
1663 479 1710 538 Α
1739 475 1956 531 debent.
1995 473 2060 530 Ut
2093 483 2276 530 autem
2309 473 2414 529 hoc
2441 471 2592 529 omni
2638 482 2881 545 tempore
2923 484 3099 531 ratum
3133 477 3322 534 incon-

53 584 288 626 meorum
338 583 443 638 per
489 581 657 622 unum
692 566 838 621 diem
885 567 1018 637 ipsis
1050 567 1331 622 annuatim
1363 568 1622 623 concedo.

52 663 286 717 Preterea
316 668 382 714 ut
410 674 606 714 navem
637 674 801 714 unam
829 659 885 713 in
907 660 1047 714 mari
1077 659 1278 716 Galilee
1313 661 1380 715 ad
1407 661 1628 730 piscan-

51 757 168 809 dum
196 752 426 808 assidue
465 751 702 806 habeant
743 751 825 807 eis
846 752 1098 808 similiter
1130 753 1296 808 dono.
1322 751 1498 824 Hujus
1529 753 1631 808 ita-

53 862 148 916 que
171 844 495 899 donationis
520 852 684 899 testes
709 851 870 899 sunt:

181 935 431 992 Domnus
467 933 794 1001 Willelmus,
828 937 1140 1008 patriarcha
1163 947 1217 994 et
1238 938 1408 993 Fulco
1438 953 1631 1008 supra-

242 1027 453 1095 dictus,
481 1043 595 1082 rex.
624 1027 952 1096 Willelmus,
991 1031 1436 1102 archiepiscopus
1466 1030 1630 1086 Naza-

243 1134 436 1175 renus.
494 1119 808 1188 Anselmus,
859 1122 1151 1193 episcopus
1201 1123 1496 1180 Bethleem.
1528 1123 1628 1178 Pe-

245 1224 387 1283 trus,
421 1217 582 1286 prior
622 1216 806 1272 Sancti
851 1216 1118 1288 Sepulcri.
1151 1219 1455 1285 Achardus,
1480 1219 1631 1288 prior

247 1305 486 1376 Templi.
513 1307 808 1374 Arnaldus,
840 1307 991 1378 prior
1017 1307 1218 1363 Montis
1245 1308 1413 1380 Syon.

118 1394 184 1449 Dc
206 1394 500 1450 Tiberiade
529 1397 601 1428 "9
618 1411 748 1451 vero
769 1397 996 1466 eiusque
1011 1397 1248 1452 conﬁnio
1277 1405 1442 1452 testes
1469 1405 1624 1451 sunt:

177 1486 475 1554 Goﬁ'ridus,
508 1488 824 1558 capellanus
851 1487 1157 1544 Tiberiidis
1192 1487 1283 1542 7”.
1317 1488 1511 1553 Guala,
1541 1489 1628 1542 vi-

242 1593 521 1636 cecomes.
572 1578 979 1636 Guarmundus.
1034 1579 1286 1651 Paganus
1334 1579 1402 1635 de
1447 1579 1630 1636 Monte

249 1667 463 1738 Regali.
494 1668 772 1740 Mangoth.
809 1668 1004 1725 Ricoll'.
1039 1667 1194 1740 llugo
1238 1670 1305 1724 de
1331 1667 1622 1723 Badalone.

241 1757 490 1815 Thomas
518 1759 587 1815 de
608 1759 870 1822 Bethsan.

120 1849 181 1905 Ut
209 1860 389 1906 autem
422 1853 802 1922 supradictum
833 1854 1040 1908 donum
1084 1852 1301 1908 ﬁrmum
1329 1853 1419 1917 sit,
1454 1850 1630 1922 sigillo
1664 1850 1705 1905 Β

57 1957 160 1996 meo
183 1951 496 2012 presentem
524 1952 733 1999 cartam
762 1946 1047 2000 conﬁrmo.

117 2032 218 2106 Ego
245 2033 436 2102 Fulco,
471 2052 571 2107 per
601 2035 695 2091 Dei
727 2038 966 2109 gratiam
1023 2053 1118 2094 rex
1169 2038 1521 2104 lhernsalem,
1548 2037 1626 2092 si-

58 2124 169 2194 gillo
191 2141 310 2184 meo
339 2129 661 2200 supradicta
687 2129 829 2186 dona
857 2130 1142 2187 conﬁrmo.

672 2263 862 2320 LXXV
889 2267 979 2322 ⁷³⁸.

63 2368 378 2410 rmmscwu
410 2372 745 2424 BEBTRANDI,
779 2375 988 2414 IlLlTlE
1023 2358 1094 2389 τ³¹
1125 2373 1319 2413 reum
1349 2373 1622 2420 molsrm,

121 2442 177 2479 ns
202 2441 515 2483 nsunssrons
548 2444 612 2482 CI.
654 2445 1012 2484 BISANTIORUH
1057 2430 1147 2495 ⁷³³,
1179 2445 1314 2492 oues
1342 2445 1431 2483 ιλιι
1466 2445 1623 2486 mare:

119 2512 300 2553 IILICIE
330 2515 612 2567 ANNUATMJ
652 2516 1336 2560 νεεςοὺγεπῒεῡξτῑω-πει

120 2599 169 2664 in
194 2613 408 2668 nomine
432 2622 628 2670 sancte
652 2623 710 2670 et
741 2615 1018 2672 individue
1046 2615 1333 2672 Trinitatis
1365 2617 1542 2672 Patris
1571 2628 1626 2674 et

64 2699 163 2755 Filii
189 2712 237 2758 et
258 2703 498 2776 Spiritus
527 2705 736 2774 Sancti,
766 2724 945 2763 amen.

122 2793 301 2852 Notum
330 2799 400 2854 sit
444 2799 730 2866 omnibus,
780 2810 890 2857 tam
931 2801 1130 2859 futuris
1162 2819 1326 2874 quam
1361 2803 1624 2872 presenti-

65 2887 165 2952 bus,
189 2891 322 2960 quod
346 2908 447 2964 ego
478 2892 839 2961 Bertrandus,
868 2911 964 2964 per
986 2895 1079 2949 Dei
1110 2896 1337 2966 gratiam
1364 2896 1624 2966 magister

66 2977 227 3034 militie
255 2979 486 3053 Templi,
523 2984 803 3039 communi
847 3000 1074 3041 assensu
1111 2995 1166 3041 et
1217 2987 1494 3042 voluntate
1532 2996 1620 3042 to-

64 3065 160 3121 cius
186 3071 343 3125 nostri
368 3073 623 3143 eapituli,
649 3071 933 3142 Nicholao,
982 3076 1171 3130 eadem
1209 3077 1381 3147 gratia
1429 3077 1618 3134 Domi”

65 3157 152 3212 uici
179 3159 412 3232 Sepulcri
440 3165 640 3236 priori,
671 3175 725 3221 et
755 3167 1012 3222 universo
1049 3169 1439 3224 canonicorum
1468 3171 1614 3224 eius-

65 3248 163 3303 dem
203 3249 440 3324 Scpulcri
489 3258 733 3328 capitulo
774 3259 1103 3315 dimittimus
1125 3260 1198 3291 ⁷³⁵
1229 3270 1282 3315 ct
1333 3261 1388 3314 in
1422 3277 1613 3332 perpe-

64 3348 190 3396 tuum
217 3345 374 3404 libere
395 3358 448 3404 ct
481 3350 669 3419 quiete
705 3349 1014 3405 habendum
1063 3352 1418 3408 concedimus
1443 3370 1508 3408 cr.
1538 3354 1620 3408 bi-

66 3433 270 3501 zaucios,
301 3455 436 3508 quos
471 3439 545 3496 ad
576 3443 1030 3498 sustentationem
1056 3453 1300 3499 nostram
1333 3446 1616 3500 annuatim

64 3526 419 3589 persolvebant.
454 3531 615 3590 Hanc
658 3544 840 3590 autem
886 3535 1262 3592 dimissionem
1295 3545 1348 3592 et
1395 3554 1619 3592 conces-

65 3611 239 3671 sionem
263 3619 366 3677 illis
388 3621 630 3678 facimus
654 3641 751 3694 pro
780 3625 955 3683 tribus
980 3628 1256 3684 casalihus
1281 3643 1405 3682 cum
1436 3629 1618 3682 omni-

66 3699 148 3756 bus
164 3709 495 3774 pertinentiis
517 3713 764 3769 suis'tam
789 3715 846 3768 in
877 3716 1038 3771 terris
1058 3732 1222 3786 quam
1272 3717 1326 3771 in
1351 3717 1571 3773 rusticis
1601 3737 1614 3782 ;

67 3791 102 3844 Si
121 3808 240 3863 quos
276 3801 433 3859 etiam
489 3805 729 3861 rusticos
775 3807 842 3862 ad
883 3808 987 3862 ista
1041 3801 1248 3864 casalia
1286 3810 1618 3878 pertinentes

68 3882 234 3942 alicubi
255 3893 543 3964 adquirere
565 3899 888 3968 poterimus,
920 3901 1080 3955 nobis
1111 3903 1441 3968 concedunt,
1459 3919 1619 3958 exce-

67 3973 154 4040 ptis
184 3978 280 4038 illis
301 3988 525 4044 rusticis
552 3989 645 4056 ⁷³⁵,
674 4005 813 4060 quos
841 3991 1042 4046 habent
1079 3991 1133 4046 in
1159 3993 1435 4049 casalihus
1479 3995 1614 4050 suis.

67 4061 274 4130 Quorum
303 4081 570 4135 casalium
594 4081 699 4136 ista
733 4091 861 4138 sunt
906 4085 1165 4140 nomina:
1216 4086 1455 4156 primum
1480 4087 1619 4142 dici-

69 4163 142 4211 tur
177 4160 366 4236 Bubin,
413 4173 721 4228 secundum
773 4173 1116 4244 Caphardin,
1167 4177 1395 4232 tercium
1443 4175 1618 4254 Betel-

69 4254 222 4309 ranzir
247 4259 331 4316 ⁷³⁸.
380 4263 551 4320 Facto
581 4268 661 4322 sic
701 4269 807 4322 ﬁne
841 4277 895 4323 et
925 4271 1218 4325 concordia
1263 4271 1402 4326 inter
1436 4271 1535 4329 nos
1564 4281 1620 4328 et

71 4336 169 4395 illos
189 4350 318 4415 quod
347 4369 442 4422 pro
477 4356 578 4412 hac
598 4357 916 4424 donatione,
963 4360 1214 4416 videlicet
1252 4362 1417 4416 trium
1456 4379 1615 4418 casa-

70 4427 196 4501 "um,
229 4455 325 4509 que
357 4448 516 4503 nobis
545 4450 869 4516 concedunt,
907 4451 1134 4521 predicti
1159 4469 1224 4508 cr.
1252 4454 1484 4510 bizancii
1517 4471 1616 4511 nec

72 4534 150 4586 De?
167 4542 254 4585 nos
275 4549 367 4590 nec
395 4544 510 4608 (per
541 4554 893 4597 successores
941 4553 1161 4599 nostros
1219 4545 1448 4600 ulterius
1493 4562 1611 4602 exn-

73 4622 251 4705 gentur,
275 4625 397 4692 quia
433 4629 506 4660 ⁷³⁷
532 4629 602 4684 ab
652 4629 755 4685 hac
804 4633 1090 4688 exactione
1128 4634 1359 4690 ecclesia
1390 4636 1614 4705 gloriosi

75 4695 281 4769 Sepulcri
309 4713 475 4773 libera
506 4719 561 4773 in
588 4729 911 4791 perpetuum
940 4723 1166 4792 paciﬁce
1204 4734 1257 4779 et
1285 4695 1468 4794 quiete
1491 4742 1622 4796 pere

75 4798 292 4889 πξίῗξξθὶξίιο
318 4803 388 4862 Ea
416 4820 641 4882 propter
671 4815 938 4882 pretaxati
965 4814 1161 4872 fratres
1188 4819 1364 4872 nostri
1387 4821 1615 4874 canoni-

75 4883 114 4931 εἰ
135 4883 194 4977 "1'
213 4887 460 4956 Dominici
486 4903 734 4973 Sepulcri
757 4907 1000 4975 predicta
1033 4909 1135 4963 tria
1160 4910 1386 4977 casalia,
1422 4913 1614 4968 videli-

75 4977 144 5073 αξ
165 4971 342 5052 Bubin,
371 4971 706 5061 Caphardin,
735 4971 1106 5063 Detelcanzir,
1132 4999 1299 5056 libere
1331 4971 1386 5056 et
1407 5003 1610 5073 quiete,

77 5061 197 5154 salva
220 5076 486 5138 medietate
513 5084 725 5141 decime
753 5102 871 5154 sue,
905 5089 1046 5144 sicut
1074 5091 1128 5145 in
1161 5093 1356 5148 ceteris
1383 5061 1610 5151 decimis

81 5145 281 5258 habent,_
304 5172 453 5230 nobis
499 5179 814 5250 nostrisque
853 5185 1266 5240 successoribus
1312 5186 1366 5239 in
1413 5203 1596 5258 perpe-

81 5244 203 5347 Ellllm
269 5254 500 5321 habenda
569 5269 691 5324 sine
735 5273 886 5328 omni
934 5288 1033 5328 sua
1062 5283 1116 5329 et
1169 5244 1603 5347 suc[c]essorhm

83 5340 264 5438 ῗξῗηπη
288 5358 702 5416 contradictione
716 5363 1042 5419 concedunt.
1079 5363 1136 5420 Si
1165 5340 1296 5422 vero
1317 5340 1516 5438 aliquis
1539 5379 1606 5424 (te

84 5422 224 5526 Eii?“
249 5443 486 5505 Prodictis
512 5453 787 5510 casalibus
815 5457 1180 5526 calumpniam
1214 5458 1373 5514 nobis
1404 5422 1606 5515 inferre

89 5511 293 5594 voluerit,
320 5548 495 5603 pacem
525 5546 684 5628 nobis
705 5547 772 5602 de
800 5549 1058 5605 omnibus
1085 5551 1400 5608 hominibus
1426 5551 1606 5608 facere

1649 4587 1691 4640 D

145 5669 196 5777 ’ἐξ
222 5680 530 5777 ἓςέεττὲαάε·
605 5700 1136 5777 τυῡετίαάίεε
1327 5676 1393 5775 Α,
1425 5707 1465 5762 ιι»
1508 5708 1594 5776 το,
1627 5719 1706 5777 ro;

89 5735 140 5769 7n
158 5742 192 5795 Β
227 5735 530 5807 άὲ’“ρ”ζ““υο
703 5735 763 5767 υ,
799 5735 821 5756 ι
840 5735 1128 5788 ευοιουειιις.
1149 5778 1160 5789 ο

89 5788 221 5838 γεω,ζῄ
260 5771 542 5838 ,ηειξξηιαι
646 5773 716 5804 ⁷³³
743 5772 804 5838 Β,
832 5784 1048 5828 rusticis
1077 5776 1208 5830 illis.

1732 568 2060 638 vulsumque
2089 575 2425 638 permaneat,
2460 567 2728 636 presentis
2773 568 2962 638 scripti
2991 570 3209 640 pagina,
3239 572 3319 626 si-

1733 660 1846 733 gilli
1875 676 2095 732 quoque
2122 661 2293 716 nostri
2310 661 2666 731 impressione
2687 663 3094 719 eommunimus
3115 675 3170 720 et
3190 681 3322 720 eon-

1733 753 2038 819 ﬁrmamus,
2070 769 2196 807 nam
2223 767 2279 808 et
2307 768 2520 819 eorum,
2552 769 2786 823 quorum
2814 756 3032 810 nomina
3080 758 3322 814 subscri-

1734 853 1824 915 pta
1849 853 1999 912 sunt,
2031 844 2472 900 attestationibus
2501 845 2956 901 corroboramus:

1881 935 2144 990 Willelmi
2183 935 2454 1001 videlicet,
2484 936 2802 991 sencscalci.
2846 935 3052 992 Fratris
3074 936 3322 993 Gaufridi

1953 1028 2248 1083 Fulcherii.
2302 1026 2510 1082 Fratris
2537 1026 2745 1084 Thome
2779 1027 3078 1084 Hermoini.
3113 1028 3322 1085 Fratris

1947 1119 2262 1189 Berengarii
2293 1119 2360 1175 de
2387 1119 2624 1176 Castello
2647 1119 2829 1176 Perse.
2863 1119 3070 1174 Fratris
3098 1119 3323 1176 Galterti

1956 1210 2277 1272 Beritensis.
2309 1211 2518 1268 Fratris
2544 1211 2750 1268 Odonis
2795 1213 2862 1268 de
2908 1213 3167 1268 Avalone.
3197 1213 3324 1268 Fra-

1947 1303 2048 1358 tris
2075 1303 2288 1358 Boneti.
2325 1303 2532 1358 Fratris
2585 1303 2866 1358 Mainardi.
2910 1301 3115 1358 Fratris
3145 1303 3324 1358 Amal-

1947 1397 2049 1451 rici
2099 1396 2166 1450 de
2205 1395 2402 1450 Bcrno.
2457 1395 2664 1450 Fratris
2717 1395 2984 1460 Gaufridi,
3031 1395 3314 1465 capellani.

1951 1485 2162 1542 Fratris
2201 1485 2481 1551 Iohannis,
2528 1486 2810 1556 capellani.
2855 1485 3062 1541 Fratris
3107 1485 3319 1542 “adulti

1945 1573 2270 1645 Tyberiadis
2311 1575 2400 1628 ⁷³³.
2437 1573 2647 1629 Fratris
2680 1573 2924 1645 Hugonis
2947 1575 3014 1629 de
3043 1575 3326 1636 Corhelio.

1943 1665 2152 1721 Fratris
2180 1665 2401 1721 Leonis.
2437 1665 2645 1723 Fratris
2680 1664 2938 1736 Stephani
2970 1667 3038 1720 de
3069 1665 3320 1720 lhcrusa-

1947 1757 2072 1811 lem.
2122 1755 2331 1812 Fratris
2355 1756 2601 1828 Hugonis
2643 1757 2710 1812 de
2733 1755 3073 1815 Vaudemun.
3111 1757 3322 1812 Fratris

1873 1901 1876 1910 ,
1947 1848 2207 1906 Willelmi
2249 1850 2318 1904 de
2341 1849 2620 1905 Filisteda.
2667 1848 3084 1905 FratrisBricii.
3113 1849 3324 1904 Fratris

1945 1939 2277 2013 Hysmionis.

1803 2032 2029 2088 Factum
2056 2043 2141 2092 ost
2167 2045 2349 2091 autem
2380 2037 2483 2091 hoc
2511 2036 2564 2090 in
2603 2034 2878 2106 presentia
2902 2035 3110 2092 domini
3135 2035 3321 2096 Amal-

1731 2124 1827 2178 rici
1863 2125 2192 2196 patriarche,
2219 2127 2314 2196 qui
2341 2135 2394 2183 et
2417 2127 2531 2197 ipse
2560 2127 2718 2182 testis
2745 2136 2849 2183 est.

2352 2236 2566 2291 LXXVI
2589 2237 2680 2292 "°.

1803 2345 2148 2386 PRIVILEGIUM
2175 2343 2406 2385 EIUSDEII
2434 2343 2500 2383 DE
2525 2317 2876 2406 conoesswue
2914 2343 3245 2385 namanuu.

1800 2421 1874 2480 l:-:-
1888 2423 2110 2480 nomine
2136 2430 2324 2482 sancte
2347 2405 2716 2480 et'i'ndiv‘idue
2747 2420 3035 2476 Trinitatis
3061 2418 3241 2475 Patris
3266 2427 3321 2474 et

1729 2519 1850 2576 Filii
1880 2530 1934 2576 et
1971 2521 2207 2591 Spiritus
2231 2520 2440 2587 Sancti,
2472 2535 2654 2574 amen.
3257 2509 3260 2514 ’

1802 2610 2157 2668 Universitati
2189 2611 2458 2674 omnium,
2491 2619 2600 2664 tam
2626 2618 2969 2678 posterorum
3005 2620 3168 2676 quam
3195 2619 3320 2674 pre-

1727 2705 1987 2772 sentium,
2026 2713 2216 2759 notum
2248 2702 2363 2758 ﬁeri
2385 2703 2640 2757 volumus
2668 2699 2813 2770 quod
2837 2714 2936 2771 ego
2964 2693 3320 2760 Bertrandus,’

1729 2797 1922 2854 militie
1972 2797 2183 2867 Templi
2241 2795 2336 2850 Dei
2385 2795 2559 2866 gratia
2600 2794 2781 2849 dictus
2838 2791 3099 2863 magister
3144 2789 3235 2855 ⁷⁸³,
3266 2797 3322 2844 et

1727 2889 1908 2944 omnis
1950 2887 2159 2958 prefate
2208 2887 2400 2942 militie
2431 2893 2736 2941 conventus
2765 2882 2993 2938 domino
3024 2879 3313 2946 Nicholao,

1727 2982 1998 3038 Dominici
2028 2981 2276 3054 Sepulcri
2306 2981 2494 3052 priori,
2541 2988 2598 3036 et
2637 2979 2897 3034 universo
2925 2976 3316 3032 canonieorum

1724 3077 1972 3132 eiusdem
2005 3075 2252 3146 Sepuleri
2283 3074 2522 3145 capitulo
2549 3073 2893 3128 medietatem
2941 3069 3188 3124 omnium
3218 3067 3316 3122 de»

1724 3169 2012 3236 cimarum,
2043 3184 2182 3239 quas
2221 3168 2275 3222 in
2305 3167 2440 3221 locis
2481 3166 2545 3220 ad
2580 3180 2674 3221 eos
2704 3164 2788 3219 vel
2819 3162 2884 3218 ad
2921 3177 3114 3216 eorum
3145 3160 3313 3216 eccle‘

1723 3261 1861 3316 siam
1899 3258 2299 3329 pertinentibus
2338 3255 2684 3326 possidemus
2743 3253 2828 3308 vel
2866 3249 3179 3322 possessuri
3224 3264 3319 3304 su—

1721 3369 1864 3418 mus,
1915 3351 2166 3406 videlicet
2214 3349 2325 3404 vini
2367 3357 2422 3403 et
2474 3347 2600 3414 olei,
2653 3345 2915 3400 frumenti
2961 3352 3016 3398 et
3061 3341 3314 3412 siliginis,

1720 3441 1892 3507 ordei,
1913 3456 2104 3507 avene,
2121 3440 2394 3504 labarum,
2411 3439 2672 3502 cicerum,
2687 3436 2938 3500 lentium,
2954 3430 3315 3496 sussimanni,

1719 3534 1838 3601 risi,
1871 3533 2027 3601 milii,
2065 3532 2346 3588 annuatim
2375 3540 2487 3586 tam
2517 3530 2599 3586 eis
2619 3544 2785 3599 quam
2807 3537 2861 3583 et
2896 3526 3012 3582 suis
3035 3537 3318 3579 successo-

1721 3627 1874 3682 ribus
1899 3627 2048 3682 omni
2091 3635 2281 3681 nostra
2315 3634 2371 3679 et
2421 3637 2803 3680 successorum
2856 3613 3175 3675 nOstrorum
3218 3629 3314 3672 ca-

1719 3719 1963 3788 lumpnia
1987 3727 2042 3773 et
2064 3716 2500 3773 contradictione
2529 3723 2740 3770 remota
2761 3722 2816 3769 et
2853 3712 3061 3781 absque
3077 3707 3190 3763 ullo
3214 3707 3313 3762 de-

1719 3809 1986 3880 ceptionis
2021 3810 2239 3880 ingenio
2278 3809 2508 3864 ﬁdeliter
2547 3807 2772 3862 reddere
2817 3803 3189 3861 concedimus.
3237 3799 3316 3855 De

1719 3901 1914 3957 ceteris
1940 3917 2070 3955 vero
2095 3897 2218 3955 aliis
2245 3901 2505 3956 omnibus
2535 3899 2698 3955 rebus
2730 3898 2834 3969 ipsi
2865 3895 3025 3952 nobis
3047 3889 3312 3962 decimas,

1719 3995 1860 4049 sicut
1878 3993 1934 4048 in
1959 3991 2265 4064 privilegio,
2293 3993 2440 4062 quod
2473 3991 2576 4062 ipsi
2611 3990 2770 4046 nobis
2815 3989 3082 4058 fecerunt,
3133 3981 3312 4040 conti;

1719 4095 1899 4150 netur,
1937 4085 2149 4157 integre
2176 4084 2378 4140 habere
2401 4092 2456 4139 et
2481 4082 2762 4154 possidere
2803 4086 3215 4137 concesserunt.
3251 4074 3312 4131 Si

1718 4192 1847 4230 vero
1871 4177 2091 4246 aliquod
2113 4178 2294 4233 casale
2341 4176 2410 4233 ad
2443 4176 2658 4230 firmam
2711 4189 2812 4245 pro
2842 4188 3058 4228 annona
3083 4185 3178 4225 seu
3211 4185 3312 4239 pro

1717 4262 2064 4318 bisantiis'm
2105 4265 2266 4320 alicui
2293 4264 2629 4330 dederimus,
2668 4261 2832 4317 modo
2882 4259 3131 4330 predicto
3166 4259 3312 4313 deci-

1717 4370 1837 4411 mas
1871 4356 1953 4412 eis
1997 4356 2272 4414 dabimus.
2307 4357 2421 4412 Hoc
2464 4371 2671 4426 autem,
2699 4365 2758 4412 ut
2797 4369 3015 4425 semper
3048 4361 3228 4408 ratum
3257 4359 3312 4404 et

1718 4445 1914 4501 stabile
1936 4458 2274 4517 permaneat,
2312 4449 2518 4518 scripto
2551 4448 2823 4518 presentis
2852 4447 3048 4518 pagine
3069 4453 3122 4499 et
3147 4441 3310 4513 sigilli

1717 4537 1889 4593 nostri
1937 4538 2298 4610 impressione
2339 4540 2746 4595 communimus
2796 4547 2851 4594 et
2893 4539 3310 4602 conﬁrmamus,

1718 4645 1844 4684 nam
1883 4639 2183 4697 eteorum,
2230 4647 2462 4701 quorum
2513 4632 2737 4686 nomina
2793 4630 3101 4706 subscripta
3159 4637 3305 4694 sunt,

1717 4723 2163 4779 attestationibus
2187 4723 2258 4755 ""'
2285 4723 2711 4779 corroboramus
2737 4742 2748 4776 :

1861 4814 2121 4870 Willelmi
2148 4816 2420 4881 videlicet,
2458 4815 2776 4871 senescalci.
2827 4812 3032 4868 Fratris
3058 4810 3310 4868 Gaul'ridi

1930 4907 2227 4963 Fulcherii.
2277 4907 2486 4962 Fratris
2518 4906 2726 4961 Thome
2755 4903 3055 4960 llermoini.
3098 4903 3310 4958 Fratris

1933 4999 2244 5070 Berengarii
2267 5000 2335 5053 de
2363 4997 2602 5053 Castello
2629 4995 2815 5051 Perso.
2847 4994 3052 5048 Fratris
3081 4993 3307 5048 Galtcrii

1932 5091 2248 5146 Beritensis.
2277 5090 2483 5146 Fratris
2525 5088 2732 5145 Odonis
2770 5089 2836 5144 de
2877 5086 3137 5140 Avalone.
3174 5084 3309 5138 Fra-

1931 5181 2034 5236 tris
2081 5181 2292 5236 Boneti.
2343 5180 2552 5236 Fratris
2583 5178 2866 5234 Mainardi.
2894 5176 3103 5232 Fratris
3127 5176 3309 5231 Amal-

1933 5271 2035 5325 rici
2080 5271 2148 5325 de
2192 5269 2390 5325 Berno.
2442 5269 2653 5325 Fratris
2700 5268 2969 5336 Gaufridi,
3014 5268 3299 5338 capellani.

1927 5364 2134 5419 Fratris
2164 5361 2442 5430 leliaunis,
2488 5365 2774 5435 capellani.
2828 5349 3036 5421 Fratris
3089 5363 3300 5418 Raduiﬁ

1931 5455 2374 5528 Tyberiadensis.
2399 5456 2610 5512 Fratris
2646 5456 2891 5528 Hugonis
2917 5458 2984 5512 de
3022 5457 3294 5512 Corhclio.

1927 5548 2136 5604 Fratris
2165 5547 2386 5605 Leonis.
2421 5547 2630 5606 Fratris
2657 5549 2917 5620 Stephani
2952 5549 3020 5604 de
3050 5549 3300 5604 lhcrusa-

1759 5709 1819 5779 Β,
1855 5709 1896 5767 f°
1939 5710 2027 5776 80,
2065 5723 2151 5780 r".
2213 5713 2284 5746 7”
2308 5712 2369 5779 Β,
2403 5714 2618 5768 milicic.
2693 5715 2762 5746 ⁷³³
2805 5713 2864 5780 Β,
2911 5713 3290 5767 bizanct'orum.

1321 5773 1491 5853 '_"_B,
1518 5773 1621 5834 Bel.

1803 5773 1910 5836 t'zir.
1980 5773 2051 5815 ⁷⁸⁷
2096 5779 2156 5850 B,
2195 5793 2264 5839 et.
2325 5773 2403 5816 ’⁷⁵⁸
2473 5784 2534 5853 Β,
2577 5773 2941 5839 concanonici.
3011 5781 3083 5815 ἠ’
3137 5781 3298 5851 Tybe-

367 5816 543 5906 uix;
571 5842 616 5897 ro
645 5816 1216 5915 70,1'ogstirsajzz
1383 5816 1621 5920 arma

1803 5816 1910 5836 νάει.
2096 5816 2156 5850 υ,
2195 5816 2264 5839 τι.
2473 5816 2534 5853 υ,
2577 5816 2941 5839 ιυηιραηυηηκι.
3140 5816 3228 5851 ly!

1803 5854 1954 5908 ictus.
2032 5854 2102 5888 ἠ’
2135 5853 2195 5923 Β,
2221 5855 2498 5911 bizanciis.
2561 5857 2630 5888 7“
2680 5855 2741 5924 Β,
2773 5853 3228 5910 attestacionibus.
