  <div class='ocr_page' id='page_1' title='image "/cluster/home/n/w/nwhite01/storage/ocr_20150623/155/hvd.32044015473838/593.png"; bbox 0 0 3812 6312; ppageno 0'>
   <div class='ocr_carea' id='block_1_1' title="bbox 479 381 621 442">
    <p class='ocr_par' dir='ltr' id='par_1_1' title="bbox 479 381 621 442">
     <span class='ocr_line' id='line_1_1' title="bbox 479 381 621 442; baseline -0.021 0"><span class='ocrx_word' id='word_1_1' title='bbox 479 381 621 442; x_wconf 67' lang='lat'><strong>{-175</strong></span> 
     </span>
    </p>
   </div>
   <div class='ocr_carea' id='block_1_2' title="bbox 1045 357 3138 435">
    <p class='ocr_par' dir='ltr' id='par_1_2' title="bbox 1045 357 3138 435">
     <span class='ocr_line' id='line_1_2' title="bbox 1045 357 3138 435; baseline -0.006 -4"><span class='ocrx_word' id='word_1_2' title='bbox 1045 376 1139 431; x_wconf 79' lang='lat' dir='ltr'><strong>AD</strong></span> <span class='ocrx_word' id='word_1_3' title='bbox 1173 372 1625 435; x_wconf 78' lang='lat' dir='ltr'><strong>GODEFRIDUM</strong></span> <span class='ocrx_word' id='word_1_4' title='bbox 1658 369 1949 427; x_wconf 80' lang='lat' dir='ltr'><strong>APPEND.</strong></span> <span class='ocrx_word' id='word_1_5' title='bbox 1989 363 2053 425; x_wconf 83' lang='lat' dir='ltr'><strong>II.</strong></span> <span class='ocrx_word' id='word_1_6' title='bbox 2095 399 2155 409; x_wconf 91' lang='lat'><strong>--</strong></span> <span class='ocrx_word' id='word_1_7' title='bbox 2196 366 2469 426; x_wconf 64' lang='lat' dir='ltr'><strong>NONUM.</strong></span> <span class='ocrx_word' id='word_1_8' title='bbox 2508 364 2601 422; x_wconf 85' lang='lat' dir='ltr'><strong>DE</strong></span> <span class='ocrx_word' id='word_1_9' title='bbox 2632 365 2856 423; x_wconf 83' lang='lat' dir='ltr'><strong>BELLU</strong></span> <span class='ocrx_word' id='word_1_10' title='bbox 2891 357 3138 420; x_wconf 76' lang='lat' dir='ltr'><strong>SACRO.</strong></span> 
     </span>
    </p>
   </div>
   <div class='ocr_carea' id='block_1_3' title="bbox 3554 372 3662 429">
    <p class='ocr_par' dir='ltr' id='par_1_3' title="bbox 3554 372 3662 429">
     <span class='ocr_line' id='line_1_3' title="bbox 3554 372 3662 429; baseline 0.019 -2"><span class='ocrx_word' id='word_1_11' title='bbox 3554 372 3662 429; x_wconf 70' lang='lat'><strong>“76</strong></span> 
     </span>
    </p>
   </div>
   <div class='ocr_carea' id='block_1_4' title="bbox 688 476 3667 566">
    <p class='ocr_par' dir='ltr' id='par_1_4' title="bbox 688 476 3667 566">
     <span class='ocr_line' id='line_1_4' title="bbox 688 476 3667 566; baseline -0.005 -16"><span class='ocrx_word' id='word_1_12' title='bbox 688 494 815 550; x_wconf 90' lang='lat' dir='ltr'><strong>lem.</strong></span> <span class='ocrx_word' id='word_1_13' title='bbox 851 493 1057 548; x_wconf 76' lang='lat' dir='ltr'><strong>Fratris</strong></span> <span class='ocrx_word' id='word_1_14' title='bbox 1092 490 1340 563; x_wconf 79' lang='lat' dir='ltr'><strong>Hugonis</strong></span> <span class='ocrx_word' id='word_1_15' title='bbox 1383 491 1450 545; x_wconf 87' lang='lat' dir='ltr'><strong>de</strong></span> <span class='ocrx_word' id='word_1_16' title='bbox 1476 488 1814 544; x_wconf 79' lang='lat' dir='ltr'><strong>Vandemon.</strong></span> <span class='ocrx_word' id='word_1_17' title='bbox 1851 485 2061 541; x_wconf 86' lang='lat' dir='ltr'><strong>Fratris</strong></span> <span class='ocrx_word' id='word_1_18' title='bbox 2091 493 2135 548; x_wconf 79' lang='grc' dir='ltr'>Α</span> <span class='ocrx_word' id='word_1_19' title='bbox 2165 485 2314 566; x_wconf 85' lang='lat' dir='ltr'><strong>tione</strong></span> <span class='ocrx_word' id='word_1_20' title='bbox 2341 482 2565 540; x_wconf 84' lang='lat' dir='ltr'><strong>Domini</strong></span> <span class='ocrx_word' id='word_1_21' title='bbox 2593 497 2818 548; x_wconf 76' lang='lat' dir='ltr'><strong>ncntx,</strong></span> <span class='ocrx_word' id='word_1_22' title='bbox 2849 478 3148 535; x_wconf 75' lang='lat' dir='ltr'><strong>indictione</strong></span> <span class='ocrx_word' id='word_1_23' title='bbox 3167 493 3262 544; x_wconf 89' lang='lat' dir='ltr'><strong>vn,</strong></span> <span class='ocrx_word' id='word_1_24' title='bbox 3287 476 3564 555; x_wconf 46' lang='lat' dir='ltr'><strong>Stephano]</strong></span> <span class='ocrx_word' id='word_1_25' title='bbox 3593 502 3667 541; x_wconf 55' lang='lat' dir='ltr'><strong>vs</strong></span> 
     </span>
    </p>
   </div>
   <div class='ocr_carea' id='block_1_5' title="bbox 683 571 2061 648">
    <p class='ocr_par' dir='ltr' id='par_1_5' title="bbox 683 571 2061 648">
     <span class='ocr_line' id='line_1_5' title="bbox 683 571 2061 648; baseline -0.004 -8"><span class='ocrx_word' id='word_1_26' title='bbox 683 583 945 640; x_wconf 85' lang='lat' dir='ltr'><strong>Willclmi</strong></span> <span class='ocrx_word' id='word_1_27' title='bbox 970 584 1036 639; x_wconf 88' lang='lat' dir='ltr'><strong>de</strong></span> <span class='ocrx_word' id='word_1_28' title='bbox 1059 582 1337 648; x_wconf 88' lang='lat' dir='ltr'><strong>Filistcda,</strong></span> <span class='ocrx_word' id='word_1_29' title='bbox 1379 579 1590 636; x_wconf 78' lang='lat' dir='ltr'><strong>Fratris</strong></span> <span class='ocrx_word' id='word_1_30' title='bbox 1632 577 1818 637; x_wconf 79' lang='lat' dir='ltr'><strong>Bricii.</strong></span> <span class='ocrx_word' id='word_1_31' title='bbox 1854 571 2061 634; x_wconf 64' lang='lat' dir='ltr'><strong>Fratris</strong></span> 
     </span>
    </p>
   </div>
   <div class='ocr_carea' id='block_1_6' title="bbox 691 675 1853 732">
    <p class='ocr_par' dir='ltr' id='par_1_6' title="bbox 691 675 1853 732">
     <span class='ocr_line' id='line_1_6' title="bbox 691 675 1853 732; baseline -0.003 -2"><span class='ocrx_word' id='word_1_32' title='bbox 691 675 992 732; x_wconf 80' lang='lat' dir='ltr'><strong>Ysmionis.</strong></span> <span class='ocrx_word' id='word_1_33' title='bbox 1850 690 1853 693; x_wconf 93' lang='grc'><strong>·</strong></span> 
     </span>
    </p>
   </div>
   <div class='ocr_carea' id='block_1_7' title="bbox 1095 781 1448 839">
    <p class='ocr_par' dir='ltr' id='par_1_7' title="bbox 1095 781 1448 839">
     <span class='ocr_line' id='line_1_7' title="bbox 1095 781 1448 839; baseline -0.006 0"><span class='ocrx_word' id='word_1_34' title='bbox 1095 781 1331 839; x_wconf 77' lang='lat' dir='ltr'><strong>LXXVII</strong></span> <span class='ocrx_word' id='word_1_35' title='bbox 1356 784 1403 816; x_wconf 71' lang='grc' dir='ltr'><strong>τ’</strong></span> <span class='ocrx_word' id='word_1_36' title='bbox 1434 823 1448 837; x_wconf 90' lang='grc'><strong>.</strong></span> 
     </span>
    </p>
   </div>
   <div class='ocr_carea' id='block_1_8' title="bbox 534 888 2021 942">
    <p class='ocr_par' dir='ltr' id='par_1_8' title="bbox 534 888 2021 942">
     <span class='ocr_line' id='line_1_8' title="bbox 534 888 2021 942; baseline -0.005 -6"><span class='ocrx_word' id='word_1_37' title='bbox 534 894 879 936; x_wconf 71' lang='grc' dir='ltr'><strong>νκινιιεϐιωι</strong></span> <span class='ocrx_word' id='word_1_38' title='bbox 917 891 1209 942; x_wconf 59' lang='grc' dir='ltr'><strong>Ψιιιειιη,</strong></span> <span class='ocrx_word' id='word_1_39' title='bbox 1246 890 1459 930; x_wconf 73' lang='lat' dir='ltr'><strong>PRIOBIS</strong></span> <span class='ocrx_word' id='word_1_40' title='bbox 1501 889 1704 941; x_wconf 72' lang='lat' dir='ltr'><strong>&#39;I&#39;EBCII,</strong></span> <span class='ocrx_word' id='word_1_41' title='bbox 1745 888 1813 928; x_wconf 77' lang='lat' dir='ltr'><strong>DE</strong></span> <span class='ocrx_word' id='word_1_42' title='bbox 1852 888 2021 928; x_wconf 77' lang='lat' dir='ltr'><strong>FEODO</strong></span> 
     </span>
    </p>
   </div>
   <div class='ocr_carea' id='block_1_9' title="bbox 1040 960 1480 1001">
    <p class='ocr_par' dir='ltr' id='par_1_9' title="bbox 1040 960 1480 1001">
     <span class='ocr_line' id='line_1_9' title="bbox 1040 960 1480 1001; baseline -0.005 0"><span class='ocrx_word' id='word_1_43' title='bbox 1040 961 1229 1001; x_wconf 70' lang='lat' dir='ltr'><strong>SANCTI</strong></span> <span class='ocrx_word' id='word_1_44' title='bbox 1268 960 1480 1000; x_wconf 72' lang='grc' dir='ltr'><strong>ιΑΖΑιιι.</strong></span> 
     </span>
    </p>
   </div>
   <div class='ocr_carea' id='block_1_10' title="bbox 545 1031 1810 1094">
    <p class='ocr_par' dir='ltr' id='par_1_10' title="bbox 545 1031 1810 1094">
     <span class='ocr_line' id='line_1_10' title="bbox 545 1031 1810 1094; baseline -0.006 0"><span class='ocrx_word' id='word_1_45' title='bbox 545 1039 605 1094; x_wconf 88' lang='lat' dir='ltr'><strong>In</strong></span> <span class='ocrx_word' id='word_1_46' title='bbox 640 1038 863 1094; x_wconf 83' lang='lat' dir='ltr'><strong>nomine</strong></span> <span class='ocrx_word' id='word_1_47' title='bbox 886 1043 1075 1092; x_wconf 90' lang='lat' dir='ltr'><strong>sancte</strong></span> <span class='ocrx_word' id='word_1_48' title='bbox 1102 1043 1157 1089; x_wconf 89' lang='lat' dir='ltr'><strong>et</strong></span> <span class='ocrx_word' id='word_1_49' title='bbox 1184 1034 1468 1089; x_wconf 87' lang='lat' dir='ltr'><strong>individue</strong></span> <span class='ocrx_word' id='word_1_50' title='bbox 1500 1031 1810 1088; x_wconf 70' lang='lat' dir='ltr'><strong>Trinitatis.</strong></span> 
     </span>
    </p>
   </div>
   <div class='ocr_carea' id='block_1_11' title="bbox 548 1121 2063 1201">
    <p class='ocr_par' dir='ltr' id='par_1_11' title="bbox 548 1121 2063 1201">
     <span class='ocr_line' id='line_1_11' title="bbox 548 1121 2063 1201; baseline -0.005 -16"><span class='ocrx_word' id='word_1_51' title='bbox 548 1131 663 1201; x_wconf 79' lang='lat' dir='ltr'><strong>Ego</strong></span> <span class='ocrx_word' id='word_1_52' title='bbox 694 1128 1022 1195; x_wconf 84' lang='lat' dir='ltr'><strong>Willclmus,</strong></span> <span class='ocrx_word' id='word_1_53' title='bbox 1049 1125 1146 1182; x_wconf 85' lang='lat' dir='ltr'><strong>Dei</strong></span> <span class='ocrx_word' id='word_1_54' title='bbox 1169 1126 1346 1198; x_wconf 79' lang='lat' dir='ltr'><strong>gratia</strong></span> <span class='ocrx_word' id='word_1_55' title='bbox 1391 1126 1540 1196; x_wconf 90' lang='lat' dir='ltr'><strong>prior</strong></span> <span class='ocrx_word' id='word_1_56' title='bbox 1558 1124 1764 1181; x_wconf 76' lang='lat' dir='ltr'><strong>tercius</strong></span> <span class='ocrx_word' id='word_1_57' title='bbox 1795 1121 2063 1178; x_wconf 83' lang='lat' dir='ltr'><strong>Dominici</strong></span> 
     </span>
    </p>
   </div>
   <div class='ocr_carea' id='block_1_12' title="bbox 477 1213 2063 1292">
    <p class='ocr_par' dir='ltr' id='par_1_12' title="bbox 477 1213 2063 1292">
     <span class='ocr_line' id='line_1_12' title="bbox 477 1213 2063 1292; baseline -0.006 -15"><span class='ocrx_word' id='word_1_58' title='bbox 477 1220 754 1292; x_wconf 82' lang='lat' dir='ltr'><strong>Sepulcri‘,</strong></span> <span class='ocrx_word' id='word_1_59' title='bbox 779 1219 1016 1291; x_wconf 79' lang='lat' dir='ltr'><strong>posteris</strong></span> <span class='ocrx_word' id='word_1_60' title='bbox 1051 1218 1257 1275; x_wconf 88' lang='lat' dir='ltr'><strong>nostris</strong></span> <span class='ocrx_word' id='word_1_61' title='bbox 1302 1217 1568 1289; x_wconf 90' lang='lat' dir='ltr'><strong>scriptum</strong></span> <span class='ocrx_word' id='word_1_62' title='bbox 1610 1216 1846 1272; x_wconf 86' lang='lat' dir='ltr'><strong>retinere</strong></span> <span class='ocrx_word' id='word_1_63' title='bbox 1874 1213 2063 1270; x_wconf 81' lang='lat' dir='ltr'><strong>curavi</strong></span> 
     </span>
    </p>
   </div>
   <div class='ocr_carea' id='block_1_13' title="bbox 473 1305 2063 1377">
    <p class='ocr_par' dir='ltr' id='par_1_13' title="bbox 473 1305 2063 1377">
     <span class='ocr_line' id='line_1_13' title="bbox 473 1305 2063 1377; baseline -0.004 -10"><span class='ocrx_word' id='word_1_64' title='bbox 473 1313 576 1367; x_wconf 86' lang='lat' dir='ltr'><strong>hec</strong></span> <span class='ocrx_word' id='word_1_65' title='bbox 596 1319 653 1367; x_wconf 90' lang='lat' dir='ltr'><strong>et</strong></span> <span class='ocrx_word' id='word_1_66' title='bbox 677 1311 847 1365; x_wconf 88' lang='lat' dir='ltr'><strong>multa</strong></span> <span class='ocrx_word' id='word_1_67' title='bbox 871 1311 1016 1365; x_wconf 88' lang='lat' dir='ltr'><strong>allia.</strong></span> <span class='ocrx_word' id='word_1_68' title='bbox 1043 1308 1280 1377; x_wconf 83' lang='lat' dir='ltr'><strong>Quidam</strong></span> <span class='ocrx_word' id='word_1_69' title='bbox 1304 1309 1499 1365; x_wconf 85' lang='lat' dir='ltr'><strong>Petrus</strong></span> <span class='ocrx_word' id='word_1_70' title='bbox 1534 1306 1722 1365; x_wconf 83' lang='lat' dir='ltr'><strong>Sancti</strong></span> <span class='ocrx_word' id='word_1_71' title='bbox 1744 1305 2063 1362; x_wconf 83' lang='lat' dir='ltr'><strong>Lazarifra-</strong></span> 
     </span>
    </p>
   </div>
   <div class='ocr_carea' id='block_1_14' title="bbox 474 1396 2064 1471">
    <p class='ocr_par' dir='ltr' id='par_1_14' title="bbox 474 1396 2064 1471">
     <span class='ocr_line' id='line_1_14' title="bbox 474 1396 2064 1471; baseline -0.004 -15"><span class='ocrx_word' id='word_1_72' title='bbox 474 1410 558 1456; x_wconf 78' lang='lat' dir='ltr'><strong>ter</strong></span> <span class='ocrx_word' id='word_1_73' title='bbox 582 1400 854 1456; x_wconf 89' lang='lat' dir='ltr'><strong>Dominici</strong></span> <span class='ocrx_word' id='word_1_74' title='bbox 884 1400 1153 1471; x_wconf 88' lang='lat' dir='ltr'><strong>Sepulcri,</strong></span> <span class='ocrx_word' id='word_1_75' title='bbox 1180 1400 1425 1456; x_wconf 90' lang='lat' dir='ltr'><strong>moriens</strong></span> <span class='ocrx_word' id='word_1_76' title='bbox 1462 1400 1517 1454; x_wconf 92' lang='lat' dir='ltr'><strong>in</strong></span> <span class='ocrx_word' id='word_1_77' title='bbox 1562 1414 1731 1455; x_wconf 89' lang='lat' dir='ltr'><strong>manu</strong></span> <span class='ocrx_word' id='word_1_78' title='bbox 1751 1404 1806 1454; x_wconf 86' lang='lat' dir='ltr'><strong>et</strong></span> <span class='ocrx_word' id='word_1_79' title='bbox 1831 1396 2064 1453; x_wconf 89' lang='lat' dir='ltr'><strong>consilio</strong></span> 
     </span>
    </p>
   </div>
   <div class='ocr_carea' id='block_1_15' title="bbox 472 1490 2066 1563">
    <p class='ocr_par' dir='ltr' id='par_1_15' title="bbox 472 1490 2066 1563">
     <span class='ocr_line' id='line_1_15' title="bbox 472 1490 2066 1563; baseline -0.002 -17"><span class='ocrx_word' id='word_1_80' title='bbox 472 1490 870 1548; x_wconf 85' lang='lat' dir='ltr'><strong>canonieorum</strong></span> <span class='ocrx_word' id='word_1_81' title='bbox 897 1491 1128 1563; x_wconf 88' lang='lat' dir='ltr'><strong>predicti</strong></span> <span class='ocrx_word' id='word_1_82' title='bbox 1155 1490 1404 1563; x_wconf 88' lang='lat' dir='ltr'><strong>Sepulcri</strong></span> <span class='ocrx_word' id='word_1_83' title='bbox 1428 1491 1597 1547; x_wconf 81' lang='lat' dir='ltr'><strong>tiliam</strong></span> <span class='ocrx_word' id='word_1_84' title='bbox 1622 1505 1779 1548; x_wconf 86' lang='lat' dir='ltr'><strong>suam</strong></span> <span class='ocrx_word' id='word_1_85' title='bbox 1802 1505 1927 1545; x_wconf 91' lang='lat' dir='ltr'><strong>cum</strong></span> <span class='ocrx_word' id='word_1_86' title='bbox 1948 1504 2066 1544; x_wconf 90' lang='lat' dir='ltr'><strong>ma-</strong></span> 
     </span>
    </p>
   </div>
   <div class='ocr_carea' id='block_1_16' title="bbox 474 1579 2063 1655">
    <p class='ocr_par' dir='ltr' id='par_1_16' title="bbox 474 1579 2063 1655">
     <span class='ocr_line' id='line_1_16' title="bbox 474 1579 2063 1655; baseline -0.003 -17"><span class='ocrx_word' id='word_1_87' title='bbox 474 1590 557 1638; x_wconf 84' lang='lat' dir='ltr'><strong>tre</strong></span> <span class='ocrx_word' id='word_1_88' title='bbox 594 1583 829 1655; x_wconf 78' lang='lat' dir='ltr'><strong>coniuge</strong></span> <span class='ocrx_word' id='word_1_89' title='bbox 857 1581 1156 1655; x_wconf 75' lang='lat' dir='ltr'><strong>regendam</strong></span> <span class='ocrx_word' id='word_1_90' title='bbox 1190 1583 1423 1649; x_wconf 87' lang='lat' dir='ltr'><strong>dimisit,</strong></span> <span class='ocrx_word' id='word_1_91' title='bbox 1455 1596 1657 1654; x_wconf 81' lang='lat' dir='ltr'><strong>rogans</strong></span> <span class='ocrx_word' id='word_1_92' title='bbox 1691 1579 2063 1636; x_wconf 88' lang='lat' dir='ltr'><strong>misericordi-</strong></span> 
     </span>
    </p>
   </div>
   <div class='ocr_carea' id='block_1_17' title="bbox 472 1671 2067 1743">
    <p class='ocr_par' dir='ltr' id='par_1_17' title="bbox 472 1671 2067 1743">
     <span class='ocr_line' id='line_1_17' title="bbox 472 1671 2067 1743; baseline -0.003 -15"><span class='ocrx_word' id='word_1_93' title='bbox 472 1680 558 1728; x_wconf 76' lang='lat' dir='ltr'><strong>ter</strong></span> <span class='ocrx_word' id='word_1_94' title='bbox 579 1681 640 1727; x_wconf 92' lang='lat' dir='ltr'><strong>ut</strong></span> <span class='ocrx_word' id='word_1_95' title='bbox 679 1672 789 1728; x_wconf 87' lang='lat' dir='ltr'><strong>tilie</strong></span> <span class='ocrx_word' id='word_1_96' title='bbox 815 1687 933 1739; x_wconf 89' lang='lat' dir='ltr'><strong>sue,</strong></span> <span class='ocrx_word' id='word_1_97' title='bbox 967 1687 1075 1743; x_wconf 91' lang='lat' dir='ltr'><strong>que</strong></span> <span class='ocrx_word' id='word_1_98' title='bbox 1102 1671 1248 1728; x_wconf 89' lang='lat' dir='ltr'><strong>infra</strong></span> <span class='ocrx_word' id='word_1_99' title='bbox 1287 1687 1464 1728; x_wconf 90' lang='lat' dir='ltr'><strong>annos</strong></span> <span class='ocrx_word' id='word_1_100' title='bbox 1487 1679 1626 1739; x_wconf 91' lang='lat' dir='ltr'><strong>erat,</strong></span> <span class='ocrx_word' id='word_1_101' title='bbox 1657 1680 1900 1742; x_wconf 86' lang='lat' dir='ltr'><strong>tempore</strong></span> <span class='ocrx_word' id='word_1_102' title='bbox 1936 1686 2067 1726; x_wconf 92' lang='lat' dir='ltr'><strong>con-</strong></span> 
     </span>
    </p>
   </div>
   <div class='ocr_carea' id='block_1_18' title="bbox 2164 570 3670 648">
    <p class='ocr_par' dir='ltr' id='par_1_18' title="bbox 2164 570 3670 648">
     <span class='ocr_line' id='line_1_18' title="bbox 2164 570 3670 648; baseline -0.005 -14"><span class='ocrx_word' id='word_1_103' title='bbox 2164 578 2392 634; x_wconf 81' lang='lat' dir='ltr'><strong>ncrabili</strong></span> <span class='ocrx_word' id='word_1_104' title='bbox 2445 575 2758 648; x_wconf 77' lang='lat' dir='ltr'><strong>patriarcha</strong></span> <span class='ocrx_word' id='word_1_105' title='bbox 2812 570 3124 645; x_wconf 83' lang='lat' dir='ltr'><strong>presidente</strong></span> <span class='ocrx_word' id='word_1_106' title='bbox 3174 570 3229 625; x_wconf 90' lang='lat' dir='ltr'><strong>in</strong></span> <span class='ocrx_word' id='word_1_107' title='bbox 3271 572 3530 640; x_wconf 74' lang='lat' dir='ltr'><strong>pontificali</strong></span> <span class='ocrx_word' id='word_1_108' title='bbox 3569 577 3670 633; x_wconf 81' lang='lat' dir='ltr'><strong>sede</strong></span> 
     </span>
    </p>
   </div>
   <div class='ocr_carea' id='block_1_19' title="bbox 2163 663 3672 739">
    <p class='ocr_par' dir='ltr' id='par_1_19' title="bbox 2163 663 3672 739">
     <span class='ocr_line' id='line_1_19' title="bbox 2163 663 3672 739; baseline -0.001 -13"><span class='ocrx_word' id='word_1_109' title='bbox 2163 670 2668 735; x_wconf 77' lang='lat' dir='ltr'><strong>llierosolimorum,</strong></span> <span class='ocrx_word' id='word_1_110' title='bbox 2695 667 2792 739; x_wconf 87' lang='lat' dir='ltr'><strong>qui</strong></span> <span class='ocrx_word' id='word_1_111' title='bbox 2813 681 2935 721; x_wconf 90' lang='lat' dir='ltr'><strong>eam</strong></span> <span class='ocrx_word' id='word_1_112' title='bbox 2969 664 3192 735; x_wconf 85' lang='lat' dir='ltr'><strong>proprio</strong></span> <span class='ocrx_word' id='word_1_113' title='bbox 3230 663 3399 735; x_wconf 78' lang='lat' dir='ltr'><strong>sigillo</strong></span> <span class='ocrx_word' id='word_1_114' title='bbox 3427 665 3672 738; x_wconf 68' lang='lat' dir='ltr'><strong>insignivit,</strong></span> 
     </span>
    </p>
   </div>
   <div class='ocr_carea' id='block_1_20' title="bbox 2162 756 3445 830">
    <p class='ocr_par' dir='ltr' id='par_1_20' title="bbox 2162 756 3445 830">
     <span class='ocr_line' id='line_1_20' title="bbox 2162 756 3445 830; baseline -0.006 -10"><span class='ocrx_word' id='word_1_115' title='bbox 2162 774 2217 827; x_wconf 80' lang='lat' dir='ltr'><strong>et</strong></span> <span class='ocrx_word' id='word_1_116' title='bbox 2238 763 2508 820; x_wconf 89' lang='lat' dir='ltr'><strong>Balduino</strong></span> <span class='ocrx_word' id='word_1_117' title='bbox 2532 761 2776 819; x_wconf 87' lang='lat' dir='ltr'><strong>secundo</strong></span> <span class='ocrx_word' id='word_1_118' title='bbox 2799 773 2929 830; x_wconf 74' lang='lat' dir='ltr'><strong>rege</strong></span> <span class='ocrx_word' id='word_1_119' title='bbox 2948 756 3150 813; x_wconf 85' lang='lat' dir='ltr'><strong>ibidem</strong></span> <span class='ocrx_word' id='word_1_120' title='bbox 3181 765 3445 829; x_wconf 72' lang='lat' dir='ltr'><strong>regnante.</strong></span> 
     </span>
    </p>
   </div>
   <div class='ocr_carea' id='block_1_21' title="bbox 2752 869 3134 927">
    <p class='ocr_par' dir='ltr' id='par_1_21' title="bbox 2752 869 3134 927">
     <span class='ocr_line' id='line_1_21' title="bbox 2752 869 3134 927; baseline -0.005 0"><span class='ocrx_word' id='word_1_121' title='bbox 2752 869 3017 927; x_wconf 73' lang='lat' dir='ltr'><strong>LXXVIII</strong></span> <span class='ocrx_word' id='word_1_122' title='bbox 3041 870 3134 925; x_wconf 69' lang='grc' dir='ltr'><strong>η’.</strong></span> 
     </span>
    </p>
   </div>
   <div class='ocr_carea' id='block_1_22' title="bbox 2221 977 3636 1030">
    <p class='ocr_par' dir='ltr' id='par_1_22' title="bbox 2221 977 3636 1030">
     <span class='ocr_line' id='line_1_22' title="bbox 2221 977 3636 1030; baseline -0.001 -9"><span class='ocrx_word' id='word_1_123' title='bbox 2221 981 2569 1022; x_wconf 61' lang='grc' dir='ltr'><strong>ιηιινιιιιῑςιωι</strong></span> <span class='ocrx_word' id='word_1_124' title='bbox 2601 980 2831 1020; x_wconf 75' lang='lat' dir='ltr'><strong>EIUSDEI</strong></span> <span class='ocrx_word' id='word_1_125' title='bbox 2860 980 2927 1019; x_wconf 77' lang='lat' dir='ltr'><strong>DE</strong></span> <span class='ocrx_word' id='word_1_126' title='bbox 2952 977 3221 1019; x_wconf 70' lang='lat' dir='ltr'><strong>EIP‘I‘IONE</strong></span> <span class='ocrx_word' id='word_1_127' title='bbox 3242 978 3412 1030; x_wconf 71' lang='lat' dir='ltr'><strong>YINEE,</strong></span> <span class='ocrx_word' id='word_1_128' title='bbox 3438 978 3525 1027; x_wconf 74' lang='grc' dir='ltr'><strong>ριῖε</strong></span> <span class='ocrx_word' id='word_1_129' title='bbox 3542 980 3636 1019; x_wconf 68' lang='grc' dir='ltr'><strong>πη</strong></span> 
     </span>
    </p>
   </div>
   <div class='ocr_carea' id='block_1_23' title="bbox 2555 1048 3369 1092">
    <p class='ocr_par' dir='ltr' id='par_1_23' title="bbox 2555 1048 3369 1092">
     <span class='ocr_line' id='line_1_23' title="bbox 2555 1048 3369 1092; baseline -0.004 -2"><span class='ocrx_word' id='word_1_130' title='bbox 2555 1051 2719 1090; x_wconf 76' lang='lat' dir='ltr'><strong>PETRI</strong></span> <span class='ocrx_word' id='word_1_131' title='bbox 2744 1051 2813 1090; x_wconf 73' lang='lat' dir='ltr'><strong>DE</strong></span> <span class='ocrx_word' id='word_1_132' title='bbox 2848 1049 3050 1092; x_wconf 60' lang='grc' dir='ltr'><strong>ελδετο</strong></span> <span class='ocrx_word' id='word_1_133' title='bbox 3083 1048 3369 1089; x_wconf 70' lang='grc' dir='ltr'><strong>ΟΑΗῘΒΒΙΟ.</strong></span> 
     </span>
    </p>
   </div>
   <div class='ocr_carea' id='block_1_24' title="bbox 2237 1125 3684 1199">
    <p class='ocr_par' dir='ltr' id='par_1_24' title="bbox 2237 1125 3684 1199">
     <span class='ocr_line' id='line_1_24' title="bbox 2237 1125 3684 1199; baseline -0.002 -16"><span class='ocrx_word' id='word_1_134' title='bbox 2237 1127 2792 1199; x_wconf 79' lang='lat' dir='ltr'><strong>Quoniam&#39;exigente</strong></span> <span class='ocrx_word' id='word_1_135' title='bbox 2821 1127 2965 1183; x_wconf 88' lang='lat' dir='ltr'><strong>mole</strong></span> <span class='ocrx_word' id='word_1_136' title='bbox 2991 1125 3176 1183; x_wconf 88' lang='lat' dir='ltr'><strong>carnis</strong></span> <span class='ocrx_word' id='word_1_137' title='bbox 3218 1125 3465 1193; x_wconf 82' lang='lat' dir='ltr'><strong>humane,</strong></span> <span class='ocrx_word' id='word_1_138' title='bbox 3492 1141 3580 1196; x_wconf 82' lang='lat' dir='ltr'><strong>que</strong></span> <span class='ocrx_word' id='word_1_139' title='bbox 3608 1143 3684 1180; x_wconf 80' lang='lat' dir='ltr'><strong>co—</strong></span> 
     </span>
    </p>
   </div>
   <div class='ocr_carea' id='block_1_25' title="bbox 2166 1216 3689 1283">
    <p class='ocr_par' dir='ltr' id='par_1_25' title="bbox 2166 1216 3689 1283">
     <span class='ocr_line' id='line_1_25' title="bbox 2166 1216 3689 1283; baseline -0.003 -6"><span class='ocrx_word' id='word_1_140' title='bbox 2166 1221 2295 1277; x_wconf 88' lang='lat' dir='ltr'><strong>tidie</strong></span> <span class='ocrx_word' id='word_1_141' title='bbox 2322 1221 2552 1278; x_wconf 87' lang='lat' dir='ltr'><strong>&#39;occulis</strong></span> <span class='ocrx_word' id='word_1_142' title='bbox 2571 1221 2642 1253; x_wconf 80' lang='grc'><strong>¹¹⁸¹</strong></span> <span class='ocrx_word' id='word_1_143' title='bbox 2701 1220 3028 1277; x_wconf 84' lang='lat' dir='ltr'><strong>mortalibus</strong></span> <span class='ocrx_word' id='word_1_144' title='bbox 3076 1216 3495 1283; x_wconf 86' lang='lat' dir='ltr'><strong>consideramus,</strong></span> <span class='ocrx_word' id='word_1_145' title='bbox 3536 1218 3689 1273; x_wconf 78' lang='lat' dir='ltr'><strong>levier</strong></span> 
     </span>
    </p>
   </div>
   <div class='ocr_carea' id='block_1_26' title="bbox 2164 1307 3688 1383">
    <p class='ocr_par' dir='ltr' id='par_1_26' title="bbox 2164 1307 3688 1383">
     <span class='ocr_line' id='line_1_26' title="bbox 2164 1307 3688 1383; baseline -0.005 -15"><span class='ocrx_word' id='word_1_146' title='bbox 2164 1313 2425 1368; x_wconf 84' lang='lat' dir='ltr'><strong>oblivioni</strong></span> <span class='ocrx_word' id='word_1_147' title='bbox 2450 1312 2741 1379; x_wconf 86' lang='lat' dir='ltr'><strong>tradimus,</strong></span> <span class='ocrx_word' id='word_1_148' title='bbox 2756 1326 2859 1383; x_wconf 84' lang='lat' dir='ltr'><strong>ego</strong></span> <span class='ocrx_word' id='word_1_149' title='bbox 2884 1310 3217 1375; x_wconf 84' lang='lat' dir='ltr'><strong>Willelmus,</strong></span> <span class='ocrx_word' id='word_1_150' title='bbox 3243 1307 3336 1363; x_wconf 89' lang='lat' dir='ltr'><strong>Dei</strong></span> <span class='ocrx_word' id='word_1_151' title='bbox 3356 1308 3512 1379; x_wconf 76' lang='lat' dir='ltr'><strong>gratia</strong></span> <span class='ocrx_word' id='word_1_152' title='bbox 3532 1307 3688 1381; x_wconf 64' lang='lat' dir='ltr'><strong>[priori</strong></span> 
     </span>
    </p>
   </div>
   <div class='ocr_carea' id='block_1_27' title="bbox 2166 1397 3691 1474">
    <p class='ocr_par' dir='ltr' id='par_1_27' title="bbox 2166 1397 3691 1474">
     <span class='ocr_line' id='line_1_27' title="bbox 2166 1397 3691 1474; baseline -0.003 -17"><span class='ocrx_word' id='word_1_153' title='bbox 2166 1404 2236 1437; x_wconf 73' lang='grc' dir='ltr'><strong>π’</strong></span> <span class='ocrx_word' id='word_1_154' title='bbox 2276 1402 2546 1459; x_wconf 86' lang='lat' dir='ltr'><strong>Dominici</strong></span> <span class='ocrx_word' id='word_1_155' title='bbox 2576 1402 2845 1474; x_wconf 88' lang='lat' dir='ltr'><strong>Sepulcri,</strong></span> <span class='ocrx_word' id='word_1_156' title='bbox 2878 1400 3116 1472; x_wconf 85' lang='lat' dir='ltr'><strong>posteris</strong></span> <span class='ocrx_word' id='word_1_157' title='bbox 3136 1398 3341 1454; x_wconf 85' lang='lat' dir='ltr'><strong>nostris</strong></span> <span class='ocrx_word' id='word_1_158' title='bbox 3376 1397 3602 1468; x_wconf 85' lang='lat' dir='ltr'><strong>scriptum</strong></span> <span class='ocrx_word' id='word_1_159' title='bbox 3623 1414 3691 1452; x_wconf 68' lang='lat' dir='ltr'><strong>re»</strong></span> 
     </span>
    </p>
   </div>
   <div class='ocr_carea' id='block_1_28' title="bbox 2166 1488 3695 1565">
    <p class='ocr_par' dir='ltr' id='par_1_28' title="bbox 2166 1488 3695 1565">
     <span class='ocr_line' id='line_1_28' title="bbox 2166 1488 3695 1565; baseline -0.006 -14"><span class='ocrx_word' id='word_1_160' title='bbox 2166 1495 2339 1551; x_wconf 90' lang='lat' dir='ltr'><strong>tinere</strong></span> <span class='ocrx_word' id='word_1_161' title='bbox 2364 1495 2573 1562; x_wconf 81' lang='lat' dir='ltr'><strong>curavi,</strong></span> <span class='ocrx_word' id='word_1_162' title='bbox 2626 1509 2736 1565; x_wconf 89' lang='lat' dir='ltr'><strong>que</strong></span> <span class='ocrx_word' id='word_1_163' title='bbox 2780 1501 2968 1564; x_wconf 89' lang='lat' dir='ltr'><strong>patent</strong></span> <span class='ocrx_word' id='word_1_164' title='bbox 3018 1491 3279 1547; x_wconf 83' lang='lat' dir='ltr'><strong>fratribus</strong></span> <span class='ocrx_word' id='word_1_165' title='bbox 3323 1490 3509 1545; x_wconf 87' lang='lat' dir='ltr'><strong>nostris</strong></span> <span class='ocrx_word' id='word_1_166' title='bbox 3540 1488 3695 1559; x_wconf 79' lang='lat' dir='ltr'><strong>profu-</strong></span> 
     </span>
    </p>
   </div>
   <div class='ocr_carea' id='block_1_29' title="bbox 2167 1580 3695 1654">
    <p class='ocr_par' dir='ltr' id='par_1_29' title="bbox 2167 1580 3695 1654">
     <span class='ocr_line' id='line_1_29' title="bbox 2167 1580 3695 1654; baseline -0.003 -14"><span class='ocrx_word' id='word_1_167' title='bbox 2167 1595 2310 1642; x_wconf 89' lang='lat' dir='ltr'><strong>tura.</strong></span> <span class='ocrx_word' id='word_1_168' title='bbox 2337 1585 2572 1642; x_wconf 86' lang='lat' dir='ltr'><strong>Notitico</strong></span> <span class='ocrx_word' id='word_1_169' title='bbox 2607 1586 2823 1641; x_wconf 88' lang='lat' dir='ltr'><strong>cunctis</strong></span> <span class='ocrx_word' id='word_1_170' title='bbox 2871 1583 3126 1641; x_wconf 84' lang='lat' dir='ltr'><strong>ﬁdelibus</strong></span> <span class='ocrx_word' id='word_1_171' title='bbox 3153 1581 3298 1654; x_wconf 87' lang='lat' dir='ltr'><strong>quod</strong></span> <span class='ocrx_word' id='word_1_172' title='bbox 3326 1596 3425 1653; x_wconf 73' lang='lat' dir='ltr'><strong>ego</strong></span> <span class='ocrx_word' id='word_1_173' title='bbox 3442 1581 3535 1636; x_wconf 86' lang='lat' dir='ltr'><strong>emi</strong></span> <span class='ocrx_word' id='word_1_174' title='bbox 3556 1597 3582 1635; x_wconf 84' lang='lat' dir='ltr'><strong>a</strong></span> <span class='ocrx_word' id='word_1_175' title='bbox 3609 1580 3695 1636; x_wconf 87' lang='lat' dir='ltr'><strong>Pe-</strong></span> 
     </span>
    </p>
   </div>
   <div class='ocr_carea' id='block_1_30' title="bbox 2167 1673 3697 1747">
    <p class='ocr_par' dir='ltr' id='par_1_30' title="bbox 2167 1673 3697 1747">
     <span class='ocr_line' id='line_1_30' title="bbox 2167 1673 3697 1747; baseline -0.006 -12"><span class='ocrx_word' id='word_1_176' title='bbox 2167 1688 2253 1735; x_wconf 87' lang='lat' dir='ltr'><strong>tro</strong></span> <span class='ocrx_word' id='word_1_177' title='bbox 2285 1680 2354 1735; x_wconf 87' lang='lat' dir='ltr'><strong>de</strong></span> <span class='ocrx_word' id='word_1_178' title='bbox 2390 1678 2593 1735; x_wconf 90' lang='lat' dir='ltr'><strong>Sancto</strong></span> <span class='ocrx_word' id='word_1_179' title='bbox 2627 1678 2887 1736; x_wconf 88' lang='lat' dir='ltr'><strong>Gauterio</strong></span> <span class='ocrx_word' id='word_1_180' title='bbox 2932 1686 2989 1732; x_wconf 89' lang='lat' dir='ltr'><strong>et</strong></span> <span class='ocrx_word' id='word_1_181' title='bbox 3034 1676 3268 1747; x_wconf 79' lang='lat' dir='ltr'><strong>coniuge</strong></span> <span class='ocrx_word' id='word_1_182' title='bbox 3293 1682 3352 1729; x_wconf 91' lang='lat' dir='ltr'><strong>et</strong></span> <span class='ocrx_word' id='word_1_183' title='bbox 3392 1673 3494 1729; x_wconf 81' lang='lat' dir='ltr'><strong>ﬁlio</strong></span> <span class='ocrx_word' id='word_1_184' title='bbox 3526 1689 3610 1728; x_wconf 83' lang='lat' dir='ltr'><strong>suo</strong></span> <span class='ocrx_word' id='word_1_185' title='bbox 3629 1674 3697 1726; x_wconf 85' lang='lat' dir='ltr'><strong>vi-</strong></span> 
     </span>
    </p>
   </div>
   <div class='ocr_carea' id='block_1_31' title="bbox 471 1762 3701 1843">
    <p class='ocr_par' dir='ltr' id='par_1_31' title="bbox 471 1762 3701 1843">
     <span class='ocr_line' id='line_1_31' title="bbox 471 1762 3701 1843; baseline 0.001 -27"><span class='ocrx_word' id='word_1_186' title='bbox 471 1762 610 1833; x_wconf 72' lang='lat' dir='ltr'><strong>jugii</strong></span> <span class='ocrx_word' id='word_1_187' title='bbox 651 1762 1066 1831; x_wconf 83' lang='lat' dir='ltr'><strong>misererentur,</strong></span> <span class='ocrx_word' id='word_1_188' title='bbox 1119 1764 1195 1819; x_wconf 90' lang='lat' dir='ltr'><strong>ita</strong></span> <span class='ocrx_word' id='word_1_189' title='bbox 1240 1764 1451 1820; x_wconf 89' lang='lat' dir='ltr'><strong>scilicet</strong></span> <span class='ocrx_word' id='word_1_190' title='bbox 1500 1774 1562 1820; x_wconf 91' lang='lat' dir='ltr'><strong>ut</strong></span> <span class='ocrx_word' id='word_1_191' title='bbox 1606 1763 1827 1819; x_wconf 89' lang='lat' dir='ltr'><strong>feodum</strong></span> <span class='ocrx_word' id='word_1_192' title='bbox 1879 1762 2063 1818; x_wconf 74' lang='lat' dir='ltr'><strong>Sancti</strong></span> <span class='ocrx_word' id='word_1_193' title='bbox 2100 1831 2139 1843; x_wconf 79' lang='lat'>_</span> <span class='ocrx_word' id='word_1_194' title='bbox 2168 1788 2326 1827; x_wconf 67' lang='lat' dir='ltr'><strong>&quot;eam</strong></span> <span class='ocrx_word' id='word_1_195' title='bbox 2357 1771 2634 1843; x_wconf 76' lang='lat' dir='ltr'><strong>quandam</strong></span> <span class='ocrx_word' id='word_1_196' title='bbox 2692 1787 2818 1828; x_wconf 80' lang='lat' dir='ltr'><strong>cum</strong></span> <span class='ocrx_word' id='word_1_197' title='bbox 2880 1778 3026 1826; x_wconf 76' lang='lat' dir='ltr'><strong>terra</strong></span> <span class='ocrx_word' id='word_1_198' title='bbox 3073 1766 3347 1824; x_wconf 82' lang='lat' dir='ltr'><strong>adiacenti</strong></span> <span class='ocrx_word' id='word_1_199' title='bbox 3368 1765 3701 1835; x_wconf 75' lang='lat' dir='ltr'><strong>circumsepta,</strong></span> 
     </span>
    </p>
   </div>
   <div class='ocr_carea' id='block_1_32' title="bbox 475 1831 2059 1936">
    <p class='ocr_par' dir='ltr' id='par_1_32' title="bbox 475 1831 2059 1926">
     <span class='ocr_line' id='line_1_32' title="bbox 475 1831 2059 1926; baseline 0 -17"><span class='ocrx_word' id='word_1_200' title='bbox 475 1831 694 1921; x_wconf 67' lang='lat' dir='ltr'><strong>Lazari,</strong></span> <span class='ocrx_word' id='word_1_201' title='bbox 730 1866 896 1925; x_wconf 86' lang='lat' dir='ltr'><strong>quem</strong></span> <span class='ocrx_word' id='word_1_202' title='bbox 920 1854 1039 1926; x_wconf 88' lang='lat' dir='ltr'><strong>ipse</strong></span> <span class='ocrx_word' id='word_1_203' title='bbox 1061 1854 1133 1911; x_wconf 92' lang='lat' dir='ltr'><strong>ab</strong></span> <span class='ocrx_word' id='word_1_204' title='bbox 1155 1855 1238 1911; x_wconf 87' lang='lat' dir='ltr'><strong>eis</strong></span> <span class='ocrx_word' id='word_1_205' title='bbox 1266 1863 1518 1912; x_wconf 87' lang='lat' dir='ltr'><strong>tenuerat</strong></span> <span class='ocrx_word' id='word_1_206' title='bbox 1551 1852 1760 1923; x_wconf 83' lang='lat' dir='ltr'><strong>vivens,</strong></span> <span class='ocrx_word' id='word_1_207' title='bbox 1805 1855 1983 1926; x_wconf 91' lang='lat' dir='ltr'><strong>puelle</strong></span> <span class='ocrx_word' id='word_1_208' title='bbox 2010 1855 2059 1909; x_wconf 88' lang='lat' dir='ltr'><strong>in</strong></span> 
     </span>
    </p>
   </div>
   <div class='ocr_carea' id='block_1_33' title="bbox 2211 1831 3704 1936">
    <p class='ocr_par' dir='ltr' id='par_1_33' title="bbox 2211 1856 3704 1931">
     <span class='ocr_line' id='line_1_33' title="bbox 2211 1856 3704 1931; baseline -0.005 -12"><span class='ocrx_word' id='word_1_209' title='bbox 2211 1868 2274 1920; x_wconf 86' lang='lat' dir='ltr'><strong>ne</strong></span> <span class='ocrx_word' id='word_1_210' title='bbox 2298 1864 2645 1920; x_wconf 86' lang='lat' dir='ltr'><strong>venientibus</strong></span> <span class='ocrx_word' id='word_1_211' title='bbox 2678 1863 3053 1919; x_wconf 76' lang='lat' dir='ltr'><strong>lherosolim&#39;ts</strong></span> <span class='ocrx_word' id='word_1_212' title='bbox 3076 1862 3129 1918; x_wconf 87' lang='lat' dir='ltr'><strong>in</strong></span> <span class='ocrx_word' id='word_1_213' title='bbox 3159 1874 3386 1931; x_wconf 82' lang='lat' dir='ltr'><strong>egressu</strong></span> <span class='ocrx_word' id='word_1_214' title='bbox 3420 1856 3704 1912; x_wconf 72' lang='lat' dir='ltr'><strong>Iahnmie</strong></span> 
     </span>
    </p>
   </div>
   <div class='ocr_carea' id='block_1_34' title="bbox 474 1945 2067 2013">
    <p class='ocr_par' dir='ltr' id='par_1_34' title="bbox 474 1945 2067 2013">
     <span class='ocr_line' id='line_1_34' title="bbox 474 1945 2067 2013; baseline 0.003 -14"><span class='ocrx_word' id='word_1_215' title='bbox 474 1945 831 2000; x_wconf 87' lang='lat' dir='ltr'><strong>matrimonio</strong></span> <span class='ocrx_word' id='word_1_216' title='bbox 875 1945 1214 2013; x_wconf 88' lang='lat' dir='ltr'><strong>redderetur,</strong></span> <span class='ocrx_word' id='word_1_217' title='bbox 1262 1946 1336 2002; x_wconf 88' lang='lat' dir='ltr'><strong>ita</strong></span> <span class='ocrx_word' id='word_1_218' title='bbox 1376 1947 1663 2003; x_wconf 76' lang='lat' dir='ltr'><strong>dumtaxat</strong></span> <span class='ocrx_word' id='word_1_219' title='bbox 1699 1955 1761 2002; x_wconf 91' lang='lat' dir='ltr'><strong>ut</strong></span> <span class='ocrx_word' id='word_1_220' title='bbox 1783 1947 2067 2004; x_wconf 80' lang='lat' dir='ltr'><strong>servitium</strong></span> 
     </span>
    </p>
   </div>
   <div class='ocr_carea' id='block_1_35' title="bbox 475 2035 2069 2110">
    <p class='ocr_par' dir='ltr' id='par_1_35' title="bbox 475 2035 2069 2110">
     <span class='ocr_line' id='line_1_35' title="bbox 475 2035 2069 2110; baseline 0.001 -18"><span class='ocrx_word' id='word_1_221' title='bbox 475 2035 570 2102; x_wconf 62' lang='grc' dir='ltr'><strong>π’,</strong></span> <span class='ocrx_word' id='word_1_222' title='bbox 607 2036 754 2106; x_wconf 88' lang='lat' dir='ltr'><strong>quod</strong></span> <span class='ocrx_word' id='word_1_223' title='bbox 781 2036 927 2093; x_wconf 89' lang='lat' dir='ltr'><strong>idem</strong></span> <span class='ocrx_word' id='word_1_224' title='bbox 963 2036 1188 2105; x_wconf 80' lang='lat' dir='ltr'><strong>fecerat,</strong></span> <span class='ocrx_word' id='word_1_225' title='bbox 1219 2038 1458 2094; x_wconf 81' lang='lat' dir='ltr'><strong>coniunx</strong></span> <span class='ocrx_word' id='word_1_226' title='bbox 1486 2038 1560 2072; x_wconf 76' lang='lat'><strong>&#39;“</strong></span> <span class='ocrx_word' id='word_1_227' title='bbox 1584 2039 1762 2110; x_wconf 90' lang='lat' dir='ltr'><strong>puelle</strong></span> <span class='ocrx_word' id='word_1_228' title='bbox 1782 2039 1873 2110; x_wconf 89' lang='lat' dir='ltr'><strong>pia</strong></span> <span class='ocrx_word' id='word_1_229' title='bbox 1901 2054 2069 2095; x_wconf 87' lang='lat' dir='ltr'><strong>cano-</strong></span> 
     </span>
    </p>
   </div>
   <div class='ocr_carea' id='block_1_36' title="bbox 475 2126 2068 2203">
    <p class='ocr_par' dir='ltr' id='par_1_36' title="bbox 475 2126 2068 2203">
     <span class='ocr_line' id='line_1_36' title="bbox 475 2126 2068 2203; baseline 0.003 -22"><span class='ocrx_word' id='word_1_230' title='bbox 475 2126 730 2182; x_wconf 89' lang='lat' dir='ltr'><strong>nicornm</strong></span> <span class='ocrx_word' id='word_1_231' title='bbox 766 2129 1119 2184; x_wconf 90' lang='lat' dir='ltr'><strong>concessione</strong></span> <span class='ocrx_word' id='word_1_232' title='bbox 1154 2129 1452 2200; x_wconf 85' lang='lat' dir='ltr'><strong>suppleret,</strong></span> <span class='ocrx_word' id='word_1_233' title='bbox 1497 2139 1554 2185; x_wconf 89' lang='lat' dir='ltr'><strong>et</strong></span> <span class='ocrx_word' id='word_1_234' title='bbox 1575 2141 1752 2187; x_wconf 85' lang='lat' dir='ltr'><strong>mater</strong></span> <span class='ocrx_word' id='word_1_235' title='bbox 1775 2132 1951 2203; x_wconf 78' lang='lat' dir='ltr'><strong>puelte</strong></span> <span class='ocrx_word' id='word_1_236' title='bbox 1979 2130 2068 2186; x_wconf 91' lang='lat' dir='ltr'><strong>in-</strong></span> 
     </span>
    </p>
   </div>
   <div class='ocr_carea' id='block_1_37' title="bbox 479 2218 2068 2291">
    <p class='ocr_par' dir='ltr' id='par_1_37' title="bbox 479 2218 2068 2291">
     <span class='ocr_line' id='line_1_37' title="bbox 479 2218 2068 2291; baseline 0.004 -19"><span class='ocrx_word' id='word_1_237' title='bbox 479 2218 660 2286; x_wconf 87' lang='lat' dir='ltr'><strong>terim,</strong></span> <span class='ocrx_word' id='word_1_238' title='bbox 715 2218 762 2274; x_wconf 93' lang='lat' dir='ltr'><strong>si</strong></span> <span class='ocrx_word' id='word_1_239' title='bbox 807 2234 999 2275; x_wconf 89' lang='lat' dir='ltr'><strong>eorum</strong></span> <span class='ocrx_word' id='word_1_240' title='bbox 1057 2220 1291 2277; x_wconf 89' lang='lat' dir='ltr'><strong>consilio</strong></span> <span class='ocrx_word' id='word_1_241' title='bbox 1327 2222 1711 2291; x_wconf 90' lang='lat' dir='ltr'><strong>concordaret,</strong></span> <span class='ocrx_word' id='word_1_242' title='bbox 1755 2224 1824 2279; x_wconf 91' lang='lat' dir='ltr'><strong>de</strong></span> <span class='ocrx_word' id='word_1_243' title='bbox 1875 2223 2068 2279; x_wconf 89' lang='lat' dir='ltr'><strong>codem</strong></span> 
     </span>
    </p>
   </div>
   <div class='ocr_carea' id='block_1_38' title="bbox 476 2308 2071 2386">
    <p class='ocr_par' dir='ltr' id='par_1_38' title="bbox 476 2308 2071 2386">
     <span class='ocr_line' id='line_1_38' title="bbox 476 2308 2071 2386; baseline 0.006 -23"><span class='ocrx_word' id='word_1_244' title='bbox 476 2308 639 2366; x_wconf 87' lang='lat' dir='ltr'><strong>feodo</strong></span> <span class='ocrx_word' id='word_1_245' title='bbox 677 2320 1101 2369; x_wconf 86' lang='lat' dir='ltr'><strong>sustentaretur.</strong></span> <span class='ocrx_word' id='word_1_246' title='bbox 1138 2312 1312 2384; x_wconf 71' lang='lat' dir='ltr'><strong>Igitur</strong></span> <span class='ocrx_word' id='word_1_247' title='bbox 1349 2330 1454 2372; x_wconf 88' lang='lat' dir='ltr'><strong>nos</strong></span> <span class='ocrx_word' id='word_1_248' title='bbox 1486 2324 1613 2386; x_wconf 88' lang='lat' dir='ltr'><strong>post</strong></span> <span class='ocrx_word' id='word_1_249' title='bbox 1653 2317 1887 2373; x_wconf 87' lang='lat' dir='ltr'><strong>multum</strong></span> <span class='ocrx_word' id='word_1_250' title='bbox 1932 2325 2071 2372; x_wconf 79' lang='lat' dir='ltr'><strong>teni-</strong></span> 
     </span>
    </p>
   </div>
   <div class='ocr_carea' id='block_1_39' title="bbox 476 2403 2068 2481">
    <p class='ocr_par' dir='ltr' id='par_1_39' title="bbox 476 2403 2068 2481">
     <span class='ocr_line' id='line_1_39' title="bbox 476 2403 2068 2481; baseline 0.004 -25"><span class='ocrx_word' id='word_1_251' title='bbox 476 2403 630 2471; x_wconf 83' lang='lat' dir='ltr'><strong>poris</strong></span> <span class='ocrx_word' id='word_1_252' title='bbox 653 2403 905 2474; x_wconf 86' lang='lat' dir='ltr'><strong>petitioni</strong></span> <span class='ocrx_word' id='word_1_253' title='bbox 935 2404 1005 2438; x_wconf 73' lang='grc'><strong>⁷⁸⁷</strong></span> <span class='ocrx_word' id='word_1_254' title='bbox 1028 2403 1217 2462; x_wconf 81' lang='lat' dir='ltr'><strong>fratris</strong></span> <span class='ocrx_word' id='word_1_255' title='bbox 1244 2405 1487 2462; x_wconf 84' lang='lat' dir='ltr'><strong>defuncti</strong></span> <span class='ocrx_word' id='word_1_256' title='bbox 1513 2406 2068 2481; x_wconf 72' lang='lat' dir='ltr'><strong>condescendlent]es</strong></span> 
     </span>
    </p>
   </div>
   <div class='ocr_carea' id='block_1_40' title="bbox 478 2494 2068 2567">
    <p class='ocr_par' dir='ltr' id='par_1_40' title="bbox 478 2494 2068 2567">
     <span class='ocr_line' id='line_1_40' title="bbox 478 2494 2068 2567; baseline 0.004 -18"><span class='ocrx_word' id='word_1_257' title='bbox 478 2494 572 2560; x_wconf 66' lang='lat'><strong>&quot;9,</strong></span> <span class='ocrx_word' id='word_1_258' title='bbox 603 2496 839 2565; x_wconf 87' lang='lat' dir='ltr'><strong>puellam</strong></span> <span class='ocrx_word' id='word_1_259' title='bbox 863 2496 1106 2553; x_wconf 90' lang='lat' dir='ltr'><strong>nubilem</strong></span> <span class='ocrx_word' id='word_1_260' title='bbox 1134 2498 1353 2554; x_wconf 83' lang='lat' dir='ltr'><strong>cuidam</strong></span> <span class='ocrx_word' id='word_1_261' title='bbox 1377 2507 1570 2556; x_wconf 87' lang='lat' dir='ltr'><strong>nostro</strong></span> <span class='ocrx_word' id='word_1_262' title='bbox 1601 2501 1811 2557; x_wconf 88' lang='lat' dir='ltr'><strong>nutrito</strong></span> <span class='ocrx_word' id='word_1_263' title='bbox 1840 2500 2068 2567; x_wconf 91' lang='lat' dir='ltr'><strong>famulo,</strong></span> 
     </span>
    </p>
   </div>
   <div class='ocr_carea' id='block_1_41' title="bbox 474 2583 2068 2661">
    <p class='ocr_par' dir='ltr' id='par_1_41' title="bbox 474 2583 2068 2661">
     <span class='ocr_line' id='line_1_41' title="bbox 474 2583 2068 2661; baseline 0.004 -20"><span class='ocrx_word' id='word_1_264' title='bbox 474 2583 640 2642; x_wconf 88' lang='lat' dir='ltr'><strong>Petro</strong></span> <span class='ocrx_word' id='word_1_265' title='bbox 669 2588 917 2656; x_wconf 89' lang='lat' dir='ltr'><strong>nomine,</strong></span> <span class='ocrx_word' id='word_1_266' title='bbox 961 2588 1210 2661; x_wconf 77' lang='lat' dir='ltr'><strong>legaliter</strong></span> <span class='ocrx_word' id='word_1_267' title='bbox 1252 2591 1514 2661; x_wconf 88' lang='lat' dir='ltr'><strong>copulare</strong></span> <span class='ocrx_word' id='word_1_268' title='bbox 1541 2592 1876 2650; x_wconf 87' lang='lat' dir='ltr'><strong>studuimus.</strong></span> <span class='ocrx_word' id='word_1_269' title='bbox 1910 2591 2068 2661; x_wconf 85' lang='lat' dir='ltr'><strong>Quod</strong></span> 
     </span>
    </p>
   </div>
   <div class='ocr_carea' id='block_1_42' title="bbox 475 2678 2073 2756">
    <p class='ocr_par' dir='ltr' id='par_1_42' title="bbox 475 2678 2073 2756">
     <span class='ocr_line' id='line_1_42' title="bbox 475 2678 2073 2756; baseline 0.004 -24"><span class='ocrx_word' id='word_1_270' title='bbox 475 2685 653 2733; x_wconf 81' lang='lat' dir='ltr'><strong>mater</strong></span> <span class='ocrx_word' id='word_1_271' title='bbox 674 2678 799 2750; x_wconf 80' lang='lat' dir='ltr'><strong>ejus</strong></span> <span class='ocrx_word' id='word_1_272' title='bbox 843 2680 1184 2750; x_wconf 90' lang='lat' dir='ltr'><strong>nequissima</strong></span> <span class='ocrx_word' id='word_1_273' title='bbox 1228 2681 1478 2750; x_wconf 85' lang='lat' dir='ltr'><strong>audiens,</strong></span> <span class='ocrx_word' id='word_1_274' title='bbox 1520 2694 1645 2755; x_wconf 88' lang='lat' dir='ltr'><strong>post</strong></span> <span class='ocrx_word' id='word_1_275' title='bbox 1672 2685 1865 2756; x_wconf 77' lang='lat' dir='ltr'><strong>longas</strong></span> <span class='ocrx_word' id='word_1_276' title='bbox 1885 2685 2073 2741; x_wconf 89' lang='lat' dir='ltr'><strong>obiur-</strong></span> 
     </span>
    </p>
   </div>
   <div class='ocr_carea' id='block_1_43' title="bbox 478 2769 2071 2839">
    <p class='ocr_par' dir='ltr' id='par_1_43' title="bbox 478 2769 2071 2839">
     <span class='ocr_line' id='line_1_43' title="bbox 478 2769 2071 2839; baseline 0.006 -17"><span class='ocrx_word' id='word_1_277' title='bbox 478 2769 729 2839; x_wconf 70' lang='lat' dir='ltr'><strong>gationes</strong></span> <span class='ocrx_word' id='word_1_278' title='bbox 762 2779 818 2824; x_wconf 86' lang='lat' dir='ltr'><strong>et</strong></span> <span class='ocrx_word' id='word_1_279' title='bbox 837 2771 1204 2829; x_wconf 89' lang='lat' dir='ltr'><strong>contumelias</strong></span> <span class='ocrx_word' id='word_1_280' title='bbox 1230 2772 1300 2829; x_wconf 91' lang='lat' dir='ltr'><strong>ab</strong></span> <span class='ocrx_word' id='word_1_281' title='bbox 1325 2788 1389 2829; x_wconf 90' lang='lat' dir='ltr'><strong>ea</strong></span> <span class='ocrx_word' id='word_1_282' title='bbox 1416 2774 1576 2830; x_wconf 86' lang='lat' dir='ltr'><strong>nobis</strong></span> <span class='ocrx_word' id='word_1_283' title='bbox 1598 2775 1778 2832; x_wconf 88' lang='lat' dir='ltr'><strong>illatas</strong></span> <span class='ocrx_word' id='word_1_284' title='bbox 1804 2776 2071 2832; x_wconf 88' lang='lat' dir='ltr'><strong>voluntati</strong></span> 
     </span>
    </p>
   </div>
   <div class='ocr_carea' id='block_1_44' title="bbox 481 2862 2071 2937">
    <p class='ocr_par' dir='ltr' id='par_1_44' title="bbox 481 2862 2071 2937">
     <span class='ocr_line' id='line_1_44' title="bbox 481 2862 2071 2937; baseline 0.005 -22"><span class='ocrx_word' id='word_1_285' title='bbox 481 2868 670 2929; x_wconf 83' lang='lat' dir='ltr'><strong>nostre</strong></span> <span class='ocrx_word' id='word_1_286' title='bbox 697 2871 754 2916; x_wconf 94' lang='lat' dir='ltr'><strong>et</strong></span> <span class='ocrx_word' id='word_1_287' title='bbox 771 2862 1051 2918; x_wconf 89' lang='lat' dir='ltr'><strong>consultui</strong></span> <span class='ocrx_word' id='word_1_288' title='bbox 1098 2863 1208 2920; x_wconf 89' lang='lat' dir='ltr'><strong>tilie</strong></span> <span class='ocrx_word' id='word_1_289' title='bbox 1239 2879 1338 2921; x_wconf 91' lang='lat' dir='ltr'><strong>sue</strong></span> <span class='ocrx_word' id='word_1_290' title='bbox 1363 2865 1718 2937; x_wconf 88' lang='lat' dir='ltr'><strong>adquiescere</strong></span> <span class='ocrx_word' id='word_1_291' title='bbox 1744 2868 1941 2936; x_wconf 89' lang='lat' dir='ltr'><strong>noluit,</strong></span> <span class='ocrx_word' id='word_1_292' title='bbox 1969 2868 2071 2925; x_wconf 91' lang='lat' dir='ltr'><strong>do-</strong></span> 
     </span>
    </p>
   </div>
   <div class='ocr_carea' id='block_1_45' title="bbox 477 2951 2070 3027">
    <p class='ocr_par' dir='ltr' id='par_1_45' title="bbox 477 2951 2070 3027">
     <span class='ocr_line' id='line_1_45' title="bbox 477 2951 2070 3027; baseline 0.006 -20"><span class='ocrx_word' id='word_1_293' title='bbox 477 2951 598 3008; x_wconf 86' lang='lat' dir='ltr'><strong>lens</strong></span> <span class='ocrx_word' id='word_1_294' title='bbox 628 2952 685 3006; x_wconf 89' lang='lat' dir='ltr'><strong>in</strong></span> <span class='ocrx_word' id='word_1_295' title='bbox 712 2953 825 3009; x_wconf 91' lang='lat' dir='ltr'><strong>vita</strong></span> <span class='ocrx_word' id='word_1_296' title='bbox 845 2968 945 3009; x_wconf 88' lang='lat' dir='ltr'><strong>sua</strong></span> <span class='ocrx_word' id='word_1_297' title='bbox 974 2953 1195 3011; x_wconf 86' lang='lat' dir='ltr'><strong>feodum</strong></span> <span class='ocrx_word' id='word_1_298' title='bbox 1225 2956 1495 3013; x_wconf 70' lang='lat' dir='ltr'><strong>amittere.</strong></span> <span class='ocrx_word' id='word_1_299' title='bbox 1521 2956 1676 3014; x_wconf 88' lang='lat' dir='ltr'><strong>Unde</strong></span> <span class='ocrx_word' id='word_1_300' title='bbox 1703 2958 1919 3027; x_wconf 84' lang='lat' dir='ltr'><strong>fratres,</strong></span> <span class='ocrx_word' id='word_1_301' title='bbox 1946 2976 2070 3017; x_wconf 90' lang='lat' dir='ltr'><strong>cum</strong></span> 
     </span>
    </p>
   </div>
   <div class='ocr_carea' id='block_1_46' title="bbox 480 3044 2073 3120">
    <p class='ocr_par' dir='ltr' id='par_1_46' title="bbox 480 3044 2073 3120">
     <span class='ocr_line' id='line_1_46' title="bbox 480 3044 2073 3120; baseline 0.006 -23"><span class='ocrx_word' id='word_1_302' title='bbox 480 3044 688 3103; x_wconf 86' lang='lat' dir='ltr'><strong>domno</strong></span> <span class='ocrx_word' id='word_1_303' title='bbox 733 3045 1045 3115; x_wconf 87' lang='lat' dir='ltr'><strong>patriarcha</strong></span> <span class='ocrx_word' id='word_1_304' title='bbox 1087 3045 1413 3120; x_wconf 83' lang='lat' dir='ltr'><strong>S[tepbano]</strong></span> <span class='ocrx_word' id='word_1_305' title='bbox 1463 3049 1517 3103; x_wconf 91' lang='lat' dir='ltr'><strong>in</strong></span> <span class='ocrx_word' id='word_1_306' title='bbox 1556 3048 1799 3120; x_wconf 89' lang='lat' dir='ltr'><strong>capitulo</strong></span> <span class='ocrx_word' id='word_1_307' title='bbox 1842 3050 2073 3107; x_wconf 90' lang='lat' dir='ltr'><strong>consilio</strong></span> 
     </span>
    </p>
   </div>
   <div class='ocr_carea' id='block_1_47' title="bbox 486 3132 2149 3234">
    <p class='ocr_par' dir='ltr' id='par_1_47' title="bbox 486 3132 2149 3234">
     <span class='ocr_line' id='line_1_47' title="bbox 486 3132 2149 3234; baseline 0.005 -45"><span class='ocrx_word' id='word_1_308' title='bbox 486 3140 736 3204; x_wconf 83' lang='lat' dir='ltr'><strong>accepto,</strong></span> <span class='ocrx_word' id='word_1_309' title='bbox 769 3132 938 3190; x_wconf 86' lang='lat' dir='ltr'><strong>tiliam</strong></span> <span class='ocrx_word' id='word_1_310' title='bbox 972 3150 1097 3191; x_wconf 90' lang='lat' dir='ltr'><strong>cum</strong></span> <span class='ocrx_word' id='word_1_311' title='bbox 1128 3149 1303 3193; x_wconf 88' lang='lat' dir='ltr'><strong>matre</strong></span> <span class='ocrx_word' id='word_1_312' title='bbox 1327 3146 1454 3193; x_wconf 91' lang='lat' dir='ltr'><strong>ante</strong></span> <span class='ocrx_word' id='word_1_313' title='bbox 1480 3154 1540 3195; x_wconf 90' lang='lat' dir='ltr'><strong>se</strong></span> <span class='ocrx_word' id='word_1_314' title='bbox 1576 3140 1765 3197; x_wconf 90' lang='lat' dir='ltr'><strong>venire</strong></span> <span class='ocrx_word' id='word_1_315' title='bbox 1803 3140 2068 3198; x_wconf 89' lang='lat' dir='ltr'><strong>fecerunt.</strong></span> <span class='ocrx_word' id='word_1_316' title='bbox 2101 3172 2149 3234; x_wconf 62' lang='grc' dir='ltr'>ρ</span> 
     </span>
    </p>
   </div>
   <div class='ocr_carea' id='block_1_48' title="bbox 481 3228 2076 3303">
    <p class='ocr_par' dir='ltr' id='par_1_48' title="bbox 481 3228 2076 3303">
     <span class='ocr_line' id='line_1_48' title="bbox 481 3228 2076 3303; baseline 0.006 -21"><span class='ocrx_word' id='word_1_317' title='bbox 481 3228 658 3295; x_wconf 78' lang='lat' dir='ltr'><strong>Quam</strong></span> <span class='ocrx_word' id='word_1_318' title='bbox 681 3244 785 3301; x_wconf 74' lang='lat' dir='ltr'><strong>ego</strong></span> <span class='ocrx_word' id='word_1_319' title='bbox 811 3245 997 3286; x_wconf 87' lang='lat' dir='ltr'><strong>coram</strong></span> <span class='ocrx_word' id='word_1_320' title='bbox 1032 3232 1344 3303; x_wconf 88' lang='lat' dir='ltr'><strong>patriarcha</strong></span> <span class='ocrx_word' id='word_1_321' title='bbox 1383 3241 1439 3289; x_wconf 92' lang='lat' dir='ltr'><strong>et</strong></span> <span class='ocrx_word' id='word_1_322' title='bbox 1481 3243 1755 3291; x_wconf 83' lang='lat' dir='ltr'><strong>conventu</strong></span> <span class='ocrx_word' id='word_1_323' title='bbox 1801 3246 1854 3291; x_wconf 91' lang='lat' dir='ltr'><strong>et</strong></span> <span class='ocrx_word' id='word_1_324' title='bbox 1900 3245 2076 3291; x_wconf 89' lang='lat' dir='ltr'><strong>matrc</strong></span> 
     </span>
    </p>
   </div>
   <div class='ocr_carea' id='block_1_49' title="bbox 481 3320 2079 3399">
    <p class='ocr_par' dir='ltr' id='par_1_49' title="bbox 481 3320 2079 3399">
     <span class='ocr_line' id='line_1_49' title="bbox 481 3320 2079 3399; baseline 0.006 -24"><span class='ocrx_word' id='word_1_325' title='bbox 481 3336 583 3375; x_wconf 88' lang='lat' dir='ltr'><strong>sua</strong></span> <span class='ocrx_word' id='word_1_326' title='bbox 605 3329 662 3375; x_wconf 92' lang='lat' dir='ltr'><strong>et</strong></span> <span class='ocrx_word' id='word_1_327' title='bbox 689 3320 919 3378; x_wconf 88' lang='lat' dir='ltr'><strong>victrico</strong></span> <span class='ocrx_word' id='word_1_328' title='bbox 951 3338 1055 3379; x_wconf 91' lang='lat' dir='ltr'><strong>suo</strong></span> <span class='ocrx_word' id='word_1_329' title='bbox 1082 3332 1139 3379; x_wconf 92' lang='lat' dir='ltr'><strong>et</strong></span> <span class='ocrx_word' id='word_1_330' title='bbox 1165 3326 1401 3396; x_wconf 85' lang='lat' dir='ltr'><strong>patrinis</strong></span> <span class='ocrx_word' id='word_1_331' title='bbox 1421 3334 1477 3382; x_wconf 88' lang='lat' dir='ltr'><strong>et</strong></span> <span class='ocrx_word' id='word_1_332' title='bbox 1502 3326 1755 3399; x_wconf 89' lang='lat' dir='ltr'><strong>pluribus</strong></span> <span class='ocrx_word' id='word_1_333' title='bbox 1774 3329 1900 3385; x_wconf 87' lang='lat' dir='ltr'><strong>aliis</strong></span> <span class='ocrx_word' id='word_1_334' title='bbox 1921 3329 2079 3385; x_wconf 78' lang='lat' dir='ltr'><strong>laicis</strong></span> 
     </span>
    </p>
   </div>
   <div class='ocr_carea' id='block_1_50' title="bbox 482 3411 2081 3485">
    <p class='ocr_par' dir='ltr' id='par_1_50' title="bbox 482 3411 2081 3485">
     <span class='ocr_line' id='line_1_50' title="bbox 482 3411 2081 3485; baseline 0.006 -21"><span class='ocrx_word' id='word_1_335' title='bbox 482 3411 772 3482; x_wconf 79' lang='lat' dir='ltr'><strong>alloquens</strong></span> <span class='ocrx_word' id='word_1_336' title='bbox 802 3421 988 3470; x_wconf 89' lang='lat' dir='ltr'><strong>utrum</strong></span> <span class='ocrx_word' id='word_1_337' title='bbox 1040 3414 1170 3471; x_wconf 90' lang='lat' dir='ltr'><strong>huic</strong></span> <span class='ocrx_word' id='word_1_338' title='bbox 1216 3431 1322 3485; x_wconf 88' lang='lat' dir='ltr'><strong>suo</strong></span> <span class='ocrx_word' id='word_1_339' title='bbox 1356 3418 1555 3473; x_wconf 90' lang='lat' dir='ltr'><strong>honori</strong></span> <span class='ocrx_word' id='word_1_340' title='bbox 1583 3426 1639 3474; x_wconf 84' lang='lat' dir='ltr'><strong>et</strong></span> <span class='ocrx_word' id='word_1_341' title='bbox 1669 3418 1830 3475; x_wconf 86' lang='lat' dir='ltr'><strong>saluti</strong></span> <span class='ocrx_word' id='word_1_342' title='bbox 1856 3434 2081 3476; x_wconf 86' lang='lat' dir='ltr'><strong>concor-</strong></span> 
     </span>
    </p>
   </div>
   <div class='ocr_carea' id='block_1_51' title="bbox 481 3500 2076 3574">
    <p class='ocr_par' dir='ltr' id='par_1_51' title="bbox 481 3500 2076 3574">
     <span class='ocr_line' id='line_1_51' title="bbox 481 3500 2076 3574; baseline 0.006 -20"><span class='ocrx_word' id='word_1_343' title='bbox 481 3501 613 3555; x_wconf 84' lang='lat' dir='ltr'><strong>dare</strong></span> <span class='ocrx_word' id='word_1_344' title='bbox 646 3500 827 3571; x_wconf 85' lang='lat' dir='ltr'><strong>vellet,</strong></span> <span class='ocrx_word' id='word_1_345' title='bbox 856 3504 1137 3574; x_wconf 87' lang='lat' dir='ltr'><strong>respondit</strong></span> <span class='ocrx_word' id='word_1_346' title='bbox 1167 3505 1318 3561; x_wconf 88' lang='lat' dir='ltr'><strong>nullo</strong></span> <span class='ocrx_word' id='word_1_347' title='bbox 1352 3506 1519 3562; x_wconf 90' lang='lat' dir='ltr'><strong>modo</strong></span> <span class='ocrx_word' id='word_1_348' title='bbox 1541 3522 1602 3563; x_wconf 90' lang='lat' dir='ltr'><strong>se</strong></span> <span class='ocrx_word' id='word_1_349' title='bbox 1624 3507 1704 3563; x_wconf 91' lang='lat' dir='ltr'><strong>illi</strong></span> <span class='ocrx_word' id='word_1_350' title='bbox 1737 3507 1859 3563; x_wconf 85' lang='lat' dir='ltr'><strong>viro</strong></span> <span class='ocrx_word' id='word_1_351' title='bbox 1891 3506 2076 3574; x_wconf 88' lang='lat' dir='ltr'><strong>Petro,</strong></span> 
     </span>
    </p>
   </div>
   <div class='ocr_carea' id='block_1_52' title="bbox 478 3590 2077 3665">
    <p class='ocr_par' dir='ltr' id='par_1_52' title="bbox 478 3590 2077 3665">
     <span class='ocr_line' id='line_1_52' title="bbox 478 3590 2077 3665; baseline 0.007 -20"><span class='ocrx_word' id='word_1_352' title='bbox 478 3590 703 3651; x_wconf 84' lang='lat' dir='ltr'><strong>nolente</strong></span> <span class='ocrx_word' id='word_1_353' title='bbox 747 3599 946 3662; x_wconf 87' lang='lat' dir='ltr'><strong>matre,</strong></span> <span class='ocrx_word' id='word_1_354' title='bbox 1004 3603 1322 3665; x_wconf 85' lang='lat' dir='ltr'><strong>nupturam,</strong></span> <span class='ocrx_word' id='word_1_355' title='bbox 1369 3605 1427 3651; x_wconf 89' lang='lat' dir='ltr'><strong>ct</strong></span> <span class='ocrx_word' id='word_1_356' title='bbox 1476 3597 1738 3656; x_wconf 83' lang='lat' dir='ltr'><strong>libentius</strong></span> <span class='ocrx_word' id='word_1_357' title='bbox 1796 3598 2077 3657; x_wconf 88' lang='lat' dir='ltr'><strong>hostiatim</strong></span> 
     </span>
    </p>
   </div>
   <div class='ocr_carea' id='block_1_53' title="bbox 478 3683 2077 3768">
    <p class='ocr_par' dir='ltr' id='par_1_53' title="bbox 478 3683 2077 3768">
     <span class='ocr_line' id='line_1_53' title="bbox 478 3683 2077 3768; baseline 0.009 -33"><span class='ocrx_word' id='word_1_358' title='bbox 478 3683 846 3743; x_wconf 86' lang='lat' dir='ltr'><strong>mendicando</strong></span> <span class='ocrx_word' id='word_1_359' title='bbox 878 3702 1074 3756; x_wconf 88' lang='lat' dir='ltr'><strong>panem</strong></span> <span class='ocrx_word' id='word_1_360' title='bbox 1105 3703 1337 3768; x_wconf 86' lang='lat' dir='ltr'><strong>querere</strong></span> <span class='ocrx_word' id='word_1_361' title='bbox 1377 3706 1567 3762; x_wconf 87' lang='lat' dir='ltr'><strong>quam,</strong></span> <span class='ocrx_word' id='word_1_362' title='bbox 1618 3702 1794 3750; x_wconf 89' lang='lat' dir='ltr'><strong>matre</strong></span> <span class='ocrx_word' id='word_1_363' title='bbox 1830 3694 2077 3764; x_wconf 87' lang='lat' dir='ltr'><strong>dimissa,</strong></span> 
     </span>
    </p>
   </div>
   <div class='ocr_carea' id='block_1_54' title="bbox 482 3773 2077 3853">
    <p class='ocr_par' dir='ltr' id='par_1_54' title="bbox 482 3773 2077 3853">
     <span class='ocr_line' id='line_1_54' title="bbox 482 3773 2077 3853; baseline 0.007 -21"><span class='ocrx_word' id='word_1_364' title='bbox 482 3773 668 3846; x_wconf 83' lang='lat' dir='ltr'><strong>ipsum</strong></span> <span class='ocrx_word' id='word_1_365' title='bbox 731 3778 1022 3850; x_wconf 78' lang='lat' dir='ltr'><strong>coniugem</strong></span> <span class='ocrx_word' id='word_1_366' title='bbox 1080 3782 1350 3853; x_wconf 90' lang='lat' dir='ltr'><strong>accipere.</strong></span> <span class='ocrx_word' id='word_1_367' title='bbox 1411 3782 1473 3839; x_wconf 91' lang='lat' dir='ltr'><strong>ln</strong></span> <span class='ocrx_word' id='word_1_368' title='bbox 1528 3784 1847 3843; x_wconf 88' lang='lat' dir='ltr'><strong>huiusmodi</strong></span> <span class='ocrx_word' id='word_1_369' title='bbox 1895 3795 2077 3843; x_wconf 79' lang='lat' dir='ltr'><strong>autem</strong></span> 
     </span>
    </p>
   </div>
   <div class='ocr_carea' id='block_1_55' title="bbox 482 3873 2079 3934">
    <p class='ocr_par' dir='ltr' id='par_1_55' title="bbox 482 3873 2079 3934">
     <span class='ocr_line' id='line_1_55' title="bbox 482 3873 2079 3934; baseline 0.007 -11"><span class='ocrx_word' id='word_1_370' title='bbox 482 3875 726 3925; x_wconf 84' lang='lat' dir='ltr'><strong>tractatu</strong></span> <span class='ocrx_word' id='word_1_371' title='bbox 764 3884 952 3926; x_wconf 88' lang='lat' dir='ltr'><strong>coram</strong></span> <span class='ocrx_word' id='word_1_372' title='bbox 989 3873 1300 3931; x_wconf 86' lang='lat' dir='ltr'><strong>astantibus</strong></span> <span class='ocrx_word' id='word_1_373' title='bbox 1330 3875 1389 3931; x_wconf 90' lang='lat' dir='ltr'><strong>in</strong></span> <span class='ocrx_word' id='word_1_374' title='bbox 1417 3891 1588 3932; x_wconf 91' lang='lat' dir='ltr'><strong>manu</strong></span> <span class='ocrx_word' id='word_1_375' title='bbox 1627 3885 1816 3933; x_wconf 87' lang='lat' dir='ltr'><strong>nostra</strong></span> <span class='ocrx_word' id='word_1_376' title='bbox 1859 3876 2079 3934; x_wconf 87' lang='lat' dir='ltr'><strong>feodum</strong></span> 
     </span>
    </p>
   </div>
   <div class='ocr_carea' id='block_1_56' title="bbox 480 3957 2082 4035">
    <p class='ocr_par' dir='ltr' id='par_1_56' title="bbox 480 3957 2082 4035">
     <span class='ocr_line' id='line_1_56' title="bbox 480 3957 2082 4035; baseline 0.004 -18"><span class='ocrx_word' id='word_1_377' title='bbox 480 3957 539 4017; x_wconf 89' lang='lat' dir='ltr'><strong>in</strong></span> <span class='ocrx_word' id='word_1_378' title='bbox 600 3969 852 4016; x_wconf 85' lang='lat' dir='ltr'><strong>eternum</strong></span> <span class='ocrx_word' id='word_1_379' title='bbox 910 3976 1024 4018; x_wconf 83' lang='lat' dir='ltr'><strong>non</strong></span> <span class='ocrx_word' id='word_1_380' title='bbox 1078 3964 1364 4035; x_wconf 89' lang='lat' dir='ltr'><strong>quesitura</strong></span> <span class='ocrx_word' id='word_1_381' title='bbox 1422 3966 1686 4035; x_wconf 88' lang='lat' dir='ltr'><strong>reddidit;</strong></span> <span class='ocrx_word' id='word_1_382' title='bbox 1734 3968 2082 4026; x_wconf 89' lang='lat' dir='ltr'><strong>solummodo</strong></span> 
     </span>
    </p>
   </div>
   <div class='ocr_carea' id='block_1_57' title="bbox 480 4051 2080 4130">
    <p class='ocr_par' dir='ltr' id='par_1_57' title="bbox 480 4051 2080 4130">
     <span class='ocr_line' id='line_1_57' title="bbox 480 4051 2080 4130; baseline 0.008 -27"><span class='ocrx_word' id='word_1_383' title='bbox 480 4058 659 4106; x_wconf 83' lang='lat' dir='ltr'><strong>mater</strong></span> <span class='ocrx_word' id='word_1_384' title='bbox 678 4051 870 4108; x_wconf 90' lang='lat' dir='ltr'><strong>vivens</strong></span> <span class='ocrx_word' id='word_1_385' title='bbox 894 4068 1018 4110; x_wconf 90' lang='lat' dir='ltr'><strong>cum</strong></span> <span class='ocrx_word' id='word_1_386' title='bbox 1045 4054 1272 4112; x_wconf 85' lang='lat' dir='ltr'><strong>vietrico</strong></span> <span class='ocrx_word' id='word_1_387' title='bbox 1301 4055 1524 4114; x_wconf 90' lang='lat' dir='ltr'><strong>feodum</strong></span> <span class='ocrx_word' id='word_1_388' title='bbox 1547 4059 1869 4130; x_wconf 89' lang='lat' dir='ltr'><strong>possideret.</strong></span> <span class='ocrx_word' id='word_1_389' title='bbox 1897 4058 2080 4116; x_wconf 87' lang='lat' dir='ltr'><strong>Feodo</strong></span> 
     </span>
    </p>
   </div>
   <div class='ocr_carea' id='block_1_58' title="bbox 484 4144 2080 4218">
    <p class='ocr_par' dir='ltr' id='par_1_58' title="bbox 484 4144 2080 4218">
     <span class='ocr_line' id='line_1_58' title="bbox 484 4144 2080 4218; baseline 0.008 -24"><span class='ocrx_word' id='word_1_390' title='bbox 484 4156 618 4197; x_wconf 87' lang='lat' dir='ltr'><strong>vero</strong></span> <span class='ocrx_word' id='word_1_391' title='bbox 649 4158 681 4196; x_wconf 89' lang='lat' dir='ltr'><strong>a</strong></span> <span class='ocrx_word' id='word_1_392' title='bbox 715 4144 894 4213; x_wconf 89' lang='lat' dir='ltr'><strong>puella</strong></span> <span class='ocrx_word' id='word_1_393' title='bbox 949 4146 1032 4203; x_wconf 91' lang='lat' dir='ltr'><strong>sic</strong></span> <span class='ocrx_word' id='word_1_394' title='bbox 1084 4148 1406 4218; x_wconf 86' lang='lat' dir='ltr'><strong>deliberato,</strong></span> <span class='ocrx_word' id='word_1_395' title='bbox 1458 4152 1602 4208; x_wconf 85' lang='lat' dir='ltr'><strong>hanc</strong></span> <span class='ocrx_word' id='word_1_396' title='bbox 1642 4151 2080 4209; x_wconf 83' lang='lat' dir='ltr'><strong>misericordiam</strong></span> 
     </span>
    </p>
   </div>
   <div class='ocr_carea' id='block_1_59' title="bbox 483 4234 2081 4316">
    <p class='ocr_par' dir='ltr' id='par_1_59' title="bbox 483 4234 2081 4316">
     <span class='ocr_line' id='line_1_59' title="bbox 483 4234 2081 4316; baseline 0.008 -29"><span class='ocrx_word' id='word_1_397' title='bbox 483 4248 610 4288; x_wconf 87' lang='lat' dir='ltr'><strong>cum</strong></span> <span class='ocrx_word' id='word_1_398' title='bbox 638 4234 868 4292; x_wconf 87' lang='lat' dir='ltr'><strong>victrico</strong></span> <span class='ocrx_word' id='word_1_399' title='bbox 897 4245 953 4293; x_wconf 91' lang='lat' dir='ltr'><strong>et</strong></span> <span class='ocrx_word' id='word_1_400' title='bbox 987 4249 1163 4296; x_wconf 88' lang='lat' dir='ltr'><strong>matre</strong></span> <span class='ocrx_word' id='word_1_401' title='bbox 1194 4256 1389 4298; x_wconf 87' lang='lat' dir='ltr'><strong>eorum</strong></span> <span class='ocrx_word' id='word_1_402' title='bbox 1420 4244 1818 4316; x_wconf 87' lang='lat' dir='ltr'><strong>supplicatione</strong></span> <span class='ocrx_word' id='word_1_403' title='bbox 1848 4242 2081 4300; x_wconf 89' lang='lat' dir='ltr'><strong>fecimus</strong></span> 
     </span>
    </p>
   </div>
   <div class='ocr_carea' id='block_1_60' title="bbox 483 4325 2083 4405">
    <p class='ocr_par' dir='ltr' id='par_1_60' title="bbox 483 4325 2083 4405">
     <span class='ocr_line' id='line_1_60' title="bbox 483 4325 2083 4405; baseline 0.006 -24"><span class='ocrx_word' id='word_1_404' title='bbox 483 4334 547 4382; x_wconf 88' lang='lat' dir='ltr'><strong>ut</strong></span> <span class='ocrx_word' id='word_1_405' title='bbox 596 4325 820 4384; x_wconf 89' lang='lat' dir='ltr'><strong>unicum</strong></span> <span class='ocrx_word' id='word_1_406' title='bbox 869 4329 1065 4398; x_wconf 85' lang='lat' dir='ltr'><strong>tilium,</strong></span> <span class='ocrx_word' id='word_1_407' title='bbox 1123 4348 1286 4404; x_wconf 88' lang='lat' dir='ltr'><strong>quem</strong></span> <span class='ocrx_word' id='word_1_408' title='bbox 1344 4335 1641 4403; x_wconf 86' lang='lat' dir='ltr'><strong>habebant,</strong></span> <span class='ocrx_word' id='word_1_409' title='bbox 1669 4343 1794 4405; x_wconf 92' lang='lat' dir='ltr'><strong>post</strong></span> <span class='ocrx_word' id='word_1_410' title='bbox 1816 4335 1990 4405; x_wconf 86' lang='lat' dir='ltr'><strong>patris</strong></span> <span class='ocrx_word' id='word_1_411' title='bbox 2028 4344 2083 4390; x_wconf 90' lang='lat' dir='ltr'><strong>et</strong></span> 
     </span>
    </p>
   </div>
   <div class='ocr_carea' id='block_1_61' title="bbox 484 4417 2078 4497">
    <p class='ocr_par' dir='ltr' id='par_1_61' title="bbox 484 4417 2078 4497">
     <span class='ocr_line' id='line_1_61' title="bbox 484 4417 2078 4497; baseline 0.007 -25"><span class='ocrx_word' id='word_1_412' title='bbox 484 4417 678 4475; x_wconf 89' lang='lat' dir='ltr'><strong>matris</strong></span> <span class='ocrx_word' id='word_1_413' title='bbox 717 4420 925 4476; x_wconf 90' lang='lat' dir='ltr'><strong>obitum</strong></span> <span class='ocrx_word' id='word_1_414' title='bbox 977 4422 1031 4477; x_wconf 90' lang='lat' dir='ltr'><strong>ln</strong></span> <span class='ocrx_word' id='word_1_415' title='bbox 1071 4426 1301 4482; x_wconf 87' lang='lat' dir='ltr'><strong>ecclesia</strong></span> <span class='ocrx_word' id='word_1_416' title='bbox 1356 4425 1544 4482; x_wconf 89' lang='lat' dir='ltr'><strong>Sancti</strong></span> <span class='ocrx_word' id='word_1_417' title='bbox 1597 4425 2078 4497; x_wconf 87' lang='lat' dir='ltr'><strong>Sepulcrivictum</strong></span> 
     </span>
    </p>
   </div>
   <div class='ocr_carea' id='block_1_62' title="bbox 484 4511 2160 4590">
    <p class='ocr_par' dir='ltr' id='par_1_62' title="bbox 484 4511 2160 4590">
     <span class='ocr_line' id='line_1_62' title="bbox 484 4511 2160 4590; baseline 0.007 -24"><span class='ocrx_word' id='word_1_418' title='bbox 484 4522 538 4567; x_wconf 88' lang='lat' dir='ltr'><strong>et</strong></span> <span class='ocrx_word' id='word_1_419' title='bbox 575 4511 963 4570; x_wconf 88' lang='lat' dir='ltr'><strong>vestimentum</strong></span> <span class='ocrx_word' id='word_1_420' title='bbox 1016 4516 1333 4573; x_wconf 87' lang='lat' dir='ltr'><strong>habiturum</strong></span> <span class='ocrx_word' id='word_1_421' title='bbox 1377 4518 1804 4590; x_wconf 87' lang='lat' dir='ltr'><strong>suseiperemns.</strong></span> <span class='ocrx_word' id='word_1_422' title='bbox 1854 4517 1912 4573; x_wconf 89' lang='lat' dir='ltr'><strong>Si</strong></span> <span class='ocrx_word' id='word_1_423' title='bbox 1956 4520 2082 4590; x_wconf 88' lang='lat' dir='ltr'><strong>quis</strong></span> <span class='ocrx_word' id='word_1_424' title='bbox 2111 4526 2160 4586; x_wconf 86' lang='lat' dir='ltr'>D</span> 
     </span>
    </p>
   </div>
   <div class='ocr_carea' id='block_1_63' title="bbox 484 4603 2079 4681">
    <p class='ocr_par' dir='ltr' id='par_1_63' title="bbox 484 4603 2079 4681">
     <span class='ocr_line' id='line_1_63' title="bbox 484 4603 2079 4681; baseline 0.006 -24"><span class='ocrx_word' id='word_1_425' title='bbox 484 4612 668 4659; x_wconf 87' lang='lat' dir='ltr'><strong>autem</strong></span> <span class='ocrx_word' id='word_1_426' title='bbox 703 4603 926 4663; x_wconf 88' lang='lat' dir='ltr'><strong>feodum</strong></span> <span class='ocrx_word' id='word_1_427' title='bbox 988 4609 1298 4681; x_wconf 89' lang='lat' dir='ltr'><strong>predictum</strong></span> <span class='ocrx_word' id='word_1_428' title='bbox 1348 4610 1527 4681; x_wconf 91' lang='lat' dir='ltr'><strong>puelle</strong></span> <span class='ocrx_word' id='word_1_429' title='bbox 1576 4608 1801 4680; x_wconf 87' lang='lat' dir='ltr'><strong>prefate,</strong></span> <span class='ocrx_word' id='word_1_430' title='bbox 1858 4620 2079 4667; x_wconf 86' lang='lat' dir='ltr'><strong>cassato</strong></span> 
     </span>
    </p>
   </div>
   <div class='ocr_carea' id='block_1_64' title="bbox 484 4698 2079 4768">
    <p class='ocr_par' dir='ltr' id='par_1_64' title="bbox 484 4698 2079 4768">
     <span class='ocr_line' id='line_1_64' title="bbox 484 4698 2079 4768; baseline 0.006 -18"><span class='ocrx_word' id='word_1_431' title='bbox 484 4710 622 4751; x_wconf 88' lang='lat' dir='ltr'><strong>sano</strong></span> <span class='ocrx_word' id='word_1_432' title='bbox 643 4698 905 4768; x_wconf 88' lang='lat' dir='ltr'><strong>capitulo,</strong></span> <span class='ocrx_word' id='word_1_433' title='bbox 956 4700 1183 4758; x_wconf 89' lang='lat' dir='ltr'><strong>reddere</strong></span> <span class='ocrx_word' id='word_1_434' title='bbox 1239 4708 1298 4757; x_wconf 92' lang='lat' dir='ltr'><strong>et</strong></span> <span class='ocrx_word' id='word_1_435' title='bbox 1352 4701 1640 4758; x_wconf 89' lang='lat' dir='ltr'><strong>ecclesiam</strong></span> <span class='ocrx_word' id='word_1_436' title='bbox 1687 4710 1933 4758; x_wconf 89' lang='lat' dir='ltr'><strong>nostram</strong></span> <span class='ocrx_word' id='word_1_437' title='bbox 1976 4719 2079 4760; x_wconf 90' lang='lat' dir='ltr'><strong>sua</strong></span> 
     </span>
    </p>
   </div>
   <div class='ocr_carea' id='block_1_65' title="bbox 481 4791 2078 4865">
    <p class='ocr_par' dir='ltr' id='par_1_65' title="bbox 481 4791 2078 4865">
     <span class='ocr_line' id='line_1_65' title="bbox 481 4791 2078 4865; baseline 0.004 -21"><span class='ocrx_word' id='word_1_438' title='bbox 481 4792 832 4860; x_wconf 83' lang='lat' dir='ltr'><strong>possessione</strong></span> <span class='ocrx_word' id='word_1_439' title='bbox 843 4793 1081 4865; x_wconf 91' lang='lat' dir='ltr'><strong>spoliare</strong></span> <span class='ocrx_word' id='word_1_440' title='bbox 1095 4791 1512 4865; x_wconf 80' lang='lat' dir='ltr'><strong>presumpserit,</strong></span> <span class='ocrx_word' id='word_1_441' title='bbox 1526 4794 1709 4850; x_wconf 84' lang='lat' dir='ltr'><strong>divine</strong></span> <span class='ocrx_word' id='word_1_442' title='bbox 1731 4795 1924 4851; x_wconf 85' lang='lat' dir='ltr'><strong>ultioni</strong></span> <span class='ocrx_word' id='word_1_443' title='bbox 1945 4796 2078 4851; x_wconf 86' lang='lat' dir='ltr'><strong>sub-</strong></span> 
     </span>
    </p>
   </div>
   <div class='ocr_carea' id='block_1_66' title="bbox 483 4877 2081 4955">
    <p class='ocr_par' dir='ltr' id='par_1_66' title="bbox 483 4877 2081 4955">
     <span class='ocr_line' id='line_1_66' title="bbox 483 4877 2081 4955; baseline 0.004 -23"><span class='ocrx_word' id='word_1_444' title='bbox 483 4877 679 4935; x_wconf 87' lang='lat' dir='ltr'><strong>iaceat.</strong></span> <span class='ocrx_word' id='word_1_445' title='bbox 713 4880 890 4939; x_wconf 86' lang='lat' dir='ltr'><strong>Huius</strong></span> <span class='ocrx_word' id='word_1_446' title='bbox 919 4883 1332 4939; x_wconf 88' lang='lat' dir='ltr'><strong>deliberationis</strong></span> <span class='ocrx_word' id='word_1_447' title='bbox 1367 4893 1497 4940; x_wconf 89' lang='lat' dir='ltr'><strong>sunt</strong></span> <span class='ocrx_word' id='word_1_448' title='bbox 1527 4892 1714 4953; x_wconf 87' lang='lat' dir='ltr'><strong>testes,</strong></span> <span class='ocrx_word' id='word_1_449' title='bbox 1736 4883 1831 4955; x_wconf 83' lang='lat' dir='ltr'><strong>qui</strong></span> <span class='ocrx_word' id='word_1_450' title='bbox 1855 4898 2081 4955; x_wconf 88' lang='lat' dir='ltr'><strong>presen-</strong></span> 
     </span>
    </p>
   </div>
   <div class='ocr_carea' id='block_1_67' title="bbox 482 4973 867 5029">
    <p class='ocr_par' dir='ltr' id='par_1_67' title="bbox 482 4973 867 5029">
     <span class='ocr_line' id='line_1_67' title="bbox 482 4973 867 5029; baseline 0.013 -5"><span class='ocrx_word' id='word_1_451' title='bbox 482 4978 566 5026; x_wconf 85' lang='lat' dir='ltr'><strong>tes</strong></span> <span class='ocrx_word' id='word_1_452' title='bbox 592 4973 821 5029; x_wconf 87' lang='lat' dir='ltr'><strong>aderant</strong></span> <span class='ocrx_word' id='word_1_453' title='bbox 854 4993 867 5028; x_wconf 76' lang='grc' dir='ltr'>ε</span> 
     </span>
    </p>
   </div>
   <div class='ocr_carea' id='block_1_68' title="bbox 628 5063 2079 5135">
    <p class='ocr_par' dir='ltr' id='par_1_68' title="bbox 628 5063 2079 5135">
     <span class='ocr_line' id='line_1_68' title="bbox 628 5063 2079 5135; baseline 0.003 -19"><span class='ocrx_word' id='word_1_454' title='bbox 628 5063 942 5135; x_wconf 86' lang='lat' dir='ltr'><strong>Anselmus,</strong></span> <span class='ocrx_word' id='word_1_455' title='bbox 1007 5072 1222 5120; x_wconf 84' lang='lat' dir='ltr'><strong>cantor.</strong></span> <span class='ocrx_word' id='word_1_456' title='bbox 1288 5066 1420 5121; x_wconf 82' lang='lat' dir='ltr'><strong>Azo.</strong></span> <span class='ocrx_word' id='word_1_457' title='bbox 1473 5066 1830 5124; x_wconf 87' lang='lat' dir='ltr'><strong>Gislebertus.</strong></span> <span class='ocrx_word' id='word_1_458' title='bbox 1882 5066 2079 5124; x_wconf 85' lang='lat' dir='ltr'><strong>Petrus</strong></span> 
     </span>
    </p>
   </div>
   <div class='ocr_carea' id='block_1_69' title="bbox 695 5157 2078 5229">
    <p class='ocr_par' dir='ltr' id='par_1_69' title="bbox 695 5157 2078 5229">
     <span class='ocr_line' id='line_1_69' title="bbox 695 5157 2078 5229; baseline 0.001 -15"><span class='ocrx_word' id='word_1_459' title='bbox 695 5157 980 5214; x_wconf 89' lang='lat' dir='ltr'><strong>Bcrnardi.</strong></span> <span class='ocrx_word' id='word_1_460' title='bbox 1016 5157 1357 5213; x_wconf 86' lang='lat' dir='ltr'><strong>Gaudentius</strong></span> <span class='ocrx_word' id='word_1_461' title='bbox 1383 5158 1471 5213; x_wconf 47' lang='lat' dir='ltr'><strong>’i’.</strong></span> <span class='ocrx_word' id='word_1_462' title='bbox 1494 5158 1711 5229; x_wconf 84' lang='lat' dir='ltr'><strong>Petrus,</strong></span> <span class='ocrx_word' id='word_1_463' title='bbox 1747 5160 2078 5227; x_wconf 83' lang='lat' dir='ltr'><strong>elemosina-</strong></span> 
     </span>
    </p>
   </div>
   <div class='ocr_carea' id='block_1_70' title="bbox 698 5249 2077 5310">
    <p class='ocr_par' dir='ltr' id='par_1_70' title="bbox 698 5249 2077 5310">
     <span class='ocr_line' id='line_1_70' title="bbox 698 5249 2077 5310; baseline 0.004 -7"><span class='ocrx_word' id='word_1_464' title='bbox 698 5250 835 5306; x_wconf 89' lang='lat' dir='ltr'><strong>rius.</strong></span> <span class='ocrx_word' id='word_1_465' title='bbox 870 5249 1201 5307; x_wconf 82' lang='lat' dir='ltr'><strong>Aimericus.</strong></span> <span class='ocrx_word' id='word_1_466' title='bbox 1231 5249 1527 5308; x_wconf 86' lang='lat' dir='ltr'><strong>Gaufridus</strong></span> <span class='ocrx_word' id='word_1_467' title='bbox 1567 5252 1737 5310; x_wconf 83' lang='lat' dir='ltr'><strong>Acus.</strong></span> <span class='ocrx_word' id='word_1_468' title='bbox 1766 5253 1981 5309; x_wconf 87' lang='lat' dir='ltr'><strong>Petrus</strong></span> <span class='ocrx_word' id='word_1_469' title='bbox 2009 5253 2077 5308; x_wconf 87' lang='lat' dir='ltr'><strong>de</strong></span> 
     </span>
    </p>
   </div>
   <div class='ocr_carea' id='block_1_71' title="bbox 696 5341 1680 5415">
    <p class='ocr_par' dir='ltr' id='par_1_71' title="bbox 696 5341 1680 5415">
     <span class='ocr_line' id='line_1_71' title="bbox 696 5341 1680 5415; baseline 0.006 -20"><span class='ocrx_word' id='word_1_470' title='bbox 696 5341 1028 5400; x_wconf 87' lang='lat' dir='ltr'><strong>Vendosme.</strong></span> <span class='ocrx_word' id='word_1_471' title='bbox 1060 5343 1422 5415; x_wconf 79' lang='lat' dir='ltr'><strong>Berengarius</strong></span> <span class='ocrx_word' id='word_1_472' title='bbox 1449 5343 1680 5401; x_wconf 87' lang='lat' dir='ltr'><strong>Parvus.</strong></span> 
     </span>
    </p>
   </div>
   <div class='ocr_carea' id='block_1_72' title="bbox 555 5429 2074 5495">
    <p class='ocr_par' dir='ltr' id='par_1_72' title="bbox 555 5429 2074 5495">
     <span class='ocr_line' id='line_1_72' title="bbox 555 5429 2074 5495; baseline 0.005 -11"><span class='ocrx_word' id='word_1_473' title='bbox 555 5429 724 5490; x_wconf 88' lang='lat' dir='ltr'><strong>Facta</strong></span> <span class='ocrx_word' id='word_1_474' title='bbox 754 5434 859 5491; x_wconf 88' lang='lat' dir='ltr'><strong>fuit</strong></span> <span class='ocrx_word' id='word_1_475' title='bbox 883 5434 988 5491; x_wconf 90' lang='lat' dir='ltr'><strong>hec</strong></span> <span class='ocrx_word' id='word_1_476' title='bbox 1010 5434 1328 5492; x_wconf 89' lang='lat' dir='ltr'><strong>deliberatio</strong></span> <span class='ocrx_word' id='word_1_477' title='bbox 1353 5446 1409 5493; x_wconf 89' lang='lat' dir='ltr'><strong>et</strong></span> <span class='ocrx_word' id='word_1_478' title='bbox 1436 5446 1587 5495; x_wconf 88' lang='lat' dir='ltr'><strong>carta</strong></span> <span class='ocrx_word' id='word_1_479' title='bbox 1612 5453 1770 5494; x_wconf 86' lang='lat' dir='ltr'><strong>anno</strong></span> <span class='ocrx_word' id='word_1_480' title='bbox 1796 5437 1867 5494; x_wconf 87' lang='lat' dir='ltr'><strong>ab</strong></span> <span class='ocrx_word' id='word_1_481' title='bbox 1894 5437 2074 5493; x_wconf 89' lang='lat' dir='ltr'><strong>incar-</strong></span> 
     </span>
    </p>
   </div>
   <div class='ocr_carea' id='block_1_73' title="bbox 504 5580 1541 5657">
    <p class='ocr_par' dir='ltr' id='par_1_73' title="bbox 504 5580 1541 5657">
     <span class='ocr_line' id='line_1_73' title="bbox 504 5580 1541 5657; baseline -0.011 2"><span class='ocrx_word' id='word_1_482' title='bbox 504 5580 751 5657; x_wconf 49' lang='lat' dir='ltr'><strong>J-&quot;“_.Ai</strong></span> <span class='ocrx_word' id='word_1_483' title='bbox 804 5585 857 5657; x_wconf 70' lang='lat'><strong>1‘:</strong></span> <span class='ocrx_word' id='word_1_484' title='bbox 900 5583 1103 5655; x_wconf 47' lang='grc' dir='ltr'><strong>τινα</strong></span> <span class='ocrx_word' id='word_1_485' title='bbox 1160 5585 1541 5657; x_wconf 72' lang='lat' dir='ltr'><strong>B,r81,‘v°.</strong></span> 
     </span>
    </p>
   </div>
   <div class='ocr_carea' id='block_1_74' title="bbox 485 5628 2108 5731">
    <p class='ocr_par' dir='ltr' id='par_1_74' title="bbox 485 5628 2108 5731">
     <span class='ocr_line' id='line_1_74' title="bbox 485 5628 2108 5731; baseline -0.015 7"><span class='ocrx_word' id='word_1_486' title='bbox 485 5649 551 5731; x_wconf 60' lang='grc' dir='ltr'><strong>ιι..</strong></span> <span class='ocrx_word' id='word_1_487' title='bbox 621 5628 1223 5731; x_wconf 63' lang='grc' dir='ltr'><strong>⁷⁴ἰῖὑν,ξσαιὶᾶἓιὶοίὶιεῖ”</strong></span> <span class='ocrx_word' id='word_1_488' title='bbox 1446 5628 1490 5718; x_wconf 67' lang='grc' dir='ltr'><strong>,ς</strong></span> <span class='ocrx_word' id='word_1_489' title='bbox 1514 5633 1599 5728; x_wconf 61' lang='grc' dir='ltr'><strong>ἧς,</strong></span> <span class='ocrx_word' id='word_1_490' title='bbox 1624 5628 2108 5731; x_wconf 50' lang='lat' dir='ltr'><strong>vom:</strong></span> 
     </span>
    </p>
   </div>
   <div class='ocr_carea' id='block_1_75' title="bbox 2166 1950 3812 2029">
    <p class='ocr_par' dir='ltr' id='par_1_75' title="bbox 2166 1950 3812 2029">
     <span class='ocr_line' id='line_1_75' title="bbox 2166 1950 3812 2029; baseline -0.004 -18"><span class='ocrx_word' id='word_1_491' title='bbox 2166 1958 2441 2029; x_wconf 88' lang='lat' dir='ltr'><strong>prominet</strong></span> <span class='ocrx_word' id='word_1_492' title='bbox 2470 1956 2524 2011; x_wconf 91' lang='lat' dir='ltr'><strong>in</strong></span> <span class='ocrx_word' id='word_1_493' title='bbox 2556 1955 2824 2012; x_wconf 86' lang='lat' dir='ltr'><strong>sinistrali</strong></span> <span class='ocrx_word' id='word_1_494' title='bbox 2854 1950 3123 2016; x_wconf 76' lang='lat' dir='ltr'><strong>convalle,</strong></span> <span class='ocrx_word' id='word_1_495' title='bbox 3146 1953 3215 2008; x_wconf 90' lang='lat' dir='ltr'><strong>de</strong></span> <span class='ocrx_word' id='word_1_496' title='bbox 3242 1950 3469 2024; x_wconf 82' lang='lat' dir='ltr'><strong>pecunia</strong></span> <span class='ocrx_word' id='word_1_497' title='bbox 3499 1950 3562 1985; x_wconf 79' lang='grc'><strong>’⁸³</strong></span> <span class='ocrx_word' id='word_1_498' title='bbox 3581 1952 3707 2006; x_wconf 83' lang='lat' dir='ltr'><strong>hele—</strong></span> <span class='ocrx_word' id='word_1_499' title='bbox 3810 1950 3812 1955; x_wconf 87' lang='grc'><em>’</em></span> 
     </span>
    </p>
   </div>
   <div class='ocr_carea' id='block_1_76' title="bbox 2169 2045 3708 2122">
    <p class='ocr_par' dir='ltr' id='par_1_76' title="bbox 2169 2045 3708 2122">
     <span class='ocr_line' id='line_1_76' title="bbox 2169 2045 3708 2122; baseline -0.005 -16"><span class='ocrx_word' id='word_1_500' title='bbox 2169 2051 2384 2108; x_wconf 89' lang='lat' dir='ltr'><strong>mosine</strong></span> <span class='ocrx_word' id='word_1_501' title='bbox 2427 2061 2638 2117; x_wconf 85' lang='lat' dir='ltr'><strong>nostre,</strong></span> <span class='ocrx_word' id='word_1_502' title='bbox 2674 2058 2940 2122; x_wconf 90' lang='lat' dir='ltr'><strong>perpetuo</strong></span> <span class='ocrx_word' id='word_1_503' title='bbox 2983 2049 3102 2104; x_wconf 86' lang='lat' dir='ltr'><strong>iure</strong></span> <span class='ocrx_word' id='word_1_504' title='bbox 3142 2045 3521 2119; x_wconf 82' lang='lat' dir='ltr'><strong>possidendam</strong></span> <span class='ocrx_word' id='word_1_505' title='bbox 3560 2046 3604 2099; x_wconf 84' lang='lat' dir='ltr'><strong>in</strong></span> <span class='ocrx_word' id='word_1_506' title='bbox 3630 2060 3708 2099; x_wconf 82' lang='lat' dir='ltr'><strong>ne-</strong></span> 
     </span>
    </p>
   </div>
   <div class='ocr_carea' id='block_1_77' title="bbox 2169 2137 3712 2215">
    <p class='ocr_par' dir='ltr' id='par_1_77' title="bbox 2169 2137 3712 2215">
     <span class='ocr_line' id='line_1_77' title="bbox 2169 2137 3712 2215; baseline -0.006 -15"><span class='ocrx_word' id='word_1_507' title='bbox 2169 2144 2430 2201; x_wconf 89' lang='lat' dir='ltr'><strong>cessariis</strong></span> <span class='ocrx_word' id='word_1_508' title='bbox 2452 2152 2777 2215; x_wconf 85' lang='lat' dir='ltr'><strong>pauperum,</strong></span> <span class='ocrx_word' id='word_1_509' title='bbox 2824 2142 3013 2213; x_wconf 90' lang='lat' dir='ltr'><strong>precio</strong></span> <span class='ocrx_word' id='word_1_510' title='bbox 3055 2156 3159 2196; x_wconf 78' lang='lat' dir='ltr'><strong>cn.</strong></span> <span class='ocrx_word' id='word_1_511' title='bbox 3201 2140 3569 2202; x_wconf 76' lang='lat' dir='ltr'><strong>bisantiorun,</strong></span> <span class='ocrx_word' id='word_1_512' title='bbox 3603 2137 3712 2191; x_wconf 61' lang='lat' dir='ltr'><strong>EI!-</strong></span> 
     </span>
    </p>
   </div>
   <div class='ocr_carea' id='block_1_78' title="bbox 2169 2232 3812 2305">
    <p class='ocr_par' dir='ltr' id='par_1_78' title="bbox 2169 2232 3812 2305">
     <span class='ocr_line' id='line_1_78' title="bbox 2169 2232 3812 2305; baseline -0.005 -14"><span class='ocrx_word' id='word_1_513' title='bbox 2169 2251 2289 2291; x_wconf 87' lang='lat' dir='ltr'><strong>ram</strong></span> <span class='ocrx_word' id='word_1_514' title='bbox 2328 2235 2399 2291; x_wconf 89' lang='lat' dir='ltr'><strong>ab</strong></span> <span class='ocrx_word' id='word_1_515' title='bbox 2435 2236 2586 2291; x_wconf 91' lang='lat' dir='ltr'><strong>omni</strong></span> <span class='ocrx_word' id='word_1_516' title='bbox 2621 2234 2934 2305; x_wconf 88' lang='lat' dir='ltr'><strong>calumpnia</strong></span> <span class='ocrx_word' id='word_1_517' title='bbox 2977 2242 3035 2289; x_wconf 89' lang='lat' dir='ltr'><strong>et</strong></span> <span class='ocrx_word' id='word_1_518' title='bbox 3076 2232 3493 2298; x_wconf 89' lang='lat' dir='ltr'><strong>consuetudine,</strong></span> <span class='ocrx_word' id='word_1_519' title='bbox 3527 2240 3710 2298; x_wconf 75' lang='lat' dir='ltr'><strong>excepta</strong></span> <span class='ocrx_word' id='word_1_520' title='bbox 3810 2232 3812 2299; x_wconf 77' lang='grc' dir='ltr'>ξ</span> 
     </span>
    </p>
   </div>
   <div class='ocr_carea' id='block_1_79' title="bbox 2164 2320 3812 2400">
    <p class='ocr_par' dir='ltr' id='par_1_79' title="bbox 2164 2320 3812 2400">
     <span class='ocr_line' id='line_1_79' title="bbox 2164 2320 3812 2400; baseline -0.009 -16"><span class='ocrx_word' id='word_1_521' title='bbox 2164 2328 2403 2398; x_wconf 87' lang='lat' dir='ltr'><strong>decima,</strong></span> <span class='ocrx_word' id='word_1_522' title='bbox 2434 2345 2541 2400; x_wconf 77' lang='lat' dir='ltr'><strong>que</strong></span> <span class='ocrx_word' id='word_1_523' title='bbox 2581 2337 2771 2386; x_wconf 90' lang='lat' dir='ltr'><strong>nostro</strong></span> <span class='ocrx_word' id='word_1_524' title='bbox 2803 2327 2910 2382; x_wconf 92' lang='lat' dir='ltr'><strong>iuri</strong></span> <span class='ocrx_word' id='word_1_525' title='bbox 2950 2326 3195 2392; x_wconf 88' lang='lat' dir='ltr'><strong>cedebat,</strong></span> <span class='ocrx_word' id='word_1_526' title='bbox 3227 2340 3396 2396; x_wconf 88' lang='lat' dir='ltr'><strong>quam</strong></span> <span class='ocrx_word' id='word_1_527' title='bbox 3426 2323 3480 2377; x_wconf 91' lang='lat' dir='ltr'><strong>in</strong></span> <span class='ocrx_word' id='word_1_528' title='bbox 3518 2320 3713 2391; x_wconf 83' lang='lat' dir='ltr'><strong>capitulo</strong></span> <span class='ocrx_word' id='word_1_529' title='bbox 3810 2330 3812 2369; x_wconf 88' lang='lat' dir='ltr'><strong>i</strong></span> 
     </span>
    </p>
   </div>
   <div class='ocr_carea' id='block_1_80' title="bbox 2170 2413 3715 2492">
    <p class='ocr_par' dir='ltr' id='par_1_80' title="bbox 2170 2413 3715 2492">
     <span class='ocr_line' id='line_1_80' title="bbox 2170 2413 3715 2492; baseline -0.008 -16"><span class='ocrx_word' id='word_1_530' title='bbox 2170 2430 2359 2492; x_wconf 89' lang='lat' dir='ltr'><strong>postea</strong></span> <span class='ocrx_word' id='word_1_531' title='bbox 2409 2420 2744 2488; x_wconf 90' lang='lat' dir='ltr'><strong>remisimus,</strong></span> <span class='ocrx_word' id='word_1_532' title='bbox 2773 2418 3054 2476; x_wconf 89' lang='lat' dir='ltr'><strong>communi</strong></span> <span class='ocrx_word' id='word_1_533' title='bbox 3088 2417 3326 2474; x_wconf 87' lang='lat' dir='ltr'><strong>consilio</strong></span> <span class='ocrx_word' id='word_1_534' title='bbox 3376 2414 3603 2477; x_wconf 83' lang='lat' dir='ltr'><strong>fratrum,</strong></span> <span class='ocrx_word' id='word_1_535' title='bbox 3640 2413 3715 2482; x_wconf 79' lang='lat' dir='ltr'><strong>qui</strong></span> 
     </span>
    </p>
   </div>
   <div class='ocr_carea' id='block_1_81' title="bbox 2171 2504 3812 2587">
    <p class='ocr_par' dir='ltr' id='par_1_81' title="bbox 2171 2504 3812 2587">
     <span class='ocr_line' id='line_1_81' title="bbox 2171 2504 3812 2587; baseline -0.007 -16"><span class='ocrx_word' id='word_1_536' title='bbox 2171 2514 2352 2587; x_wconf 81' lang='lat' dir='ltr'><strong>sigillo</strong></span> <span class='ocrx_word' id='word_1_537' title='bbox 2382 2528 2485 2569; x_wconf 93' lang='lat' dir='ltr'><strong>suo</strong></span> <span class='ocrx_word' id='word_1_538' title='bbox 2519 2513 2774 2583; x_wconf 90' lang='lat' dir='ltr'><strong>plumbeo</strong></span> <span class='ocrx_word' id='word_1_539' title='bbox 2802 2513 3017 2568; x_wconf 81' lang='lat' dir='ltr'><strong>kartam</strong></span> <span class='ocrx_word' id='word_1_540' title='bbox 3041 2510 3115 2544; x_wconf 66' lang='grc' dir='ltr'><strong>ἠδ</strong></span> <span class='ocrx_word' id='word_1_541' title='bbox 3156 2517 3467 2581; x_wconf 76' lang='lat' dir='ltr'><strong>presentem</strong></span> <span class='ocrx_word' id='word_1_542' title='bbox 3508 2504 3719 2577; x_wconf 73' lang='lat' dir='ltr'><strong>insigniri</strong></span> 
     </span>
    </p>
   </div>
   <div class='ocr_carea' id='block_1_82' title="bbox 2171 2600 3478 2677">
    <p class='ocr_par' dir='ltr' id='par_1_82' title="bbox 2171 2600 3478 2677">
     <span class='ocr_line' id='line_1_82' title="bbox 2171 2600 3478 2677; baseline -0.005 -18"><span class='ocrx_word' id='word_1_543' title='bbox 2171 2612 2551 2676; x_wconf 79' lang='lat' dir='ltr'><strong>preceperunt.</strong></span> <span class='ocrx_word' id='word_1_544' title='bbox 2579 2600 2755 2659; x_wconf 79' lang='lat' dir='ltr'><strong>Huius</strong></span> <span class='ocrx_word' id='word_1_545' title='bbox 2777 2601 3075 2677; x_wconf 85' lang='lat' dir='ltr'><strong>emptionis</strong></span> <span class='ocrx_word' id='word_1_546' title='bbox 3103 2609 3231 2658; x_wconf 91' lang='lat' dir='ltr'><strong>sunt</strong></span> <span class='ocrx_word' id='word_1_547' title='bbox 3258 2608 3425 2656; x_wconf 85' lang='lat' dir='ltr'><strong>testes</strong></span> <span class='ocrx_word' id='word_1_548' title='bbox 3463 2614 3478 2651; x_wconf 92' lang='lat'><strong>:</strong></span> 
     </span>
    </p>
   </div>
   <div class='ocr_carea' id='block_1_83' title="bbox 2315 2687 3812 2766">
    <p class='ocr_par' dir='ltr' id='par_1_83' title="bbox 2315 2687 3812 2766">
     <span class='ocr_line' id='line_1_83' title="bbox 2315 2687 3812 2766; baseline -0.004 -15"><span class='ocrx_word' id='word_1_549' title='bbox 2315 2695 2661 2762; x_wconf 85' lang='lat' dir='ltr'><strong>Goisbertus,</strong></span> <span class='ocrx_word' id='word_1_550' title='bbox 2710 2707 3043 2766; x_wconf 83' lang='lat' dir='ltr'><strong>prepositus.</strong></span> <span class='ocrx_word' id='word_1_551' title='bbox 3086 2692 3431 2759; x_wconf 82' lang='lat' dir='ltr'><strong>Aimericus,</strong></span> <span class='ocrx_word' id='word_1_552' title='bbox 3474 2687 3724 2745; x_wconf 77' lang='lat' dir='ltr'><strong>helemosi-</strong></span> <span class='ocrx_word' id='word_1_553' title='bbox 3810 2687 3812 2757; x_wconf 82' lang='lat'>!</span> 
     </span>
    </p>
   </div>
   <div class='ocr_carea' id='block_1_84' title="bbox 2391 2772 3812 2849">
    <p class='ocr_par' dir='ltr' id='par_1_84' title="bbox 2391 2772 3812 2849">
     <span class='ocr_line' id='line_1_84' title="bbox 2391 2772 3812 2849; baseline -0.004 -6"><span class='ocrx_word' id='word_1_554' title='bbox 2391 2788 2600 2844; x_wconf 84' lang='lat' dir='ltr'><strong>uarius.</strong></span> <span class='ocrx_word' id='word_1_555' title='bbox 2640 2785 2837 2843; x_wconf 86' lang='lat' dir='ltr'><strong>Petrus</strong></span> <span class='ocrx_word' id='word_1_556' title='bbox 2867 2785 3188 2842; x_wconf 87' lang='lat' dir='ltr'><strong>Clementis.</strong></span> <span class='ocrx_word' id='word_1_557' title='bbox 3230 2784 3542 2848; x_wconf 82' lang='lat' dir='ltr'><strong>Anselmus,</strong></span> <span class='ocrx_word' id='word_1_558' title='bbox 3573 2779 3721 2849; x_wconf 81' lang='lat' dir='ltr'><strong>capel-</strong></span> <span class='ocrx_word' id='word_1_559' title='bbox 3810 2772 3812 2849; x_wconf 61' lang='grc' dir='ltr'><em>ξ</em></span> 
     </span>
    </p>
   </div>
   <div class='ocr_carea' id='block_1_85' title="bbox 2384 2871 3729 2936">
    <p class='ocr_par' dir='ltr' id='par_1_85' title="bbox 2384 2871 3729 2936">
     <span class='ocr_line' id='line_1_85' title="bbox 2384 2871 3729 2936; baseline -0.009 0"><span class='ocrx_word' id='word_1_560' title='bbox 2384 2880 2547 2936; x_wconf 90' lang='lat' dir='ltr'><strong>lanus</strong></span> <span class='ocrx_word' id='word_1_561' title='bbox 2593 2878 2950 2935; x_wconf 82' lang='lat' dir='ltr'><strong>Mahumerie.</strong></span> <span class='ocrx_word' id='word_1_562' title='bbox 3002 2877 3302 2934; x_wconf 86' lang='lat' dir='ltr'><strong>Gaufridns</strong></span> <span class='ocrx_word' id='word_1_563' title='bbox 3348 2875 3512 2931; x_wconf 76' lang='lat' dir='ltr'><strong>Acus.</strong></span> <span class='ocrx_word' id='word_1_564' title='bbox 3561 2871 3729 2926; x_wconf 80' lang='lat' dir='ltr'><strong>Petrus</strong></span> 
     </span>
    </p>
   </div>
   <div class='ocr_carea' id='block_1_86' title="bbox 2383 2961 3812 3045">
    <p class='ocr_par' dir='ltr' id='par_1_86' title="bbox 2383 2961 3812 3045">
     <span class='ocr_line' id='line_1_86' title="bbox 2383 2961 3812 3045; baseline -0.011 -15"><span class='ocrx_word' id='word_1_565' title='bbox 2383 2974 2453 3030; x_wconf 90' lang='lat' dir='ltr'><strong>de</strong></span> <span class='ocrx_word' id='word_1_566' title='bbox 2501 2972 2723 3045; x_wconf 91' lang='lat' dir='ltr'><strong>loppen.</strong></span> <span class='ocrx_word' id='word_1_567' title='bbox 2760 2971 2958 3028; x_wconf 82' lang='lat' dir='ltr'><strong>Petrus</strong></span> <span class='ocrx_word' id='word_1_568' title='bbox 3007 2971 3247 3027; x_wconf 85' lang='lat' dir='ltr'><strong>Guitart.</strong></span> <span class='ocrx_word' id='word_1_569' title='bbox 3300 2967 3619 3031; x_wconf 71' lang='lat' dir='ltr'><strong>Bernartius,</strong></span> <span class='ocrx_word' id='word_1_570' title='bbox 3652 2961 3731 3033; x_wconf 84' lang='lat' dir='ltr'><strong>qui</strong></span> 
     </span>
    </p>
   </div>
   <div class='ocr_carea' id='block_1_87' title="bbox 2386 3055 3733 3137">
    <p class='ocr_par' dir='ltr' id='par_1_87' title="bbox 2386 3055 3733 3137">
     <span class='ocr_line' id='line_1_87' title="bbox 2386 3055 3733 3137; baseline -0.007 -16"><span class='ocrx_word' id='word_1_571' title='bbox 2386 3066 2554 3122; x_wconf 82' lang='lat' dir='ltr'><strong>ﬁliam</strong></span> <span class='ocrx_word' id='word_1_572' title='bbox 2583 3066 2757 3137; x_wconf 88' lang='lat' dir='ltr'><strong>ipsius</strong></span> <span class='ocrx_word' id='word_1_573' title='bbox 2792 3064 2940 3121; x_wconf 88' lang='lat' dir='ltr'><strong>Petri</strong></span> <span class='ocrx_word' id='word_1_574' title='bbox 2969 3064 3039 3121; x_wconf 88' lang='lat' dir='ltr'><strong>de</strong></span> <span class='ocrx_word' id='word_1_575' title='bbox 3081 3062 3288 3119; x_wconf 86' lang='lat' dir='ltr'><strong>Sancto</strong></span> <span class='ocrx_word' id='word_1_576' title='bbox 3315 3059 3571 3117; x_wconf 81' lang='lat' dir='ltr'><strong>Gautcrio</strong></span> <span class='ocrx_word' id='word_1_577' title='bbox 3590 3055 3733 3111; x_wconf 83' lang='lat' dir='ltr'><strong>babe-</strong></span> 
     </span>
    </p>
   </div>
   <div class='ocr_carea' id='block_1_88' title="bbox 2386 3152 3520 3230">
    <p class='ocr_par' dir='ltr' id='par_1_88' title="bbox 2386 3152 3520 3230">
     <span class='ocr_line' id='line_1_88' title="bbox 2386 3152 3520 3230; baseline -0.008 -15"><span class='ocrx_word' id='word_1_578' title='bbox 2386 3159 2501 3215; x_wconf 89' lang='lat' dir='ltr'><strong>bat.</strong></span> <span class='ocrx_word' id='word_1_579' title='bbox 2537 3157 2806 3230; x_wconf 76' lang='lat' dir='ltr'><strong>Rogerius</strong></span> <span class='ocrx_word' id='word_1_580' title='bbox 2830 3156 3112 3224; x_wconf 88' lang='lat' dir='ltr'><strong>Lombart,</strong></span> <span class='ocrx_word' id='word_1_581' title='bbox 3141 3164 3197 3211; x_wconf 88' lang='lat' dir='ltr'><strong>et</strong></span> <span class='ocrx_word' id='word_1_582' title='bbox 3221 3153 3388 3210; x_wconf 89' lang='lat' dir='ltr'><strong>multi</strong></span> <span class='ocrx_word' id='word_1_583' title='bbox 3408 3152 3520 3207; x_wconf 84' lang='lat' dir='ltr'><strong>alii.</strong></span> 
     </span>
    </p>
   </div>
   <div class='ocr_carea' id='block_1_89' title="bbox 2248 3240 3742 3309">
    <p class='ocr_par' dir='ltr' id='par_1_89' title="bbox 2248 3240 3742 3309">
     <span class='ocr_line' id='line_1_89' title="bbox 2248 3240 3742 3309; baseline -0.007 -2"><span class='ocrx_word' id='word_1_584' title='bbox 2248 3251 2414 3309; x_wconf 88' lang='lat' dir='ltr'><strong>Facta</strong></span> <span class='ocrx_word' id='word_1_585' title='bbox 2441 3250 2547 3308; x_wconf 83' lang='lat' dir='ltr'><strong>fuit</strong></span> <span class='ocrx_word' id='word_1_586' title='bbox 2581 3259 2734 3308; x_wconf 87' lang='lat' dir='ltr'><strong>carta</strong></span> <span class='ocrx_word' id='word_1_587' title='bbox 2769 3251 2872 3308; x_wconf 89' lang='lat' dir='ltr'><strong>hec</strong></span> <span class='ocrx_word' id='word_1_588' title='bbox 2913 3264 3061 3307; x_wconf 88' lang='lat' dir='ltr'><strong>anno</strong></span> <span class='ocrx_word' id='word_1_589' title='bbox 3119 3248 3191 3304; x_wconf 87' lang='lat' dir='ltr'><strong>ab</strong></span> <span class='ocrx_word' id='word_1_590' title='bbox 3239 3244 3615 3302; x_wconf 79' lang='lat' dir='ltr'><strong>incarnatione</strong></span> <span class='ocrx_word' id='word_1_591' title='bbox 3656 3240 3742 3296; x_wconf 87' lang='lat' dir='ltr'><strong>Do-</strong></span> 
     </span>
    </p>
   </div>
   <div class='ocr_carea' id='block_1_90' title="bbox 2178 3324 3812 3410">
    <p class='ocr_par' dir='ltr' id='par_1_90' title="bbox 2178 3324 3812 3410">
     <span class='ocr_line' id='line_1_90' title="bbox 2178 3324 3812 3410; baseline -0.001 -13"><span class='ocrx_word' id='word_1_592' title='bbox 2178 3342 2314 3398; x_wconf 86' lang='lat' dir='ltr'><strong>mini</strong></span> <span class='ocrx_word' id='word_1_593' title='bbox 2364 3358 2589 3410; x_wconf 75' lang='lat' dir='ltr'><strong>ncxxnt,</strong></span> <span class='ocrx_word' id='word_1_594' title='bbox 2627 3341 2924 3398; x_wconf 84' lang='lat' dir='ltr'><strong>indictione</strong></span> <span class='ocrx_word' id='word_1_595' title='bbox 2966 3355 3102 3407; x_wconf 86' lang='lat' dir='ltr'><strong>vnt,</strong></span> <span class='ocrx_word' id='word_1_596' title='bbox 3154 3337 3401 3395; x_wconf 88' lang='lat' dir='ltr'><strong>secundo</strong></span> <span class='ocrx_word' id='word_1_597' title='bbox 3437 3332 3742 3406; x_wconf 47' lang='lat' dir='ltr'><strong>patriarcha.</strong></span> 
     </span>
    </p>
   </div>
   <div class='ocr_carea' id='block_1_91' title="bbox 2178 3426 3742 3503">
    <p class='ocr_par' dir='ltr' id='par_1_91' title="bbox 2178 3426 3742 3503">
     <span class='ocr_line' id='line_1_91' title="bbox 2178 3426 3742 3503; baseline -0.006 -13"><span class='ocrx_word' id='word_1_598' title='bbox 2178 3443 2270 3491; x_wconf 91' lang='lat' dir='ltr'><strong>tus</strong></span> <span class='ocrx_word' id='word_1_599' title='bbox 2324 3432 2656 3491; x_wconf 86' lang='lat' dir='ltr'><strong>venerabilis</strong></span> <span class='ocrx_word' id='word_1_600' title='bbox 2706 3431 2971 3503; x_wconf 80' lang='lat' dir='ltr'><strong>Stephani</strong></span> <span class='ocrx_word' id='word_1_601' title='bbox 3022 3429 3340 3503; x_wconf 75' lang='lat' dir='ltr'><strong>patriar-ohe</strong></span> <span class='ocrx_word' id='word_1_602' title='bbox 3388 3426 3705 3483; x_wconf 81' lang='lat' dir='ltr'><strong>lberusalem</strong></span> <span class='ocrx_word' id='word_1_603' title='bbox 3728 3465 3742 3489; x_wconf 82' lang='lat'><strong>,</strong></span> 
     </span>
    </p>
   </div>
   <div class='ocr_carea' id='block_1_92' title="bbox 2178 3513 3812 3598">
    <p class='ocr_par' dir='ltr' id='par_1_92' title="bbox 2178 3513 3812 3598">
     <span class='ocr_line' id='line_1_92' title="bbox 2178 3513 3812 3598; baseline -0.008 -16"><span class='ocrx_word' id='word_1_604' title='bbox 2178 3535 2231 3583; x_wconf 83' lang='lat' dir='ltr'><strong>et</strong></span> <span class='ocrx_word' id='word_1_605' title='bbox 2264 3533 2527 3598; x_wconf 75' lang='lat' dir='ltr'><strong>regnante</strong></span> <span class='ocrx_word' id='word_1_606' title='bbox 2566 3540 2694 3598; x_wconf 78' lang='lat' dir='ltr'><strong>rege</strong></span> <span class='ocrx_word' id='word_1_607' title='bbox 2737 3522 3007 3580; x_wconf 90' lang='lat' dir='ltr'><strong>Balduino</strong></span> <span class='ocrx_word' id='word_1_608' title='bbox 3034 3520 3279 3577; x_wconf 88' lang='lat' dir='ltr'><strong>secundo</strong></span> <span class='ocrx_word' id='word_1_609' title='bbox 3306 3518 3367 3574; x_wconf 88' lang='lat' dir='ltr'><strong>in</strong></span> <span class='ocrx_word' id='word_1_610' title='bbox 3412 3516 3608 3573; x_wconf 84' lang='lat' dir='ltr'><strong>eadem</strong></span> <span class='ocrx_word' id='word_1_611' title='bbox 3629 3513 3743 3570; x_wconf 81' lang='lat' dir='ltr'><strong>civi-</strong></span> 
     </span>
    </p>
   </div>
   <div class='ocr_carea' id='block_1_93' title="bbox 2178 3629 2307 3675">
    <p class='ocr_par' dir='ltr' id='par_1_93' title="bbox 2178 3629 2307 3675">
     <span class='ocr_line' id='line_1_93' title="bbox 2178 3629 2307 3675; baseline 0 0"><span class='ocrx_word' id='word_1_612' title='bbox 2178 3629 2307 3675; x_wconf 89' lang='lat' dir='ltr'><strong>tate.</strong></span> 
     </span>
    </p>
   </div>
   <div class='ocr_carea' id='block_1_94' title="bbox 2250 3698 3812 3782">
    <p class='ocr_par' dir='ltr' id='par_1_94' title="bbox 2250 3698 3812 3782">
     <span class='ocr_line' id='line_1_94' title="bbox 2250 3698 3812 3782; baseline -0.007 -16"><span class='ocrx_word' id='word_1_613' title='bbox 2250 3709 2365 3782; x_wconf 75' lang='lat' dir='ltr'><strong>Ego</strong></span> <span class='ocrx_word' id='word_1_614' title='bbox 2387 3708 2584 3764; x_wconf 86' lang='lat' dir='ltr'><strong>Petrus</strong></span> <span class='ocrx_word' id='word_1_615' title='bbox 2622 3707 2692 3765; x_wconf 90' lang='lat' dir='ltr'><strong>de</strong></span> <span class='ocrx_word' id='word_1_616' title='bbox 2719 3706 2923 3764; x_wconf 77' lang='lat' dir='ltr'><strong>Sancto</strong></span> <span class='ocrx_word' id='word_1_617' title='bbox 2953 3704 3236 3763; x_wconf 83' lang='lat' dir='ltr'><strong>Gauterio.</strong></span> <span class='ocrx_word' id='word_1_618' title='bbox 3272 3701 3443 3758; x_wconf 86' lang='lat' dir='ltr'><strong>huius</strong></span> <span class='ocrx_word' id='word_1_619' title='bbox 3477 3701 3564 3758; x_wconf 89' lang='lat' dir='ltr'><strong>rei</strong></span> <span class='ocrx_word' id='word_1_620' title='bbox 3586 3698 3750 3756; x_wconf 81' lang='lat' dir='ltr'><strong>vendi-</strong></span> 
     </span>
    </p>
   </div>
   <div class='ocr_carea' id='block_1_95' title="bbox 2181 3801 3020 3869">
    <p class='ocr_par' dir='ltr' id='par_1_95' title="bbox 2181 3801 3020 3869">
     <span class='ocr_line' id='line_1_95' title="bbox 2181 3801 3020 3869; baseline -0.006 -11"><span class='ocrx_word' id='word_1_621' title='bbox 2181 3812 2287 3869; x_wconf 89' lang='lat' dir='ltr'><strong>tor,</strong></span> <span class='ocrx_word' id='word_1_622' title='bbox 2314 3803 2475 3858; x_wconf 89' lang='lat' dir='ltr'><strong>istam</strong></span> <span class='ocrx_word' id='word_1_623' title='bbox 2497 3804 2706 3856; x_wconf 83' lang='lat' dir='ltr'><strong>ca&#39;rtam</strong></span> <span class='ocrx_word' id='word_1_624' title='bbox 2732 3801 3020 3856; x_wconf 80' lang='lat' dir='ltr'><strong>confirmo.</strong></span> 
     </span>
    </p>
   </div>
   <div class='ocr_carea' id='block_1_96' title="bbox 2254 3886 3518 3965">
    <p class='ocr_par' dir='ltr' id='par_1_96' title="bbox 2254 3886 3518 3965">
     <span class='ocr_line' id='line_1_96' title="bbox 2254 3886 3518 3965; baseline -0.004 -18"><span class='ocrx_word' id='word_1_625' title='bbox 2254 3892 2368 3965; x_wconf 80' lang='lat' dir='ltr'><strong>Ego</strong></span> <span class='ocrx_word' id='word_1_626' title='bbox 2392 3891 2644 3948; x_wconf 84' lang='lat' dir='ltr'><strong>Audearz</strong></span> <span class='ocrx_word' id='word_1_627' title='bbox 2672 3892 2765 3958; x_wconf 77' lang='grc'><strong>⁷⁸⁸,</strong></span> <span class='ocrx_word' id='word_1_628' title='bbox 2792 3889 2937 3947; x_wconf 89' lang='lat' dir='ltr'><strong>Petri</strong></span> <span class='ocrx_word' id='word_1_629' title='bbox 2973 3888 3199 3954; x_wconf 84' lang='lat' dir='ltr'><strong>coniux,</strong></span> <span class='ocrx_word' id='word_1_630' title='bbox 3236 3886 3400 3943; x_wconf 79' lang='lat' dir='ltr'><strong>firmo</strong></span> <span class='ocrx_word' id='word_1_631' title='bbox 3419 3887 3518 3942; x_wconf 77' lang='grc'><strong>⁷⁵⁸.</strong></span> 
     </span>
    </p>
   </div>
   <div class='ocr_carea' id='block_1_97' title="bbox 2252 3979 3757 4058">
    <p class='ocr_par' dir='ltr' id='par_1_97' title="bbox 2252 3979 3757 4058">
     <span class='ocr_line' id='line_1_97' title="bbox 2252 3979 3757 4058; baseline -0.005 -18"><span class='ocrx_word' id='word_1_632' title='bbox 2252 3984 2367 4058; x_wconf 70' lang='lat' dir='ltr'><strong>Ego</strong></span> <span class='ocrx_word' id='word_1_633' title='bbox 2431 3983 2701 4052; x_wconf 85' lang='lat' dir='ltr'><strong>Andreas,</strong></span> <span class='ocrx_word' id='word_1_634' title='bbox 2750 3983 2985 4039; x_wconf 89' lang='lat' dir='ltr'><strong>istorum</strong></span> <span class='ocrx_word' id='word_1_635' title='bbox 3032 3980 3218 4048; x_wconf 80' lang='lat' dir='ltr'><strong>filius,</strong></span> <span class='ocrx_word' id='word_1_636' title='bbox 3269 3979 3526 4036; x_wconf 85' lang='lat' dir='ltr'><strong>concedo</strong></span> <span class='ocrx_word' id='word_1_637' title='bbox 3552 3986 3609 4034; x_wconf 77' lang='lat' dir='ltr'><strong>et</strong></span> <span class='ocrx_word' id='word_1_638' title='bbox 3645 3986 3757 4033; x_wconf 65' lang='lat' dir='ltr'><strong>ese-</strong></span> 
     </span>
    </p>
   </div>
   <div class='ocr_carea' id='block_1_98' title="bbox 2180 4074 3812 4130">
    <p class='ocr_par' dir='ltr' id='par_1_98' title="bbox 2180 4074 3812 4130">
     <span class='ocr_line' id='line_1_98' title="bbox 2180 4074 3812 4130; baseline -0.002 0"><span class='ocrx_word' id='word_1_639' title='bbox 2180 4074 2362 4130; x_wconf 80' lang='lat' dir='ltr'><strong>Iirnio.</strong></span> <span class='ocrx_word' id='word_1_640' title='bbox 3810 4074 3812 4127; x_wconf 92' lang='lat' dir='ltr'><strong>i</strong></span> 
     </span>
    </p>
   </div>
   <div class='ocr_carea' id='block_1_99' title="bbox 2253 4148 3812 4236">
    <p class='ocr_par' dir='ltr' id='par_1_99' title="bbox 2253 4148 3812 4236">
     <span class='ocr_line' id='line_1_99' title="bbox 2253 4148 3812 4236; baseline -0.006 -18"><span class='ocrx_word' id='word_1_641' title='bbox 2253 4163 2369 4236; x_wconf 79' lang='lat' dir='ltr'><strong>Ego</strong></span> <span class='ocrx_word' id='word_1_642' title='bbox 2405 4159 2728 4229; x_wconf 86' lang='lat' dir='ltr'><strong>Petronilla,</strong></span> <span class='ocrx_word' id='word_1_643' title='bbox 2770 4162 3020 4233; x_wconf 87' lang='lat' dir='ltr'><strong>ipsorum</strong></span> <span class='ocrx_word' id='word_1_644' title='bbox 3065 4160 3201 4230; x_wconf 80' lang='lat' dir='ltr'><strong>ﬁlia,</strong></span> <span class='ocrx_word' id='word_1_645' title='bbox 3255 4157 3511 4216; x_wconf 86' lang='lat' dir='ltr'><strong>concedo</strong></span> <span class='ocrx_word' id='word_1_646' title='bbox 3557 4165 3615 4213; x_wconf 88' lang='lat' dir='ltr'><strong>et</strong></span> <span class='ocrx_word' id='word_1_647' title='bbox 3649 4170 3759 4211; x_wconf 70' lang='grc' dir='ltr'><strong>ωηο</strong></span> 
     </span>
    </p>
   </div>
   <div class='ocr_carea' id='block_1_100' title="bbox 2182 4248 2363 4312">
    <p class='ocr_par' dir='ltr' id='par_1_100' title="bbox 2182 4248 2363 4312">
     <span class='ocr_line' id='line_1_100' title="bbox 2182 4248 2363 4312; baseline -0.011 0"><span class='ocrx_word' id='word_1_648' title='bbox 2182 4248 2363 4312; x_wconf 78' lang='lat' dir='ltr'><strong>firmo.</strong></span> 
     </span>
    </p>
   </div>
   <div class='ocr_carea' id='block_1_101' title="bbox 2810 4341 3142 4398">
    <p class='ocr_par' dir='ltr' id='par_1_101' title="bbox 2810 4341 3142 4398">
     <span class='ocr_line' id='line_1_101' title="bbox 2810 4341 3142 4398; baseline 0 0"><span class='ocrx_word' id='word_1_649' title='bbox 2810 4341 3027 4398; x_wconf 80' lang='lat' dir='ltr'><strong>LXXIX</strong></span> <span class='ocrx_word' id='word_1_650' title='bbox 3051 4344 3142 4398; x_wconf 85' lang='grc'><strong>⁷⁸⁷.</strong></span> 
     </span>
    </p>
   </div>
   <div class='ocr_carea' id='block_1_102' title="bbox 2291 4442 3677 4497">
    <p class='ocr_par' dir='ltr' id='par_1_102' title="bbox 2291 4442 3677 4497">
     <span class='ocr_line' id='line_1_102' title="bbox 2291 4442 3677 4497; baseline -0.008 -3"><span class='ocrx_word' id='word_1_651' title='bbox 2291 4449 2635 4494; x_wconf 69' lang='grc' dir='ltr'><strong>Ρηινιιεοιωι</strong></span> <span class='ocrx_word' id='word_1_652' title='bbox 2663 4449 2825 4490; x_wconf 63' lang='lat' dir='ltr'><strong>PETRI</strong></span> <span class='ocrx_word' id='word_1_653' title='bbox 2852 4447 3064 4489; x_wconf 71' lang='lat' dir='ltr'><strong>PIIOBIS</strong></span> <span class='ocrx_word' id='word_1_654' title='bbox 3093 4447 3163 4486; x_wconf 71' lang='lat' dir='ltr'><strong>DE</strong></span> <span class='ocrx_word' id='word_1_655' title='bbox 3197 4446 3381 4497; x_wconf 59' lang='lat' dir='ltr'><strong>V1581,</strong></span> <span class='ocrx_word' id='word_1_656' title='bbox 3409 4445 3525 4494; x_wconf 72' lang='lat' dir='ltr'><strong>QUE</strong></span> <span class='ocrx_word' id='word_1_657' title='bbox 3553 4442 3677 4484; x_wconf 58' lang='lat' dir='ltr'><strong>FUIT</strong></span> 
     </span>
    </p>
   </div>
   <div class='ocr_carea' id='block_1_103' title="bbox 2714 4517 3221 4560">
    <p class='ocr_par' dir='ltr' id='par_1_103' title="bbox 2714 4517 3221 4560">
     <span class='ocr_line' id='line_1_103' title="bbox 2714 4517 3221 4560; baseline -0.01 0"><span class='ocrx_word' id='word_1_658' title='bbox 2714 4519 2934 4560; x_wconf 72' lang='lat' dir='ltr'><strong>SORORIS</strong></span> <span class='ocrx_word' id='word_1_659' title='bbox 2967 4517 3221 4559; x_wconf 78' lang='lat' dir='ltr'><strong>ODIERDE.</strong></span> 
     </span>
    </p>
   </div>
   <div class='ocr_carea' id='block_1_104' title="bbox 2252 4590 3767 4655">
    <p class='ocr_par' dir='ltr' id='par_1_104' title="bbox 2252 4590 3767 4655">
     <span class='ocr_line' id='line_1_104' title="bbox 2252 4590 3767 4655; baseline -0.009 0"><span class='ocrx_word' id='word_1_660' title='bbox 2252 4600 2310 4655; x_wconf 91' lang='lat' dir='ltr'><strong>In</strong></span> <span class='ocrx_word' id='word_1_661' title='bbox 2342 4598 2565 4655; x_wconf 86' lang='lat' dir='ltr'><strong>nomine</strong></span> <span class='ocrx_word' id='word_1_662' title='bbox 2594 4603 2785 4652; x_wconf 88' lang='lat' dir='ltr'><strong>sancte</strong></span> <span class='ocrx_word' id='word_1_663' title='bbox 2812 4602 2867 4651; x_wconf 90' lang='lat' dir='ltr'><strong>et</strong></span> <span class='ocrx_word' id='word_1_664' title='bbox 2895 4590 3172 4649; x_wconf 84' lang='lat' dir='ltr'><strong>individue</strong></span> <span class='ocrx_word' id='word_1_665' title='bbox 3197 4591 3495 4647; x_wconf 84' lang='lat' dir='ltr'><strong>Trinitatis</strong></span> <span class='ocrx_word' id='word_1_666' title='bbox 3528 4590 3705 4646; x_wconf 82' lang='lat' dir='ltr'><strong>Patris</strong></span> <span class='ocrx_word' id='word_1_667' title='bbox 3726 4596 3767 4643; x_wconf 76' lang='lat' dir='ltr'><strong>ct</strong></span> 
     </span>
    </p>
   </div>
   <div class='ocr_carea' id='block_1_105' title="bbox 2178 4679 3812 4762">
    <p class='ocr_par' dir='ltr' id='par_1_105' title="bbox 2178 4679 3812 4762">
     <span class='ocr_line' id='line_1_105' title="bbox 2178 4679 3812 4762; baseline -0.003 -14"><span class='ocrx_word' id='word_1_668' title='bbox 2178 4679 2307 4749; x_wconf 79' lang='lat' dir='ltr'><strong>Filii</strong></span> <span class='ocrx_word' id='word_1_669' title='bbox 2326 4700 2381 4748; x_wconf 87' lang='lat' dir='ltr'><strong>et</strong></span> <span class='ocrx_word' id='word_1_670' title='bbox 2410 4688 2647 4762; x_wconf 89' lang='lat' dir='ltr'><strong>Spiritus</strong></span> <span class='ocrx_word' id='word_1_671' title='bbox 2672 4687 2880 4755; x_wconf 88' lang='lat' dir='ltr'><strong>Sancti,</strong></span> <span class='ocrx_word' id='word_1_672' title='bbox 2906 4684 3111 4761; x_wconf 88' lang='lat' dir='ltr'><strong>[amen]</strong></span> <span class='ocrx_word' id='word_1_673' title='bbox 3143 4683 3237 4738; x_wconf 71' lang='grc' dir='ltr'><strong>η’.</strong></span> 
     </span>
    </p>
   </div>
   <div class='ocr_carea' id='block_1_106' title="bbox 2252 4775 3770 4858">
    <p class='ocr_par' dir='ltr' id='par_1_106' title="bbox 2252 4775 3770 4858">
     <span class='ocr_line' id='line_1_106' title="bbox 2252 4775 3770 4858; baseline -0.011 -18"><span class='ocrx_word' id='word_1_674' title='bbox 2252 4785 2367 4858; x_wconf 80' lang='lat' dir='ltr'><strong>Ego</strong></span> <span class='ocrx_word' id='word_1_675' title='bbox 2395 4784 2610 4852; x_wconf 90' lang='lat' dir='ltr'><strong>Petrus,</strong></span> <span class='ocrx_word' id='word_1_676' title='bbox 2647 4781 2743 4838; x_wconf 88' lang='lat' dir='ltr'><strong>Dei</strong></span> <span class='ocrx_word' id='word_1_677' title='bbox 2794 4780 2967 4853; x_wconf 74' lang='lat' dir='ltr'><strong>gratia</strong></span> <span class='ocrx_word' id='word_1_678' title='bbox 3010 4776 3280 4835; x_wconf 89' lang='lat' dir='ltr'><strong>Dominici</strong></span> <span class='ocrx_word' id='word_1_679' title='bbox 3305 4775 3567 4847; x_wconf 86' lang='lat' dir='ltr'><strong>Sepulcri</strong></span> <span class='ocrx_word' id='word_1_680' title='bbox 3622 4775 3770 4847; x_wconf 70' lang='lat' dir='ltr'><strong>prior,</strong></span> 
     </span>
    </p>
   </div>
   <div class='ocr_carea' id='block_1_107' title="bbox 2182 4867 3812 4936">
    <p class='ocr_par' dir='ltr' id='par_1_107' title="bbox 2182 4867 3812 4936">
     <span class='ocr_line' id='line_1_107' title="bbox 2182 4867 3812 4936; baseline -0.011 0"><span class='ocrx_word' id='word_1_681' title='bbox 2182 4897 2292 4936; x_wconf 85' lang='lat' dir='ltr'><strong>una</strong></span> <span class='ocrx_word' id='word_1_682' title='bbox 2328 4894 2456 4935; x_wconf 92' lang='lat' dir='ltr'><strong>cum</strong></span> <span class='ocrx_word' id='word_1_683' title='bbox 2509 4875 2773 4932; x_wconf 87' lang='lat' dir='ltr'><strong>fratribus</strong></span> <span class='ocrx_word' id='word_1_684' title='bbox 2807 4872 3065 4929; x_wconf 89' lang='lat' dir='ltr'><strong>omnibus</strong></span> <span class='ocrx_word' id='word_1_685' title='bbox 3118 4878 3312 4926; x_wconf 85' lang='lat' dir='ltr'><strong>notum</strong></span> <span class='ocrx_word' id='word_1_686' title='bbox 3364 4867 3639 4932; x_wconf 83' lang='lat' dir='ltr'><strong>facimus,</strong></span> <span class='ocrx_word' id='word_1_687' title='bbox 3681 4876 3771 4919; x_wconf 71' lang='lat' dir='ltr'><strong>tam</strong></span> <span class='ocrx_word' id='word_1_688' title='bbox 3810 4872 3812 4936; x_wconf 71' lang='grc' dir='ltr'><strong>ί</strong></span> 
     </span>
    </p>
   </div>
   <div class='ocr_carea' id='block_1_108' title="bbox 2182 4960 3812 5045">
    <p class='ocr_par' dir='ltr' id='par_1_108' title="bbox 2182 4960 3812 5045">
     <span class='ocr_line' id='line_1_108' title="bbox 2182 4960 3812 5045; baseline -0.013 -14"><span class='ocrx_word' id='word_1_689' title='bbox 2182 4972 2531 5045; x_wconf 88' lang='lat' dir='ltr'><strong>presentibus</strong></span> <span class='ocrx_word' id='word_1_690' title='bbox 2599 4983 2767 5039; x_wconf 85' lang='lat' dir='ltr'><strong>quam</strong></span> <span class='ocrx_word' id='word_1_691' title='bbox 2832 4964 3065 5032; x_wconf 87' lang='lat' dir='ltr'><strong>futuris,</strong></span> <span class='ocrx_word' id='word_1_692' title='bbox 3135 4963 3428 5019; x_wconf 87' lang='lat' dir='ltr'><strong>mulierem</strong></span> <span class='ocrx_word' id='word_1_693' title='bbox 3486 4960 3812 5045; x_wconf 64' lang='lat' dir='ltr'><strong>quandmi</strong></span> 
     </span>
    </p>
   </div>
   <div class='ocr_carea' id='block_1_109' title="bbox 2189 5052 3812 5127">
    <p class='ocr_par' dir='ltr' id='par_1_109' title="bbox 2189 5052 3812 5127">
     <span class='ocr_line' id='line_1_109' title="bbox 2189 5052 3812 5127; baseline -0.01 -7"><span class='ocrx_word' id='word_1_694' title='bbox 2189 5063 2481 5120; x_wconf 84' lang='lat' dir='ltr'><strong>Odierdam</strong></span> <span class='ocrx_word' id='word_1_695' title='bbox 2504 5061 2575 5094; x_wconf 77' lang='grc'><strong>⁷⁵⁸</strong></span> <span class='ocrx_word' id='word_1_696' title='bbox 2601 5059 2845 5127; x_wconf 88' lang='lat' dir='ltr'><strong>nomine,</strong></span> <span class='ocrx_word' id='word_1_697' title='bbox 2867 5052 3643 5119; x_wconf 75' lang='lat' dir='ltr'><strong>habitatricemMabnmerie,</strong></span> <span class='ocrx_word' id='word_1_698' title='bbox 3671 5066 3775 5106; x_wconf 74' lang='lat' dir='ltr'><strong>cum</strong></span> <span class='ocrx_word' id='word_1_699' title='bbox 3810 5052 3812 5127; x_wconf 73' lang='grc' dir='ltr'><strong><em>ς</em></strong></span> 
     </span>
    </p>
   </div>
   <div class='ocr_carea' id='block_1_110' title="bbox 2182 5142 3775 5225">
    <p class='ocr_par' dir='ltr' id='par_1_110' title="bbox 2182 5142 3775 5225">
     <span class='ocr_line' id='line_1_110' title="bbox 2182 5142 3775 5225; baseline -0.013 -12"><span class='ocrx_word' id='word_1_700' title='bbox 2182 5156 2375 5212; x_wconf 75' lang='lat' dir='ltr'><strong>effecta</strong></span> <span class='ocrx_word' id='word_1_701' title='bbox 2408 5163 2491 5211; x_wconf 90' lang='lat' dir='ltr'><strong>est</strong></span> <span class='ocrx_word' id='word_1_702' title='bbox 2528 5153 2764 5225; x_wconf 79' lang='lat' dir='ltr'><strong>gratuita</strong></span> <span class='ocrx_word' id='word_1_703' title='bbox 2812 5164 2970 5207; x_wconf 87' lang='lat' dir='ltr'><strong>soror</strong></span> <span class='ocrx_word' id='word_1_704' title='bbox 2997 5156 3303 5204; x_wconf 86' lang='lat' dir='ltr'><strong>conventus</strong></span> <span class='ocrx_word' id='word_1_705' title='bbox 3348 5143 3549 5199; x_wconf 86' lang='lat' dir='ltr'><strong>Sancti</strong></span> <span class='ocrx_word' id='word_1_706' title='bbox 3600 5142 3775 5214; x_wconf 74' lang='lat' dir='ltr'><strong>Sepul-</strong></span> 
     </span>
    </p>
   </div>
   <div class='ocr_carea' id='block_1_111' title="bbox 2185 5232 3812 5316">
    <p class='ocr_par' dir='ltr' id='par_1_111' title="bbox 2185 5232 3812 5316">
     <span class='ocr_line' id='line_1_111' title="bbox 2185 5232 3812 5316; baseline -0.01 -11"><span class='ocrx_word' id='word_1_707' title='bbox 2185 5249 2289 5316; x_wconf 83' lang='lat' dir='ltr'><strong>cri,</strong></span> <span class='ocrx_word' id='word_1_708' title='bbox 2310 5248 2528 5304; x_wconf 88' lang='lat' dir='ltr'><strong>vineam</strong></span> <span class='ocrx_word' id='word_1_709' title='bbox 2559 5260 2750 5310; x_wconf 87' lang='lat' dir='ltr'><strong>unam,</strong></span> <span class='ocrx_word' id='word_1_710' title='bbox 2778 5258 2945 5314; x_wconf 89' lang='lat' dir='ltr'><strong>quam</strong></span> <span class='ocrx_word' id='word_1_711' title='bbox 2992 5239 3249 5305; x_wconf 87' lang='lat' dir='ltr'><strong>habebat,</strong></span> <span class='ocrx_word' id='word_1_712' title='bbox 3278 5237 3467 5293; x_wconf 89' lang='lat' dir='ltr'><strong>eidem</strong></span> <span class='ocrx_word' id='word_1_713' title='bbox 3494 5232 3780 5291; x_wconf 77' lang='lat' dir='ltr'><strong>conventui</strong></span> 
     </span>
    </p>
   </div>
   <div class='ocr_carea' id='block_1_112' title="bbox 2185 5331 3812 5415">
    <p class='ocr_par' dir='ltr' id='par_1_112' title="bbox 2185 5331 3812 5415">
     <span class='ocr_line' id='line_1_112' title="bbox 2185 5331 3812 5415; baseline -0.007 -16"><span class='ocrx_word' id='word_1_714' title='bbox 2185 5341 2569 5415; x_wconf 84' lang='lat' dir='ltr'><strong>possidendam</strong></span> <span class='ocrx_word' id='word_1_715' title='bbox 2607 5338 2919 5396; x_wconf 88' lang='lat' dir='ltr'><strong>tradidisse.</strong></span> <span class='ocrx_word' id='word_1_716' title='bbox 2948 5334 3125 5403; x_wconf 83' lang='lat' dir='ltr'><strong>Quam</strong></span> <span class='ocrx_word' id='word_1_717' title='bbox 3155 5348 3283 5390; x_wconf 86' lang='lat' dir='ltr'><strong>cum</strong></span> <span class='ocrx_word' id='word_1_718' title='bbox 3327 5332 3482 5387; x_wconf 86' lang='lat' dir='ltr'><strong>filius</strong></span> <span class='ocrx_word' id='word_1_719' title='bbox 3516 5333 3652 5414; x_wconf 72' lang='lat' dir='ltr'><strong>eius</strong></span> <span class='ocrx_word' id='word_1_720' title='bbox 3687 5331 3779 5383; x_wconf 76' lang='lat' dir='ltr'><strong>An-</strong></span> 
     </span>
    </p>
   </div>
   <div class='ocr_carea' id='block_1_113' title="bbox 2184 5425 3812 5506">
    <p class='ocr_par' dir='ltr' id='par_1_113' title="bbox 2184 5425 3812 5506">
     <span class='ocr_line' id='line_1_113' title="bbox 2184 5425 3812 5506; baseline -0.01 -14"><span class='ocrx_word' id='word_1_721' title='bbox 2184 5436 2346 5492; x_wconf 86' lang='lat' dir='ltr'><strong>dreas</strong></span> <span class='ocrx_word' id='word_1_722' title='bbox 2377 5441 2503 5506; x_wconf 88' lang='lat' dir='ltr'><strong>post</strong></span> <span class='ocrx_word' id='word_1_723' title='bbox 2529 5432 2648 5505; x_wconf 84' lang='lat' dir='ltr'><strong>ejus</strong></span> <span class='ocrx_word' id='word_1_724' title='bbox 2670 5431 2880 5487; x_wconf 91' lang='lat' dir='ltr'><strong>obitum</strong></span> <span class='ocrx_word' id='word_1_725' title='bbox 2912 5429 2964 5485; x_wconf 91' lang='lat' dir='ltr'><strong>vi</strong></span> <span class='ocrx_word' id='word_1_726' title='bbox 2991 5437 3047 5483; x_wconf 89' lang='lat' dir='ltr'><strong>et</strong></span> <span class='ocrx_word' id='word_1_727' title='bbox 3071 5434 3266 5483; x_wconf 87' lang='lat' dir='ltr'><strong>contra</strong></span> <span class='ocrx_word' id='word_1_728' title='bbox 3311 5425 3670 5481; x_wconf 84' lang='lat' dir='ltr'><strong>voluntatem</strong></span> <span class='ocrx_word' id='word_1_729' title='bbox 3700 5439 3776 5477; x_wconf 58' lang='lat' dir='ltr'><strong>ne</strong></span> 
     </span>
    </p>
   </div>
   <div class='ocr_carea' id='block_1_114' title="bbox 1615 5577 2059 5658">
    <p class='ocr_par' dir='ltr' id='par_1_114' title="bbox 1615 5589 2054 5658">
     <span class='ocr_line' id='line_1_114' title="bbox 1615 5589 2054 5658; baseline -0.005 -13"><span class='ocrx_word' id='word_1_730' title='bbox 1615 5589 1690 5627; x_wconf 73' lang='lat'><strong>&#39;“</strong></span> <span class='ocrx_word' id='word_1_731' title='bbox 1719 5590 1784 5658; x_wconf 92' lang='lat' dir='ltr'><strong>B,</strong></span> <span class='ocrx_word' id='word_1_732' title='bbox 1821 5590 2054 5645; x_wconf 76' lang='lat' dir='ltr'><strong>serviciu</strong></span> 
     </span>
    </p>
   </div>
   <div class='ocr_carea' id='block_1_115' title="bbox 2211 5577 3781 5658">
    <p class='ocr_par' dir='ltr' id='par_1_115' title="bbox 2211 5577 3781 5658">
     <span class='ocr_line' id='line_1_115' title="bbox 2211 5577 3781 5658; baseline -0.003 3"><span class='ocrx_word' id='word_1_733' title='bbox 2298 5587 2361 5655; x_wconf 72' lang='grc' dir='ltr'><strong>Β,</strong></span> <span class='ocrx_word' id='word_1_734' title='bbox 2664 5585 2748 5658; x_wconf 58' lang='lat'><strong>3,&quot;</strong></span> <span class='ocrx_word' id='word_1_735' title='bbox 2768 5582 2836 5658; x_wconf 63' lang='grc' dir='ltr'><strong>β,</strong></span> <span class='ocrx_word' id='word_1_736' title='bbox 2858 5582 3128 5658; x_wconf 58' lang='lat' dir='ltr'><strong>reﬁciari-</strong></span> <span class='ocrx_word' id='word_1_737' title='bbox 3196 5577 3781 5658; x_wconf 60' lang='grc' dir='ltr'><strong>,⁷⁸⁸,Βεδὲἰὶιιὲιῖθντεε</strong></span> 
     </span>
    </p>
   </div>
   <div class='ocr_carea' id='block_1_116' title="bbox 2188 5649 3812 5727">
    <p class='ocr_par' dir='ltr' id='par_1_116' title="bbox 2188 5649 3812 5727">
     <span class='ocr_line' id='line_1_116' title="bbox 2188 5649 3812 5727; baseline -0.007 -15"><span class='ocrx_word' id='word_1_738' title='bbox 2188 5658 2255 5691; x_wconf 81' lang='grc'><strong>⁷⁵¹</strong></span> <span class='ocrx_word' id='word_1_739' title='bbox 2290 5649 2358 5723; x_wconf 63' lang='grc' dir='ltr'><strong>Βξ</strong></span> <span class='ocrx_word' id='word_1_740' title='bbox 2388 5658 2579 5713; x_wconf 79' lang='lat' dir='ltr'><strong>oculis.</strong></span> <span class='ocrx_word' id='word_1_741' title='bbox 2650 5656 2720 5688; x_wconf 80' lang='lat'><strong>&quot;&#39;</strong></span> <span class='ocrx_word' id='word_1_742' title='bbox 2762 5649 2998 5727; x_wconf 53' lang='lat' dir='ltr'><strong>supplet;</strong></span> <span class='ocrx_word' id='word_1_743' title='bbox 3028 5650 3336 5727; x_wconf 37' lang='grc' dir='ltr'><strong>ἄορι-αξξ-Βέ</strong></span> <span class='ocrx_word' id='word_1_744' title='bbox 3416 5651 3509 5727; x_wconf 45' lang='grc' dir='ltr'><strong>’ᾗῇ</strong></span> <span class='ocrx_word' id='word_1_745' title='bbox 3529 5649 3759 5727; x_wconf 27' lang='lat' dir='ltr'><strong>paper].</strong></span> 
     </span>
    </p>
   </div>
   <div class='ocr_carea' id='block_1_117' title="bbox 434 5720 2059 5801">
    <p class='ocr_par' dir='ltr' id='par_1_117' title="bbox 434 5720 2059 5801">
     <span class='ocr_line' id='line_1_117' title="bbox 434 5720 2059 5801; baseline 0.01 -29"><span class='ocrx_word' id='word_1_746' title='bbox 434 5780 436 5782; x_wconf 23' lang='grc' dir='ltr'><strong><em>τ</em></strong></span> <span class='ocrx_word' id='word_1_747' title='bbox 485 5721 599 5801; x_wconf 56' lang='grc' dir='ltr'><strong>νέα.</strong></span> <span class='ocrx_word' id='word_1_748' title='bbox 635 5720 1097 5801; x_wconf 30' lang='lat' dir='ltr'><strong>“Piliae-ortam.</strong></span> <span class='ocrx_word' id='word_1_749' title='bbox 1173 5731 1242 5767; x_wconf 79' lang='grc'><strong>⁷⁵³</strong></span> <span class='ocrx_word' id='word_1_750' title='bbox 1268 5732 1329 5788; x_wconf 85' lang='grc' dir='ltr'><strong>Β.</strong></span> <span class='ocrx_word' id='word_1_751' title='bbox 1357 5720 1649 5788; x_wconf 63' lang='grc' dir='ltr'><strong>Ᾰαάοανίς.</strong></span> <span class='ocrx_word' id='word_1_752' title='bbox 1700 5720 1806 5766; x_wconf 66' lang='grc'><strong>’⁷⁸⁵</strong></span> <span class='ocrx_word' id='word_1_753' title='bbox 1833 5731 1895 5801; x_wconf 89' lang='grc' dir='ltr'><strong>Β,</strong></span> <span class='ocrx_word' id='word_1_754' title='bbox 1926 5720 2059 5801; x_wconf 62' lang='grc' dir='ltr'><strong>εοὲηἳ</strong></span> 
     </span>
    </p>
   </div>
   <div class='ocr_carea' id='block_1_118' title="bbox 2211 5720 3783 5801">
    <p class='ocr_par' dir='ltr' id='par_1_118' title="bbox 2279 5720 3783 5796">
     <span class='ocr_line' id='line_1_118' title="bbox 2279 5720 3783 5796; baseline 0.011 -36"><span class='ocrx_word' id='word_1_755' title='bbox 2279 5720 2350 5761; x_wconf 77' lang='lat' dir='ltr'><strong>m</strong></span> <span class='ocrx_word' id='word_1_756' title='bbox 2375 5728 2441 5796; x_wconf 54' lang='grc' dir='ltr'><strong>Α,</strong></span> <span class='ocrx_word' id='word_1_757' title='bbox 2479 5728 2519 5782; x_wconf 68' lang='lat' dir='ltr'><strong>po</strong></span> <span class='ocrx_word' id='word_1_758' title='bbox 2545 5728 2632 5795; x_wconf 59' lang='grc' dir='ltr'><strong>τε,</strong></span> <span class='ocrx_word' id='word_1_759' title='bbox 2658 5739 2706 5782; x_wconf 63' lang='grc' dir='ltr'><strong>το</strong></span> <span class='ocrx_word' id='word_1_760' title='bbox 2726 5771 2740 5794; x_wconf 68' lang='grc'>,</span> <span class='ocrx_word' id='word_1_761' title='bbox 2768 5720 2905 5790; x_wconf 68' lang='grc' dir='ltr'><strong>Β,’1⁵</strong></span> <span class='ocrx_word' id='word_1_762' title='bbox 2931 5722 3022 5789; x_wconf 79' lang='grc'><strong>85,</strong></span> <span class='ocrx_word' id='word_1_763' title='bbox 3053 5720 3138 5777; x_wconf 66' lang='grc' dir='ltr'><strong>ι’θῖ</strong></span> <span class='ocrx_word' id='word_1_764' title='bbox 3200 5723 3274 5754; x_wconf 75' lang='grc'>⁷⁸⁸</span> <span class='ocrx_word' id='word_1_765' title='bbox 3298 5720 3545 5795; x_wconf 81' lang='lat' dir='ltr'><strong>Suppléé</strong></span> <span class='ocrx_word' id='word_1_766' title='bbox 3584 5720 3783 5792; x_wconf 59' lang='grc' dir='ltr'><strong>ἄειρε-ἐς</strong></span> 
     </span>
    </p>
   </div>
   <div class='ocr_carea' id='block_1_119' title="bbox 493 5787 1142 5866">
    <p class='ocr_par' dir='ltr' id='par_1_119' title="bbox 493 5787 1142 5866">
     <span class='ocr_line' id='line_1_119' title="bbox 493 5787 1142 5866; baseline 0.015 -23"><span class='ocrx_word' id='word_1_767' title='bbox 493 5787 560 5845; x_wconf 85' lang='grc' dir='ltr'><strong>Β.</strong></span> <span class='ocrx_word' id='word_1_768' title='bbox 635 5794 704 5829; x_wconf 80' lang='grc'><strong><em>⁷⁵³</em></strong></span> <span class='ocrx_word' id='word_1_769' title='bbox 731 5793 791 5866; x_wconf 86' lang='grc' dir='ltr'><strong>Β,</strong></span> <span class='ocrx_word' id='word_1_770' title='bbox 828 5787 1142 5853; x_wconf 75' lang='lat' dir='ltr'><strong>Ddiardam.</strong></span> 
     </span>
    </p>
   </div>
  </div>
