3812 6312
544 354 684 413 “79

1121 352 1210 406 AD
1245 344 1697 409 GODEFRIDUM
1732 344 2023 402 APPEND.
2068 344 2134 399 ll.
2168 372 2240 381 —
2276 341 2545 399 MONUM.
2588 340 2678 398 DE
2712 341 2938 397 BELLO
2974 340 3218 397 SACRO.
3573 364 3658 423 tm

540 468 768 541 poribus
796 466 881 523 sui
920 468 1120 539 tigm'is
1165 451 1409 537 optineat
1429 464 1500 496 ’³ο
1544 462 1879 527 ﬁrmitatem,
1907 475 2123 530 presen-
2160 460 2203 515 A
2231 455 2553 525 Dertoldus,
2590 464 2797 512 natura
2832 456 2971 511 liber
3019 463 3075 510 et
3123 455 3389 527 ingenuus,
3425 470 3659 547 omniaque,

540 566 651 615 tem
675 559 935 629 paginam
961 556 1135 613 nostri
1160 556 1323 627 sigilli
1348 554 1652 609 munimine
1689 553 2014 609 rohoramus
2039 551 2129 607 ⁷⁸⁸.

544 648 683 706 Ilinc
709 658 839 706 sunt
868 659 1037 708 testes
1068 670 1082 707 :

688 740 959 801 Dominus
990 743 1320 809 Aimericus,
1364 744 1640 814 subprior.
1684 743 1959 810 Giraldus,
2007 760 2130 815 pre-

756 848 966 893 cmtor.
1002 836 1158 891 Raul.
1186 835 1493 892 Willelmus
1518 836 1887 893 Normannus.
1916 837 2134 892 Baldui-

754 944 875 983 nus.
932 925 1267 981 Godol‘ridus
1298 927 1371 958 ⁷⁸³
1429 924 1745 982 Nicholaus.
1805 927 2128 983 Ademarus.

756 1020 954 1076 Petrus
982 1018 1229 1089 Sepulcri
1268 1018 1574 1075 Willelmus
1601 1021 1669 1075 de
1698 1021 1925 1077 Baruth.
1953 1019 2127 1092 Hugo.

755 1111 1045 1165 Iohannes.
1087 1108 1363 1167 Ilulricus.
1410 1110 1718 1167 Willelmus
1766 1112 1995 1183 lspanus
2035 1113 2126 1166 ⁷³³.

754 1200 951 1257 Petrus
973 1201 1044 1256 de
1069 1199 1290 1269 Latina,
1316 1201 1514 1259 Petrus
1543 1203 1905 1260 Bolonicnsis.

606 1292 763 1349 Anno
784 1293 1060 1351 dominica
1084 1294 1480 1352 incarnationis
1506 1313 1653 1364 ωειλ,
1678 1296 1978 1353 indictione
2006 1312 2126 1351 χιιι.

1110 1391 1114 1394 ⁴
1154 1401 1395 1457 LXXXII
1424 1404 1515 1459 ⁷⁸⁸.

534 1509 881 1551 Ριιινιιιεῦιωι
920 1512 1082 1551 PETRI
1135 1512 1349 1563 PHIORIS
1384 1513 1451 1551 DE
1495 1513 1672 1564 DOMO,
1704 1514 1805 1561 QUI-2
1858 1514 1983 1552 FUIT
2029 1514 2127 1552 HO-

606 1582 750 1622 IINIS
775 1582 1071 1634 CIYIUSDAI,
1120 1582 1387 1621 BERNARD!
1427 1583 1654 1635 ΝΟἈΙΝΕ,
1695 1585 1763 1623 ΕΤ
1801 1584 1994 1624 UXORIS
2032 1584 2128 1624 SUB

610 1651 764 1692 Aorsi:
786 1638 879 1691 ⁷⁸⁸.

605 1751 766 1805 Anno
799 1751 869 1807 ab
910 1751 1292 1808 incarnatione
1337 1751 1553 1807 Domini
1600 1769 1838 1821 ucxxxv,
1870 1754 2125 1811 indictio-

534 1857 605 1897 ne
649 1857 756 1909 ιιι,
799 1843 855 1897 in
884 1843 1065 1900 idibus
1118 1845 1485 1901 mensibusm
1527 1845 1816 1913 martii’",
1866 1858 2127 1920 regnante

458 1924 469 1934 ’
534 1931 907 1991 Iherosolimis
932 1933 1204 2004 Fulcone,
1236 1951 1364 2007 rege
1386 1935 1725 1993 Francorum
1761 1940 1930 1995 tercio
1948 1981 1964 2006 ,
1991 1939 2129 1996 Wil-

533 2021 699 2079 lelmo
743 2041 871 2082 vero
908 2027 1223 2097 patriarcha
1273 2028 1476 2083 summi
1521 2030 1872 2099 pontiﬁcatus
1909 2043 2129 2105 gerente

535 2116 770 2185 apicem,
795 2107 896 2189 ego
927 2117 1242 2176 Bernardus
1267 2134 1391 2175 cum
1421 2137 1598 2177 uxore
1627 2139 1747 2179 mea
1769 2123 1968 2182 Ilauisa
2001 2127 2128 2183 abs—

536 2222 645 2276 que
683 2210 1059 2265 controversia
1107 2220 1162 2266 et
1206 2212 1442 2268 alicuius
1486 2213 1728 2271 hominis
1778 2218 2123 2289 calumpnia,

529 2295 744 2372 prefato
770 2310 1045 2357 annuente
1079 2303 1388 2373 patriarcha
1407 2348 1421 2372 ,
1452 2291 1668 2363 vendidi
1703 2325 1767 2364 ac
1800 2309 1916 2365 iure
1936 2326 2126 2381 perpe-

531 2396 628 2445 tuo
647 2391 1035 2460 possidendam
1069 2394 1264 2451 tradidi
1290 2394 1483 2465 Petro,
1512 2398 1683 2469 priori
1720 2398 1906 2455 Sancti
1934 2400 2127 2471 Sepul-

530 2481 642 2548 cri,
681 2490 735 2537 et
765 2485 1046 2542 canonicis
1084 2487 1331 2544 eiusdem
1361 2505 1663 2562 eorumque
1712 2495 2125 2553 successoribus

527 2571 753 2628 domum
781 2590 959 2630 meam
986 2592 1087 2647 pro
1114 2594 1175 2634 cc
1197 2579 1458 2637 bisanciis
1477 2624 1492 2649 ,
1533 2598 1639 2653 que
1671 2593 1757 2640 est
1784 2585 1958 2655 posita
1982 2586 2122 2642 infra

510 2676 719 2721 ‘muros
750 2664 1115 2736 Iherusalem,
1145 2678 1206 2725 ut
1236 2670 1341 2742 ipsi
1387 2671 1616 2728 liberam
1662 2685 1990 2746 potestatem
2020 2678 2123 2734 ha-

528 2754 695 2812 beant
746 2773 869 2813 eam
912 2759 1216 2829 vendendi,
1257 2764 1533 2833 donandi,
1577 2777 1631 2823 et
1667 2769 1927 2840 quicquid
1958 2772 2025 2827 de
2059 2789 2122 2828 ea

528 2848 1154 2908 voluerintfatiendi'”.
1204 2840 1378 2912 Habet
1424 2868 1604 2914 autem
1643 2862 1886 2931 prodicta
1924 2864 2123 2922 domus

529 2939 598 2994 ab
628 2956 757 2996 una
784 2951 936 3011 parte
957 2944 1181 3001 domum
1211 2950 1529 3005 eorumdem
1561 2954 1984 3023 canonicorum,
2015 2974 2123 3029 que

529 3030 634 3088 fuit
670 3032 933 3090 Willelmi
968 3037 1361 3110 drugomanni,
1400 3043 1470 3097 ab
1517 3044 1622 3099 alia
1659 3046 1947 3103 ecclesiam
1983 3048 2121 3105 San-

2234 565 2473 621 cumque
2511 550 2753 621 presenti
2783 549 2873 605 die
2918 549 3039 604 iure
3065 547 3338 618 possideo,
3376 561 3464 611 tam
3495 560 3539 617 in
3573 572 3663 639 agris

2233 657 2398 713 quam
2426 640 2632 709 vineis,
2658 641 2808 696 villis
2828 649 2883 696 et
2919 639 3234 696 hominibus
3267 643 3342 698 vel
3361 648 3663 729 quibuscumque

2232 733 2355 788 aliis
2376 732 2825 803 possessionibus
2842 775 2859 800 ,
2888 732 3010 788 iure
3035 730 3351 803 Suevorum,
3373 736 3504 797 lii-ere
3525 751 3664 815 omnia,

2234 826 2379 881 sicut
2402 841 2505 899 ego
2533 841 2596 881 ea
2627 825 2913 896 possideo,
2938 840 3039 895 pro
3063 824 3300 880 remedio
3324 829 3468 887 anime
3490 850 3665 895 meeeun.

2232 925 2559 989 ctorumque
2584 926 2876 988 parentum
2904 932 3154 972 meorum
3175 917 3309 973 dono
3326 930 3373 975 et
3393 927 3572 984 concedo
3589 932 3667 986 ais.

2230 1026 2337 1081 que
2381 1010 2533 1066 omni
2578 1010 3020 1067 contradictione
3078 1008 3349 1066 Dominice
3388 1012 3601 1086 Sepulero,
3631 1039 3667 1077 ea

2231 1106 2479 1162 videlicet
2497 1106 2810 1163 conditione
2832 1107 2921 1176 ut‘,
2948 1104 3211 1177 quamdiu
3233 1119 3324 1175 ego
3341 1107 3491 1164 vixero
3506 1151 3518 1177 ,
3532 1114 3670 1170 easdem

2232 1198 2575 1268 supradictas
2597 1197 2983 1268 possessiones
3011 1212 3042 1251 a
3069 1195 3513 1255 dominoWillelmo
3527 1205 3673 1271 patriar-

2230 1291 2332 1347 cha
2353 1298 2408 1347 et
2434 1290 2627 1358 Petro,
2664 1291 2847 1362 priore
2874 1289 3146 1345 Dominici
3173 1288 3423 1360 Sepulcri,
3448 1308 3523 1364 pro
3544 1295 3671 1355 mea.

2230 1382 2317 1439 cio
2340 1382 2570 1437 habeam
2589 1425 2604 1449 ,
2642 1392 2697 1437 et
2727 1397 3064 1453 unoquoque
3095 1396 3242 1437 anno
3274 1382 3334 1437 ad
3372 1385 3674 1444 conﬁrmandum

2230 1474 2373 1529 idem
2405 1474 2778 1545 supradictum
2809 1475 3014 1530 donum
3053 1490 3088 1528 ι
3124 1473 3323 1530 solidos
3351 1473 3521 1545 public:
3542 1489 3678 1535 monete

2228 1580 2328 1635 pro
2352 1580 2516 1620 censu
2543 1563 2795 1632 reddam,
2835 1573 2925 1630 et,
2954 1564 3001 1619 si
3031 1563 3174 1618 forte
3203 1564 3331 1619 mihi
3359 1565 3406 1619 in
3429 1566 3568 1624 animo
3580 1584 3679 1624 rene-

2229 1657 2300 1713 rit
2328 1666 2387 1712 ut
2420 1657 2605 1712 omnia
2639 1657 2956 1728 relinquens
2995 1657 3051 1711 in
3080 1656 3309 1712 ecclesia
3348 1654 3500 1712 Sancti
3522 1657 3679 1728 Sepulcri

2228 1747 2560 1804 lherusalem
2585 1746 2670 1803 vel
2696 1748 2750 1802 in
2782 1762 2934 1814 eam,
2971 1762 3080 1819 que
3109 1755 3196 1803 est
3217 1747 3271 1802 in
3302 1748 3395 1803 den
3420 1749 3613 1817 liendort,
3631 1751 3683 1805 di-

2231 1841 2355 1896 vine
2392 1839 2642 1913 religioni
2679 1855 2769 1896 me
2816 1840 3076 1906 subdam,
3115 1840 3364 1896 dominus
3397 1841 3623 1910 patriarcha
3652 1854 3684 1897 et

2230 1933 2378 2003 prior
2402 1930 2672 1987 Dominici
2701 1930 2948 2002 Sepulcri
2968 1974 2983 1997 ,
3010 1931 3105 2001 qui
3147 1938 3280 1985 tunc
3301 1931 3521 2001 temporis
3541 1932 3688 1987 ecclesia

2232 2024 2418 2080 Sancti
2451 2023 2699 2095 Sepulcri
2747 2022 3079 2094 prefuerint,
3117 2022 3324 2093 absque
3353 2022 3479 2078 omni
3503 2023 3686 2078 contradi-

2229 2118 2411 2173 ctione
2435 2133 2522 2174 me
2550 2118 2849 2188 recipiant,
2871 2124 2927 2171 et
2952 2116 3138 2171 omnia
3163 2115 3457 2185 supradicta
3471 2114 3691 2184 liherepos»

2229 2211 2459 2266 sidcant.
2490 2209 2773 2265 Continuo
2801 2209 2968 2265 etiam
3005 2209 3109 2263 hoc
3136 2208 3373 2279 presenti
3398 2206 3612 2277 privilegio
3630 2205 3690 2258 do-

2230 2317 2391 2367 num,
2441 2300 2590 2371 quod
2643 2298 2923 2371 quondam
2972 2298 3208 2355 ecclesie
3264 2295 3500 2352 Dominici
3534 2296 3696 2367 Sepului

2227 2393 2426 2448 donavi
2443 2434 2458 2459 ,
2484 2391 2771 2448 ecclesiam
2793 2389 3073 2456 videlicet,
3098 2404 3209 2460 que
3232 2396 3312 2444 est
3336 2387 3387 2442 in
3409 2387 3495 2442 den
3520 2382 3693 2449 liendorf,

2228 2499 2353 2539 cum
2403 2482 2661 2539 omnibus
2704 2480 3050 2553 pertinentiis
3079 2479 3223 2536 suis.
3267 2477 3331 2532 Et
3374 2477 3415 2533 si
3455 2475 3698 2548 egodeviaut

2228 2576 2541 2648 supradicta
2567 2575 2710 2631 bona
2732 2573 2898 2630 alicui
2920 2572 3155 2629 vendere
3175 2571 3266 2626 vel
3295 2570 3479 2625 donare
3500 2568 3695 2629 voluerim,

2226 2669 2379 2725 nullo
2408 2668 2577 2724 modo
2619 2675 2746 2738 post
2791 2667 2897 2721 hoc
2932 2665 3169 2736 primum
3213 2672 3268 2718 et
3293 2659 3449 2734 legale
3477 2660 3700 2730 Mnemon-

2226 2770 2475 2819 testatem
2519 2760 2770 2816 habeam.
2812 2757 2879 2814 Et
2902 2758 3087 2814 omnia
3131 2754 3437 2827 supradicta
3467 2752 3698 2809 conﬁrmans

2226 2859 2447 2930 propria
2467 2874 2636 2913 manu
2667 2855 2956 2913 subscribe
2983 2872 2996 2909 :

2285 2950 2611 3007 Willelmus.

2295 3042 2471 3099 Huius
2510 3040 2827 3097 donationis
2855 3047 3022 3094 testes
3056 3046 3187 3092 sunt
3227 3035 3455 3099 nobiles,
3481 3032 3527 3087 in
3548 3042 3705 3101 quorum

529 3124 604 3178 cti
649 3124 886 3194 Karitot,
934 3129 1003 3183 ab
1044 3130 1150 3185 alia
1194 3132 1338 3187 viam
1368 3135 1672 3204 publicam,
1719 3138 1789 3194 ab
1837 3141 1944 3195 alia
1988 3158 2119 3198 vero
2149 3156 2191 3217 ρ
2225 3135 2499 3205 presentia
2530 3134 2637 3189 hoc
2660 3133 2866 3188 donum
2909 3129 3117 3186 factum
3164 3137 3284 3195 est,
3328 3140 3535 3198 quorum
3559 3121 3705 3176 nomina

528 3214 756 3273 domum
805 3217 1095 3278 Theodori.
1131 3223 1476 3297 Quicumque
1503 3246 1632 3285 vero
1668 3231 1780 3287 Deo
1819 3242 1874 3288 et
1911 3235 2117 3291 homini

529 3305 751 3363 odibilis
801 3318 964 3381 atque
1016 3315 1233 3371 rebellis
1287 3317 1429 3373 hanc
1490 3322 1863 3379 venditionem
1915 3326 2119 3383 violare

528 3402 900 3469 temptaverit,
927 3411 982 3458 et
1004 3421 1171 3475 super
1197 3408 1299 3463 hac
1320 3425 1379 3463 re
1405 3409 1553 3465 litem
1581 3422 1675 3467 aut
1700 3415 2116 3488 calu[m}pniam

527 3490 791 3547 adversus
820 3494 1107 3551 ecclesiam
1142 3496 1329 3554 Sancti
1360 3498 1605 3570 Sepulcri
1633 3512 1687 3558 et
1713 3506 1980 3563 adversus
2022 3524 2116 3563 ca-

527 3583 758 3641 nonicos
800 3585 1045 3643 eiusdem
1074 3590 1317 3662 maligno
1347 3593 1541 3662 spiritu
1570 3594 1774 3653 inferre
1800 3580 1970 3654 ausus
1994 3602 2116 3655 tue-

526 3675 631 3743 rit,
658 3679 1025 3757 anathematis
1062 3687 1442 3753 percursusm
1463 3687 1671 3756 iaculo,
1704 3690 1887 3746 divine
1921 3692 2115 3748 ultioni

526 3778 790 3838 perpetuo
823 3773 1138 3842 puniendus
1174 3776 1482 3846 subiaceat,
1515 3788 1568 3835 et
1600 3780 1652 3835 in
1683 3764 1877 3838 ﬁscum
1902 3785 2114 3857 regium

524 3859 647 3916 auri
713 3862 910 3919 libram
979 3868 1273 3937 persolvat.
1343 3868 1518 3928 Huius
1566 3873 1896 3931 venditionis
1949 3884 2117 3933 testes

525 3961 700 4010 sunt:

669 4044 1071 4118 Seybertus'”,
1109 4051 1289 4108 iudex.
1322 4052 1542 4123 Petrus,
1587 4054 1758 4112 faber.
1811 4056 2112 4114 Tustanus.

736 4135 1004 4196 Sinardus
1034 4139 1125 4197 ”¹.
1164 4142 1361 4200 Petrus
1401 4146 1468 4201 de
1492 4146 1807 4220 Petragora.
1834 4148 2117 4208 Bernadus

732 4239 788 4286 et
806 4230 1004 4302 Fulco,
1051 4250 1245 4293 omnes
1274 4238 1363 4295 isti
1399 4239 1697 4308 aurifahri,
1733 4242 1863 4298 huic
1891 4242 2118 4299 fuerunt

734 4324 1054 4382 venditioni.
1081 4326 1148 4383 Et
1180 4328 1534 4387 Ruhelandus
1562 4332 1731 4388 Bruto
1745 4334 1837 4388 ⁷⁸⁸.

595 4411 896 4485 Iohannes,
946 4420 1421 4491 subdiaconus'”,
1464 4426 1607 4480 hanc
1647 4433 1856 4481 cartam
1894 4427 2113 4499 scripsit

2221 3236 2352 3285 sunt
2382 3228 2523 3283 hec:

2367 3318 2554 3386 Sifrit,
2592 3317 2871 3383 Drutwin,
2921 3314 3225 3381 Dederich,
3256 3309 3535 3383 presbiteri.
3568 3308 3707 3362 Conra-

2433 3410 2539 3465 dus
2586 3408 2655 3464 de
2695 3396 3165 3475 Conronbach'f‘.
3208 3403 3503 3461 Volframus
3518 3402 3573 3455 de
3602 3398 3709 3452 Bem-

2436 3501 2706 3558 husin"'.
2741 3499 2898 3572 Hugo
2946 3499 3014 3555 de
3047 3496 3424 3569 Bliningin'“.
3472 3489 3711 3548 Reiuboldus

2436 3593 2599 3651 Hecel
2629 3594 2697 3650 de
2719 3590 3139 3649 Benrenhnsim.
3184 3586 3541 3645 Wolthodo’”
3562 3592 3606 3639 et
3626 3580 3710 3634 liu-

2434 3686 2631 3742 naldus
2654 3686 2720 3741 de
2745 3683 3171 3753 Custordiugen.
3203 3680 3464 3737 Rudoll'us
3487 3678 3543 3734 de
3562 3672 3714 3730 Bionei-

2433 3777 2558 3833 den.
2599 3775 2905 3848 Rudigerus
2945 3775 3014 3830 de
3064 3772 3379 3830 Bodoboro.
3427 3766 3646 3826 Arnoldus
3674 3760 3715 3815 de

2433 3869 2613 3941 Spira.
3520 3954 3527 3955 ί
3671 3944 3681 3955 ,

2290 3963 2359 4019 Et
2374 3963 2635 4035 quoniam
2657 3961 2943 4034 proprium
2964 3959 3209 4032 sigillum
3241 3973 3358 4015 non
3382 3954 3559 4021 habui,
3579 3961 3717 4007 omnia,

2217 4072 2325 4127 que
2359 4056 2661 4128 prescripta
2674 4056 2745 4089 '°°
2775 4062 2935 4120 sunt,
2974 4052 3155 4125 sigillo
3184 4049 3458 4106 Dominici
3482 4041 3719 4115 Sepulcriet

2218 4149 2609 4206 canonicorum
2634 4148 2880 4203 eiusdem
2911 4145 3233 4201 conﬁrmari
3264 4140 3537 4214 inpetravi.

2228 4270 2233 4275 λ
2286 4240 2503 4296 Acta'"
2537 4247 2665 4296 sunt
2702 4239 2804 4294 hec
2828 4239 3018 4293 omnia
3056 4237 3110 4292 in
3146 4237 3399 4307 capitulo
3420 4227 3640 4287 Dominici
3662 4224 3721 4277 Sc

2217 4331 2424 4402 pulcri,
2469 4346 2615 4386 anno
2650 4329 3047 4387 incarnationis
3094 4328 3382 4385 dominice
3421 4336 3604 4385 manu,
3631 4314 3723 4370 indi‘

2216 4425 2398 4480 ctione
2421 4440 2475 4492 v,
2504 4440 2539 4478 χ
2573 4422 2836 4479 kalendas
2865 4423 3017 4477 maii.

521 4518 647 4558 cum
690 4504 886 4563 litteris
921 4510 1063 4566 rasis
1110 4512 1165 4565 in
1197 4513 1389 4583 quinta
1433 4512 1607 4568 linea
1647 4530 1834 4571 mense
1870 4525 1925 4572 et
1963 4533 2110 4574 anno
2140 4539 2189 4599 ο

520 4608 633 4665 quo
653 4595 921 4665 supra'“.

2816 4537 3080 4592 LXXXIV
3100 4539 3193 4594 ⁸⁸⁸.

2217 4648 2567 4687 Ριυνιιεῦιωι
2610 4647 2862 4687 ΒΟΒΕΒΙΟΙ
2905 4648 2972 4685 DE
3011 4647 3148 4686 DONO
3193 4646 3465 4689 CUIL’SDAI
3516 4638 3637 4679 \‘ILLE
3666 4631 3747 4680 θαι

2358 4718 2704 4757 APPELLATUII
2736 4718 3027 4766 PASSEREL,
3064 4717 3170 4756 (ΣοΜ
3205 4717 3342 4755 XXXI
3373 4708 3635 4754 ωειιιιισε.

1136 4731 1401 4787 LXXXIII
1414 4736 1505 4790 ⁷³³⁸.

2358 4731 2625 4757 ᾹΥΥΒΙδιιᾹί
2640 4731 2704 4756 UH
2737 4731 3027 4766 rnbannnb,
3064 4731 3170 4756 bum
3205 4731 3341 4755 ᾹᾹᾹΙ
3373 4731 3635 4754 υλδειιιιυυο-

2286 4789 2308 4804 1
2531 4791 2543 4804 ο
2800 4799 2809 4804 .
2932 4798 2944 4804 Α
2995 4790 3008 4803 ι
3072 4790 3105 4804 ιι
3149 4789 3200 4804 ιι
3321 4790 3367 4804 m
3402 4790 3414 4801 ο
3457 4785 3583 4804 0.-.!_
3614 4776 3712 4804 ml;

2286 4789 2345 4844 In
2396 4791 2620 4846 nomine
2661 4799 2849 4846 sancte
2894 4798 2950 4845 et
2994 4789 3283 4846 individue
3321 4785 3587 4843 Trinitatis
3614 4780 3731 4834 Patris

518 4832 866 4878 Pntvmscwu
904 4839 1169 4879 BERTOLDI
1218 4842 1286 4880 ne
1324 4842 1462 4882 nono
1497 4843 1702 4884 omnum
1728 4846 2110 4891 Posssssmnuu
2257 4832 2620 4895 '2":
2658 4832 2849 4895 im":
2895 4832 2981 4895 ν’..

588 4907 798 4947 suntm
837 4910 905 4946 ετ
943 4910 1009 4947 ns
1031 4910 1460 4953 CONPIRIATIONE
1486 4881 2111 4968 seét’ésis'foﬁﬁ's'i'};
2213 4890 2274 4938 et
2298 4882 2423 4938 Filii
2448 4891 2503 4938 θί
2529 4882 2766 4954 δβίτίίυδ
2794 4881 2982 4938 Sam“
3000 4923 3016 4948 ν
3054 4897 3241 4936 διηθη-

590 4977 692 5016 DEN
723 4979 984 5018 KENDORF-
1752 4966 1758 4968 ’
1818 4966 1825 4967 ⁷
2290 4975 2615 5048 Evangelica
2646 4976 2989 5030 institutione
3016 4973 3193 5029 edocti
3213 5016 3228 5039 ,
3266 4983 3455 5044 patres
3490 4966 3630 5024 nostri
3653 4975 3733 5016 ηπ·

588 5053 647 5108 1η
671 5054 892 5110 nomine
916 5053 1096 5111 Patris
1116 5066 1168 5112 et
1188 5056 1311 5113 Filii
1335 5069 1388 5116 et
1412 5059 1648 5132 Spiritus
1672 5063 1858 5121 Sancti
1877 5108 1893 5133 ,
1925 5082 2105 5123 amen.
2215 5076 2477 5123 raverunt
2502 5068 2663 5122 nobis
2688 5076 2934 5121 sanctam
2955 5065 3241 5121 Dominice
3258 5054 3730 5153 Resurrectioniscc

586 5142 787 5199 Notum
835 5144 907 5200 sit
943 5147 1198 5204 omnibus
1238 5149 1520 5220 ﬁdelibus,
1563 5162 1672 5209 tam
1704 5155 1920 5210 clericis
1941 5172 2107 5227 quam
2211 5160 2434 5215 clesiam
2482 5176 2513 5214 a
2554 5159 2867 5230 quibusque
2914 5157 3167 5213 lidelihus
3207 5157 3421 5212 ceteris
3465 5143 3738 5208 excellentius

515 5234 704 5302 Iaicis,
755 5244 870 5291 tam
918 5240 1261 5308 presentibus
1310 5259 1476 5314 quam
1526 5244 1763 5315 futuris,
1813 5249 1959 5325 quod
2004 5264 2107 5322 ego
2210 5250 2732 5321 venerandam,qui
2771 5263 2892 5304 eam
2934 5248 3074 5304 idem
3110 5246 3393 5303 Dominus
3422 5237 3747 5323 nosterlhesasl

586 5366 659 5451 ’ξς
679 5366 740 5433 Β,
765 5370 1055 5451 affirmata
1093 5375 1159 5451 '_°‘
1192 5375 1251 5437 Β,
1276 5377 1576 5451 roboratur.
1650 5379 1722 5412 m
1759 5379 1822 5445 Β,
1876 5378 2122 5451 (έοάεῙνία

2291 5380 2364 5413 ⁷⁸³
2396 5372 2478 5446 Β’,
2521 5379 2816 5451 szpgnus.
2895 5379 2966 5412 7“
2989 5379 3057 5444 A,
3101 5378 3143 5433 Ρ
3188 5378 3286 5445 74,
3322 5389 3403 5445 l";
3443 5376 3503 5441 Β,
3530 5370 3661 5451 βιβᾷ,
3690 5373 3734 5451 *ᾗ

515 5436 587 5468 ⁷⁸⁸
618 5435 763 5520 Daris
796 5439 839 5492 Β
873 5442 924 5497 la
972 5435 1249 5516 rubrique
1280 5456 1364 5503 est
1404 5449 1545 5505 ainsi
1590 5435 1851 5517 coneue':
1887 5450 1964 5505 De
2010 5435 2166 5505 domo
2215 5435 2476 5505 Bernardi
2527 5435 2591 5504 εἴ
2625 5435 2820 5504 Ἠαοεε
2875 5435 3062 5504 uxoris
3103 5465 3220 5515 sue,
3252 5435 3423 5520 quam
3472 5435 3747 5541 amomo

515 5510 786 5541 ρηηηηιρὲ.
852 5509 1033 5541 (⁸-..-ιι
1075 5514 1310 5541 0....-.1--:
1423 5520 1496 5541 na
1534 5518 1571 5541 ι)
1628 5522 1816 5541 ---ημεΑ
1941 5521 2010 5541 na
2053 5521 2094 5541 η
2144 5522 2330 5541 “ﬂues
2437 5518 2509 5541 na
2561 5520 2601 5541 η
2674 5521 2905 5541 agn-“-4:
3011 5519 3081 5541 uno
3134 5518 3170 5541 n
3242 5531 3523 5541 “-_-__-_-.-

514 5510 786 5591 ganonicis
845 5509 1033 5591 S_qnc_tt'
1069 5501 1333 5591 sepulcri.
1410 5501 1849 5591 *iéi'sfbigiz‘sis.’
1888 5501 2095 5591 ἾείΒ
2140 5522 2350 5576 marcii.
2437 5518 2509 5552 ⁷⁸⁸
2561 5520 2641 5591 Β,
2670 5521 2925 5591 faciendi.
3011 5519 3081 5552 ⁷⁸⁸
3130 5501 3543 5591 Βίρειταεεω.

516 5574 803 5673 ἓξὶθίζξυε·
852 5574 1390 5673 .1'.’.B’.Si"i“'d}“-.
1430 5574 1620 5673 ’,ἷζέἔν
1659 5589 1881 5673 ﬁrme;
1929 5591 2015 5673 1"
2040 5590 2113 5673 Ρ,

2230 5574 2347 5673 me
2392 5590 2543 5673 ηαέι.
2705 5590 2810 5673 ges
2856 5590 2988 5673 (είηίι
3031 5574 3474 5673 demissam“
3503 5582 3739 5673 Et???

512 5645 655 5702 dans
684 5647 742 5704 Β.
852 5645 1084 5721 mam
1108 5657 1194 5722 74,
1226 5658 1411 5727 v°;B,
1442 5645 1697 5724 ριεθίτο.
1811 5661 1882 5693 τυσ
1927 5660 1989 5727 Β,
2033 5645 2122 5717 ϐόε

513 5714 565 5769 Ia
606 5717 852 5778 suivante
901 5736 1203 5782 manuuent
1227 5728 1364 5782 dans
1407 5729 1468 5782 Β.
1555 5731 1625 5773 ⁷⁹ο
1648 5729 1709 5782 Β.
1737 5730 2003 5782 Wollodo.
2101 5733 2122 5765 ⁸

2230 5645 2364 5716 iacit.
2404 5645 2417 5661 ’
2471 5659 2543 5695 ’⁸⁷
2590 5660 2651 5727 Β,
2697 5645 3062 5715 Berenhusim.
3160 5659 3238 5694 ⁷⁸⁸
3282 5660 3441 5715 Cette
3474 5656 3627 5782 sign!

2230 5732 2266 5782 Β-
2313 5731 2625 5782 prescripta.
2726 5731 2795 5764 ⁸⁸⁸
2823 5731 2884 5782 Β.
2908 5728 3097 5782 Facta.
3199 5731 3283 5764 ⁸⁸³
3318 5731 3384 5782 Α.
3428 5728 3472 5782 I”
3505 5727 3536 5780 7
3569 5766 3583 5782 .
3618 5738 3627 5775 I

3670 5648 3747 5695 :6}

513 5662 655 5702 uaus
684 5662 742 5704 IS.
852 5662 924 5687 '"
949 5662 1015 5721 A,
1041 5662 1084 5710 Ρ
1108 5662 1194 5722 74,
1226 5668 1281 5709 v°
1305 5678 1320 5727 ;
1347 5662 1411 5724 B,
1442 5662 1485 5713 Ρ
1506 5662 1595 5724 86,
1627 5670 1697 5715 r°.
1811 5662 1882 5693 ⁷⁸⁸
1927 5662 1989 5727 Β,
2033 5662 2122 5717 Co:

513 5714 852 5843 ﬁngi-ivgum
901 5736 1203 5797 mauquent
1227 5728 1364 5785 dans
1407 5729 1468 5784 Β.
1555 5731 1625 5773 "9
1648 5729 1709 5798 Β,
1737 5730 2003 5787 Woltodo.
2101 5733 2122 5765 ⁸

2230 5663 2364 5716 ναεΙι.
2471 5662 2543 5744 ’ξ’
2590 5662 2651 5727 Β,
2697 5662 3062 5715 Berenhusim.
3160 5662 3238 5694 ⁷⁸⁸
3282 5662 3441 5715 Cette
3474 5662 3681 5782 Signini.
3707 5662 3747 5723 ul

2230 5732 2267 5801 Β,
2311 5739 2625 5803 prescrtpta.
2726 5731 2795 5764 ⁸⁸⁸
2823 5731 2884 5799 Β,
2908 5728 3097 5784 Facta.
3199 5731 3283 5764 ⁸⁸³
3318 5731 3385 5796 Α,
3428 5727 3536 5783 P7
3569 5766 3584 5793 ,
3618 5711 3747 5799 ruit;
