3824 6308
60 365 212 426 1³81

1072 367 1526 424 αΑιίτυιΑιῐιΕ
1565 367 1656 422 DU
1699 367 1901 422 SAINT
1939 366 2315 424 SEPULCRE.

3223 369 3362 426 ηδε

58 478 338 537 Christus
367 493 476 535 non
508 477 900 550 prophetarum
923 477 1062 546 sibi,
1090 493 1200 533 non
1229 488 1530 549 martyrum
1553 492 1674 533 san-
1701 481 1745 536 A
1774 479 2118 549 principatus
2162 478 2381 548 liliaque
2429 475 2732 532 Boamundi
2798 477 3060 545 iunioris,
3118 485 3361 537 concedo

60 574 246 642 guine
271 571 646 638 consecravit,
684 569 778 626 sed
802 585 900 626 sua
929 570 1206 641 presentia
1233 577 1288 626 et
1332 568 1540 640 proprii
1577 583 1667 624 re-

60 662 362 733 spersione
384 661 599 717 cruoris
620 661 1148 732 resurrectionisque
1171 659 1271 733 [et]
1293 660 1366 692 ⁸⁰³
1386 659 1670 715 ascensio-

59 752 157 808 nis
189 752 370 824 gloria
391 751 551 822 quasi
579 751 753 807 ﬁrmis
784 759 839 809 et
866 751 1252 808 coherentibus
1275 749 1576 822 privilegiis
1605 766 1671 807 ac

59 846 482 918 supervenienti
501 847 844 919 prerogativa
869 849 1152 920 spetialem
1178 849 1282 905 sibi
1305 863 1370 904 ac
1392 847 1668 919 propriam

58 939 383 1007 dedicavit;
446 953 547 995 nec
611 939 870 1006 dubium,
939 956 1065 996 cum
1121 941 1191 996 ad
1253 941 1498 997 eiusdem
1549 937 1670 994 Iesu

57 1028 285 1086 Christi
313 1029 529 1088 laudem
558 1039 613 1086 et
639 1031 872 1104 gloriam
895 1033 1072 1088 eidem
1099 1032 1330 1088 ecclesie
1362 1032 1541 1087 honor
1562 1030 1668 1088 im-

57 1123 355 1193 penditur,
381 1123 514 1194 quin
539 1120 700 1180 Pater
735 1133 792 1179 et
813 1122 1051 1195 Spiritus
1081 1122 1317 1180 Sanctus
1348 1124 1404 1178 in
1427 1138 1494 1178 eo
1524 1122 1671 1193 pari-

57 1223 149 1269 ter
179 1213 549 1282 hortarentur,
579 1225 634 1270 et
663 1231 790 1271 cum
837 1216 1039 1286 quibus
1084 1231 1230 1271 unus
1262 1230 1386 1270 esse
1431 1213 1576 1269 Deus
1616 1221 1671 1268 et

59 1301 348 1361 Dominus
371 1305 732 1362 essentialiter
755 1298 1085 1378 predicatur.
1111 1305 1350 1361 Proinde
1373 1319 1475 1376 ego
1498 1303 1673 1360 Rode-

57 1393 229 1450 ricus
276 1392 461 1463 Petri,
509 1394 638 1451 licet
681 1395 968 1467 indignus,
1015 1404 1189 1462 terre,
1226 1410 1333 1466 que
1363 1394 1543 1450 vicina
1586 1402 1672 1449 est

57 1486 312 1543 ecclesie
334 1485 484 1544 Beati
511 1487 723 1558 Iacobi,
759 1503 977 1555 comes,
1011 1488 1083 1545 ob
1107 1487 1290 1543 anime
1318 1503 1438 1542 mee
1467 1502 1668 1558 paren-

58 1589 308 1653 tumque
351 1599 598 1640 meorum
639 1594 804 1656 atque
847 1585 1070 1651 uxoris,
1113 1599 1234 1640 mee
1278 1584 1508 1640 salutem
1555 1584 1670 1640 sive

57 1675 384 1730 remedium
409 1683 520 1731 tam
557 1685 744 1733 sancte
771 1686 995 1748 tamque
1019 1676 1255 1748 gloriose
1281 1674 1528 1747 Sepulcri
1556 1674 1668 1731 Do-

57 1763 207 1820 mini
237 1765 473 1821 ecclesie
498 1767 715 1835 villam,
749 1767 973 1824 nomine
997 1765 1283 1833 Passerel,
1330 1766 1385 1822 in
1418 1767 1667 1823 terminis

57 1855 287 1912 castelli
315 1857 638 1926 cuiusdam,
669 1859 818 1930 quod
845 1857 1025 1915 Trana
1065 1859 1288 1926 dicitur,
1321 1859 1515 1927 sitam,
1542 1875 1666 1916 cum
1703 1838 1745 1896 Β

57 1963 204 2004 uxr
245 1950 528 2007 casalibus
560 1966 866 2022 eorumque
905 1951 1250 2023 pertinentiis
1282 1953 1671 2024 perpetualiter

55 2049 114 2096 et
157 2041 290 2097 sine
315 2043 628 2113 calumpnia
643 2043 715 2080 ⁸⁸⁸
740 2043 1128 2115 possidendam
1157 2044 1432 2112 concedo,
1471 2045 1567 2101 tali
1590 2045 1670 2100 vi-

56 2132 272 2189 delicet
301 2133 620 2191 conditione
645 2143 732 2204 ut,
763 2135 947 2208 quoad
976 2137 1194 2205 vixero,
1219 2137 1494 2209 prodictas
1514 2153 1670 2192 man-

58 2226 263 2282 siones
292 2243 420 2283 cum
450 2229 566 2284 suis
591 2227 1012 2297 habitatoribus,
1035 2245 1161 2300 que,
1192 2241 1254 2286 ut
1274 2230 1502 2298 dictum,
1525 2230 1667 2301 apud

56 2335 169 2376 nos
195 2320 408 2376 casalia
440 2320 900 2394 nuncupa[n]tur,
943 2322 1126 2393 quiete
1153 2323 1670 2393 possideam,duas-

54 2428 173 2482 que
221 2412 439 2485 argenti
478 2429 695 2470 marcas
737 2414 806 2470 ad
849 2415 1282 2471 conservandam
1325 2415 1490 2470 huius
1538 2415 1668 2470 doni

55 2505 172 2559 mei
214 2505 570 2562 stabilitatem
593 2515 649 2562 et
682 2507 1005 2562 memoriam
1051 2505 1297 2577 Sepulcri
1328 2505 1547 2561 Domini
1575 2522 1669 2562 ea-

54 2595 294 2651 nonicis
316 2596 476 2651 annis
497 2595 727 2668 singulis
751 2597 996 2664 mittam;
1025 2613 1150 2652 cum
1175 2605 1356 2653 autem
1377 2597 1521 2652 viam
1553 2596 1670 2652 uni-

53 2701 230 2742 verse
255 2687 443 2744 carnis
471 2703 559 2743 me
589 2689 881 2761 contigerit
924 2689 1168 2761 ingredi,
1202 2690 1502 2761 prescripta
1539 2689 1667 2744 villa

55 2777 116 2832 in
168 2777 268 2834 ius
313 2778 546 2836 ecclesie
591 2777 839 2850 Sepulcri
886 2779 1107 2836 Domini
1155 2781 1498 2852 fratrumque
1526 2780 1580 2835 in
1603 2795 1666 2834 ea

53 2870 536 2926 commorantium
579 2870 750 2927 libera
797 2871 1170 2941 pertransibit.
1214 2872 1280 2926 Et
1313 2887 1414 2943 ego
1445 2871 1665 2943 quidem

51 2955 380 3015 Rodericus
399 3001 415 3026 ,
439 2975 565 3015 cum
597 2962 836 3017 secundo
860 2960 1184 3032 Sepulcrum
1209 2961 1426 3018 Domini
1455 2963 1670 3020 visitas-

53 3051 186 3107 sem
205 3092 223 3118 ,
251 3052 360 3107 hoc
383 3051 688 3109 devotionis
725 3069 844 3111 mee
875 3055 1080 3110 donum
1109 3056 1382 3126 presentia
1413 3065 1467 3112 et
1493 3056 1665 3127 privi-

52 3144 223 3240 legio
258 3143 446 3240 domui
490 3144 751 3240 Willelmi
786 3147 1128 3218 patriarche,
1155 3147 1269 3220 'qui
1294 3156 1425 3205 tunc
1455 3158 1666 3220 tempo-
1693 3182 1734 3240 ο

54 3237 141 3292 ris
179 3234 658 3293 Iherosolimitane
687 3245 904 3309 preerat
931 3240 1160 3296 ecclesie
1178 3281 1193 3308 ,
1232 3241 1460 3312 cupiens
1497 3242 1663 3298 robo-

55 3325 224 3391 rari,
259 3325 512 3383 adductis
552 3342 739 3383 coram
772 3329 1034 3397 testibus,
1061 3328 1280 3400 signum
1302 3371 1317 3397 ,
1365 3331 1514 3401 quod
1535 3346 1664 3402 pre-

56 3432 205 3471 sens
227 3423 382 3472 carta
419 3417 473 3471 in
516 3416 760 3473 inferiori
797 3419 882 3474 sui
920 3419 1165 3491 margine
1194 3431 1563 3492 representat,
1595 3422 1662 3476 ad

57 3509 241 3563 huius
271 3508 348 3564 rei
372 3508 840 3565 conﬁrmationem
877 3527 1042 3566 manu
1076 3513 1295 3583 propria
1331 3515 1580 3582 anolavi,
1611 3524 1666 3570 et

55 3601 359 3670 apposito,
383 3601 528 3672 quod
571 3602 760 3658 multis
793 3603 1038 3660 lacrimis
1059 3612 1114 3660 et
1136 3605 1390 3675 precibus
1425 3606 1661 3673 extorsi,

53 3691 264 3747 domui
287 3692 598 3762 patriarche
629 3693 836 3766 sigillo,
869 3695 1086 3751 testium
1134 3695 1239 3752 feci
1267 3697 1488 3752 nomina
1535 3698 1666 3753 sub-

54 3783 350 3838 ter-scribi.
421 3782 790 3841 lnterl‘uerunt
829 3787 988 3858 enim
1038 3787 1168 3844 huic
1209 3787 1492 3844 donationi
1545 3804 1666 3843 meo

52 3873 238 3930 amici
273 3883 330 3929 et
357 3877 718 3946 compatriote
758 3878 865 3933 mei
899 3896 914 3934 :

215 3963 410 4022 Arissa
447 3965 645 4024 Varich
670 3969 736 4025 de
762 3968 900 4040 Ripa
929 3969 1129 4042 Migno.
1153 3969 1422 4026 Iohannes
1443 3971 1569 4026 Aris
1597 3971 1665 4026 de

288 4066 438 4114 terra
461 4057 646 4116 Sancti
670 4061 884 4116 Martini
908 4061 1184 4118 Latronis.
1210 4062 1533 4130 Rodericus,
1567 4063 1662 4118 ab—

289 4149 391 4205 bas
423 4150 490 4206 de
523 4159 666 4206 terra
694 4151 762 4207 de
801 4151 946 4207 Pena
995 4151 1220 4224 Regine.
1269 4152 1536 4210 Iohannes
1565 4153 1661 4208 Ti-

291 4249 446 4307 rant,
475 4258 766 4312 germanus
792 4243 1034 4314 episcopi
1064 4244 1133 4299 de
1161 4243 1295 4316 Toy.
1325 4243 1662 4301 Nimuranna

289 4332 360 4387 de
394 4332 587 4389 Lunia.
631 4333 842 4390 IIelvitu
878 4336 1170 4391 Sanizh‘"
1201 4337 1269 4392 de
1304 4345 1447 4392 terra
1476 4338 1661 4394 Sancti

290 4419 493 4478 Iacobi.
530 4423 724 4483 Petrus
764 4425 1226 4496 Yspaniensis'“,
1257 4427 1426 4484 frater
1453 4427 1661 4500 Templi

291 4514 553 4584 militum,
582 4527 637 4574 et
673 4518 764 4574 alii
787 4535 894 4574 non
923 4519 1100 4590 pauci.
1212 4522 1215 4526 ⁷

139 4606 316 4661 Facta
347 4615 429 4662 est
457 4618 639 4665 autem
674 4627 900 4681 presens
943 4613 1228 4684 inscriptio
1268 4629 1416 4668 anno
1441 4613 1658 4670 Domini

56 4714 389 4767 ncxxxrtn,
420 4699 714 4758 indictione
751 4703 946 4773 prima.

693 4840 884 4896 LXXX
897 4843 934 4894 V
949 4845 1040 4902 '0'.

56 4941 424 4984 ριιινιιεῦιωι
468 4945 752 4997 FULCONIS,
803 4950 959 4991 REGIS
1011 4941 1396 4996 tunsam-1M“
1443 4958 1655 5003 τεηομ.

141 5013 257 5051 CUI
295 5013 455 5053 ESSET
498 5016 709 5057 RECTOR
740 5019 804 5058 AC
850 5021 1075 5063 BAIULUS
1102 5026 1420 5066 ANTIOCIIENI
1460 5029 1662 5068 PRINCI-

141 5083 348 5132 rnus,
377 5083 442 5122 ne
469 5085 682 5134 omn/ut
707 5088 879 5140 nouo,
918 5093 1020 5139 ous
1050 5095 1150 5134 ssr
1189 5097 1350 5136 IUXTA
1381 5098 1624 5138 nussum
1644 5125 1660 5150 ,

139 5151 396 5198 OUONDAI
434 5154 695 5196 TANCREDI
726 5160 947 5200 DICTUI.

142 5246 204 5302 In
231 5247 454 5303 nomine
483 5260 669 5306 sancte
699 5263 754 5308 et
782 5253 1058 5314 individue
1086 5257 1370 5319 Trinitatis
1406 5262 1582 5322 Patris
1609 5274 1662 5322 et

58 5338 197 5394 Filii
230 5347 288 5394 et
317 5336 554 5408 Spiritus
579 5341 795 5410 Sancti,
830 5361 1012 5402 amen.

143 5431 264 5505 Ego
288 5431 486 5501 Fulco,
519 5433 613 5490 Dei
637 5438 810 5507 gratia
841 5441 1043 5496 tercius
1063 5457 1158 5498 rex
1187 5441 1506 5502 Latinorum
1537 5447 1655 5504 Ihe-

61 5528 317 5582 rusalem
361 5542 573 5584 necnon
623 5537 680 5584 et
726 5539 905 5588 rector
951 5549 1018 5590 ac
1063 5535 1280 5594 baiulus
1327 5538 1652 5597 Antiochcni

138 5664 213 5742 ΞΣ.
253 5661 736 5742 δυριῃέρρήριὼ
918 5668 994 5742 ξοδ
1025 5669 1086 5734 Β,
1115 5671 1496 5742 calumpuiam.

1584 5676 1654 5710 sos
1681 5675 1742 5748 [ἓν
1781 5677 1965 5732 sum},
2043 5675 2222 5748 "[8,
2261 5675 2666 5748 Hyspaniensis.

1769 578 1825 625 et
1846 571 2112 625 conﬁrmo
2133 569 2370 636 donum,
2403 567 2552 638 quod
2583 566 2898 624 Osmundus
2941 569 3008 623 de
3043 568 3222 624 Monte
3247 569 3360 626 Ga-

1771 679 1870 718 rou
1895 705 1911 730 ,
1954 661 2141 718 Sancti
2171 661 2318 716 Petri
2347 661 2680 729 canonicus,
2711 659 2896 716 Sancti
2920 661 3168 733 Sepulcri
3195 678 3362 717 cano-

1774 753 1914 810 nicis
1954 769 2054 825 pro
2093 753 2468 824 redemptione
2518 752 2700 808 anime
2729 768 2826 808 sue
2852 752 3106 818 donavit,
3153 753 3362 808 scilicet

1771 845 1998 901 domum
2025 861 2190 900 unam
2215 861 2341 900 cum
2364 844 2607 901 bordello
2640 845 2743 900 sibi
2770 845 3040 900 adiacenti
3071 845 3219 900 iuxta
3251 846 3363 899 bal-

1771 952 1970 1004 neum,
2026 936 2303 1007 quondam
2353 935 2558 992 dictum
2599 934 2886 991 Tancredi.
2939 934 3096 1002 Quod
3147 935 3192 990 si
3234 934 3360 1004 quis

1773 1044 1896 1085 eam
1926 1028 2223 1100 aliquando
2253 1029 2642 1100 qualicumque
2691 1045 2858 1086 causa
2894 1028 3110 1085 auferre
3153 1029 3240 1083 vel
3266 1029 3362 1084 de-

1773 1119 1991 1175 trahere
2034 1120 2104 1175 ab
2157 1119 2238 1175 eis
2287 1120 2548 1188 voluerit,
2585 1119 2722 1175 sciat
2768 1120 2910 1174 hanc
2940 1128 3146 1174 cartam
3183 1117 3362 1189 sigillo

1774 1219 1966 1267 nostro
1988 1211 2256 1266 munitam
2283 1210 2335 1264 in
2363 1211 2681 1266 memoriale
2708 1219 2980 1266 eternum.

1843 1303 2002 1358 Anno
2048 1303 2118 1358 ab
2157 1303 2536 1358 incarnatione
2575 1301 2792 1358 Domini
2837 1302 3185 1368 ucxxxm‘“,
3217 1301 3358 1356 indi-

1771 1397 1956 1454 ctione
1977 1413 2074 1463 χιι,
2100 1403 2290 1467 epacta
2320 1412 2449 1450 xxiv
2464 1395 2566 1450 ⁸¹⁰.’

1842 1488 1977 1546 Data
2007 1489 2062 1544 in
2093 1488 2377 1560 palatio!“
2399 1487 2762 1554 Antiocheno,
2790 1502 2887 1557 per
2911 1501 3133 1540 manum
3165 1483 3362 1557 F[ran-

1771 1580 1948 1655 conis]
1997 1581 2345 1648 cancellarii,
2402 1579 2710 1636 videntibus
2759 1577 3084 1648 subscriptis
3141 1577 3361 1631 baroni—

1772 1677 1875 1732 bus
1907 1691 1920 1729 :

1917 1767 2184 1824 Rainaldo
2220 1763 2635 1829 Mansueriom,
2678 1761 3107 1819 constabulario.
3143 1759 3358 1826 Leone,

1984 1861 2124 1916 duce
2151 1859 2404 1930 Meopoli.
2456 1857 2687 1912 Widone
2733 1855 2801 1910 de
2854 1853 3081 1909 Merlon.
3117 1851 3360 1920 Thoma,

1980 1953 2320 2010 vicecomite.
2354 1948 2680 2016 Godefrido,
2717 1947 2831 2003 ﬁlio
2871 1945 3182 2002 Renbauth.

2372 2061 2743 2120 LXXXVI“.

1772 2175 2114 2215 PRIVILEGIUM
2160 2173 2388 2212 EIUSDEM
2436 2172 2504 2209 DE
2554 2166 2984 2208 CONFIRIATIONE
3033 2165 3392 2213 ουλιιυυωιι

1841 2244 2222 2286 νοεεεεδιοκωί
2244 2243 2376 2291 QUAS
2404 2239 2655 2282 ECCLESIA
2683 2238 2872 2278 SANCTI
2899 2236 3152 2276 SEPULCBI
3186 2234 3360 2272 HABET
3425 2277 3430 2282 _

1842 2317 1895 2355 IN
1928 2315 2238 2356 ANTIOCIIIA.

1841 2411 1900 2467 In
1929 2411 2151 2466 nomine
2185 2416 2375 2464 sancte
2399 2413 2452 2461 et
2479 2403 2757 2460 individue
2780 2399 3067 2457 Trinitatis
3095 2396 3275 2452 Patris
3304 2405 3358 2451 et

1769 2503 1893 2558 Filii
1921 2515 1974 2558 et
2005 2501 2242 2572 Spiritus
2266 2498 2482 2564 Sancti,
2519 2511 2701 2552 amen.

1840 2595 1956 2666 Ego
1983 2594 2183 2660 Fulco,
2214 2591 2309 2647 Dei
2333 2590 2506 2662 gratia
2537 2603 2632 2644 rex
2658 2585 2991 2642 Iherusalem
3023 2583 3227 2639 tercius
3249 2581 3356 2636 La-

1771 2688 1918 2744 tinus
1943 2701 2154 2742 necnon
2194 2683 2412 2739 baiulus
2454 2692 2508 2735 et
2537 2686 2684 2734 tutor
2713 2674 3038 2730 Autiocheni
3079 2673 3354 2743 principa-

1771 2791 1859 2837 tus
1877 2823 1892 2848 ,
1925 2789 2111 2836 notum
2140 2791 2263 2832 esse
2287 2774 2413 2829 volo
2441 2781 2554 2828 tam
2583 2770 2931 2842 presentibus
2956 2782 3123 2838 quam
3156 2764 3360 2819 futuris

1767 2874 1914 2947 quod
1943 2869 2194 2930 canonici
2235 2867 2423 2922 Sancti
2461 2863 2708 2934 Sepulcri
2755 2860 2973 2915 Domini
3019 2856 3194 2912 nostri
3238 2854 3358 2910 Iesu

1767 2966 1973 3024 Christi
1997 2961 2399 3036 querimoniam
2425 2959 2481 3012 in
2507 2955 2661 3012 curia
2682 2953 2971 3008 Antiochie
2993 2947 3358 3021 quarumdam

1767 3058 2178 3132 possessionum
2219 3068 2317 3109 sue
2346 3049 2607 3115 ecclesie,
2643 3061 2783 3117 quas
2813 3043 2906 3098 diu
2943 3041 3273 3106 amiserant,
3302 3037 3359 3092 in

1769 3150 2046 3209 territorio
2080 3145 2422 3202 Antiocheno
2453 3141 2734 3206 fecerunt;
2762 3135 2908 3207 quod
2947 3149 3049 3188 nos
3071 3133 3362 3201 diligenter

1766 3248 2172 3317 perscrutantes
2187 3280 2202 3306 ,
2234 3234 2604 3304 comperimus
2626 3245 2722 3300 per
2747 3224 3123 3298 secreta[rio]s
3141 3232 3208 3317 et
3227 3223 3360 3317 ﬁde-

1766 3315 1845 3390 les
1871 3342 2038 3390 testes
2065 3328 2273 3386 domini
2315 3325 2522 3383 scilicet
2561 3320 2885 3377 Anliocheni
2914 3327 2969 3372 et
3010 3315 3360 3388 patriarche,

1768 3427 1840 3480 ita
1871 3439 1994 3480 esse
2038 3430 2098 3477 ut
2146 3418 2247 3490 ipsi
2286 3413 2665 3472 ostendebant.
2697 3409 2852 3464 Unde
2899 3408 2969 3462 ob
3011 3407 3276 3460 honorem
3305 3412 3363 3457 et

1766 3516 2127 3575 reverentiam
2176 3521 2365 3570 sancte
2400 3511 2626 3575 Crucis,
2655 3523 2819 3578 quam
2858 3514 2989 3559 tunc
3025 3517 3126 3572 pro
3152 3499 3360 3554 delibe-

1767 3610 1979 3666 ratione
2007 3603 2426 3662 christianitatis
2471 3600 2818 3655 Antiochiam
2863 3595 3152 3651 nobiseum
3197 3592 3358 3645 detu-

1767 3707 2036 3770 leramus,
2080 3711 2134 3757 et
2189 3716 2289 3772 pro
2328 3697 2703 3768 redemptione
2745 3695 3057 3750 animarum
3105 3689 3360 3745 domino—

1766 3813 1888 3852 rum
1930 3795 2430 3858 Antiochenorum,
2490 3787 2794 3844 Boamundi
2837 3785 3000 3858 primi
3045 3783 3254 3839 scilicet
3303 3791 3357 3835 et

1765 3887 2013 3955 secundi,
2051 3895 2106 3942 et
2145 3885 2379 3940 aliorum
2411 3880 2876 3945 orthodoxorum,
2913 3875 3099 3930 habito
3125 3872 3359 3928 consilio

1764 3982 1972 4039 domini
1988 3980 2298 4052 patriarehe
2319 3986 2373 4033 et
2387 3977 2769 4047 episcoporum
2795 3982 2848 4027 et
2863 3971 3128 4026 baronum
3158 3965 3357 4020 simu|~

1764 4089 1872 4145 que
1913 4070 2298 4142 burgensium,
2345 4065 2624 4123 communi
2667 4063 2866 4118 intuitu
2911 4059 3188 4123 omnium,
3222 4073 3355 4111 nec-

1765 4181 1874 4220 non
1898 4163 2115 4220 iusticia
2151 4162 2410 4227 dictante,
2439 4159 2494 4213 in
2524 4158 2795 4228 integrum
2820 4153 3096 4208 reddimus
3115 4150 3216 4216 eis,
3249 4149 3355 4203 sic-

1765 4268 1825 4315 ut
1875 4258 2152 4313 inventum
2207 4262 2291 4309 est
2341 4270 2371 4308 a
2425 4248 2734 4307 secretaiiis
2797 4248 3030 4311 nostris,
3076 4251 3164 4300 ut.
3213 4243 3357 4297 sicut

1763 4351 1996 4407 ecclesia
2035 4345 2380 4404 Sanctissimi
2411 4341 2658 4413 Sepulcri
2695 4341 2751 4395 in
2779 4348 3024 4409 tempore
3050 4336 3352 4390 Grecorum

1763 4441 2002 4515 prefatas
2025 4437 2404 4511 possessiones
2446 4435 2672 4501 habuit,
2721 4433 2794 4487 ita
2826 4431 3025 4486 amodo
3067 4428 3216 4482 omni
3263 4443 3353 4480 re.

1693 4527 1736 4582 Ῑ)
1762 4539 1912 4592 mota
1949 4533 2259 4604 calumpnia
2303 4547 2428 4586 cum
2461 4528 2610 4584 omni
2653 4526 3050 4596 tranquillitate
3091 4529 3355 4592 perpetuo

1763 4629 1884 4684 iure
1941 4625 2238 4698 possideat.
2299 4621 2474 4677 liuius
2524 4629 2711 4675 nostre
2775 4614 3150 4673 concessionis
3190 4620 3352 4666 testes

1764 4728 1932 4777 sunt:

1903 4807 2294 4883 B[ernardus],
2339 4804 2710 4859 Antiochenus
2749 4796 3079 4870 patriarcha.
3123 4791 3351 4883 R[adul-

1977 4898 2177 4971 phus],
2232 4897 2620 4952 Mamistranus
2667 4889 3134 4960 archiepiscopus.
3202 4881 3348 4953 δῃο-

1975 4989 2250 5062 phanus],
2285 4987 2596 5044 Tarsiensis
2634 4982 3100 5051 archiepiscopus.

1976 5083 2352 5138 Arthasiensis
2420 5081 2732 5150 episcopus.
2805 5069 3170 5146 A[nselmus].
3249 5066 3350 5120 Be-

1975 5173 2256 5229 thleemita
2297 5172 2606 5242 episcopus.
2905 5161 3346 5219 archidiaconus.

1973 5264 2276 5332 Iohannes,
2308 5264 2579 5319 Bethleem
2611 5259 2930 5317 canonicus.

1836 5357 1910 5412 De
1940 5355 2242 5411 haronibus
2271 5375 2284 5411 :

1908 5446 2254 5521 R[ainaldus]
2307 5445 2630 5500 Masuerius.
2677 5440 2973 5516 G[uidone]
3025 5441 3092 5496 de
3155 5437 3341 5493 Merlo.

2208 5539 2276 5596 de
2305 5538 2548 5594 Moszon.
2582 5534 2924 5610 G[aufridus]
2970 5535 3036 5590 de
3084 5533 3342 5589 Guircha.

2761 5675 2828 5708 σου
2878 5673 2944 5740 Α,
2977 5672 3019 5726 ro
3047 5671 3133 5738 76,
3163 5681 3247 5736 r°;
3281 5670 3343 5735 ιι,

65 5732 222 5820 [ἶδὲ
252 5741 327 5820 ¹”’;
392 5732 884 5820 λ’ἭἮὲΨωδθηδ
917 5739 974 5795 Β·
1050 5732 1118 5774 ⁸⁶⁹
1167 5743 1233 5809 Β,
1266 5732 1519 5801 ticum.
1598 5748 1660 5786 ’νη

1851 5765 1943 5803 LIII.
2022 5750 2086 5784 ⁸³¹
2127 5732 2221 5814 Β(
2259 5732 2488 5820 ρίῆάτὶο.
2557 5748 2629 5778 ⁸η
2657 5746 2698 5799 Β
2724 5789 2736 5813 ,
2768 5732 3130 5801 ιηιαηδξιιτὶο.’
3172 5732 3244 5772 πίέ
3276 5732 3341 5808 A,

67 5803 134 5856 '36
171 5801 242 5872 f",
277 5813 358 5868 r";
391 5803 454 5870 Β,
486 5802 526 5857 l“
552 5801 645 5871 88,
676 5817 742 5859 r".
