3812 6312
540 316 677 373 H83
1107 307 1196 362 AD
1234 299 1683 363 GODEFRIDUM
1722 294 2014 353 APPEND.
2057 293 2228 363 11η-
2268 287 2542 347 NONUM.
2580 286 2670 343 DE
2706 281 2929 340 BELLO
2968 280 3212 339 SACRO.
3316 284 3320 287 Α
3600 289 3677 346 “34

752 421 978 475 W.......
1021 417 1087 473 de
1123 416 1323 472 Verrio.
1351 415 1462 469 Leo
1482 413 1613 468 dux.
1657 409 1929 476 Thomas,
1971 407 2117 463 vice-
2146 407 2194 464 Α
2218 403 2382 460 lelmo
2412 400 2723 474 patriarcha
2747 399 2837 464 3",
2863 396 3013 452 omni
3037 396 3269 460 fratrum
3304 406 3559 465 conventu,
3582 404 3681 477 δεῖν.

562 570 569 575 _
747 527 951 568 comes.
2216 495 2333 551 sius
2359 491 2668 565 patriarche
2694 488 2908 545 clericis
2943 508 2956 542 :

605 603 683 659 De
706 602 1074 674 burgcnsibus
1106 618 1121 655 :
2359 582 2683 651 llumherto,
2703 582 3002 654 capellano.
3033 578 3263 647 Amelio,
3293 576 3519 634 diacono.
3537 579 3683 643 Baldni.

677 671 1075 771 G[odefridus],
1125 692 1270 747 filius
1310 686 1635 743 Raimbaldi.
1944 685 2114 742 Aver-
2431 693 2526 771 no,
2560 674 2926 771 cancellario.
2960 671 3223 739 Iohanne,
3277 677 3331 726 et
3382 671 3685 744 ceterisquaiu.

747 804 936 845 sanus.
1210 779 1536 837 Berriensis.
2430 766 2701 838 pluribus.

608 883 743 937 Data
783 878 1096 951 Antiocliie,
1136 892 1189 930 iv
1235 889 1407 930 nonas
1451 870 1702 943 augusti,
1751 884 1847 940 per
1892 885 2116 923 manum

537 973 840 1028 Franeonis
876 968 1186 1026 caneellarii
1205 1009 1221 1035 ,
1250 980 1397 1021 anno
1430 961 1827 1020 incarnationis
1846 962 2119 1017 dominice

540 1076 774 1135 chxxv,
834 1057 1133 1114 indictione
1192 1072 1310 1124 xui,
1379 1062 1570 1126 epacta
1631 1069 1703 1121 iv,
1760 1061 2120 1109 concurrente

538 1164 734 1219 primo.

1127 1274 1519 1332 LXXXN'II‘”.

538 1387 881 1428 PRIVILEGIUM
919 1387 1155 1437 RISONIS,
1187 1385 1456 1425 BOAHIINDI
1503 1383 1761 1424 PRINCIPIS
1799 1384 2120 1424 ANTIOCHI?!"

605 1458 895 1497 CAPELLANI
917 1484 932 1508 ,
967 1458 1034 1496 DE
1077 1457 1216 1496 DONO
1251 1455 1540 1506 ῡοιιοιιυιι,
1576 1455 1712 1503 ρυλε
1754 1455 1805 1493 ΙΝ
1837 1455 2121 1496 ANTIOCIIIA

606 1529 869 1580 ΠΑΒΕΒΑΤ,
898 1528 1004 1568 CUI
1034 1526 1267 1567 POMERIO
1292 1527 1358 1564 AD
1387 1525 1485 1565 ΒΑΕ
1512 1525 1870 1564 ΡΕΒΤΙΧΕΝΤΕ.

612 1622 666 1676 ln
706 1624 930 1678 nomine
960 1632 1149 1679 sancte
1173 1630 1229 1677 et
1254 1621 1532 1677 individue
1555 1620 1837 1677 Trinitatis
1866 1618 2045 1676 Patris
2071 1629 2124 1676 ct

538 1711 660 1767 Filii
696 1721 751 1768 et
774 1711 1011 1783 Spiritus
1048 1711 1273 1779 Sancti,
1306 1726 1501 1768 amen..

610 1803 811 1860 Notum
840 1803 911 1859 sit
946 1804 1305 1871 omnibus”,
1337 1813 1450 1859 tam
1481 1802 1824 1873 presentihus
1849 1815 2013 1872 quam
2038 1798 2125 1854 fu-

539 1897 681 1953 turis
701 1939 715 1965 ,
755 1903 944 1952 sancte
982 1896 1173 1952 matris
1201 1895 1433 1951 ecclesie
1453 1894 1609 1961 ﬁliis,
1642 1893 1789 1965 quod
1827 1908 1929 1966 ego
1959 1891 2122 1958 Iliso,

540 1988 880 2056 Boamundi,
936 1987 1261 2043 Antiocheni
1317 1986 1576 2058 principis
1634 1985 1928 2058 magnique
1985 1983 2127 2039 Boa-

541 2079 732 2135 mundi
760 2080 851 2135 filii
874 2122 889 2148 ,
928 2079 1202 2151 quondam
1238 2078 1579 2148 capellanus,
1605 2077 1835 2133 ecclesie
1855 2075 2124 2132 Dominici

542 2171 787 2243 Sepulcri
824 2170 1193 2240 fratribusque
1236 2170 1289 2224 in
1324 2185 1388 2225 ca
1430 2168 1752 2225 canonicam
1786 2168 1956 2225 vitam
1998 2182 2127 2238 pro-

542 2262 702 2319 fessis
727 2272 819 2318 aut
846 2260 1177 2333 professoris
1205 2261 1398 2317 domos
1426 2275 1578 2315 meas
1616 2275 1743 2315 cum
1791 2257 2035 2329 pomerio
2059 2256 2128 2313 ad

540 2372 635 2413 eas
683 2359 1022 2427 pertinente,
1059 2371 1199 2427 quas
1246 2372 1278 2412 a
1315 2355 1587 2412 Willelmo
1626 2354 1838 2411 medico
1879 2370 2006 2410 wa
2045 2354 2130 2409 bi-

541 2450 833 2505 zanziis‘m
867 2450 1070 2506 emisse
1104 2464 1192 2503 me
1229 2448 1446 2517 recolo,
1480 2456 1741 2519 perpetuo
1784 2447 1906 2501 iure
1932 2444 2132 2516 ‘possi-

540 2542 747 2598 dendas
774 2540 1048 2608 concedo,
1083 2549 1172 2607 et,
1208 2547 1270 2595 ut
1297 2539 1489 2594 eadem
1534 2538 1816 2605 libertate,
1848 2551 1959 2603 qua
1993 2534 2129 2590 mihi

540 2653 574 2691 ι
598 2636 845 2707 predicto
883 2632 1203 2691 Boamundo
1225 2633 1350 2689 date
1384 2640 1439 2688 et
1479 2644 1738 2687 concesse
1761 2636 1924 2696 sunt,
1954 2627 2011 2682 in
2033 2641 2130 2682 ea—

540 2743 667 2781 rum
690 2726 1039 2796 possessione
1059 2724 1336 2793 fruantur,
1369 2724 1423 2779 in
1463 2722 1737 2794 presentia
1772 2719 1962 2777 domni
1994 2718 2133 2774 Wil-

541 2815 723 2884 lelmi,
756 2814 1217 2873 lherosolimitani
1246 2811 1584 2888 patriarche,
1626 2813 1897 2886 presentis
1937 2810 2135 2884 pagine

543 2907 904 2978 inscriptione
933 2908 1037 2965 hoc
1058 2909 1265 2965 donum
1293 2924 1477 2965 meum
1514 2905 1831 2962 inviolabile
1870 2912 1925 2960 et
1951 2913 2133 2960 ratum

544 3014 769 3056 manere
795 3000 1048 3056 decerno.
1084 2998 1156 3055 Ut
1181 3008 1365 3057 autem
1387 2998 1706 3056 earumdem
1728 2998 2019 3053 domorum
2059 2996 2136 3053 si-

2289 859 2497 928 Quodsi
2540 858 2804 929 deinceps
2853 855 3075 926 aliquis,
3101 853 3370 910 diabolico
3405 853 3614 912 instinctu
3638 863 3688 916 vel

2220 950 2498 1005 mundane
2529 947 2850 1019 cupiditatis
2902 945 3028 1001 tabe
3074 952 3386 1014 corruptus,
3430 945 3596 1001 donum
3628 951 3691 1008 hoc

2220 1037 2550 1113 [in]firmare
2576 1039 2646 1072 ⁸²⁹
2672 1046 2769 1093 aut
2799 1037 3013 1093 nullare
3046 1035 3114 1068 ⁸³³
3162 1035 3514 1107 temptaverit,
3538 1034 3600 1094 bis
3624 1048 3691 1096 ger.

2220 1132 2374 1186 ciove
2399 1129 2769 1185 commonitus
2801 1126 2846 1184 si
2872 1143 2983 1182 non
3020 1125 3333 1198 resipuerit,
3370 1128 3581 1198 perpetui
3611 1146 3685 1186 ana-

2223 1222 2477 1279 thematis
2504 1220 2685 1295 gladio
2719 1219 2967 1275 feriatur.

2252 1301 2257 1307 ’
2290 1313 2459 1371 Facta
2491 1321 2577 1369 est
2604 1326 2834 1385 presens
2861 1307 3153 1382 inscriptio
3195 1321 3343 1364 anno
3376 1320 3624 1379 ICInVlll,
3646 1313 3699 1368 in-

2223 1408 2464 1465 dictione
2492 1407 2691 1479 prima.

2794 1500 3111 1591 LXXXVIII
3139 1534 3232 1589 ω.

2226 1646 2573 1690 νιινιιεωιιιι
2596 1642 2858 1685 RAIIUNDI
2893 1640 3157 1681 PRINCIPIS
3187 1640 3257 1679 DE
3304 1636 3440 1679 υοιιο
3474 1638 3534 1677 ET
3557 1638 3705 1681 W115-

2299 1718 2453 1759 SIONE
2505 1713 2922 1755 ιιοιειωιδοιιυιι
2967 1712 3037 1751 ΕΤ
3094 1710 3331 1749 ΑιιΑιιωι
3387 1707 3704 1763 Ροεεεδειοπυι,

2160 1753 2201 1811 Β
2298 1753 2451 1838 ᾆιῖρίξ
2462 1753 2709 1826 nectareis
2734 1782 2920 1825 sane“
2947 1780 3201 1822 SEPULCRI
3220 1779 3394 1820 HABE‘I’
3423 1779 3471 1818 ιι(
3490 1753 3707 1820 amoeni.

2298 1905 2358 1962 In
2412 1903 2636 1962 nomine
2675 1901 2880 1960 summi
2921 1910 2976 1958 et
2999 1900 3115 1957 veri
3153 1898 3254 1957 Dei
3276 1897 3455 1955 Patris
3483 1907 3531 1955 et
3559 1897 3648 1955 Filii
3676 1908 3713 1955 et

2231 1995 2439 2068 Spiritu
2463 1995 2673 2062 Sancti,
2699 2009 2882 2051 amen.

2299 2084 2578 2143 Naturalis
2604 2082 2887 2156 prudentis
2919 2080 3091 2140 animi
3130 2080 3386 2138 sollercia
3424 2079 3488 2113 ⁸²¹
3524 2078 3581 2135 ab
3612 2078 3716 2133 initio

2229 2174 2668 2233 conservandum
2689 2172 2759 2206 '"
2782 2171 3041 2238 instituit,
3059 2179 3120 2226 ut
3142 2184 3377 2243 operosa
3399 2170 3471 2225 rei
3488 2169 3600 2226 bene
3619 2180 3720 2240 geste

2228 2266 2430 2326 veritas
2463 2279 2641 2336 usque
2662 2262 2730 2319 ad
2760 2271 3109 2334 posterorum
3131 2261 3399 2319 celebrem
3414 2260 3626 2321 noticiam
3643 2261 3719 2315 iure

2229 2373 2489 2414 emanare
2515 2356 2736 2423 debeat;
2767 2355 2894 2411 inde
2921 2355 3069 2411 enim
3091 2362 3147 2410 et
3166 2353 3333 2426 digna
3367 2352 3528 2424 ipsius
3560 2353 3621 2408 rei
3654 2352 3720 2406 ﬁr-

2231 2449 2378 2507 mius
2401 2449 2545 2521 viget
2562 2448 2817 2516 ﬁrmitas,
2842 2454 2898 2503 et
2918 2447 3007 2518 pia
3035 2445 3376 2519 posteritatis
3391 2444 3615 2502 emulatio
3633 2457 3723 2514 quo-

2232 2542 2361 2599 dam
2388 2540 2687 2599 eollaterali
2711 2539 2964 2611 exemplo
2984 2538 3055 2595 ad
3091 2538 3311 2611 potiora
3343 2552 3543 2608 semper
3574 2534 3729 2591 inarde-

2233 2635 2357 2690 scit.
2407 2630 2793 2689 Necessarium
2837 2630 3007 2705 igitur
3046 2629 3324 2686 universis
3367 2626 3664 2700 presentibns
3693 2633 3729 2679 et

2235 2723 2459 2791 futuris,
2492 2722 2832 2780 innotescere
2857 2720 3113 2777 ducimus
3132 2720 3398 2792 quoniam
3425 2732 3518 2790 ego
3535 2716 3733 2772 Raimun—

2234 2817 2361 2886 dus,
2385 2816 2481 2874 Dei
2517 2816 2735 2875 favente
2754 2814 3067 2885 clementia
3109 2814 3367 2889 princeps
3409 2811 3729 2875 Antiochenus,

2235 2920 2293 2969 et
2318 2908 2541 2967 domina
2564 2907 2852 2966 Costantia
2879 2907 2973 2976 ⁸³³,
3001 2921 3127 2963 mea
3161 2923 3304 2963 uxor
3352 2900 3739 2967 illusu-issima,ei

2237 3000 2332 3070 qui
2356 3013 2457 3070 pro
2479 2998 2640 3055 nobis
2672 3006 2930 3054 mortuus
2953 3005 3057 3065 est,
3090 2996 3264 3053 immo
3284 3004 3339 3053 et
3376 2993 3658 3059 resurrexit,
3674 3005 3741 3062 per

545 3097 639 3144 tus
694 3104 725 3144 a
771 3091 968 3147 ceteris
1014 3090 1319 3147 certissime
1378 3087 1828 3155 disnoseatur'",
1881 3086 2135 3143 domibus
2161 3104 2212 3170 ο
2238 3091 2426 3147 omnia
2474 3089 2769 3157 debitores,
2820 3086 3267 3145 reverentissimo
3310 3085 3552 3144 eiusdem
3588 3081 3747 3140 Domini

545 3177 757 3249 Pontii,
799 3180 1123 3238 Antiocheni
1167 3182 1527 3251 thesaurarii,
1561 3181 1652 3238 via
1698 3180 1877 3237 solum
1919 3179 2138 3252 publica

546 3271 950 3340 intercedente,
1004 3272 1261 3345 contigue
1311 3272 1603 3328 habentur.
1635 3270 1702 3326 Et
1743 3279 1805 3327 ut
1862 3270 1932 3327 ab
1973 3270 2139 3328 huius

547 3366 678 3422 doni
723 3367 830 3423 mei
886 3367 1068 3422 votiva
1117 3365 1475 3421 concessione
1532 3363 1712 3420 tocius
1763 3361 2140 3419 controversie

548 3457 840 3528 scrupulus
884 3457 1185 3525 auferatur,
1224 3464 1416 3511 notum
1473 3456 1545 3511 sit
1584 3455 1841 3511 omnibus
1886 3454 2030 3526 quod
2082 3455 2138 3510 in

549 3548 755 3604 eisdem
792 3548 1050 3606 domibus
1087 3548 1252 3617 mihi,
1284 3547 1463 3619 quoad
1509 3547 1732 3615 vixero,
1766 3546 2140 3603 habitaculum

550 3641 621 3696 ad
649 3641 978 3696 manendum
1005 3641 1243 3707 retineo,
1268 3654 1333 3695 ac
1361 3638 1578 3695 cuidam
1608 3653 1767 3694 servo
1789 3652 1943 3706 meo,
1975 3653 2140 3710 quem

551 3732 621 3788 de
643 3732 962 3788 inﬁdelitate
998 3732 1067 3787 ad
1115 3732 1370 3803 baptismi
1409 3731 1642 3805 gratiam
1678 3731 1932 3800 evocavi,
1962 3745 2143 3787 came-

553 3841 670 3880 ram
690 3866 704 3888 ,
736 3840 902 3895 quam
924 3840 991 3879 ex
1013 3824 1369 3880 concessione
1390 3839 1511 3880 mea
1542 3824 1611 3879 ad
1635 3823 2056 3879 inhabitandum
2084 3821 2140 3876 in

551 3917 781 3990 prefatis
809 3917 1065 3973 domibus
1096 3916 1337 3988 optinet,
1370 3916 1633 3988 quamdiu
1661 3915 1861 3972 vixerit
1899 3914 2145 3986 mihique

552 4010 784 4066 fideliter
819 4009 1097 4076 servierit,
1128 4009 1517 4079 possidendam
1546 4008 1811 4065 concedo.
1844 4005 1982 4062 Cum
2014 4020 2144 4061 vero

552 4102 740 4157 divina
800 4100 1091 4172 dispositio
1143 4110 1198 4156 et
1248 4100 1547 4171 terminus,
1584 4100 1681 4172 qui
1730 4098 1982 4170 preteriri
2033 4113 2143 4152 non

554 4200 759 4263 potest,
798 4200 961 4247 meet
995 4191 1146 4246 illum
1195 4206 1262 4246 ex
1309 4190 1413 4246 hac
1439 4191 1559 4246 luce
1590 4188 1957 4256 subtraxerit,
2002 4188 2147 4245 sicut

556 4300 722 4355 supra
744 4284 1033 4340 dictumm
1056 4292 1159 4351 est,
1183 4282 1415 4339 ecclesie
1432 4280 1680 4352 Sepulcri
1701 4279 1977 4336 dominiet
1999 4279 2146 4335 eius-

556 4375 679 4430 dem
708 4376 991 4432 canonicis
1031 4375 1228 4430 domus
1262 4382 1318 4429 et
1355 4388 1546 4428 earum
1574 4371 1852 4442 possessio
1877 4370 1933 4425 in
1961 4386 2149 4442 perpe-

2239 3185 2416 3242 nostri
2438 3183 2599 3241 Ihesu
2620 3180 2830 3238 Christi
2874 3178 3138 3252 Sepulcro
3164 3180 3403 3252 quedam
3430 3194 3525 3236 sua
3562 3178 3659 3233 iura
3679 3190 3746 3246 pe-

2240 3292 2340 3336 nes
2374 3275 2725 3333 Antiochiam
2756 3275 3080 3342 constituta,
3104 3288 3216 3345 que
3256 3272 3539 3341 nimirum,
3577 3284 3678 3327 cum
3704 3266 3752 3322 ab

2240 3368 2466 3439 antiquo
2486 3367 2544 3423 in
2568 3382 2703 3424 usus
2723 3365 2921 3437 prefati
2942 3365 3051 3422 loci
3088 3362 3477 3437 gloriosissimi
3504 3361 3751 3421 cessissent,

2240 3461 2398 3518 novis
2422 3469 2605 3517 tamen
2639 3460 2977 3531 temporibus
3007 3466 3125 3515 tum
3152 3464 3380 3530 propter
3405 3455 3606 3512 diutine
3622 3451 3755 3523 priva-

2241 3551 2407 3608 tionis
2437 3566 2651 3617 casum,
2679 3558 2796 3606 tum
2824 3558 3046 3621 propter
3068 3557 3342 3605 terrarum
3373 3544 3757 3618 longinquitateﬂ

2242 3640 2464 3698 iamiam
2495 3640 2656 3712 quasi
2708 3640 2952 3711 ignotam
2990 3639 3063 3671 ⁸⁸⁸
3098 3637 3511 3704 iudicabantur,
3554 3634 3694 3689 libere
3725 3635 3773 3689 ti.

2242 3733 2459 3808 quiete,
2509 3732 2664 3789 omni
2722 3748 2952 3803 prorsus
3001 3730 3316 3803 calumpnie
3372 3729 3492 3787 sive
3540 3722 3766 3782 cuiuslibet

2242 3825 2546 3882 exactionis
2580 3825 2833 3881 molestia
2860 3825 3106 3891 exclusa,
3131 3824 3188 3879 in
3219 3832 3479 3879 eternnm
3505 3811 3773 3892 possin

2244 3920 2608 3988 restituimus,
2640 3918 2837 3975 damus
2854 3927 2909 3973 et
2939 3917 3316 3973 concedimus.
3350 3914 3475 3985 Que
3496 3911 3662 3968 omnia
3684 3921 3773 3977 pars:

2245 4013 2344 4069 tim
2381 4029 2447 4068 ex
2471 4011 2707 4083 propriis
2732 4009 3073 4076 nominibus,
3098 4008 3298 4080 partim
3331 4023 3407 4063 ex
3447 4006 3672 4060 locorum
3699 3996 3773 4051 situ

2244 4105 2535 4178 designare
2565 4102 2882 4159 curavimus
2912 4120 2927 4158 :
2956 4102 3195 4173 primum
3235 4100 3351 4155 duo
3386 4098 3599 4156 edificia
3619 4092 3773 4178 molem

2246 4196 2505 4255 diuorum
2527 4202 2682 4250 extra
2702 4200 2916 4264 portam
2940 4191 3134 4250 Pontis
3164 4191 3236 4247 ad
3270 4189 3612 4246 occidentem
3629 4177 3773 4237 musti

2247 4298 2386 4358 tuta,
2426 4302 2666 4359 quorum
2709 4287 2966 4358 superius
3014 4285 3332 4341 editicatum
3386 4284 3578 4354 lingua
3609 4272 3774 4331 Arabia

2250 4379 2526 4436 Funeidec
2551 4386 2923 4449 nuncupatur,
2945 4376 3175 4432 alterum
3193 4388 3330 4430 vero
3360 4371 3595 4428 inferius
3614 4367 3701 4420 iam
3719 4360 3774 4415 dit

558 4477 718 4523 tuum
752 4466 1073 4523 subiacebit.
1114 4466 1182 4520 Et
1224 4472 1284 4520 ut
1318 4463 1449 4531 hec,
1490 4478 1598 4533 que
1643 4460 1944 4532 prescripta
1989 4467 2120 4515 sunt

2256 4470 2397 4527 iacet
2435 4467 2715 4530 dirutum;
2763 4465 3042 4538 quandam
3078 4464 3244 4520 etiam
3285 4463 3523 4518 vineam
3567 4456 3774 4512 duduml

560 4571 680 4618 rata
707 4570 761 4618 et
782 4562 985 4618 illibata
1016 4567 1403 4633 permaneant,
1431 4557 1501 4612 ad
1523 4571 1716 4610 eorum
1746 4551 2151 4611 corroboratio-

2252 4560 2509 4619 Brunone
2552 4556 2817 4629 plateario
2854 4570 3202 4627 possessam;
3252 4553 3365 4608 hec
3417 4560 3601 4605 autem
3633 4548 3774 4617 mem

563 4672 689 4712 nem
738 4665 793 4713 et
843 4654 1230 4712 certitudinem
1284 4648 1767 4706 demonstrandam
1808 4644 2153 4718 privilegium
2253 4659 2370 4707 mu.
2396 4656 2551 4705 extra
2575 4647 2768 4703 urbem
2793 4644 2863 4678 ειτ
2888 4643 3091 4699 naenia.
3108 4641 3226 4710 Que
3245 4656 3392 4696 vero
3420 4638 3774 4723 subsequuan

561 4748 753 4807 domui
780 4744 1087 4803 Boamundi
1116 4744 1183 4800 de
1208 4756 1471 4798 concessa
1496 4740 1632 4796 mihi
1662 4739 2033 4811 predictarum
2056 4736 2154 4792 do-
2256 4740 2399 4795 intra
2436 4738 2509 4771 ⁸⁵⁸
2547 4736 2796 4793 eiusdem
2840 4734 3110 4790 ambitum
3154 4731 3313 4786 urbis
3360 4728 3774 4815 continentur

564 4856 784 4897 morum
806 4840 983 4906 dono,
1007 4835 1320 4893 venditione
1350 4849 1448 4890 seu
1490 4810 1739 4890 libertate
1779 4831 2154 4901 conscriptum
2256 4829 2451 4901 primis
2482 4827 2744 4899 apotheca
2782 4824 3022 4895 quedam
3056 4832 3180 4877 ante
3214 4820 3452 4888 balnea,
3494 4832 3603 4890 que

565 4878 983 4906 ...u......w..v,
1017 4878 1320 4893 .ν.......ν..-
1350 4878 1448 4890 ..ν-
1491 4878 1739 4890 ....--...--
1782 4878 2154 4901 --η----τηρ
2256 4878 2449 4901 ,_-____
2800 4878 2837 4895 ,,
2872 4878 2907 4880 ν
3438 4878 3451 4888 ,
3512 4878 3532 4890 _

565 4932 851 4989 Dominiee
902 4926 1340 4987 Resurrcctionis
1387 4927 1616 4984 ecclesie
1658 4920 2030 4995 fratribusquc
2070 4938 2159 4979 re-
2259 4921 2618 4977 nominantur
2639 4916 2827 4982 Omar,
2860 4914 2998 4980 sita;
3031 4929 3138 4969 una
3162 4927 3402 4983 quoque
3430 4912 3627 4966 domus
3644 4878 3774 5001 deseri

567 5025 738 5097 liqui,
778 5040 844 5080 ae
868 5031 1178 5094 presentem
1205 5020 1459 5093 paginam
1486 5019 1553 5076 de
1581 5018 1745 5074 huius
1767 5015 1900 5074 doni
1929 4994 2038 5070 mei
2060 5030 2157 5070 ve-
2259 5023 2385 5069 ante
2425 5009 2714 5068 ecclesiam
2762 5005 2967 5062 Sancte
3017 5002 3233 5069 Menne,
3268 5019 3351 5059 ex
3387 5001 3615 5059 nomine
3640 4994 3774 5097 animi

567 5088 734 5176 ritate
754 5088 1123 5186 conscriptam
1145 5088 1323 5188 sigillo
1348 5113 1538 5170 domni
1565 5111 1821 5168 Willelmi
1847 5108 2161 5182 patriarehe
2261 5105 2449 5162 Beruti
2473 5104 2639 5170 dicta,
2665 5109 2721 5157 et
2748 5100 2952 5157 domus
2980 5097 3088 5153 alia
3129 5097 3283 5152 iuxta
3331 5096 3633 5155 ecclesiam

570 5207 924 5267 corroborari
953 5177 1232 5280 humiliter
1255 5206 1547 5280 postulavi.
1847 5177 1868 5182 —
2261 5197 2432 5264 Petri,
2463 5210 2570 5267 que
2594 5200 2827 5250 vocatur
2849 5189 3067 5280 Serice;
3095 5189 3225 5244 item
3243 5188 3477 5280 domus
3497 5188 3605 5244 alia
3621 5177 3774 5280 acted

644 5298 879 5354 Factum
905 5306 989 5355 est
1012 5278 1215 5354 autem.
1239 5271 1345 5354 hoc
1379 5298 1587 5355 donum
1624 5303 1680 5353 et
1714 5293 1837 5351 eius
1877 5290 2167 5362 inscriptio
2265 5302 2418 5344 mum
2444 5284 2630 5341 Serice
2652 5283 2854 5348 locata,
2885 5279 3017 5335 olim
3044 5295 3075 5333 a
3112 5277 3370 5348 quodam
3401 5277 3605 5343 Greco,
3630 5271 3774 5362 Saloq

573 5404 722 5444 anno
741 5388 959 5446 Domini
986 5404 1290 5458 nexuvm,
1306 5397 1558 5460 presente
1578 5385 1771 5443 eodem
1797 5382 2003 5465 domno
2025 5381 2165 5438 Wil—
2264 5396 2334 5438 ne
2359 5378 2602 5446 nomine,
2629 5375 2817 5432 Sancti
2859 5369 3109 5444 Sepulcri
3130 5369 3774 5443 canonico,possess:.0|

647 5587 721 5659 Ψ
748 5590 813 5656 Α,
850 5588 892 5647 1"
915 5589 1001 5657 77,
1026 5600 1106 5659 r°;
1134 5590 1197 5658 Β,
1230 5588 1270 5643 f°
1297 5590 1388 5656 89,
1412 5599 1494 5643 r°.'
1545 5586 1875 5659 8";Manque
1897 5584 2054 5659 _d.ms_
2074 5583 2115 5637 Β

2237 5582 2279 5614 ’⁸
2313 5581 2387 5659 β,
2408 5580 2677 5659 timuer-
2748 5574 3356 5659 δί’..ιὲκάίιιοξεθτυνοη
3394 5573 3582 5659 ⁸ὶ⁸ηΞο
3611 5552 3774 5659 «rei

577 5657 652 5699 ιιι
675 5658 732 5727 n,
748 5636 1073 5727 ’ἱνὶιιὲίιὶιῖὲιιά
1093 5636 1431 5717 ἰῆῖὲιὶειῆὧῗ
1469 5636 1480 5643 ’
1502 5659 1571 5692 κιο
1604 5636 2101 5727 ιίέᾇίἰξῖιῖᾱῖᾱιὲῆὲεί

2234 5722 2239 5727 _
2285 5636 2390 5727 _""_
2417 5651 2479 5717 Β,
2501 5649 2789 5727 πείθεις-η
2821 5636 2978 5725 ⁸”.Ἀν
3010 5642 3051 5697 το
3088 5642 3454 5727 Wfilin!”
3477 5643 3570 5727 Ψ
3594 5650 3684 5696 τε·

581 5713 821 5785 sollertia
912 5732 982 5764 ⁸³⁵
1006 5713 1069 5800 Βξ
1092 5713 1492 5788 obseruandum.
1557 5730 1628 5763 ⁸²⁵
1652 5713 1713 5796 Β,
1751 5713 2094 5795 Constantia.
2170 5721 2241 5755 ⁸³⁸
2280 5722 2342 5791 Β,
2373 5713 2573 5793 ignota.
2650 5719 2720 5751 “‘7
2748 5715 3003 5785 Corrigez
3029 5713 3194 5768 urbis.
3274 5715 3360 5748 ‘m
3384 5714 3455 5785 Β,
3490 5716 3643 5769 inter.
