3824 6308
172 446 290 509 1185
385 468 388 472 ’

171 580 355 638 nosque
382 564 573 620 domos
595 563 732 618 sitas
751 571 882 618 ante
927 561 1194 632 hospitale
1229 559 1571 613 nominatum
1615 553 1720 610 lle-
1748 557 1795 615 Α

171 657 467 724 beneboleit,
511 672 542 711 a
585 654 748 710 furno
773 654 987 714 .Sancti
1031 652 1250 724 Georgii
1293 649 1588 720 discoperti
1640 648 1714 681 ⁸³⁸

169 768 320 823 usque
344 748 410 805 ad
449 764 592 804 Viam
625 765 734 819 que
762 748 939 820 vergit
971 749 1038 803 ad
1070 746 1356 803 ecclesiam
1385 743 1713 799 Sanctorum

165 845 338 900 Cosme
363 850 414 897 et
446 840 718 896 Damiani.
749 841 948 896 lterum
977 856 1078 896 nec
1101 839 1234 895 illud
1261 837 1716 910 pretermittimus

165 935 396 1006 quoniam
421 936 542 1004 pari
569 942 755 990 nostre
781 933 1096 990 donationis
1118 933 1440 989 auctoritate
1474 931 1710 1002 quedam

163 1028 254 1082 alia
285 1041 346 1082 ex
376 1026 654 1082 beneﬁciis
685 1026 930 1081 ﬁdelium
972 1026 1184 1081 noviter
1219 1025 1413 1080 collata
1455 1032 1718 1094 perpetua

163 1131 278 1187 pace
299 1125 350 1171 et
373 1117 496 1186 jure
521 1117 752 1172 tenenda
779 1115 980 1172 Sancto
1006 1116 1290 1172 Dominico
1321 1113 1584 1185 Sepulcro
1619 1115 1720 1170 do-

164 1225 335 1264 namus
361 1218 414 1264 et
436 1211 793 1266 concedimus
818 1228 832 1264 :
857 1210 1083 1265 domum
1113 1208 1322 1264 scilicet
1348 1207 1632 1278 quandam.
1649 1206 1718 1260 de

161 1301 468 1356 belemosina
495 1299 786 1368 Osmuudi,
811 1301 1061 1358 canonici
1082 1298 1430 1366 Antiocheni,
1452 1307 1578 1354 ante
1599 1297 1717 1353 bal-

161 1406 247 1446 nea
272 1391 468 1447 domini
502 1391 775 1448 Tancredi
811 1391 1203 1457 constitutam;
1234 1391 1460 1446 domum
1495 1404 1716 1461 quoque

161 1480 444 1537 Gamalielis
469 1482 780 1554 presbiteri,
806 1481 996 1538 Sancti
1020 1481 1271 1552 Sepulcri
1293 1482 1568 1547 canonici,
1590 1497 1720 1552 pro-

160 1574 506 1642 peecclesiam
539 1573 726 1630 Sancti
757 1573 1048 1640 Leonardi,
1087 1585 1140 1629 et
1164 1574 1326 1629 aliam
1354 1574 1578 1630 domum
1617 1587 1718 1628 cu-

159 1663 345 1719 iusdam
365 1665 508 1732 laici,
533 1665 812 1722 Benedicti
834 1667 1077 1733 nomine,
1105 1675 1234 1722 ante
1265 1666 1552 1722 ecclesiam
1577 1664 1719 1720 San-

157 1756 217 1809 cti
251 1754 549 1828 Symeonis.
575 1756 688 1813 Hec
711 1758 876 1829 igitur
896 1758 1082 1814 omnia
1103 1768 1160 1814 et
1175 1760 1392 1832 singula
1415 1768 1718 1814 memorato

158 1844 348 1902 Domini
375 1849 619 1920 glorioso
650 1848 934 1921 Sepulcro,
973 1851 1118 1907 sicut
1160 1866 1327 1921 supra
1371 1851 1633 1917 diximus,
1659 1850 1714 1904 iu

155 1947 376 1994 eternum
400 1941 696 2008 donamus,
733 1942 971 2013 presenti
1001 1958 1222 2014 quoque
1267 1943 1552 2015 privilegio
1593 1958 1718 2013 prc-

156 2031 427 2099 munimus,
459 2033 642 2105 sigillo
665 2033 832 2088 etiam
867 2042 1062 2089 nostro
1103 2035 1454 2108 iusignimus,
1477 2043 1531 2090 et
1559 2034 1714 2090 testi-

155 2118 242 2175 bus
274 2124 597 2180 necessariis
625 2125 1042 2180 confirmamus.

214 2212 422 2270 Factum
447 2199 536 2270 est
559 2224 741 2271 autem
763 2217 870 2271 hoc
890 2216 1232 2287 privilegium
1273 2230 1420 2271 anno
1445 2214 1715 2271 incarnati

155 2305 235 2360 Dei
263 2304 418 2362 Verbi
447 2324 614 2374 ICXL,
642 2308 941 2364 indictione
963 2324 1046 2376 ιιι,
1072 2323 1264 2364 mense
1285 2309 1494 2378 aprilis,
1517 2315 1716 2378 quarto

152 2410 346 2466 quoque
369 2411 520 2452 anno
552 2397 895 2468 principatus
917 2399 1125 2454 domini
1162 2397 1478 2465 Raimundi,
1522 2395 1716 2452 Antio-

151 2486 288 2541 cheui
311 2487 574 2558 principis
604 2489 970 2546 invictissimi.
1013 2488 1204 2546 Testes
1231 2488 1524 2558 subscripti
1552 2507 1567 2544 :

274 2577 515 2636 Domnus
546 2580 828 2639 Caudinus
849 2583 942 2651 ⁸³⁸,
960 2581 1320 2639 Mamistanus
1344 2581 1709 2652 archiepisco-

334 2687 454 2742 pus.
514 2671 760 2730 Domnus
814 2673 992 2745 Hugo,
1030 2673 1358 2730 Gahulensis
1399 2673 1711 2744 episcopus.

331 2763 659 2844 Aymericus
681 2764 774 2834 ⁸³¹,
799 2767 1040 2822 decanus
1066 2765 1378 2822 Antiochie.
1405 2763 1716 2821 Willelmus

335 2852 661 2924 Brachetus,
711 2865 766 2912 et
814 2856 1143 2924 Aimericus,
1187 2866 1353 2929 atque
1401 2856 1715 2914 Willelmus

335 2943 723 3015 Pictaviensis,
759 2949 1026 3020 capellani
1075 2950 1286 3006 scilicet
1334 2949 1542 3021 palatii.
1573 2948 1714 3004 Wi-

335 3037 534 3095 lelmus
544 3038 711 3106 Petri,
734 3041 987 3097 clericus.
1002 3040 1220 3110 Petrus,
1233 3041 1535 3098 canonicus
1551 3039 1714 3096 Tem-

331 3130 422 3199 pli.
448 3129 785 3187 Godol‘ridus
805 3133 896 3199 ⁸³²,
923 3133 1225 3188 canonicus
1256 3131 1442 3188 Sancti
1466 3131 1707 3187 Abrahe.

338 3219 523 3293 Dr0g0
543 3231 599 3277 et
627 3221 969 3289 Goisbertus,
998 3223 1205 3294 Templi
1237 3225 1457 3279 milites.

269 3279 540 3384 Rogerius
575 3312 642 3368 de
686 3279 982 3378 Montibus,
1025 3279 1488 3369 constabularius.
1532 3313 1713 3370 Galte-
1738 3279 1784 3342 δ

335 3403 452 3458 rius
480 3403 552 3457 de
575 3403 911 3458 Surdavalle.
941 3403 1181 3460 Garento
1207 3404 1275 3459 de
1311 3405 1510 3460 Saone.
1543 3405 1714 3461 Fulco

333 3493 400 3549 de
429 3493 692 3564 Bniguiu.
725 3492 1034 3549 Willelmus
1069 3493 1377 3550 Fraisnelli.
1405 3495 1516 3551 Leo
1547 3495 1714 3551 Maio-

335 3583 524 3650 polus,
552 3583 664 3637 dux
692 3583 1002 3638 Antiochie.
1033 3583 1334 3640 Gaufridus
1347 3586 1415 3640 de
1429 3587 1708 3642 Guirchia.

333 3668 536 3726 Petrus
585 3671 868 3739 Armoini,
934 3673 1288 3728 castellanus.
1327 3673 1609 3733 Guiterius
1645 3677 1713 3732 de

333 3758 587 3819 Moceon.
609 3762 918 3820 Richardus
937 3764 1005 3819 de
1025 3764 1279 3820 Belmont
1297 3765 1388 3820 ⁸³³.
1416 3765 1710 3836 Rohertus,

332 3854 485 3910 illius
520 3853 794 3910 Gaul‘ridi.
845 3854 1101 3926 Pagauus
1135 3856 1204 3911 de
1256 3855 1374 3911 Fai.
1413 3857 1713 3915 Garnerius

332 3947 400 4018 de
462 3946 670 4018 Burgo.
723 3945 882 4020 Hugo
927 3947 994 4004 de
1036 3947 1272 4004 Boleira.
1321 3949 1442 4004 Abo
1491 3951 1559 4006 de
1609 3949 1714 4006 Bo-

332 4038 442 4094 lins
473 4037 566 4092 ⁸³⁹⁵.
595 4039 796 4094 Cheale
820 4039 890 4094 de
919 4037 1216 4095 Mausiaeo.
1244 4039 1502 4107 Basilius,
1530 4057 1713 4097 came-

331 4129 538 4195 rarius,
593 4137 649 4183 et
700 4128 994 4196 Oliverius,
1062 4129 1232 4186 frater
1285 4131 1426 4188 eius.
1473 4131 1712 4189 Garinus

333 4218 593 4288 blalmuz,
627 4222 1019 4278 marescalcus.
1061 4223 1391 4280 Godofridus
1430 4225 1524 4291 ⁸³⁸,
1563 4227 1713 4281 lilius

334 4308 678 4376 Racmbaldi,
699 4311 1024 4375 vicecomes.
1051 4310 1397 4369 Raimundus
1419 4316 1715 4370 marescal-

337 4416 454 4456 cus.
481 4399 827 4470 Theodorus,
845 4402 1115 4458 notarius.
1135 4401 1426 4473 Georgius,
1453 4404 1713 4473 magister

333 4503 564 4550 secrete.

204 4580 257 4682 Si
277 4586 402 4682 quis
429 4601 558 4641 vero
585 4585 691 4682 hoc
719 4585 1064 4682 privilegium
1088 4586 1329 4658 legitime
1352 4586 1708 4682 factum,dia-
1745 4627 1786 4682 Β

140 4670 254 4729 bolo
279 4675 596 4748 instigante,
625 4673 834 4733 violare
860 4679 1260 4750 quoquomodo
1282 4678 1703 4748 presumpserit.

140 4759 213 4816 ira
233 4761 325 4820 Dei
347 4781 515 4836 super
543 4781 671 4822 eum
699 4767 904 4824 veniat.

204 4851 330 4910 Data
375 4855 688 4924 Antiochie,
727 4871 827 4929 per
858 4872 1085 4914 manum
1126 4855 1336 4914 Odonis
1373 4858 1706 4926 cancellarii,

140 4958 230 5000 xm
249 4946 504 5006 kalendas
535 4948 687 5005 maii.

719 5039 986 5097 LXXXIX
1008 5042 1099 5097 ⁸³⁸.

142 5141 466 5189 ι’κιιῖιιεαιωι
495 5150 776 5202 BAIIUNDI,
811 5149 1074 5190 PRINCIPIS
1098 5149 1439 5202 ANTIOCIIENI,
1458 5151 1533 5190 DE
1557 5151 1707 5190 11101-

204 5214 286 5257 elo
306 5203 374 5236 ⁸⁸⁷
405 5221 457 5259 ιι(
489 5221 658 5261 IPSIUS
675 5220 837 5262 curm
865 5221 1036 5262 uero
1063 5222 1129 5260 ne
1155 5221 1378 5272 ιΜυιιιΑ,
1408 5222 1551 5270 ausu
1577 5222 1706 5262 cos-

203 5286 402 5330 VENTUS
428 5290 676 5331 ECCLESIE
703 5291 890 5331 SANCTI
914 5293 1070 5331 PAULI
1099 5291 1403 5330 DIUTISSIME
1429 5291 1706 5330 CANONICIS

202 5352 381 5399 ωοτι
410 5361 661 5401 δερυιειιι
703 5361 870 5401 SUPER
916 5345 1128 5402 ικήιετλ
1169 5361 1434 5401 (ξυιυδυλιι
1485 5361 1701 5402 CARDINI

201 5424 531 5471 POSSESSIONE
554 5426 880 5472 INTULERA'I‘.

205 5502 262 5561 In
283 5511 498 5566 nomine
520 5519 708 5567 sancte
725 5519 781 5567 et
821 5510 1101 5566 individue
1126 5508 1412 5566 Trinitatis
1438 5509 1622 5566 Patris
1651 5520 1706 5566 et

142 5590 256 5652 Filii
279 5607 334 5655 et
361 5599 595 5674 Spiritus
628 5602 838 5671 Sancti,
863 5618 1042 5658 amen.

1751 1903 1790 1961 Ii

1151 438 1594 500 CARTULAIRE
1629 433 1720 493 DU
1765 436 1968 493 SAINT-
2011 435 2392 493 SEPULCRE.

3271 446 3411 502 1186

1893 553 2130 624 Antiqua
2156 562 2376 624 patrum
2405 551 2570 608 tradit
2597 551 2900 610 auctoritas
2925 563 3006 622 ut,
3055 558 3314 628 quotiens
3339 561 3414 596 ⁸³⁸

1822 646 1986 718 digne
2013 648 2093 702 rei
2121 645 2357 702 celebris
2379 645 2652 701 institutio
2679 647 2938 716 cquitatis
2968 658 3210 706 meretur
3233 652 3414 709 ellica-

1822 739 1978 807 tiam,
2007 738 2316 796 manifestis
2361 737 2606 809 profecto
2641 739 2979 796 memorialis
3009 742 3204 813 pagine
3238 745 3413 814 apici-

1822 831 1927 887 bus
1947 847 2014 887 eo
2039 831 2301 887 attentius
2329 830 2629 902 premuniri
2675 831 2889 899 debeat,
2919 849 3031 903 quo
3072 842 3125 888 et
3168 835 3410 890 circum-

1821 927 2061 998 spectius
2087 927 2378 982 oblivionis
2401 927 2612 982 calcare
2633 927 2982 982 insolentiam
3022 936 3077 983 et
3106 929 3285 985 tocius
3311 930 3404 984 in-

1822 1034 2047 1074 cursum
2093 1019 2406 1089 calumpnie
2465 1029 2730 1090 perpetuo
2796 1019 3030 1076 intendit
3093 1037 3410 1092 precarere.

1821 1109 2175 1166 Presentibus
2211 1112 2381 1182 igitur
2407 1121 2462 1166 et
2487 1127 2678 1167 eorum
2711 1113 2948 1183 posteris
2976 1115 3292 1171 necessario
3327 1116 3414 1170 in-

1822 1203 2157 1259 notescimus
2185 1204 2446 1274 quoniam
2472 1218 2574 1276 ego
2601 1202 2979 1276 Raymundus,
3022 1206 3288 1276 preclaris
3330 1209 3408 1264 si-

1822 1294 2044 1365 quidem
2071 1293 2424 1349 Pietavorum
2455 1302 2611 1350 ortus
2646 1295 2939 1364 natalibus,
2969 1313 3096 1352 cum
3119 1311 3187 1353 ex
3215 1313 3411 1368 super-

1822 1403 1894 1442 no
1925 1402 2154 1443 munere
2176 1385 2503 1441 Antiocheni
2529 1388 2681 1458 regni
2717 1389 2910 1444 solium
2934 1390 3292 1460 optinuisscm
3317 1391 3411 1459 ⁸³⁸,

1821 1477 1938 1550 a[d]
1992 1477 2064 1510 ⁸⁵⁵
2127 1485 2482 1532 sacrosancta
2533 1475 2869 1532 lherusalem
2919 1480 3040 1535 loca
3084 1482 3258 1536 tercio
3301 1480 3412 1534 mei

1822 1573 2165 1644 principatus
2187 1586 2354 1639 anno,
2402 1570 2634 1627 Domino
2667 1583 3044 1643 prosperante,
3082 1575 3413 1631 adoraturus

1820 1667 2064 1722 ascendi.
2107 1666 2186 1722 lbi
2215 1682 2347 1722 vero
2382 1666 2521 1722 inter
2551 1676 2732 1722 cetera
2775 1668 3014 1724 humane
3047 1671 3414 1740 reparationis

1820 1756 2019 1827 gaudia
2041 1756 2306 1828 singulari
2326 1756 2510 1828 potius
2534 1757 2920 1828 gloriosissimi
2949 1758 3198 1830 Sepulcri
3223 1761 3414 1816 visita-

1820 1849 1968 1902 tioue
1995 1849 2317 1916 delectatus,
2355 1864 2386 1903 a
2411 1849 2616 1904 domno
2653 1847 2952 1917 Willelmo,
2984 1850 3230 1920 ejusdem
3277 1867 3411 1906 sau-

1819 1946 1903 1992 cte
1945 1937 2180 1994 civitatis
2231 1938 2673 1994 reverentissimo
2728 1939 3067 2008 patriarcha,
3121 1940 3217 1994 sed
3272 1947 3327 1994 et
3377 1954 3410 1994 a

1819 2029 2023 2085 domno
2054 2029 2234 2095 Petro,
2267 2029 2561 2084 venerabili
2607 2028 2878 2084 Dominici
2919 2027 3166 2099 Sepulcri
3207 2030 3411 2100 priore,

1820 2136 2028 2175 necnon
2057 2121 2128 2176 ab
2155 2121 2304 2176 omni
2347 2121 2520 2190 ipsius
2549 2120 2656 2175 loci
2698 2124 2890 2176 sancto
2939 2130 3210 2178 conventu
3249 2117 3416 2193 super

1820 2213 2149 2282 quibusdam
2187 2213 2406 2267 iniuriis
2435 2213 2527 2268 diu
2562 2227 2728 2281 penes
2757 2212 3106 2268 Antiochiam
3142 2215 3416 2269 excellen-

1820 2304 2032 2361 tissime
2054 2303 2148 2361 Dei
2171 2313 2226 2360 ct
2254 2304 2493 2360 hominis
2517 2304 2720 2359 Christi
2759 2303 2916 2359 lhcsu
2961 2306 3240 2375 sepulture
3273 2307 3414 2360 irro-

1819 2397 1962 2467 gatis
1983 2397 2240 2452 devotum
2269 2407 2324 2452 et
2345 2397 2606 2452 humilem
2629 2388 2888 2452 clamoris
2908 2396 3158 2452 ell‘ectum
3191 2397 3258 2430 ‘“
3289 2413 3414 2453 sus-

1818 2489 1960 2560 cepi,
2002 2487 2122 2560 pari
2169 2487 2333 2545 etiam
2362 2489 2607 2545 omnium
2637 2503 2798 2558 prece
2825 2488 3070 2544 crebrius
3093 2489 3150 2544 in
3179 2488 3412 2544 Domino

1818 2593 2078 2641 exoratus
2104 2593 2165 2640 ut
2187 2593 2491 2640 memorato
2519 2581 2813 2639 ineﬂabilis
2841 2583 3075 2639 misterii
3114 2584 3235 2638 loco
3264 2584 3411 2639 cele-

1817 2676 2059 2732 berrimo
2083 2689 2185 2732 sua
2208 2676 2448 2746 plenaric
2473 2673 2614 2741 iura,
2645 2689 2885 2745 quorum
2937 2682 3163 2731 eatenus
3207 2675 3410 2730 iniusta

1817 2767 2123 2838 privatione
2151 2766 2391 2839 graviter
2430 2767 2694 2823 multatus
2742 2765 2942 2833 fuerat,
2971 2766 3042 2821 ob
3080 2781 3199 2821 mee
3229 2766 3412 2822 anime

1818 2859 2122 2914 remedium
2159 2859 2592 2914 misericorditer
2620 2851 2988 2913 restituerem.
3031 2855 3233 2912 Verum
3284 2873 3408 2930 ego,

1817 2967 1944 3008 eum
1980 2960 2257 3006 tantorum
2299 2950 2388 3022 pie
2434 2949 2684 3019 petitioni
2723 2947 2793 2982 °“
2835 2948 3260 3003 intercessorum
3310 2963 3412 3005 nec

1815 3057 2033 3112 possem
2057 3056 2158 3098 nec
2189 3041 2444 3098 deberem
2482 3040 2782 3106 adversari,
2826 3037 3028 3110 quippe
3057 3039 3152 3109 qui
3203 3039 3404 3093 iustam

1814 3133 2106 3189 cuiuslibet
2131 3132 2380 3204 oppressi
2409 3146 2624 3199 vocem,
2648 3130 2852 3187 nedum
2885 3145 3232 3186 communem
3262 3137 3411 3186 tante

1815 3224 2118 3281 reverentie
2146 3224 2465 3288 clamorem,
2498 3239 2566 3280 ex
2586 3223 2770 3279 debito
2804 3222 3103 3279 clementer
3123 3221 3410 3276 admittere

1815 3318 2025 3389 exigor,
2055 3333 2232 3388 usque
2271 3317 2409 3373 adeo
2437 3331 2627 3372 eorum
2657 3324 2782 3372 vota
2812 3313 3128 3385 diligentius
3194 3312 3239 3348 "
3283 3326 3408 3368 sum

1814 3415 2160 3478 prosecutus,
2197 3416 2260 3462 ut
2286 3407 2550 3478 quicquid
2569 3407 2637 3462 de
2665 3405 2879 3462 iusticia
2906 3404 3176 3460 Dominici
3209 3401 3408 3474 Sepul-

1813 3499 1892 3553 cri
1925 3499 1980 3552 in
2005 3514 2126 3554 mea
2156 3513 2324 3553 manu
2346 3498 2706 3564 consistebat,
2731 3506 2908 3552 totum
2945 3494 3310 3550 libentissime
3333 3508 3406 3549 ex

1813 3598 1944 3644 tunc
1971 3589 2026 3642 in
2055 3595 2305 3644 eternum
2331 3587 2554 3644 Christo
2581 3586 2814 3641 Domino
2840 3593 2896 3640 et
2922 3585 3042 3640 eius
3079 3584 3144 3638 ad
3166 3583 3406 3654 perben-

1814 3693 1938 3732 nem
1975 3693 2076 3734 sue
2102 3677 2524 3733 resurrectionis
2549 3675 2872 3731 memoriam
2896 3674 3256 3729 servitoribus
3281 3681 3408 3746 graé

1813 3767 1885 3822 tis
1925 3767 2173 3834 reddere,
2210 3767 2305 3821 sed
2350 3776 2403 3821 et
2451 3766 2518 3821 de
2556 3765 2680 3820 aliis
2717 3763 2976 3819 omnibus
3015 3771 3285 3833 quotquot
3335 3763 3405 3818 ad

1813 3873 1976 3913 suum
2009 3857 2098 3913 ius
2135 3855 2540 3928 pertinere[n]t,
2575 3870 2682 3924 que
2712 3855 2920 3910 scilicet
2949 3855 3002 3908 in
3033 3855 3242 3910 alienos
3271 3869 3405 3924 pos-

1813 3948 2110 4004 sidentium
2161 3963 2296 4004 usus
2345 3954 2647 4015 cesserant,
2690 3961 2778 4001 me
2824 3946 2908 4001 eis
2957 3944 3310 4002 devotissime
3348 3944 3405 3999 in

1813 4057 1935 4097 mee
1962 4043 2114 4098 curie
2142 4043 2420 4099 audientia
2466 4041 2743 4097 iusticiam
2773 4048 3132 4096 executurum
3177 4039 3407 4109 promit-

1813 4143 2002 4189 terem.
2034 4133 2112 4190 Ea"
2147 4143 2392 4206 propter,
2423 4135 2544 4205 ipso
2570 4148 2692 4189 mee
2726 4148 2759 4188 a
2788 4131 3158 4188 lherosolimis
3194 4146 3408 4202 regres-

1813 4223 1984 4279 sionis
2026 4240 2192 4291 anno,
2225 4225 2501 4296 prcdictus
2547 4223 2817 4278 Dominici
2861 4221 3108 4292 Sepulcri
3154 4221 3307 4290 priir
3351 4231 3405 4276 et

1814 4314 2094 4386 ngrinus
2125 4317 2455 4386 prepositus,
2497 4315 2796 4385 assumptis
2823 4329 3011 4370 secum
3045 4313 3256 4383 aliquot
3281 4313 3404 4368 suis

1813 4406 2095 4474 fratribus,
2134 4409 2308 4479 prima
2351 4408 2442 4464 die
2489 4407 2697 4462 mensis
2741 4403 3000 4462 februarii
3050 4403 3402 4459 Antiochiam

1812 4497 2114 4565 venientes,
2137 4514 2244 4553 non
2276 4500 2450 4553 multo
2483 4507 2608 4569 post
2649 4499 2716 4552 de
2751 4497 2860 4552 mei
2908 4497 3167 4568 promissi
3205 4510 3406 4551 execu-

1814 4590 1962 4645 tione
2013 4605 2104 4645 me
2163 4590 2427 4646 vivaciter
2479 4589 2812 4661 requirendo
2864 4595 3284 4652 convenerunt,
3342 4591 3404 4638 ut

1811 4688 1867 4735 et
1890 4680 1960 4712 ‘“
1985 4679 2309 4736 nominatim
2344 4681 2411 4735 de
2445 4681 2681 4752 quadam
2712 4679 2936 4742 iniuria,
2966 4692 3134 4748 quam
3164 4688 3403 4730 conven-

1810 4781 1899 4828 tus
1936 4772 2166 4828 ecclesie
2213 4771 2399 4827 Sancti
2455 4771 2609 4828 Pauli
2655 4787 2820 4842 super
2872 4769 3075 4824 iniusta
3115 4765 3400 4822 cuiusdam

1812 4864 2023 4934 gardini
2051 4873 2108 4919 et
2139 4865 2418 4936 aliquante
2461 4873 2603 4920 terre
2649 4861 2997 4933 possessione
3039 4859 3174 4930 ipsis
3206 4856 3405 4913 diutis-

1809 4955 1952 5010 sime
1973 4956 2251 5024 intulerat,
2277 4971 2452 5026 neque
2476 4955 2622 5010 enim
2647 4967 2824 5024 usque
2852 4951 2920 5006 ad
2951 4951 3083 5006 illud
3113 4949 3400 5019 temporis,

1813 5063 1939 5103 cum
1962 5047 2148 5118 sepius
2181 5063 2339 5106 suam
2376 5045 2743 5116 calumpniam
2779 5044 3202 5116 pretendissent,
3241 5040 3404 5096 iusti-

1813 5139 1956 5196 ciam
1994 5140 2324 5210 quandoque
2349 5137 2611 5208 consequi
2633 5143 2944 5208 potuerant,
2957 5135 3025 5190 de
3053 5135 3142 5189 illa
3176 5135 3401 5204 inquam

1810 5239 1923 5286 tam
1945 5229 2272 5303 oblsltinata
2303 5230 2504 5287 iniuria
2535 5229 2796 5299 cquitatis
2829 5227 3165 5284 audientiam
3190 5227 3272 5282 eis
3301 5239 3400 5280 ac-

1811 5323 2182 5380 comodarem.
2215 5323 2299 5378 Ad
2345 5324 2453 5378 hoc
2493 5323 2679 5392 itaque
2708 5320 3089 5390 exequendum
3132 5319 3400 5374 domuum

1811 5415 2133 5482 Rohertum,
2163 5415 2376 5470 eenobii
2403 5411 2587 5470 Sancti
2613 5412 2770 5469 Pauli
2791 5413 3065 5475 abbatem,
3093 5418 3148 5468 et
3173 5409 3400 5466 univer-

1811 5523 1934 5563 sum
1973 5515 2304 5563 conventum
2353 5505 2596 5574 diligenti
2629 5518 2796 5575 opera
2839 5503 3024 5559 studui
3065 5513 3396 5572 premonert.

1813 5600 2058 5668 Quorum
2095 5600 2342 5654 omnium
2370 5613 2478 5652 una
2509 5609 2617 5651 vox
2642 5605 2697 5652 et
2722 5594 2912 5651 eadem
2943 5594 3048 5650 fuit
3073 5592 3346 5649 sententia
3379 5605 3396 5644 :

207 5728 274 5808 “ff
297 5732 356 5800 Β,
381 5737 718 5808 discooperti.
788 5736 859 5770 ⁸³⁸
890 5737 932 5792 Β
952 5780 966 5804 ,
1009 5735 1323 5808 Gaufridus.
1387 5735 1455 5768 ⁸³¹
1487 5735 1553 5802 Β,
1601 5738 1718 5791 Ai"!

1836 5753 1915 5791 us.
1989 5738 2059 5775 0'"
2101 5735 2170 5808 β,
2213 5733 2554 5808 Gode/‘ridus.
2606 5734 2701 5808 _m
2747 5731 3186 5808 BLBelmuu-t;
3219 5729 3303 5808 ”‘_
3329 5727 3394 5808 Β,

145 5794 353 5880 uqtins.’
407 5809 478 5880 ἐξ
502 5794 571 5880 B,’
603 5794 966 5879 Goderriaus.’
1004 5808 1106 5880 vi
1123 5794 1186 5862 λ.
1215 5807 1376 5880 e79,
1403 5794 1580 5880 rore,
1621 5809 1663 5862 ιυ
1706 5810 1768 5861 91

148 5877 374 5930 inuisum.
447 5879 518 5913 "°
543 5877 818 5935 Restitu‘ee
840 5878 1050 5949 d‘aprcs
1078 5877 1136 5932 Β.

1800 5851 1814 5870 ,
1845 5818 1919 5862 v°.
1989 5808 2059 5843 ⁸³⁷
2106 5800 2163 5870 l3,
2209 5800 2418 5859 iuditio.
2489 5805 2560 5845 ⁸³⁸
2605 5805 2666 5870 B,
2702 5805 2986 5873 quociens,
3040 5804 3110 5833 ⁸³⁹
3149 5801 3210 5866 Β,
3253 5800 3393 5854 οὺιὶέ

1226 5877 1292 5909 3'“
1323 5876 1382 5943 Β,
1426 5879 1692 5944 (ιΙῘρειιιηι.

1832 5887 1834 5911 ¹
1881 5878 1950 5944 Β,
1991 5879 2257 5946 prtirioui.
2328 5878 2396 5908 ⁵⁵³³
2435 5875 2495 5942 Β,
2519 5872 2820 5943 diligenter.
2879 5875 2945 5904 ⁸⁸³
2973 5872 3032 5931 Β.
3064 5881 3212 5927 etut.
