3812 6312
121 373 212 430 “89

997 355 1444 412 CARTULAIRE
1479 355 1568 411 DU
1611 353 1811 410 SAINT
1847 357 2228 414 SEPULCRE.

3137 370 3278 428 “90

113 493 214 548 obitu
234 481 450 540 iusticiam
473 479 699 549 gloriosi
731 476 971 547 Sepulcri
999 492 1161 546 posse
1189 477 1418 548 deprimi
1459 475 1573 531 for—
1603 480 1651 536 Α
1677 494 1863 536 remus
1897 479 2016 534 iura
2053 477 2324 534 Dominici
2365 477 2645 548 Sepulcri,
2672 494 2781 550 que
2810 484 3155 554 temporibus
3177 494 3278 544 an-

107 583 322 642 midantes,
352 572 476 643 quod
515 587 612 626 ore
654 571 833 626 veraci
855 580 908 626 et
941 571 1104 625 corde
1151 571 1380 626 memori
1422 575 1579 624 erant

107 665 406 730 conﬁrmaturi,
430 671 600 717 totum
636 663 704 718 ad
745 662 973 732 plenum
1017 661 1212 715 litteris
1253 668 1576 715 annotatum

102 767 370 834 reliquerunt,
392 755 514 810 utin
551 763 852 824 posterum,
883 754 932 809 si
957 754 1256 808 necessitas
1287 751 1428 807 forte
1461 753 1576 807 cxi-

98 856 209 925 gerit,
241 865 321 922 pro
358 848 463 902 viva
487 862 621 900 voce
667 846 854 916 scripti
895 860 1005 900 non
1057 844 1202 900 desit
1249 843 1570 899 auctoritas.

100 947 274 1000 Testium
299 954 487 1012 quoque
509 939 731 992 nomina
764 946 891 992 sunt
932 938 1034 992 hec
1071 956 1083 990 :
1115 935 1435 1007 Gregorius,
1484 953 1575 993 ec-

28 1079 30 1084 .
93 1037 208 1092 clesie
244 1033 409 1087 Sancte
453 1028 616 1083 Marie
661 1038 890 1096 cantor;
928 1027 1190 1094 Thomas,
1237 1029 1569 1093 subcantor;

90 1125 274 1190 Michael,
304 1124 428 1178 lilius
452 1120 678 1175 Molkem
699 1121 799 1186 3”;
842 1119 1138 1185 Abraham,
1177 1119 1321 1174 ﬁlius
1369 1118 1566 1174 Sucar.

86 1216 283 1272 Omnibus
309 1210 505 1266 tandem
551 1225 664 1264 non
714 1209 832 1264 sine
873 1210 1144 1264 honerosa
1196 1207 1478 1264 diﬂerendi
1501 1209 1570 1240 ⁸⁸⁸

83 1306 335 1377 prolixitate,
363 1301 462 1356 Deo
490 1309 733 1366 auctore,
757 1299 822 1354 ad
851 1298 1152 1370 perfectum
1177 1300 1449 1366 deductis,
1471 1315 1573 1371 ego

80 1397 364 1460 Raimundus,
385 1393 474 1447 Dei
508 1401 643 1447 nutu
678 1393 932 1463 princeps
960 1390 1361 1459 Antiochenus,
1385 1393 1480 1447 sed
1517 1401 1571 1446 et

79 1491 240 1545 domina
272 1485 571 1545 Constantia
599 1485 951 1556 principissa,
984 1502 1105 1542 mea
1135 1501 1273 1540 uxor
1307 1486 1570 1543 illustris-

73 1584 187 1646 sima,
210 1578 478 1650 legitimum
507 1575 650 1632 facte
696 1577 1062 1633 investitionis
1095 1577 1166 1609 ⁸⁸⁸
1194 1577 1400 1632 donum
1432 1575 1573 1633 San-

72 1671 254 1728 ctissimo
276 1667 472 1722 Domini
499 1667 762 1737 Sepulcro
793 1667 910 1736 pari
943 1683 1174 1723 assensu
1194 1676 1250 1722 et
1276 1667 1572 1724 donatione

66 1766 102 1816 in
119 1774 323 1817 etcrnum
349 1759 526 1830 quiete
558 1759 954 1829 possidendum
997 1759 1194 1815 damus
1227 1768 1281 1815 et
1309 1760 1568 1815 concedi-

67 1868 175 1915 mus;
213 1847 475 1920 principali
519 1862 742 1918 quoque
787 1848 953 1904 huius
978 1849 1246 1920 privilegii
1287 1849 1568 1923 nom’que

60 1941 178 2012 sigilli
201 1938 596 1996 conﬁrmatione
622 1941 940 1994 decoratum
970 1947 1232 2011 perpetua
1274 1939 1571 1995 stabilitate

60 2033 382 2104 premunimus.

103 2125 283 2181 Factum
303 2133 382 2180 est
407 2133 591 2180 autem
623 2124 728 2180 hoc
763 2124 1106 2196 privilegium
1129 2141 1276 2180 anno
1301 2126 1568 2181 incarnati

55 2217 120 2271 Dei
147 2216 282 2272 Verbi
314 2231 472 2282 chn,
505 2231 695 2272 mense
716 2215 894 2286 aprili,
925 2215 1220 2271 indictione
1253 2232 1334 2282 ιιι,
1374 2226 1572 2286 quarto

50 2324 214 2380 quoque
242 2323 380 2363 anno
423 2308 766 2378 principatus
798 2307 1005 2362 domini
1039 2306 1354 2374 Raimundi,
1383 2308 1572 2364 Antio-

49 2403 162 2458 cheni
187 2400 431 2472 principis
465 2399 832 2457 invictissimi.
862 2397 1052 2456 Testes
1087 2398 1382 2469 subscripti
1413 2418 1426 2453 :

145 2493 365 2548 Domnus
387 2492 698 2558 Gaudinus,
722 2491 1079 2546 Mamistanus
1101 2491 1567 2562 archicpisc0pus.

212 2586 448 2640 Domnus
485 2583 666 2656 llugo,
691 2582 1014 2638 Gabulensis
1039 2583 1107 2615 ⁸⁸⁸
1131 2583 1442 2652 episcopus.
1475 2583 1570 2636 Ai-

199 2675 447 2740 mericus,
472 2673 719 2736 decanos
751 2671 1058 2727 Antiochie.
1097 2671 1408 2727 Willelmus
1437 2671 1570 2726 Bra--

196 2769 395 2834 chetus,
423 2775 482 2822 et
505 2765 837 2832 Aimericus,
861 2774 1024 2834 atque
1060 2764 1366 2820 Willelmus
1393 2763 1574 2820 Picta-

197 2860 411 2926 viensis,
449 2857 723 2928 capellani
769 2858 978 2913 scilicet
1008 2857 1214 2926 palatii.
1240 2853 1568 2921 Willelmus,

192 2951 326 3006 Petri
373 2952 644 3007 clericus.
693 2949 923 3016 Petrus,
987 2948 1287 3005 canonicus
1339 2947 1568 3018 Templi.

192 3044 521 3099 Godofridus
571 3043 677 3107 3",
739 3042 1036 3096 canonicus
1091 3039 1278 3095 Sancti
1331 3041 1567 3095 Abrahe.

187 3137 356 3208 Drogo
383 3147 439 3193 et
469 3137 820 3202 Goisbertus,
846 3135 1054 3205 Templi
1078 3136 1298 3190 milites.

127 3229 374 3300 ﬂcgerius
390 3231 463 3285 de
484 3229 788 3295 Montibus,
814 3227 1272 3283 constabularius.
1301 3226 1572 3282 Galterius

178 3326 240 3378 de
285 3323 644 3389 Surdavalle,
675 3321 913 3378 Garento
947 3321 1015 3375 de
1059 3319 1256 3375 Saone.
1291 3319 1460 3382 Fuleo
1505 3321 1573 3374 de

177 3414 364 3471 Boino.
409 3415 734 3470 Willelmus
763 3412 1070 3468 Fraisuelli.
1097 3411 1206 3466 Leo
1245 3411 1570 3481 Maiopolus,

173 3509 278 3563 dux
300 3507 634 3563 Antiochie.
668 3505 963 3561 Gaufridus
983 3504 1050 3559 de
1073 3503 1353 3558 Guirchia.
1378 3501 1573 3558 Petrus

172 3600 463 3668 Armoini,
523 3599 883 3655 castellanus.
945 3595 1224 3652 Guiterius
1277 3595 1346 3650 de
1393 3594 1568 3649 Mozo.

167 3692 445 3749 Ricardus
463 3694 542 3748 de
564 3691 816 3746 Belmont
838 3690 929 3744 °".
953 3688 1244 3754 Robertus,
1267 3687 1414 3743 ﬁlius
1431 3686 1574 3742 Gau-

169 3784 312 3840 fridi.
351 3785 632 3856 Paganus
665 3784 733 3838 de
770 3782 886 3837 Fal.
929 3781 1230 3837 Garnerins
1261 3779 1329 3835 de
1367 3778 1567 3848 Burgo.

166 3877 320 3948 llugo
362 3878 439 3933 de
489 3874 738 3930 Boleira.
780 3873 898 3928 Abo
927 3873 994 3928 de
1041 3871 1260 3927 Molins.
1292 3870 1464 3925 Chalo
1503 3869 1572 3926 de

163 3969 412 4025 Masiaco
427 3969 532 4022 3“.
559 3967 818 4032 Basilius,
831 3964 1188 4029 camerarius,
1210 3962 1568 4028 etOliverius,

159 4063 325 4119 frater
374 4063 516 4117 eius
558 4060 652 4112 ⁸⁸⁸.
683 4058 921 4114 Garinus
962 4055 1194 4110 Malmus
1229 4054 1321 4122 ⁸⁸⁸,
1359 4069 1570 4109 mares-

159 4155 369 4217 calcus,
409 4149 795 4213 Raimundus,
821 4147 1190 4202 marescalcus
1214 4145 1303 4199 ⁸⁸⁷.
1335 4144 1572 4200 Gotefri-

150 4246 254 4301 dus
304 4246 430 4312 ⁸⁸⁸,
491 4243 830 4298 vicecomes.
887 4237 1244 4303 Theodorus,
1301 4235 1568 4291 notarius.

152 4337 462 4409 Georgius,
489 4335 765 4406 magister
793 4342 1018 4388 secrete.

30 4424 141 4480 Data
189 4427 538 4493 Antiochie,
595 4441 690 4480 xm
735 4423 995 4479 kalendas
1037 4422 1188 4485 maii,
1235 4436 1332 4491 per
1370 4431 1568 4475 manus

18 4518 140 4573 iouis
157 4517 528 4575 cancellarii.

1602 1819 1641 1878 Β

653 4625 880 4680 sum

19 4738 274 4779 iVlLEGIUI
308 4738 495 4778 PETRI
527 4735 748 4774 PRIORIS
777 4733 843 4772 οε
877 4732 1080 4772 DUOBUS
1103 4731 1439 4781 HOLENDINIS,
1464 4731 1566 4779 QIIE

51 4811 216 4850 ΗΔΒΕΤ
240 4809 536 4851 εεειεειλ
571 4805 760 4846 SANCTI
782 4804 1033 4844 SEPULCRI
1064 4804 1113 4840 IN
1143 4802 1450 4841 ANTIOCHIA.

15 4879 62 4935 lu
89 4885 315 4939 nomine
335 4881 553 4937 Patris
578 4889 632 4934 et
660 4877 782 4932 Filii
811 4885 866 4931 et
889 4874 1126 4946 Spiritus
1154 4873 1361 4943 Sancti,
1385 4890 1562 4929 amen.

15 4968 110 5045 Ego
134 4972 364 5041 Petrus,
415 4971 533 5027 Dei
564 4969 740 5040 gratia
769 4967 918 5038 prior
952 4965 1216 5021 Dominici
1262 4966 1566 5036 Sepulchri,

15 5065 143 5121 titico
165 5067 406 5122 cunctis
437 5061 738 5126 fidelibus,
765 5068 874 5114 tam
907 5058 1254 5128 presentibus
1286 5073 1452 5128 quam
1480 5057 1567 5112 fu-

15 5158 80 5223 ιε,
119 5160 273 5231 quod
312 5158 593 5216 veniens
629 5169 755 5210 cum
802 5150 1131 5222 quibusdam
1183 5151 1570 5206 concanonicis

15 5252 122 5308 stris
151 5254 227 5308 ab
252 5247 686 5308 lberosolimis
711 5246 768 5301 in
795 5243 1162 5311 Antiochiam,
1191 5251 1252 5298 ut
1271 5243 1568 5315 investiga-

15 5515 53 5550 ³⁸
75 5518 136 5584 Β,
171 5517 453 5573 Molkim.

17 5602 175 5647 munt.

20 5659 62 5724 Β,
87 5661 481 5728 Godefridus.

1599 3156 1643 3216 (ἶ

1682 574 1959 643 tiquorum
1986 571 2284 628 Grecorum
2307 579 2364 628 et
2381 571 2614 627 subinde
2637 572 2941 629 Turcorum
2968 577 3144 633 eidem
3179 579 3276 634 Se-

1677 665 1868 734 pulcro
1915 663 2306 731 deservierant,
2355 663 2498 719 inter
2539 672 2718 719 cetera
2766 665 2947 721 inveni
2991 667 3048 721 in
3095 671 3278 740 capite

1675 755 1860 826 pontis
1883 763 2058 824 porte,
2103 746 2210 824 q'ue
2237 753 2305 808 de
2347 753 2560 808 Comite
2591 763 2960 823 nuncupatur,
2995 772 3162 827 super
3191 759 3271 812 ri-

1674 863 1800 917 pam
1822 845 2064 901 ﬂuminis
2087 843 2319 911 Orontii,
2349 845 2459 900 duo
2485 845 2605 900 loca
2632 845 2703 900 ad
2733 846 3068 914 molendina,
3100 863 3271 903 unum

1673 937 1986 994 edificatum
2016 945 2070 991 et
2093 936 2240 990 aliud
2272 945 2571 1016 vastatum,
2599 952 2708 1006 que
2736 937 2827 991 diu
2856 939 3273 1008 predecessores

1673 1027 1924 1086 canonici
1956 1027 2228 1082 Dominici
2266 1027 2510 1098 Sepulcri
2556 1029 2726 1084 libere
2754 1029 3086 1085 hereditario
3128 1032 3267 1100 iure,

1674 1123 1816 1178 sicut
1836 1122 2194 1192 prediximus,
2227 1121 2408 1191 quiete
2432 1123 2808 1192 possederant.
2841 1122 2997 1180 Unde
3019 1125 3266 1195 diligenti

1672 1212 2074 1268 examinatione
2097 1219 2338 1267 scrutata
2361 1227 2486 1267 cum
2511 1212 2734 1267 domino
2757 1213 3090 1283 Raimundo,
3114 1216 3266 1286 prin-

1673 1306 1793 1376 cipe
1829 1305 2073 1360 eiusdem
2113 1304 2370 1372 civitatis,
2412 1313 2576 1376 atque
2619 1321 2744 1361 cum
2781 1308 3025 1378 antiquis
3072 1309 3268 1364 Suria--

1674 1413 1761 1452 ms
1786 1397 1878 1463 3"",
1906 1396 2000 1466 qui
2043 1395 2274 1450 ﬁdeliter
2318 1396 2604 1451 nobiscum
2643 1413 2834 1452 curam
2878 1399 3264 1465 adhibuerunt,

1673 1503 1897 1558 operam
1925 1485 2206 1541 communi
2231 1486 2465 1541 consilio
2486 1488 2738 1544 dedimus
2762 1498 2824 1544 ut
2845 1489 2900 1543 in
2931 1490 3263 1546 molendinis

1674 1580 1804 1646 illis,
1839 1577 2062 1633 nomine
2104 1575 2402 1644 Funeidec,
2431 1578 2525 1648 qui
2576 1579 2686 1633 iam
2728 1580 2924 1649 partim
2970 1581 3268 1636 reediﬁcati

1675 1678 1852 1735 erant,
1884 1668 2024 1723 duas
2069 1674 2221 1722 rotas
2266 1683 2297 1721 a
2341 1676 2494 1738 parte
2521 1666 2764 1724 ﬂuminis
2792 1669 2964 1724 tribus
3016 1669 3268 1725 Surianis

1676 1759 2178 1824 accomodaremus,
2203 1758 2408 1813 scilicet
2441 1757 2752 1826 Nichefore,
2775 1757 3045 1828 Michaeli,
3067 1759 3271 1816 Nicbo-

1673 1854 1742 1919 le,
1788 1852 1892 1907 sibi
1933 1861 1989 1907 et
2028 1851 2146 1906 suis
2186 1849 2444 1921 legitimis
2491 1850 2784 1905 heredibus
2834 1851 3266 1906 manutenendas

1674 1947 1727 2001 in
1751 1945 1910 2001 feodo
1948 1945 2194 2012 villanie;
2220 1945 2294 1998 ita
2320 1952 2380 1998 ut
2417 1959 2608 2000 omnes
2638 1957 2906 2013 expensas
2940 1943 3008 1997 ad
3043 1919 3269 1996 earum-3

1672 2041 1795 2095 dem
1817 2055 1980 2110 opera
2003 2037 2364 2104 necessarias,
2394 2045 2502 2091 tam
2526 2037 2582 2091 in
2607 2035 2753 2092 ferro
2774 2046 2830 2094 et
2849 2037 2998 2106 ligno
3019 2050 3184 2106 quam
3212 2034 3268 2088 in

1673 2132 1850 2204 lapide
1887 2139 1942 2186 et
1983 2131 2239 2186 omnibus
2278 2129 2637 2197 utensilibus,
2684 2129 2787 2200 ipsi
2832 2144 2929 2199 per
2961 2143 3022 2184 se
3058 2135 3264 2196 aptent,

1674 2233 1785 2277 tam
1819 2223 1876 2277 in
1914 2237 2054 2292 aqua
2082 2236 2250 2291 quam
2276 2229 2429 2276 extra
2462 2236 2683 2290 aquam,
2713 2230 2824 2274 tam
2857 2219 2912 2272 in
2953 2219 3119 2273 domo
3148 2233 3270 2272 mo-

1675 2314 1878 2370 lendini
1914 2329 2079 2384 quam
2109 2322 2262 2368 extra
2306 2312 2564 2379 domum;
2605 2311 2701 2367 sed
2729 2311 3006 2366 exclusam
3039 2325 3071 2364 a
3113 2319 3268 2379 parte

1673 2406 1935 2474 ﬂuminis,
1971 2407 2112 2462 sicut
2143 2405 2338 2460 melius
2378 2404 2673 2474 potuerint,
2718 2403 2999 2470 communi
3047 2402 3267 2458 utilitati

1673 2501 1920 2555 omnium
1941 2507 2208 2565 rotarum,
2237 2512 2345 2568 que
2372 2497 2428 2551 in
2451 2497 2616 2552 domo
2648 2495 2869 2562 fuerint,
2902 2494 3184 2562 ediﬁcent;
3209 2503 3266 2551 et

1673 2601 1734 2648 ut
1754 2591 1859 2661 ipsi
1881 2592 1948 2646 de
1977 2591 2190 2645 duabus
2216 2589 2350 2644 rotis
2373 2588 2631 2658 predictis
2652 2587 2997 2643 medietatem
3020 2587 3087 2641 de
3111 2585 3262 2641 omni

1672 2680 2060 2751 adquisitione,
2097 2694 2261 2749 quam
2314 2678 2558 2745 fecerint,
2593 2686 2702 2732 tam
2753 2678 2808 2732 in
2845 2691 3064 2732 annona
3091 2691 3260 2746 quam

1674 2773 1728 2826 in
1769 2772 1945 2827 farina
1978 2773 2062 2826 vel
2088 2771 2331 2840 piscibus
2374 2786 2472 2827 seu
2502 2771 2645 2837 aliis,
2690 2770 2945 2837 habeant,
2974 2761 3042 2825 et‘
3057 2770 3125 2824 de
3164 2783 3264 2824 sua

1675 2863 1960 2918 medietate
1998 2862 2281 2917 custodem
2312 2862 2650 2928 earumdem,
2681 2862 2888 2917 scilicet
2924 2860 3266 2915 molendina-

1673 2955 1839 3021 rium,
1869 2953 2053 3024 precio
2079 2953 2408 3018 conducant,
2445 2962 2499 3008 et
2519 2952 2890 3008 coneanonico
2931 2960 3123 3007 nostro
3165 2965 3266 3005 seu

1673 3046 1852 3113 fratri,
1904 3046 1997 3115 qui
2048 3054 2270 3115 pr0pter
2317 3059 2421 3100 nos
2476 3045 2676 3099 ibidem
2721 3042 3144 3116 domina[bi]tur
3173 3042 3266 3108 ⁸⁷⁸,

1675 3140 1838 3194 aliam
1866 3149 2076 3210 partem
2118 3139 2368 3205 reddant,
2401 3153 2468 3193 eo
2502 3147 2694 3193 tenore
2735 3146 2797 3192 ut
2826 3137 3050 3191 insimul
3097 3135 3270 3206 partis

1677 3240 1996 3288 conservate
2039 3232 2189 3286 nullo
2227 3231 2391 3286 modo
2431 3232 2638 3301 absque
2684 3239 2872 3286 nostro
2899 3229 3124 3296 famulo,
3171 3229 3267 3299 qui

1676 3327 1883 3380 clavem
1923 3324 2179 3389 tenuerit,
2212 3323 2544 3378 dividantur.
2574 3321 2785 3389 Quodsi
2814 3321 3059 3392 quolibet
3094 3319 3268 3374 infor-

1677 3417 1830 3472 tunio
1853 3415 2199 3470 molendinus
2226 3414 2316 3469 ille
2338 3415 2662 3481 vastabitur,
2691 3413 2920 3484 predicti
2951 3411 3172 3468 Suriani
3198 3411 3267 3467 de

1674 3524 1777 3564 suo
1820 3514 1970 3562 r‘otas
1998 3507 2120 3560 illas
2146 3521 2272 3560 cum
2291 3506 2614 3561 molendino
2638 3514 2692 3560 et
2721 3513 2834 3560 toto
2864 3520 2966 3559 suo
3002 3503 3266 3574 apparatu
3359 3571 3362 3574 ἢ

1676 3599 2009 3664 reedificent,
2036 3605 2092 3652 et
2117 3597 2259 3652 sicut
2286 3594 2530 3651 fecerant
2568 3603 2926 3661 conservent;
2957 3595 3044 3650 sin
3079 3602 3264 3649 autem

1675 3692 1804 3746 illud
1831 3689 2146 3744 recdiﬁcare
2173 3688 2468 3754 noluerint,
2492 3687 2686 3742 moniti
2716 3687 2820 3742 sub
2847 3687 2992 3742 trino
3018 3686 3266 3742 testimo-

1672 3783 1767 3837 nio
1799 3781 1851 3834 in
1882 3789 2203 3850 perpetuum
2234 3777 2616 3834 exeredentur.
2667 3777 2868 3832 lterum
2911 3778 2958 3833 si
2989 3777 3262 3833 molendi-

1675 3873 1862 3928 narius
1891 3887 2083 3926 eorum
2110 3869 2256 3924 furto
2293 3869 2616 3924 convinctus
2647 3869 2718 3902 ⁸⁷³
2745 3868 2928 3937 fuerit,
2957 3875 3092 3940 quet
3117 3883 3264 3924 mar-

1672 3966 1862 4020 cibans
1896 3963 1967 3995 °"
1993 3962 2284 4031 subripuit,
2314 3969 2394 4016 tot
2423 3960 2691 4016 bisantios
2724 3961 3002 4028 emendet;
3029 3969 3083 4016 et
3110 3961 3157 4015 si
3195 3960 3264 4016 de

1673 4073 1775 4113 suo
1812 4072 1921 4111 non
1950 4055 2222 4122 habuerit,
2255 4054 2553 4109 canonicus
2578 4054 2663 4108 vel
2692 4051 2931 4108 famulus
2975 4063 3163 4107 noster
3194 4050 3264 4106 de

1671 4154 1823 4216 parte
1847 4144 2207 4199 Surianorum
2247 4141 2510 4197 bisantios
2539 4141 2865 4210 subputatos
2901 4149 3000 4210 pro
3027 4139 3264 4210 dampno

1670 4245 2011 4307 extorqueat.
2065 4233 2172 4289 Sed
2215 4242 2266 4288 et
2297 4233 2343 4288 si
2377 4231 2598 4287 Suriani
2634 4232 2708 4286 illi
2749 4232 3028 4287 villaniam
3066 4230 3249 4302 praedi-

1673 4340 1816 4384 ctam
1838 4326 2074 4382 vendere
2103 4339 2198 4380 seu
2220 4325 2276 4378 in
2299 4324 2673 4379 vadimonium
2700 4338 2902 4394 ponere
2923 4322 3118 4377 alienis
3139 4337 3262 4391 prc-

1671 4421 2027 4492 sumpserint,
2051 4434 2159 4474 non
2187 4418 2268 4472 eis
2296 4417 2456 4473 liceat
2475 4417 2581 4472 nisi
2608 4416 2886 4472 communi
2913 4414 3144 4470 consilio
3171 4429 3244 4468 ca

1601 4507 1648 4566 D
1676 4513 1853 4585 pituli,
1888 4512 2018 4583 quia
2063 4509 2346 4565 caritative
2385 4518 2439 4564 et
2472 4510 2681 4579 absque
2725 4508 2954 4578 pecunia
2985 4505 3260 4560 villaniam

1678 4605 1785 4660 illis
1805 4604 2074 4659 dedimus.
2114 4601 2222 4657 Hec
2246 4601 2428 4670 itaque
2453 4599 2682 4654 firmiter
2701 4599 2998 4653 manebunt
3019 4595 3122 4650 sub
3140 4610 3259 4664 pre-

1674 4705 1830 4767 cepto
1854 4695 2104 4750 canonici
2126 4694 2321 4760 nostri,
2352 4691 2445 4763 qui
2475 4707 2637 4762 super
2658 4690 2842 4745 omnia
2867 4687 3258 4742 dominabitur.

1744 4788 1908 4844 Facta
1929 4787 2032 4842 fuit
2055 4794 2203 4842 carta
2229 4801 2376 4840 anno
2395 4783 2666 4838 dominice
2690 4778 3081 4836 incarnationis
3097 4793 3259 4846 item,

1673 4882 1968 4937 indictione
2020 4895 2102 4946 ιιι,
2144 4879 2201 4933 in
2239 4885 2439 4948 quarto
2481 4889 2626 4929 anno
2670 4871 3009 4942 principatus
3050 4868 3257 4923 domi;.i

1672 4971 1984 5036 Raimnndi,
2013 4969 2304 5024 venerandi
2331 4964 2614 5038 principis,
2640 4971 2694 5018 et
2720 4977 2820 5018 sue
2846 4959 3257 5042 coniugis'Gon-

1669 5062 1888 5117 stantie.
1927 5059 2066 5114 Hinc
2095 5066 2224 5115 sunt
2248 5065 2415 5112 testes
2446 5073 2460 5108 :

1813 5150 2127 5222 ngrinus,
2188 5147 2499 5218 prepositus
2573 5141 2758 5198 Sancti
2823 5139 3092 5210 Sepulcri.
3158 5139 3258 5192 At-

1885 5258 1991 5313 que
2024 5241 2096 5274 ⁸⁷⁸
2124 5239 2452 5308 Aimericus,
2501 5235 2745 5294 eiusdem
2791 5234 3110 5290 canonicus.
3159 5229 3257 5286 Ni-

545 5513 627 5552 “0
665 5512 726 5577 Β,
779 5511 1092 5566 disserendi.
1172 5509 1240 5540 ⁸⁶⁰
1272 5507 1332 5573 Β,
1364 5509 1570 5561 investit

1715 5526 1739 5562 ι.
1808 5508 1877 5540 ⁸⁸⁸
1911 5506 1952 5560 Β
1976 5549 1992 5571 ,
2036 5505 2370 5560 Gabulanus.
2447 5504 2516 5536 ⁸⁸³
2544 5504 2620 5577 B',
2655 5503 2997 5577 Godefridus.
3045 5506 3146 5577 7’“
3190 5505 3253 5575 Β,

261 5592 346 5623 δι’
388 5587 466 5652 Β,
502 5574 784 5656 Masiugo.
834 5583 928 5656 ff”
959 5581 1018 5646 Β,
1045 5583 1156 5656 eius
1182 5579 1370 5656 frater.
1445 5578 1570 5656 8“-

1715 5579 1917 5656 almu'z._
1980 5577 2157 5656 “7nLe
2189 5591 2326 5656 nom
2341 5577 2407 5630 de
2428 5590 2499 5656 .ce
2527 5574 3159 5656 ternoinm-anque‘d‘ans
3186 5574 3252 5634 A.

564 5645 1570 5716 mmemmaeemnmv

1722 5664 1866 5719 nque
1887 5649 2026 5704 dans
2057 5647 2118 5701 Β.
2193 5648 2262 5719 Ψ
2289 5645 2866 5719 Restituéd‘aprés‘B.
2911 5645 3011 5678 7“"
3035 5647 3094 5713 Β,
3130 5664 3251 5701 con-

17 5715 90 5788 us.
169 5715 255 5764 ‘7’.
280 5731 372 5787 Cc
405 5735 550 5784 mot
594 5727 766 5792 paruit
809 5740 865 5778 se
899 5715 994 5792 rap
1036 5722 1230 5776 rocher
1268 5715 1337 5775 de
1380 5719 1580 5774 l’arabe
1625 5715 1854 5785 market»,
1899 5720 1994 5787 qui
2033 5719 2079 5773 si
2121 5717 2248 5772 niﬁe
2283 5718 2514 5778 bateau;
2553 5716 2590 5768 il
2638 5715 2849 5784 signiﬁe
2884 5719 3152 5784 peut-étre
3175 5719 3252 5774 les

17 5818 130 5847 mn
167 5801 441 5847 plmmés
492 5798 580 5847 de
617 5795 816 5847 strains.
843 5795 971 5847 donl
999 5739 1047 5847 re
1079 5792 1324 5847 meunier
1358 5791 1730 5846 détournerait
1776 5791 1852 5845 les
1891 5788 2025 5845 frais
2071 5735 2138 5846 «fc
2181 5796 2458 5845 mouture.
2537 5786 2606 5818 ⁸⁷⁸
2642 5785 2876 5847 Manqlle
2903 5786 3040 5841 dans
3068 5786 3128 5842 Β.

1017 5809 1047 5846 C

17 5818 134 5859 tau:
167 5801 441 5868 charges
492 5798 580 5852 de
617 5795 816 5864 grains,
843 5795 971 5849 donl

1079 5792 1324 5847 meunier
1358 5791 1730 5846 détournerait
1776 5791 1852 5845 les
1891 5788 2025 5845 frais

2107 5805 2138 5846 c
2181 5796 2458 5845 mouture.
2537 5786 2606 5818 ⁸⁷⁸
2642 5785 2876 5856 Manque
2903 5786 3040 5841 dans
3068 5786 3128 5842 Β.
