  <div class='ocr_page' id='page_1' title='image "/cluster/home/n/w/nwhite01/storage/ocr_20150623/155/hvd.32044015473838/602.png"; bbox 0 0 3824 6308; ppageno 0'>
   <div class='ocr_carea' id='block_1_1' title="bbox 26 400 168 466">
    <p class='ocr_par' dir='ltr' id='par_1_1' title="bbox 26 400 168 466">
     <span class='ocr_line' id='line_1_1' title="bbox 26 400 168 466; baseline -0.028 -8"><span class='ocrx_word' id='word_1_1' title='bbox 26 400 136 458; x_wconf 74' lang='lat' dir='ltr'><strong>H93</strong></span> <span class='ocrx_word' id='word_1_2' title='bbox 165 463 168 466; x_wconf 36' lang='lat'><strong>,</strong></span> 
     </span>
    </p>
   </div>
   <div class='ocr_carea' id='block_1_2' title="bbox 890 383 2234 462">
    <p class='ocr_par' dir='ltr' id='par_1_2' title="bbox 890 383 2234 462">
     <span class='ocr_line' id='line_1_2' title="bbox 890 383 2234 462; baseline 0.001 -19"><span class='ocrx_word' id='word_1_3' title='bbox 890 459 892 462; x_wconf 13' lang='grc' dir='ltr'>ν</span> <span class='ocrx_word' id='word_1_4' title='bbox 985 385 1434 444; x_wconf 74' lang='lat' dir='ltr'><strong>CARTULAIRE</strong></span> <span class='ocrx_word' id='word_1_5' title='bbox 1473 384 1565 442; x_wconf 87' lang='lat' dir='ltr'><strong>DU</strong></span> <span class='ocrx_word' id='word_1_6' title='bbox 1606 384 1807 442; x_wconf 78' lang='lat' dir='ltr'><strong>SAINT</strong></span> <span class='ocrx_word' id='word_1_7' title='bbox 1849 383 2234 444; x_wconf 81' lang='lat' dir='ltr'><strong>SEPULCRE.</strong></span> 
     </span>
    </p>
   </div>
   <div class='ocr_carea' id='block_1_3' title="bbox 3126 402 3274 476">
    <p class='ocr_par' dir='ltr' id='par_1_3' title="bbox 3126 402 3274 476">
     <span class='ocr_line' id='line_1_3' title="bbox 3126 402 3274 476; baseline 0.014 -19"><span class='ocrx_word' id='word_1_8' title='bbox 3126 402 3146 457; x_wconf 90' lang='grc' dir='ltr'><strong>ι</strong></span> <span class='ocrx_word' id='word_1_9' title='bbox 3163 402 3274 476; x_wconf 48' lang='lat' dir='ltr'><strong>ist,</strong></span> 
     </span>
    </p>
   </div>
   <div class='ocr_carea' id='block_1_4' title="bbox 73 485 3259 579">
    <p class='ocr_par' dir='ltr' id='par_1_4' title="bbox 73 485 3259 579">
     <span class='ocr_line' id='line_1_4' title="bbox 73 485 3259 579; baseline 0.001 -15"><span class='ocrx_word' id='word_1_10' title='bbox 73 521 332 565; x_wconf 73' lang='lat' dir='ltr'><strong>coscsssrr</strong></span> <span class='ocrx_word' id='word_1_11' title='bbox 375 520 448 560; x_wconf 82' lang='grc' dir='ltr'>υτ</span> <span class='ocrx_word' id='word_1_12' title='bbox 506 515 816 566; x_wconf 65' lang='lat' dir='ltr'><strong>concauam</strong></span> <span class='ocrx_word' id='word_1_13' title='bbox 865 513 1167 564; x_wconf 75' lang='lat' dir='ltr'><strong>quicunque</strong></span> <span class='ocrx_word' id='word_1_14' title='bbox 1219 485 1459 552; x_wconf 69' lang='lat' dir='ltr'><strong>vsttsu&#39;r</strong></span> <span class='ocrx_word' id='word_1_15' title='bbox 1515 512 1567 552; x_wconf 76' lang='lat' dir='ltr'><strong>IN</strong></span> <span class='ocrx_word' id='word_1_16' title='bbox 1597 504 1642 562; x_wconf 79' lang='grc' dir='ltr'><strong>Α</strong></span> <span class='ocrx_word' id='word_1_17' title='bbox 1669 496 1875 567; x_wconf 89' lang='lat' dir='ltr'><strong>absque</strong></span> <span class='ocrx_word' id='word_1_18' title='bbox 1898 497 2005 552; x_wconf 90' lang='lat' dir='ltr'><strong>ulla</strong></span> <span class='ocrx_word' id='word_1_19' title='bbox 2024 497 2332 571; x_wconf 80' lang='lat' dir='ltr'><strong>[exactione</strong></span> <span class='ocrx_word' id='word_1_20' title='bbox 2350 499 2444 576; x_wconf 74' lang='grc'><strong>⁸⁸⁸]</strong></span> <span class='ocrx_word' id='word_1_21' title='bbox 2465 502 2662 562; x_wconf 86' lang='lat' dir='ltr'><strong>damus</strong></span> <span class='ocrx_word' id='word_1_22' title='bbox 2691 513 2856 579; x_wconf 85' lang='lat' dir='ltr'><strong>atque</strong></span> <span class='ocrx_word' id='word_1_23' title='bbox 2883 511 3259 570; x_wconf 84' lang='lat' dir='ltr'><strong>concedimus.</strong></span> 
     </span>
    </p>
   </div>
   <div class='ocr_carea' id='block_1_5' title="bbox 73 583 1499 642">
    <p class='ocr_par' dir='ltr' id='par_1_5' title="bbox 73 583 1499 642">
     <span class='ocr_line' id='line_1_5' title="bbox 73 583 1499 642; baseline -0.009 -7"><span class='ocrx_word' id='word_1_24' title='bbox 73 592 242 642; x_wconf 63' lang='lat' dir='ltr'><strong>FL’BﬁO,</strong></span> <span class='ocrx_word' id='word_1_25' title='bbox 277 590 417 638; x_wconf 75' lang='grc' dir='ltr'><strong>ουειι</strong></span> <span class='ocrx_word' id='word_1_26' title='bbox 448 587 688 627; x_wconf 63' lang='lat' dir='ltr'><strong>BAEBIUS</strong></span> <span class='ocrx_word' id='word_1_27' title='bbox 715 586 850 625; x_wconf 64' lang='lat' dir='ltr'><strong>APUD</strong></span> <span class='ocrx_word' id='word_1_28' title='bbox 889 585 1108 625; x_wconf 72' lang='lat' dir='ltr'><strong>MONTEI</strong></span> <span class='ocrx_word' id='word_1_29' title='bbox 1141 583 1499 624; x_wconf 70' lang='lat' dir='ltr'><strong>PEREGRINUM.</strong></span> 
     </span>
    </p>
   </div>
   <div class='ocr_carea' id='block_1_6' title="bbox 73 682 1567 753">
    <p class='ocr_par' dir='ltr' id='par_1_6' title="bbox 73 682 1567 753">
     <span class='ocr_line' id='line_1_6' title="bbox 73 682 1567 753; baseline -0.009 -5"><span class='ocrx_word' id='word_1_30' title='bbox 73 692 294 748; x_wconf 82' lang='lat' dir='ltr'><strong>Humane</strong></span> <span class='ocrx_word' id='word_1_31' title='bbox 319 684 652 743; x_wconf 72' lang='lat' dir='ltr'><strong>conditionis</strong></span> <span class='ocrx_word' id='word_1_32' title='bbox 682 682 902 739; x_wconf 83' lang='lat' dir='ltr'><strong>miseria</strong></span> <span class='ocrx_word' id='word_1_33' title='bbox 930 682 1107 753; x_wconf 85' lang='lat' dir='ltr'><strong>pressi</strong></span> <span class='ocrx_word' id='word_1_34' title='bbox 1143 697 1209 738; x_wconf 88' lang='lat' dir='ltr'><strong>ac</strong></span> <span class='ocrx_word' id='word_1_35' title='bbox 1253 682 1398 738; x_wconf 90' lang='lat' dir='ltr'><strong>mole</strong></span> <span class='ocrx_word' id='word_1_36' title='bbox 1435 697 1567 738; x_wconf 89' lang='lat' dir='ltr'><strong>con-</strong></span> 
     </span>
    </p>
   </div>
   <div class='ocr_carea' id='block_1_7' title="bbox 25 773 1566 850">
    <p class='ocr_par' dir='ltr' id='par_1_7' title="bbox 25 773 1566 850">
     <span class='ocr_line' id='line_1_7' title="bbox 25 773 1566 850; baseline -0.009 -9"><span class='ocrx_word' id='word_1_37' title='bbox 25 781 280 841; x_wconf 74' lang='lat' dir='ltr'><strong>suetudinis</strong></span> <span class='ocrx_word' id='word_1_38' title='bbox 312 779 474 850; x_wconf 88' lang='lat' dir='ltr'><strong>quasi</strong></span> <span class='ocrx_word' id='word_1_39' title='bbox 505 779 676 832; x_wconf 87' lang='lat' dir='ltr'><strong>altera</strong></span> <span class='ocrx_word' id='word_1_40' title='bbox 721 776 838 848; x_wconf 92' lang='lat' dir='ltr'><strong>lege</strong></span> <span class='ocrx_word' id='word_1_41' title='bbox 881 783 1077 830; x_wconf 89' lang='lat' dir='ltr'><strong>nature</strong></span> <span class='ocrx_word' id='word_1_42' title='bbox 1118 774 1186 829; x_wconf 92' lang='lat' dir='ltr'><strong>ad</strong></span> <span class='ocrx_word' id='word_1_43' title='bbox 1229 773 1566 844; x_wconf 90' lang='lat' dir='ltr'><strong>peccandum</strong></span> 
     </span>
    </p>
   </div>
   <div class='ocr_carea' id='block_1_8' title="bbox 25 865 1566 948">
    <p class='ocr_par' dir='ltr' id='par_1_8' title="bbox 25 865 1566 948">
     <span class='ocr_line' id='line_1_8' title="bbox 25 865 1566 948; baseline -0.009 -15"><span class='ocrx_word' id='word_1_44' title='bbox 25 892 195 948; x_wconf 70' lang='lat' dir='ltr'><strong>semper</strong></span> <span class='ocrx_word' id='word_1_45' title='bbox 220 872 396 944; x_wconf 85' lang='lat' dir='ltr'><strong>proni,</strong></span> <span class='ocrx_word' id='word_1_46' title='bbox 441 871 497 925; x_wconf 90' lang='lat' dir='ltr'><strong>in</strong></span> <span class='ocrx_word' id='word_1_47' title='bbox 537 869 704 925; x_wconf 88' lang='lat' dir='ltr'><strong>tantis</strong></span> <span class='ocrx_word' id='word_1_48' title='bbox 730 867 1209 940; x_wconf 88' lang='lat' dir='ltr'><strong>proturbationum</strong></span> <span class='ocrx_word' id='word_1_49' title='bbox 1239 865 1311 899; x_wconf 78' lang='grc'><strong>⁸⁹⁶</strong></span> <span class='ocrx_word' id='word_1_50' title='bbox 1331 865 1566 921; x_wconf 82' lang='lat' dir='ltr'><strong>ﬁuctua-</strong></span> 
     </span>
    </p>
   </div>
   <div class='ocr_carea' id='block_1_9' title="bbox 26 959 1566 1035">
    <p class='ocr_par' dir='ltr' id='par_1_9' title="bbox 26 959 1566 1035">
     <span class='ocr_line' id='line_1_9' title="bbox 26 959 1566 1035; baseline -0.005 -13"><span class='ocrx_word' id='word_1_51' title='bbox 26 968 222 1022; x_wconf 86' lang='lat' dir='ltr'><strong>.ionibus</strong></span> <span class='ocrx_word' id='word_1_52' title='bbox 249 963 433 1035; x_wconf 90' lang='lat' dir='ltr'><strong>positi,</strong></span> <span class='ocrx_word' id='word_1_53' title='bbox 467 961 844 1018; x_wconf 88' lang='lat' dir='ltr'><strong>necessarium</strong></span> <span class='ocrx_word' id='word_1_54' title='bbox 878 959 1035 1015; x_wconf 83' lang='lat' dir='ltr'><strong>valde</strong></span> <span class='ocrx_word' id='word_1_55' title='bbox 1064 959 1324 1015; x_wconf 78' lang='lat' dir='ltr'><strong>duximus</strong></span> <span class='ocrx_word' id='word_1_56' title='bbox 1353 968 1407 1014; x_wconf 88' lang='lat' dir='ltr'><strong>et</strong></span> <span class='ocrx_word' id='word_1_57' title='bbox 1434 959 1566 1014; x_wconf 90' lang='lat' dir='ltr'><strong>utile</strong></span> 
     </span>
    </p>
   </div>
   <div class='ocr_carea' id='block_1_10' title="bbox 26 1049 1568 1124">
    <p class='ocr_par' dir='ltr' id='par_1_10' title="bbox 26 1049 1568 1124">
     <span class='ocr_line' id='line_1_10' title="bbox 26 1049 1568 1124; baseline -0.006 -10"><span class='ocrx_word' id='word_1_58' title='bbox 26 1061 66 1114; x_wconf 82' lang='lat' dir='ltr'><strong>id</strong></span> <span class='ocrx_word' id='word_1_59' title='bbox 87 1071 346 1114; x_wconf 84' lang='lat' dir='ltr'><strong>servorum</strong></span> <span class='ocrx_word' id='word_1_60' title='bbox 375 1053 498 1123; x_wconf 87' lang='lat' dir='ltr'><strong>Dei,</strong></span> <span class='ocrx_word' id='word_1_61' title='bbox 527 1053 620 1124; x_wconf 88' lang='lat' dir='ltr'><strong>qui</strong></span> <span class='ocrx_word' id='word_1_62' title='bbox 651 1053 702 1109; x_wconf 92' lang='lat' dir='ltr'><strong>ei</strong></span> <span class='ocrx_word' id='word_1_63' title='bbox 746 1050 1076 1108; x_wconf 83' lang='lat' dir='ltr'><strong>familiarius</strong></span> <span class='ocrx_word' id='word_1_64' title='bbox 1098 1050 1320 1108; x_wconf 89' lang='lat' dir='ltr'><strong>assidua</strong></span> <span class='ocrx_word' id='word_1_65' title='bbox 1343 1059 1398 1106; x_wconf 90' lang='lat' dir='ltr'><strong>et</strong></span> <span class='ocrx_word' id='word_1_66' title='bbox 1424 1049 1568 1106; x_wconf 81' lang='lat' dir='ltr'><strong>felici</strong></span> 
     </span>
    </p>
   </div>
   <div class='ocr_carea' id='block_1_11' title="bbox 30 1129 1566 1221">
    <p class='ocr_par' dir='ltr' id='par_1_11' title="bbox 30 1129 1566 1221">
     <span class='ocr_line' id='line_1_11' title="bbox 30 1129 1566 1221; baseline -0.005 -18"><span class='ocrx_word' id='word_1_67' title='bbox 30 1157 268 1221; x_wconf 86' lang='lat' dir='ltr'><strong>unguntur</strong></span> <span class='ocrx_word' id='word_1_68' title='bbox 295 1147 514 1217; x_wconf 91' lang='lat' dir='ltr'><strong>copula,</strong></span> <span class='ocrx_word' id='word_1_69' title='bbox 561 1145 952 1202; x_wconf 91' lang='lat' dir='ltr'><strong>beneﬁciorum</strong></span> <span class='ocrx_word' id='word_1_70' title='bbox 989 1151 1046 1198; x_wconf 91' lang='lat' dir='ltr'><strong>et</strong></span> <span class='ocrx_word' id='word_1_71' title='bbox 1089 1129 1403 1198; x_wconf 84' lang='lat' dir='ltr'><strong>orationum</strong></span> <span class='ocrx_word' id='word_1_72' title='bbox 1445 1137 1566 1197; x_wconf 82' lang='lat' dir='ltr'><strong>suf-</strong></span> 
     </span>
    </p>
   </div>
   <div class='ocr_carea' id='block_1_12' title="bbox 26 1231 1567 1311">
    <p class='ocr_par' dir='ltr' id='par_1_12' title="bbox 26 1231 1567 1311">
     <span class='ocr_line' id='line_1_12' title="bbox 26 1231 1567 1311; baseline -0.005 -16"><span class='ocrx_word' id='word_1_73' title='bbox 26 1242 150 1311; x_wconf 76' lang='lat' dir='ltr'><strong>‘ragia</strong></span> <span class='ocrx_word' id='word_1_74' title='bbox 183 1239 494 1310; x_wconf 78' lang='lat' dir='ltr'><strong>confugere,</strong></span> <span class='ocrx_word' id='word_1_75' title='bbox 544 1246 623 1305; x_wconf 91' lang='lat' dir='ltr'><strong>ut,</strong></span> <span class='ocrx_word' id='word_1_76' title='bbox 650 1237 797 1308; x_wconf 91' lang='lat' dir='ltr'><strong>quod</strong></span> <span class='ocrx_word' id='word_1_77' title='bbox 825 1251 922 1308; x_wconf 92' lang='lat' dir='ltr'><strong>per</strong></span> <span class='ocrx_word' id='word_1_78' title='bbox 957 1243 1149 1290; x_wconf 89' lang='lat' dir='ltr'><strong>nostra</strong></span> <span class='ocrx_word' id='word_1_79' title='bbox 1196 1249 1307 1289; x_wconf 89' lang='lat' dir='ltr'><strong>non</strong></span> <span class='ocrx_word' id='word_1_80' title='bbox 1336 1231 1567 1289; x_wconf 88' lang='lat' dir='ltr'><strong>conﬁdi-</strong></span> 
     </span>
    </p>
   </div>
   <div class='ocr_carea' id='block_1_13' title="bbox 26 1323 1586 1400">
    <p class='ocr_par' dir='ltr' id='par_1_13' title="bbox 26 1323 1586 1400">
     <span class='ocr_line' id='line_1_13' title="bbox 26 1323 1586 1400; baseline -0.004 -15"><span class='ocrx_word' id='word_1_81' title='bbox 26 1347 128 1398; x_wconf 91' lang='lat' dir='ltr'><strong>nus,</strong></span> <span class='ocrx_word' id='word_1_82' title='bbox 151 1329 332 1385; x_wconf 92' lang='lat' dir='ltr'><strong>saltem</strong></span> <span class='ocrx_word' id='word_1_83' title='bbox 359 1343 460 1400; x_wconf 87' lang='lat' dir='ltr'><strong>per</strong></span> <span class='ocrx_word' id='word_1_84' title='bbox 487 1343 683 1384; x_wconf 89' lang='lat' dir='ltr'><strong>eorum</strong></span> <span class='ocrx_word' id='word_1_85' title='bbox 718 1327 914 1382; x_wconf 89' lang='lat' dir='ltr'><strong>merita</strong></span> <span class='ocrx_word' id='word_1_86' title='bbox 939 1325 1082 1396; x_wconf 89' lang='lat' dir='ltr'><strong>apud</strong></span> <span class='ocrx_word' id='word_1_87' title='bbox 1112 1323 1285 1380; x_wconf 92' lang='lat' dir='ltr'><strong>Deum</strong></span> <span class='ocrx_word' id='word_1_88' title='bbox 1323 1323 1586 1380; x_wconf 89' lang='lat' dir='ltr'><strong>obtinere-</strong></span> 
     </span>
    </p>
   </div>
   <div class='ocr_carea' id='block_1_14' title="bbox 26 1416 1567 1492">
    <p class='ocr_par' dir='ltr' id='par_1_14' title="bbox 26 1416 1567 1492">
     <span class='ocr_line' id='line_1_14' title="bbox 26 1416 1567 1492; baseline -0.004 -14"><span class='ocrx_word' id='word_1_89' title='bbox 26 1438 277 1478; x_wconf 80' lang='lat' dir='ltr'><strong>nereamur</strong></span> <span class='ocrx_word' id='word_1_90' title='bbox 301 1421 409 1489; x_wconf 63' lang='lat'><strong>3&quot;;</strong></span> <span class='ocrx_word' id='word_1_91' title='bbox 442 1420 592 1492; x_wconf 86' lang='lat' dir='ltr'><strong>quod</strong></span> <span class='ocrx_word' id='word_1_92' title='bbox 617 1428 747 1476; x_wconf 91' lang='lat' dir='ltr'><strong>tunc</strong></span> <span class='ocrx_word' id='word_1_93' title='bbox 765 1420 872 1475; x_wconf 88' lang='lat' dir='ltr'><strong>rite</strong></span> <span class='ocrx_word' id='word_1_94' title='bbox 895 1418 1190 1490; x_wconf 86' lang='lat' dir='ltr'><strong>perﬁcitur,</strong></span> <span class='ocrx_word' id='word_1_95' title='bbox 1219 1431 1344 1473; x_wconf 83' lang='lat' dir='ltr'><strong>cum</strong></span> <span class='ocrx_word' id='word_1_96' title='bbox 1369 1431 1436 1472; x_wconf 79' lang='lat' dir='ltr'><strong>ex</strong></span> <span class='ocrx_word' id='word_1_97' title='bbox 1467 1416 1567 1472; x_wconf 85' lang='lat' dir='ltr'><strong>ha-</strong></span> 
     </span>
    </p>
   </div>
   <div class='ocr_carea' id='block_1_15' title="bbox 26 1510 1566 1584">
    <p class='ocr_par' dir='ltr' id='par_1_15' title="bbox 26 1510 1566 1584">
     <span class='ocr_line' id='line_1_15' title="bbox 26 1510 1566 1584; baseline -0.002 -17"><span class='ocrx_word' id='word_1_98' title='bbox 26 1513 232 1568; x_wconf 70' lang='lat' dir='ltr'><strong>)undanti</strong></span> <span class='ocrx_word' id='word_1_99' title='bbox 259 1522 449 1568; x_wconf 83' lang='lat' dir='ltr'><strong>nostro</strong></span> <span class='ocrx_word' id='word_1_100' title='bbox 476 1513 696 1568; x_wconf 88' lang='lat' dir='ltr'><strong>illorum</strong></span> <span class='ocrx_word' id='word_1_101' title='bbox 727 1512 1045 1584; x_wconf 88' lang='lat' dir='ltr'><strong>supplemus</strong></span> <span class='ocrx_word' id='word_1_102' title='bbox 1073 1510 1348 1580; x_wconf 84' lang='lat' dir='ltr'><strong>inopiam;</strong></span> <span class='ocrx_word' id='word_1_103' title='bbox 1373 1517 1566 1565; x_wconf 84' lang='lat' dir='ltr'><strong>mutuo</strong></span> 
     </span>
    </p>
   </div>
   <div class='ocr_carea' id='block_1_16' title="bbox 26 1603 1562 1674">
    <p class='ocr_par' dir='ltr' id='par_1_16' title="bbox 26 1603 1562 1674">
     <span class='ocr_line' id='line_1_16' title="bbox 26 1603 1562 1674; baseline 0.001 -15"><span class='ocrx_word' id='word_1_104' title='bbox 26 1605 214 1660; x_wconf 84' lang='lat' dir='ltr'><strong>:aritatis</strong></span> <span class='ocrx_word' id='word_1_105' title='bbox 253 1621 482 1661; x_wconf 89' lang='lat' dir='ltr'><strong>munere</strong></span> <span class='ocrx_word' id='word_1_106' title='bbox 525 1604 768 1661; x_wconf 88' lang='lat' dir='ltr'><strong>carnalia</strong></span> <span class='ocrx_word' id='word_1_107' title='bbox 821 1612 1013 1660; x_wconf 90' lang='lat' dir='ltr'><strong>nostra</strong></span> <span class='ocrx_word' id='word_1_108' title='bbox 1059 1603 1140 1658; x_wconf 89' lang='lat' dir='ltr'><strong>eis</strong></span> <span class='ocrx_word' id='word_1_109' title='bbox 1167 1603 1562 1674; x_wconf 86' lang='lat' dir='ltr'><strong>impendentes,</strong></span> 
     </span>
    </p>
   </div>
   <div class='ocr_carea' id='block_1_17' title="bbox 26 1693 1566 1768">
    <p class='ocr_par' dir='ltr' id='par_1_17' title="bbox 26 1693 1566 1768">
     <span class='ocr_line' id='line_1_17' title="bbox 26 1693 1566 1768; baseline 0 -18"><span class='ocrx_word' id='word_1_110' title='bbox 26 1698 110 1751; x_wconf 83' lang='lat' dir='ltr'><strong>lcet</strong></span> <span class='ocrx_word' id='word_1_111' title='bbox 145 1713 317 1768; x_wconf 86' lang='lat' dir='ltr'><strong>parva,</strong></span> <span class='ocrx_word' id='word_1_112' title='bbox 345 1712 453 1768; x_wconf 91' lang='lat' dir='ltr'><strong>que</strong></span> <span class='ocrx_word' id='word_1_113' title='bbox 483 1698 713 1752; x_wconf 77' lang='lat' dir='ltr'><strong>meliora</strong></span> <span class='ocrx_word' id='word_1_114' title='bbox 743 1703 894 1764; x_wconf 83' lang='lat' dir='ltr'><strong>sunt,</strong></span> <span class='ocrx_word' id='word_1_115' title='bbox 927 1696 980 1751; x_wconf 92' lang='lat' dir='ltr'><strong>id</strong></span> <span class='ocrx_word' id='word_1_116' title='bbox 1010 1703 1097 1751; x_wconf 86' lang='lat' dir='ltr'><strong>est</strong></span> <span class='ocrx_word' id='word_1_117' title='bbox 1138 1693 1464 1765; x_wconf 88' lang='lat' dir='ltr'><strong>spiritualia,</strong></span> <span class='ocrx_word' id='word_1_118' title='bbox 1495 1695 1566 1750; x_wconf 87' lang='lat' dir='ltr'><strong>ab</strong></span> 
     </span>
    </p>
   </div>
   <div class='ocr_carea' id='block_1_18' title="bbox 29 1784 1564 1857">
    <p class='ocr_par' dir='ltr' id='par_1_18' title="bbox 29 1784 1564 1857">
     <span class='ocr_line' id='line_1_18' title="bbox 29 1784 1564 1857; baseline 0 -17"><span class='ocrx_word' id='word_1_119' title='bbox 29 1787 119 1855; x_wconf 87' lang='lat' dir='ltr'><strong>psis</strong></span> <span class='ocrx_word' id='word_1_120' title='bbox 147 1785 448 1857; x_wconf 84' lang='lat' dir='ltr'><strong>recipimus.</strong></span> <span class='ocrx_word' id='word_1_121' title='bbox 507 1784 719 1842; x_wconf 93' lang='lat' dir='ltr'><strong>Idcirco</strong></span> <span class='ocrx_word' id='word_1_122' title='bbox 746 1801 848 1857; x_wconf 87' lang='lat' dir='ltr'><strong>ego</strong></span> <span class='ocrx_word' id='word_1_123' title='bbox 889 1784 1093 1841; x_wconf 89' lang='lat' dir='ltr'><strong>Cecilia</strong></span> <span class='ocrx_word' id='word_1_124' title='bbox 1136 1784 1418 1840; x_wconf 89' lang='lat' dir='ltr'><strong>comitissa</strong></span> <span class='ocrx_word' id='word_1_125' title='bbox 1463 1800 1564 1855; x_wconf 87' lang='lat' dir='ltr'><strong>pro</strong></span> 
     </span>
    </p>
   </div>
   <div class='ocr_carea' id='block_1_19' title="bbox 25 1855 1638 1948">
    <p class='ocr_par' dir='ltr' id='par_1_19' title="bbox 25 1855 1638 1948">
     <span class='ocr_line' id='line_1_19' title="bbox 25 1855 1638 1948; baseline 0.001 -17"><span class='ocrx_word' id='word_1_126' title='bbox 25 1878 154 1932; x_wconf 74' lang='lat' dir='ltr'><strong>salute</strong></span> <span class='ocrx_word' id='word_1_127' title='bbox 184 1855 357 1933; x_wconf 82' lang='lat' dir='ltr'><strong>anime</strong></span> <span class='ocrx_word' id='word_1_128' title='bbox 378 1876 595 1932; x_wconf 90' lang='lat' dir='ltr'><strong>domini</strong></span> <span class='ocrx_word' id='word_1_129' title='bbox 631 1877 760 1946; x_wconf 89' lang='lat' dir='ltr'><strong>mei,</strong></span> <span class='ocrx_word' id='word_1_130' title='bbox 786 1855 981 1932; x_wconf 85' lang='lat' dir='ltr'><strong>Poncii</strong></span> <span class='ocrx_word' id='word_1_131' title='bbox 1008 1875 1246 1944; x_wconf 88' lang='lat' dir='ltr'><strong>comitis,</strong></span> <span class='ocrx_word' id='word_1_132' title='bbox 1270 1886 1324 1932; x_wconf 92' lang='lat' dir='ltr'><strong>et</strong></span> <span class='ocrx_word' id='word_1_133' title='bbox 1349 1891 1451 1948; x_wconf 90' lang='lat' dir='ltr'><strong>pro</strong></span> <span class='ocrx_word' id='word_1_134' title='bbox 1474 1892 1563 1934; x_wconf 89' lang='lat' dir='ltr'><strong>sa—</strong></span> <span class='ocrx_word' id='word_1_135' title='bbox 1591 1855 1638 1915; x_wconf 74' lang='grc' dir='ltr'><strong>Β</strong></span> 
     </span>
    </p>
   </div>
   <div class='ocr_carea' id='block_1_20' title="bbox 28 1967 1564 2040">
    <p class='ocr_par' dir='ltr' id='par_1_20' title="bbox 28 1967 1564 2040">
     <span class='ocr_line' id='line_1_20' title="bbox 28 1967 1564 2040; baseline 0.003 -18"><span class='ocrx_word' id='word_1_136' title='bbox 28 1977 101 2024; x_wconf 89' lang='lat' dir='ltr'><strong>ute</strong></span> <span class='ocrx_word' id='word_1_137' title='bbox 119 1968 282 2025; x_wconf 85' lang='lat' dir='ltr'><strong>anime</strong></span> <span class='ocrx_word' id='word_1_138' title='bbox 324 1984 444 2025; x_wconf 86' lang='lat' dir='ltr'><strong>mee</strong></span> <span class='ocrx_word' id='word_1_139' title='bbox 466 1977 525 2025; x_wconf 91' lang='lat' dir='ltr'><strong>et</strong></span> <span class='ocrx_word' id='word_1_140' title='bbox 567 1968 662 2024; x_wconf 82' lang='lat' dir='ltr'><strong>lilii</strong></span> <span class='ocrx_word' id='word_1_141' title='bbox 687 1969 814 2038; x_wconf 89' lang='lat' dir='ltr'><strong>mei,</strong></span> <span class='ocrx_word' id='word_1_142' title='bbox 849 1967 1143 2034; x_wconf 75' lang='lat' dir='ltr'><strong>Raim’undi</strong></span> <span class='ocrx_word' id='word_1_143' title='bbox 1170 1969 1412 2037; x_wconf 89' lang='lat' dir='ltr'><strong>comitis,</strong></span> <span class='ocrx_word' id='word_1_144' title='bbox 1445 1969 1564 2040; x_wconf 88' lang='lat' dir='ltr'><strong>ipso</strong></span> 
     </span>
    </p>
   </div>
   <div class='ocr_carea' id='block_1_21' title="bbox 26 2059 1564 2134">
    <p class='ocr_par' dir='ltr' id='par_1_21' title="bbox 26 2059 1564 2134">
     <span class='ocr_line' id='line_1_21' title="bbox 26 2059 1564 2134; baseline 0 -20"><span class='ocrx_word' id='word_1_145' title='bbox 26 2061 100 2115; x_wconf 87' lang='lat' dir='ltr'><strong>ilio</strong></span> <span class='ocrx_word' id='word_1_146' title='bbox 128 2076 237 2117; x_wconf 88' lang='lat' dir='ltr'><strong>meo</strong></span> <span class='ocrx_word' id='word_1_147' title='bbox 267 2061 626 2130; x_wconf 79' lang='lat' dir='ltr'><strong>assentiente,</strong></span> <span class='ocrx_word' id='word_1_148' title='bbox 650 2069 841 2134; x_wconf 88' lang='lat' dir='ltr'><strong>rogata</strong></span> <span class='ocrx_word' id='word_1_149' title='bbox 861 2061 1028 2116; x_wconf 88' lang='lat' dir='ltr'><strong>etiam</strong></span> <span class='ocrx_word' id='word_1_150' title='bbox 1059 2075 1091 2115; x_wconf 89' lang='lat' dir='ltr'><strong>a</strong></span> <span class='ocrx_word' id='word_1_151' title='bbox 1113 2075 1240 2133; x_wconf 84' lang='lat' dir='ltr'><strong>rege</strong></span> <span class='ocrx_word' id='word_1_152' title='bbox 1269 2059 1564 2117; x_wconf 82' lang='lat' dir='ltr'><strong>lherosoli-</strong></span> 
     </span>
    </p>
   </div>
   <div class='ocr_carea' id='block_1_22' title="bbox 25 2153 1563 2228">
    <p class='ocr_par' dir='ltr' id='par_1_22' title="bbox 25 2153 1563 2228">
     <span class='ocr_line' id='line_1_22' title="bbox 25 2153 1563 2228; baseline 0.001 -18"><span class='ocrx_word' id='word_1_153' title='bbox 25 2170 188 2218; x_wconf 75' lang='lat' dir='ltr'><strong>norum</strong></span> <span class='ocrx_word' id='word_1_154' title='bbox 220 2153 458 2212; x_wconf 82' lang='lat' dir='ltr'><strong>Fulcone</strong></span> <span class='ocrx_word' id='word_1_155' title='bbox 480 2163 539 2212; x_wconf 90' lang='lat' dir='ltr'><strong>et</strong></span> <span class='ocrx_word' id='word_1_156' title='bbox 559 2171 594 2212; x_wconf 89' lang='lat' dir='ltr'><strong>a</strong></span> <span class='ocrx_word' id='word_1_157' title='bbox 633 2156 824 2228; x_wconf 79' lang='lat' dir='ltr'><strong>regina</strong></span> <span class='ocrx_word' id='word_1_158' title='bbox 866 2155 1200 2223; x_wconf 86' lang='lat' dir='ltr'><strong>Milissende,</strong></span> <span class='ocrx_word' id='word_1_159' title='bbox 1230 2156 1479 2213; x_wconf 86' lang='lat' dir='ltr'><strong>concessi</strong></span> <span class='ocrx_word' id='word_1_160' title='bbox 1504 2155 1563 2212; x_wconf 91' lang='lat' dir='ltr'><strong>in</strong></span> 
     </span>
    </p>
   </div>
   <div class='ocr_carea' id='block_1_23' title="bbox 26 2246 1562 2326">
    <p class='ocr_par' dir='ltr' id='par_1_23' title="bbox 26 2246 1562 2326">
     <span class='ocr_line' id='line_1_23' title="bbox 26 2246 1562 2326; baseline -0.001 -21"><span class='ocrx_word' id='word_1_161' title='bbox 26 2258 278 2326; x_wconf 49' lang='lat' dir='ltr'><strong>terpetuam</strong></span> <span class='ocrx_word' id='word_1_162' title='bbox 302 2248 668 2306; x_wconf 89' lang='lat' dir='ltr'><strong>elemosinam</strong></span> <span class='ocrx_word' id='word_1_163' title='bbox 689 2249 762 2282; x_wconf 66' lang='grc'><strong>⁸⁵⁸⁸</strong></span> <span class='ocrx_word' id='word_1_164' title='bbox 785 2247 841 2304; x_wconf 92' lang='lat' dir='ltr'><strong>in</strong></span> <span class='ocrx_word' id='word_1_165' title='bbox 865 2264 1033 2304; x_wconf 90' lang='lat' dir='ltr'><strong>manu</strong></span> <span class='ocrx_word' id='word_1_166' title='bbox 1081 2246 1336 2320; x_wconf 86' lang='lat' dir='ltr'><strong>ngrini,</strong></span> <span class='ocrx_word' id='word_1_167' title='bbox 1360 2248 1562 2318; x_wconf 88' lang='lat' dir='ltr'><strong>prioris</strong></span> 
     </span>
    </p>
   </div>
   <div class='ocr_carea' id='block_1_24' title="bbox 25 2338 1563 2414">
    <p class='ocr_par' dir='ltr' id='par_1_24' title="bbox 25 2338 1563 2414">
     <span class='ocr_line' id='line_1_24' title="bbox 25 2338 1563 2414; baseline 0.003 -22"><span class='ocrx_word' id='word_1_168' title='bbox 25 2339 171 2397; x_wconf 75' lang='lat' dir='ltr'><strong>tlontis</strong></span> <span class='ocrx_word' id='word_1_169' title='bbox 188 2339 486 2414; x_wconf 77' lang='lat' dir='ltr'><strong>Peregrini,</strong></span> <span class='ocrx_word' id='word_1_170' title='bbox 515 2341 768 2398; x_wconf 89' lang='lat' dir='ltr'><strong>canonici</strong></span> <span class='ocrx_word' id='word_1_171' title='bbox 806 2338 994 2397; x_wconf 87' lang='lat' dir='ltr'><strong>Sancti</strong></span> <span class='ocrx_word' id='word_1_172' title='bbox 1040 2339 1314 2412; x_wconf 89' lang='lat' dir='ltr'><strong>Sepulcri,</strong></span> <span class='ocrx_word' id='word_1_173' title='bbox 1345 2350 1406 2396; x_wconf 92' lang='lat' dir='ltr'><strong>ut</strong></span> <span class='ocrx_word' id='word_1_174' title='bbox 1438 2341 1563 2412; x_wconf 90' lang='lat' dir='ltr'><strong>qui-</strong></span> 
     </span>
    </p>
   </div>
   <div class='ocr_carea' id='block_1_25' title="bbox 25 2431 1563 2504">
    <p class='ocr_par' dir='ltr' id='par_1_25' title="bbox 25 2431 1563 2504">
     <span class='ocr_line' id='line_1_25' title="bbox 25 2431 1563 2504; baseline 0.002 -19"><span class='ocrx_word' id='word_1_175' title='bbox 25 2447 206 2502; x_wconf 88' lang='lat' dir='ltr'><strong>:umque</strong></span> <span class='ocrx_word' id='word_1_176' title='bbox 223 2433 498 2488; x_wconf 86' lang='lat' dir='ltr'><strong>voluerint</strong></span> <span class='ocrx_word' id='word_1_177' title='bbox 517 2447 754 2503; x_wconf 88' lang='lat' dir='ltr'><strong>coquere</strong></span> <span class='ocrx_word' id='word_1_178' title='bbox 775 2432 830 2487; x_wconf 89' lang='lat' dir='ltr'><strong>in</strong></span> <span class='ocrx_word' id='word_1_179' title='bbox 854 2431 1039 2500; x_wconf 88' lang='lat' dir='ltr'><strong>furno,</strong></span> <span class='ocrx_word' id='word_1_180' title='bbox 1064 2447 1228 2504; x_wconf 90' lang='lat' dir='ltr'><strong>quem</strong></span> <span class='ocrx_word' id='word_1_181' title='bbox 1252 2433 1452 2488; x_wconf 83' lang='lat' dir='ltr'><strong>habent</strong></span> <span class='ocrx_word' id='word_1_182' title='bbox 1469 2447 1563 2490; x_wconf 86' lang='lat' dir='ltr'><strong>ca-</strong></span> 
     </span>
    </p>
   </div>
   <div class='ocr_carea' id='block_1_26' title="bbox 26 2523 1558 2598">
    <p class='ocr_par' dir='ltr' id='par_1_26' title="bbox 26 2523 1558 2598">
     <span class='ocr_line' id='line_1_26' title="bbox 26 2523 1558 2598; baseline 0.005 -23"><span class='ocrx_word' id='word_1_183' title='bbox 26 2523 158 2578; x_wconf 62' lang='lat' dir='ltr'><strong>tonici</strong></span> <span class='ocrx_word' id='word_1_184' title='bbox 177 2523 358 2594; x_wconf 85' lang='lat' dir='ltr'><strong>prefati</strong></span> <span class='ocrx_word' id='word_1_185' title='bbox 387 2525 581 2582; x_wconf 82' lang='lat' dir='ltr'><strong>Sancti</strong></span> <span class='ocrx_word' id='word_1_186' title='bbox 604 2524 851 2597; x_wconf 89' lang='lat' dir='ltr'><strong>Sepulcri</strong></span> <span class='ocrx_word' id='word_1_187' title='bbox 875 2526 1018 2596; x_wconf 91' lang='lat' dir='ltr'><strong>apud</strong></span> <span class='ocrx_word' id='word_1_188' title='bbox 1047 2525 1286 2581; x_wconf 83' lang='lat' dir='ltr'><strong>Montem</strong></span> <span class='ocrx_word' id='word_1_189' title='bbox 1307 2525 1558 2598; x_wconf 88' lang='lat' dir='ltr'><strong>Peregri-</strong></span> 
     </span>
    </p>
   </div>
   <div class='ocr_carea' id='block_1_27' title="bbox 26 2617 1342 2689">
    <p class='ocr_par' dir='ltr' id='par_1_27' title="bbox 26 2617 1342 2689">
     <span class='ocr_line' id='line_1_27' title="bbox 26 2617 1342 2689; baseline 0.002 -20"><span class='ocrx_word' id='word_1_190' title='bbox 26 2630 136 2683; x_wconf 70' lang='lat' dir='ltr'><strong>num,</strong></span> <span class='ocrx_word' id='word_1_191' title='bbox 156 2617 308 2674; x_wconf 86' lang='lat' dir='ltr'><strong>libere</strong></span> <span class='ocrx_word' id='word_1_192' title='bbox 325 2627 380 2674; x_wconf 92' lang='lat' dir='ltr'><strong>et</strong></span> <span class='ocrx_word' id='word_1_193' title='bbox 407 2619 535 2675; x_wconf 85' lang='lat' dir='ltr'><strong>sine</strong></span> <span class='ocrx_word' id='word_1_194' title='bbox 558 2619 710 2675; x_wconf 88' lang='lat' dir='ltr'><strong>omni</strong></span> <span class='ocrx_word' id='word_1_195' title='bbox 738 2618 1048 2689; x_wconf 89' lang='lat' dir='ltr'><strong>calumpnia</strong></span> <span class='ocrx_word' id='word_1_196' title='bbox 1085 2627 1342 2688; x_wconf 90' lang='lat' dir='ltr'><strong>coquant.</strong></span> 
     </span>
    </p>
   </div>
   <div class='ocr_carea' id='block_1_28' title="bbox 70 2706 1560 2780">
    <p class='ocr_par' dir='ltr' id='par_1_28' title="bbox 70 2706 1560 2780">
     <span class='ocr_line' id='line_1_28' title="bbox 70 2706 1560 2780; baseline 0.002 -19"><span class='ocrx_word' id='word_1_197' title='bbox 70 2706 198 2765; x_wconf 84' lang='lat' dir='ltr'><strong>Hanc</strong></span> <span class='ocrx_word' id='word_1_198' title='bbox 231 2710 648 2767; x_wconf 90' lang='lat' dir='ltr'><strong>concessionem</strong></span> <span class='ocrx_word' id='word_1_199' title='bbox 694 2707 926 2764; x_wconf 81' lang='lat' dir='ltr'><strong>fecimus</strong></span> <span class='ocrx_word' id='word_1_200' title='bbox 970 2723 1073 2780; x_wconf 86' lang='lat' dir='ltr'><strong>ego</strong></span> <span class='ocrx_word' id='word_1_201' title='bbox 1100 2715 1154 2763; x_wconf 93' lang='lat' dir='ltr'><strong>et</strong></span> <span class='ocrx_word' id='word_1_202' title='bbox 1192 2707 1337 2763; x_wconf 90' lang='lat' dir='ltr'><strong>ﬁlius</strong></span> <span class='ocrx_word' id='word_1_203' title='bbox 1382 2723 1560 2778; x_wconf 89' lang='lat' dir='ltr'><strong>meus,</strong></span> 
     </span>
    </p>
   </div>
   <div class='ocr_carea' id='block_1_29' title="bbox 25 2799 1564 2872">
    <p class='ocr_par' dir='ltr' id='par_1_29' title="bbox 25 2799 1564 2872">
     <span class='ocr_line' id='line_1_29' title="bbox 25 2799 1564 2872; baseline 0.002 -18"><span class='ocrx_word' id='word_1_204' title='bbox 25 2816 167 2858; x_wconf 81' lang='lat' dir='ltr'><strong>comes</strong></span> <span class='ocrx_word' id='word_1_205' title='bbox 188 2802 526 2860; x_wconf 81' lang='lat' dir='ltr'><strong>Baimundus</strong></span> <span class='ocrx_word' id='word_1_206' title='bbox 546 2803 641 2872; x_wconf 71' lang='grc' dir='ltr'><strong>δ”,</strong></span> <span class='ocrx_word' id='word_1_207' title='bbox 673 2819 818 2859; x_wconf 92' lang='lat' dir='ltr'><strong>anno</strong></span> <span class='ocrx_word' id='word_1_208' title='bbox 845 2803 916 2858; x_wconf 85' lang='lat' dir='ltr'><strong>ab</strong></span> <span class='ocrx_word' id='word_1_209' title='bbox 959 2801 1336 2859; x_wconf 86' lang='lat' dir='ltr'><strong>incarnatione</strong></span> <span class='ocrx_word' id='word_1_210' title='bbox 1373 2799 1564 2857; x_wconf 75' lang='lat' dir='ltr'><strong>Domi«</strong></span> 
     </span>
    </p>
   </div>
   <div class='ocr_carea' id='block_1_30' title="bbox 26 2893 510 2964">
    <p class='ocr_par' dir='ltr' id='par_1_30' title="bbox 26 2893 510 2964">
     <span class='ocr_line' id='line_1_30' title="bbox 26 2893 510 2964; baseline 0.017 -20"><span class='ocrx_word' id='word_1_211' title='bbox 26 2893 56 2946; x_wconf 76' lang='lat' dir='ltr'><strong>ii</strong></span> <span class='ocrx_word' id='word_1_212' title='bbox 73 2909 300 2964; x_wconf 73' lang='lat' dir='ltr'><strong>xcxutx,</strong></span> <span class='ocrx_word' id='word_1_213' title='bbox 322 2904 462 2954; x_wconf 84' lang='lat' dir='ltr'><strong>teste</strong></span> <span class='ocrx_word' id='word_1_214' title='bbox 491 2914 510 2952; x_wconf 88' lang='lat'><strong>:</strong></span> 
     </span>
    </p>
   </div>
   <div class='ocr_carea' id='block_1_31' title="bbox 125 2985 1560 3060">
    <p class='ocr_par' dir='ltr' id='par_1_31' title="bbox 125 2985 1560 3060">
     <span class='ocr_line' id='line_1_31' title="bbox 125 2985 1560 3060; baseline 0.003 -20"><span class='ocrx_word' id='word_1_215' title='bbox 125 2985 344 3055; x_wconf 88' lang='lat' dir='ltr'><strong>Giraldo,</strong></span> <span class='ocrx_word' id='word_1_216' title='bbox 379 2989 646 3060; x_wconf 91' lang='lat' dir='ltr'><strong>episcopo</strong></span> <span class='ocrx_word' id='word_1_217' title='bbox 693 2986 1053 3059; x_wconf 89' lang='lat' dir='ltr'><strong>Tripolitano.</strong></span> <span class='ocrx_word' id='word_1_218' title='bbox 1083 2985 1248 3044; x_wconf 90' lang='lat' dir='ltr'><strong>Petro</strong></span> <span class='ocrx_word' id='word_1_219' title='bbox 1287 2987 1354 3043; x_wconf 91' lang='lat' dir='ltr'><strong>de</strong></span> <span class='ocrx_word' id='word_1_220' title='bbox 1388 2986 1560 3044; x_wconf 90' lang='lat' dir='ltr'><strong>Podio</strong></span> 
     </span>
    </p>
   </div>
   <div class='ocr_carea' id='block_1_32' title="bbox 181 3075 1559 3135">
    <p class='ocr_par' dir='ltr' id='par_1_32' title="bbox 181 3075 1559 3135">
     <span class='ocr_line' id='line_1_32' title="bbox 181 3075 1559 3135; baseline 0.001 -2"><span class='ocrx_word' id='word_1_221' title='bbox 181 3076 474 3135; x_wconf 89' lang='lat' dir='ltr'><strong>Laurentii.</strong></span> <span class='ocrx_word' id='word_1_222' title='bbox 505 3077 668 3135; x_wconf 89' lang='lat' dir='ltr'><strong>Petro</strong></span> <span class='ocrx_word' id='word_1_223' title='bbox 691 3075 1005 3134; x_wconf 84' lang='lat' dir='ltr'><strong>Raimundo</strong></span> <span class='ocrx_word' id='word_1_224' title='bbox 1031 3079 1099 3134; x_wconf 92' lang='lat' dir='ltr'><strong>de</strong></span> <span class='ocrx_word' id='word_1_225' title='bbox 1139 3079 1191 3133; x_wconf 92' lang='lat' dir='ltr'><strong>la</strong></span> <span class='ocrx_word' id='word_1_226' title='bbox 1233 3076 1443 3135; x_wconf 86' lang='lat' dir='ltr'><strong>Balma.</strong></span> <span class='ocrx_word' id='word_1_227' title='bbox 1471 3077 1559 3135; x_wconf 90' lang='lat' dir='ltr'><strong>lo-</strong></span> 
     </span>
    </p>
   </div>
   <div class='ocr_carea' id='block_1_33' title="bbox 185 3165 1560 3226">
    <p class='ocr_par' dir='ltr' id='par_1_33' title="bbox 185 3165 1560 3226">
     <span class='ocr_line' id='line_1_33' title="bbox 185 3165 1560 3226; baseline 0 0"><span class='ocrx_word' id='word_1_228' title='bbox 185 3169 352 3226; x_wconf 88' lang='lat' dir='ltr'><strong>celino</strong></span> <span class='ocrx_word' id='word_1_229' title='bbox 380 3169 452 3226; x_wconf 87' lang='lat' dir='ltr'><strong>de</strong></span> <span class='ocrx_word' id='word_1_230' title='bbox 481 3167 739 3225; x_wconf 85' lang='lat' dir='ltr'><strong>Calmont</strong></span> <span class='ocrx_word' id='word_1_231' title='bbox 767 3169 859 3223; x_wconf 67' lang='lat'><strong>9”.</strong></span> <span class='ocrx_word' id='word_1_232' title='bbox 904 3168 1075 3226; x_wconf 88' lang='lat' dir='ltr'><strong>Silvio</strong></span> <span class='ocrx_word' id='word_1_233' title='bbox 1099 3165 1358 3223; x_wconf 80' lang='lat' dir='ltr'><strong>Roberto.</strong></span> <span class='ocrx_word' id='word_1_234' title='bbox 1397 3166 1560 3226; x_wconf 91' lang='lat' dir='ltr'><strong>Petro</strong></span> 
     </span>
    </p>
   </div>
   <div class='ocr_carea' id='block_1_34' title="bbox 180 3257 1562 3333">
    <p class='ocr_par' dir='ltr' id='par_1_34' title="bbox 180 3257 1562 3333">
     <span class='ocr_line' id='line_1_34' title="bbox 180 3257 1562 3333; baseline 0.001 -19"><span class='ocrx_word' id='word_1_235' title='bbox 180 3259 242 3316; x_wconf 91' lang='lat' dir='ltr'><strong>de</strong></span> <span class='ocrx_word' id='word_1_236' title='bbox 266 3259 461 3332; x_wconf 85' lang='lat' dir='ltr'><strong>Podio,</strong></span> <span class='ocrx_word' id='word_1_237' title='bbox 501 3262 685 3333; x_wconf 88' lang='lat' dir='ltr'><strong>priore</strong></span> <span class='ocrx_word' id='word_1_238' title='bbox 706 3260 774 3316; x_wconf 84' lang='lat' dir='ltr'><strong>de</strong></span> <span class='ocrx_word' id='word_1_239' title='bbox 795 3258 1087 3331; x_wconf 84' lang='lat' dir='ltr'><strong>Hospitali.</strong></span> <span class='ocrx_word' id='word_1_240' title='bbox 1113 3257 1374 3331; x_wconf 83' lang='lat' dir='ltr'><strong>Magistro</strong></span> <span class='ocrx_word' id='word_1_241' title='bbox 1399 3259 1562 3315; x_wconf 86' lang='lat' dir='ltr'><strong>Albe-</strong></span> 
     </span>
    </p>
   </div>
   <div class='ocr_carea' id='block_1_35' title="bbox 180 3351 1559 3426">
    <p class='ocr_par' dir='ltr' id='par_1_35' title="bbox 180 3351 1559 3426">
     <span class='ocr_line' id='line_1_35' title="bbox 180 3351 1559 3426; baseline 0.001 -20"><span class='ocrx_word' id='word_1_242' title='bbox 180 3352 308 3423; x_wconf 87' lang='lat' dir='ltr'><strong>rieo,</strong></span> <span class='ocrx_word' id='word_1_243' title='bbox 337 3355 540 3426; x_wconf 33' lang='lat' dir='ltr'><strong>priore,</strong></span> <span class='ocrx_word' id='word_1_244' title='bbox 559 3353 628 3410; x_wconf 91' lang='lat' dir='ltr'><strong>de</strong></span> <span class='ocrx_word' id='word_1_245' title='bbox 673 3352 972 3410; x_wconf 88' lang='lat' dir='ltr'><strong>Bethleem.</strong></span> <span class='ocrx_word' id='word_1_246' title='bbox 1006 3351 1284 3407; x_wconf 85' lang='lat' dir='ltr'><strong>Willelmo</strong></span> <span class='ocrx_word' id='word_1_247' title='bbox 1312 3351 1559 3423; x_wconf 86' lang='lat' dir='ltr'><strong>Apieres,</strong></span> 
     </span>
    </p>
   </div>
   <div class='ocr_carea' id='block_1_36' title="bbox 181 3444 1555 3517">
    <p class='ocr_par' dir='ltr' id='par_1_36' title="bbox 181 3444 1555 3517">
     <span class='ocr_line' id='line_1_36' title="bbox 181 3444 1555 3517; baseline -0.001 -14"><span class='ocrx_word' id='word_1_248' title='bbox 181 3444 451 3516; x_wconf 88' lang='lat' dir='ltr'><strong>placeario</strong></span> <span class='ocrx_word' id='word_1_249' title='bbox 488 3445 690 3504; x_wconf 79' lang='lat' dir='ltr'><strong>Montis</strong></span> <span class='ocrx_word' id='word_1_250' title='bbox 723 3445 1027 3517; x_wconf 88' lang='lat' dir='ltr'><strong>Peregrini.</strong></span> <span class='ocrx_word' id='word_1_251' title='bbox 1062 3445 1126 3502; x_wconf 87' lang='lat' dir='ltr'><strong>Et</strong></span> <span class='ocrx_word' id='word_1_252' title='bbox 1153 3444 1439 3502; x_wconf 84' lang='lat' dir='ltr'><strong>Homudeu</strong></span> <span class='ocrx_word' id='word_1_253' title='bbox 1466 3447 1555 3502; x_wconf 71' lang='grc' dir='ltr'><strong>πί.</strong></span> 
     </span>
    </p>
   </div>
   <div class='ocr_carea' id='block_1_37' title="bbox 621 3579 917 3636">
    <p class='ocr_par' dir='ltr' id='par_1_37' title="bbox 621 3579 917 3636">
     <span class='ocr_line' id='line_1_37' title="bbox 621 3579 917 3636; baseline 0.003 -1"><span class='ocrx_word' id='word_1_254' title='bbox 621 3579 788 3636; x_wconf 82' lang='lat' dir='ltr'><strong>XCIII</strong></span> <span class='ocrx_word' id='word_1_255' title='bbox 825 3581 917 3636; x_wconf 80' lang='lat'><strong>”&#39;.</strong></span> 
     </span>
    </p>
   </div>
   <div class='ocr_carea' id='block_1_38' title="bbox 25 3694 1562 3763">
    <p class='ocr_par' dir='ltr' id='par_1_38' title="bbox 25 3694 1562 3763">
     <span class='ocr_line' id='line_1_38' title="bbox 25 3694 1562 3763; baseline 0.006 -22"><span class='ocrx_word' id='word_1_256' title='bbox 25 3703 308 3750; x_wconf 70' lang='grc' dir='ltr'><strong>πιιηιεςισι</strong></span> <span class='ocrx_word' id='word_1_257' title='bbox 351 3709 644 3763; x_wconf 71' lang='grc' dir='ltr'><strong>ιωιιῠιωι,</strong></span> <span class='ocrx_word' id='word_1_258' title='bbox 690 3711 1034 3751; x_wconf 73' lang='lat' dir='ltr'><strong>nummum</strong></span> <span class='ocrx_word' id='word_1_259' title='bbox 1081 3709 1303 3750; x_wconf 73' lang='grc' dir='ltr'><strong>οοιιιιτιε</strong></span> <span class='ocrx_word' id='word_1_260' title='bbox 1349 3694 1442 3761; x_wconf 73' lang='grc'><strong>⁸⁸³,</strong></span> <span class='ocrx_word' id='word_1_261' title='bbox 1491 3709 1562 3750; x_wconf 72' lang='grc' dir='ltr'><strong>νε</strong></span> 
     </span>
    </p>
   </div>
   <div class='ocr_carea' id='block_1_39' title="bbox 111 3778 1429 3830">
    <p class='ocr_par' dir='ltr' id='par_1_39' title="bbox 111 3778 1429 3830">
     <span class='ocr_line' id='line_1_39' title="bbox 111 3778 1429 3830; baseline 0.003 -14"><span class='ocrx_word' id='word_1_262' title='bbox 111 3778 388 3822; x_wconf 71' lang='grc' dir='ltr'><strong>ιωειιτλτι</strong></span> <span class='ocrx_word' id='word_1_263' title='bbox 439 3781 588 3830; x_wconf 67' lang='lat' dir='ltr'><strong>QUAM</strong></span> <span class='ocrx_word' id='word_1_264' title='bbox 613 3781 856 3822; x_wconf 73' lang='grc' dir='ltr'><strong>ιιΑιιειιυε</strong></span> <span class='ocrx_word' id='word_1_265' title='bbox 876 3782 928 3820; x_wconf 66' lang='grc' dir='ltr'><strong>ιιι</strong></span> <span class='ocrx_word' id='word_1_266' title='bbox 953 3781 1129 3822; x_wconf 70' lang='grc' dir='ltr'><strong>Ροιιτυ</strong></span> <span class='ocrx_word' id='word_1_267' title='bbox 1167 3780 1429 3820; x_wconf 69' lang='lat' dir='ltr'><strong>TBIPOLIS.</strong></span> 
     </span>
    </p>
   </div>
   <div class='ocr_carea' id='block_1_40' title="bbox 70 3850 1561 3915">
    <p class='ocr_par' dir='ltr' id='par_1_40' title="bbox 70 3850 1561 3915">
     <span class='ocr_line' id='line_1_40' title="bbox 70 3850 1561 3915; baseline 0.004 -9"><span class='ocrx_word' id='word_1_268' title='bbox 70 3850 116 3906; x_wconf 85' lang='lat' dir='ltr'><strong>In</strong></span> <span class='ocrx_word' id='word_1_269' title='bbox 145 3858 350 3914; x_wconf 83' lang='lat' dir='ltr'><strong>nomine</strong></span> <span class='ocrx_word' id='word_1_270' title='bbox 371 3867 570 3915; x_wconf 85' lang='lat' dir='ltr'><strong>sancte</strong></span> <span class='ocrx_word' id='word_1_271' title='bbox 588 3866 647 3914; x_wconf 87' lang='lat' dir='ltr'><strong>et</strong></span> <span class='ocrx_word' id='word_1_272' title='bbox 675 3857 958 3914; x_wconf 89' lang='lat' dir='ltr'><strong>individue</strong></span> <span class='ocrx_word' id='word_1_273' title='bbox 986 3856 1272 3913; x_wconf 89' lang='lat' dir='ltr'><strong>Trinitatis</strong></span> <span class='ocrx_word' id='word_1_274' title='bbox 1301 3855 1481 3912; x_wconf 85' lang='lat' dir='ltr'><strong>Patris</strong></span> <span class='ocrx_word' id='word_1_275' title='bbox 1506 3865 1561 3912; x_wconf 91' lang='lat' dir='ltr'><strong>et</strong></span> 
     </span>
    </p>
   </div>
   <div class='ocr_carea' id='block_1_41' title="bbox 25 3939 964 4021">
    <p class='ocr_par' dir='ltr' id='par_1_41' title="bbox 25 3939 964 4021">
     <span class='ocr_line' id='line_1_41' title="bbox 25 3939 964 4021; baseline 0.015 -28"><span class='ocrx_word' id='word_1_276' title='bbox 25 3939 110 3997; x_wconf 72' lang='lat' dir='ltr'><strong>Filii</strong></span> <span class='ocrx_word' id='word_1_277' title='bbox 138 3956 186 4002; x_wconf 89' lang='lat' dir='ltr'><strong>et</strong></span> <span class='ocrx_word' id='word_1_278' title='bbox 205 3947 438 4021; x_wconf 84' lang='lat' dir='ltr'><strong>Spiritus</strong></span> <span class='ocrx_word' id='word_1_279' title='bbox 463 3950 675 4018; x_wconf 82' lang='lat' dir='ltr'><strong>Sancti,</strong></span> <span class='ocrx_word' id='word_1_280' title='bbox 706 3966 865 4007; x_wconf 90' lang='lat' dir='ltr'><strong>amen</strong></span> <span class='ocrx_word' id='word_1_281' title='bbox 893 3949 964 3982; x_wconf 74' lang='lat'><strong>&#39;°‘</strong></span> 
     </span>
    </p>
   </div>
   <div class='ocr_carea' id='block_1_42' title="bbox 68 4033 1556 4114">
    <p class='ocr_par' dir='ltr' id='par_1_42' title="bbox 68 4033 1556 4114">
     <span class='ocr_line' id='line_1_42' title="bbox 68 4033 1556 4114; baseline 0.003 -22"><span class='ocrx_word' id='word_1_282' title='bbox 68 4033 164 4106; x_wconf 74' lang='lat' dir='ltr'><strong>Ego</strong></span> <span class='ocrx_word' id='word_1_283' title='bbox 185 4038 544 4110; x_wconf 81' lang='lat' dir='ltr'><strong>Raimundus,</strong></span> <span class='ocrx_word' id='word_1_284' title='bbox 578 4041 676 4098; x_wconf 89' lang='lat' dir='ltr'><strong>Dei</strong></span> <span class='ocrx_word' id='word_1_285' title='bbox 707 4043 882 4114; x_wconf 84' lang='lat' dir='ltr'><strong>gratia</strong></span> <span class='ocrx_word' id='word_1_286' title='bbox 933 4041 1308 4112; x_wconf 76' lang='lat' dir='ltr'><strong>Tripolitanus</strong></span> <span class='ocrx_word' id='word_1_287' title='bbox 1349 4055 1556 4107; x_wconf 88' lang='lat' dir='ltr'><strong>comes,</strong></span> 
     </span>
    </p>
   </div>
   <div class='ocr_carea' id='block_1_43' title="bbox 26 4125 1560 4204">
    <p class='ocr_par' dir='ltr' id='par_1_43' title="bbox 26 4125 1560 4204">
     <span class='ocr_line' id='line_1_43' title="bbox 26 4125 1560 4204; baseline 0.002 -20"><span class='ocrx_word' id='word_1_288' title='bbox 26 4133 54 4180; x_wconf 61' lang='grc' dir='ltr'><strong>ξι</strong></span> <span class='ocrx_word' id='word_1_289' title='bbox 81 4125 319 4188; x_wconf 82' lang='lat' dir='ltr'><strong>Hodierna</strong></span> <span class='ocrx_word' id='word_1_290' title='bbox 350 4135 558 4190; x_wconf 78' lang='lat' dir='ltr'><strong>coniux</strong></span> <span class='ocrx_word' id='word_1_291' title='bbox 598 4135 669 4167; x_wconf 79' lang='lat'><strong>’°&#39;</strong></span> <span class='ocrx_word' id='word_1_292' title='bbox 713 4150 854 4201; x_wconf 90' lang='lat' dir='ltr'><strong>mea,</strong></span> <span class='ocrx_word' id='word_1_293' title='bbox 885 4133 1074 4190; x_wconf 89' lang='lat' dir='ltr'><strong>eadem</strong></span> <span class='ocrx_word' id='word_1_294' title='bbox 1112 4133 1287 4204; x_wconf 86' lang='lat' dir='ltr'><strong>gratia</strong></span> <span class='ocrx_word' id='word_1_295' title='bbox 1324 4131 1560 4202; x_wconf 89' lang='lat' dir='ltr'><strong>Tripolis</strong></span> 
     </span>
    </p>
   </div>
   <div class='ocr_carea' id='block_1_44' title="bbox 25 4220 1560 4299">
    <p class='ocr_par' dir='ltr' id='par_1_44' title="bbox 25 4220 1560 4299">
     <span class='ocr_line' id='line_1_44' title="bbox 25 4220 1560 4299; baseline 0.005 -29"><span class='ocrx_word' id='word_1_296' title='bbox 25 4220 268 4292; x_wconf 69' lang='lat' dir='ltr'><strong>mmitissa,</strong></span> <span class='ocrx_word' id='word_1_297' title='bbox 290 4229 436 4299; x_wconf 84' lang='lat' dir='ltr'><strong>regis</strong></span> <span class='ocrx_word' id='word_1_298' title='bbox 471 4226 809 4284; x_wconf 85' lang='lat' dir='ltr'><strong>lherusalem</strong></span> <span class='ocrx_word' id='word_1_299' title='bbox 838 4226 970 4293; x_wconf 89' lang='lat' dir='ltr'><strong>ﬁlia,</strong></span> <span class='ocrx_word' id='word_1_300' title='bbox 1001 4225 1127 4281; x_wconf 88' lang='lat' dir='ltr'><strong>liliis</strong></span> <span class='ocrx_word' id='word_1_301' title='bbox 1152 4233 1338 4280; x_wconf 89' lang='lat' dir='ltr'><strong>sancte</strong></span> <span class='ocrx_word' id='word_1_302' title='bbox 1367 4225 1560 4279; x_wconf 88' lang='lat' dir='ltr'><strong>matris</strong></span> 
     </span>
    </p>
   </div>
   <div class='ocr_carea' id='block_1_45' title="bbox 26 4312 1562 4388">
    <p class='ocr_par' dir='ltr' id='par_1_45' title="bbox 26 4312 1562 4388">
     <span class='ocr_line' id='line_1_45' title="bbox 26 4312 1562 4388; baseline 0.004 -24"><span class='ocrx_word' id='word_1_303' title='bbox 26 4312 220 4384; x_wconf 67' lang='lat' dir='ltr'><strong>acclesie,</strong></span> <span class='ocrx_word' id='word_1_304' title='bbox 247 4319 596 4388; x_wconf 86' lang='lat' dir='ltr'><strong>presentihus</strong></span> <span class='ocrx_word' id='word_1_305' title='bbox 618 4329 674 4375; x_wconf 90' lang='lat' dir='ltr'><strong>et</strong></span> <span class='ocrx_word' id='word_1_306' title='bbox 694 4319 918 4387; x_wconf 85' lang='lat' dir='ltr'><strong>futuris,</strong></span> <span class='ocrx_word' id='word_1_307' title='bbox 955 4327 1149 4373; x_wconf 89' lang='lat' dir='ltr'><strong>notum</strong></span> <span class='ocrx_word' id='word_1_308' title='bbox 1176 4318 1432 4372; x_wconf 85' lang='lat' dir='ltr'><strong>volumus</strong></span> <span class='ocrx_word' id='word_1_309' title='bbox 1462 4316 1562 4370; x_wconf 84' lang='lat' dir='ltr'><strong>ha-</strong></span> 
     </span>
    </p>
   </div>
   <div class='ocr_carea' id='block_1_46' title="bbox 1585 3207 1630 3266">
    <p class='ocr_par' dir='ltr' id='par_1_46' title="bbox 1585 3207 1630 3266">
     <span class='ocr_line' id='line_1_46' title="bbox 1585 3207 1630 3266; baseline 0 0"><span class='ocrx_word' id='word_1_310' title='bbox 1585 3207 1630 3266; x_wconf 88' lang='lat' dir='ltr'><strong>C</strong></span> 
     </span>
    </p>
   </div>
   <div class='ocr_carea' id='block_1_47' title="bbox 26 4405 1560 4481">
    <p class='ocr_par' dir='ltr' id='par_1_47' title="bbox 26 4405 1560 4481">
     <span class='ocr_line' id='line_1_47' title="bbox 26 4405 1560 4481; baseline 0.006 -26"><span class='ocrx_word' id='word_1_311' title='bbox 26 4405 167 4460; x_wconf 71' lang='lat' dir='ltr'><strong>aeriet</strong></span> <span class='ocrx_word' id='word_1_312' title='bbox 187 4413 500 4468; x_wconf 84' lang='lat' dir='ltr'><strong>memoriter</strong></span> <span class='ocrx_word' id='word_1_313' title='bbox 525 4413 582 4466; x_wconf 93' lang='lat' dir='ltr'><strong>in</strong></span> <span class='ocrx_word' id='word_1_314' title='bbox 624 4413 729 4468; x_wconf 90' lang='lat' dir='ltr'><strong>hac</strong></span> <span class='ocrx_word' id='word_1_315' title='bbox 757 4419 908 4468; x_wconf 84' lang='lat' dir='ltr'><strong>carta</strong></span> <span class='ocrx_word' id='word_1_316' title='bbox 952 4411 1176 4466; x_wconf 88' lang='lat' dir='ltr'><strong>retineri</strong></span> <span class='ocrx_word' id='word_1_317' title='bbox 1202 4410 1348 4481; x_wconf 88' lang='lat' dir='ltr'><strong>quod</strong></span> <span class='ocrx_word' id='word_1_318' title='bbox 1370 4409 1560 4465; x_wconf 84' lang='lat' dir='ltr'><strong>domui</strong></span> 
     </span>
    </p>
   </div>
   <div class='ocr_carea' id='block_1_48' title="bbox 25 4491 1556 4576">
    <p class='ocr_par' dir='ltr' id='par_1_48' title="bbox 25 4491 1556 4576">
     <span class='ocr_line' id='line_1_48' title="bbox 25 4491 1556 4576; baseline 0.005 -29"><span class='ocrx_word' id='word_1_319' title='bbox 25 4491 248 4568; x_wconf 86' lang='lat' dir='ltr'><strong>Willelmi,</strong></span> <span class='ocrx_word' id='word_1_320' title='bbox 277 4503 462 4560; x_wconf 84' lang='lat' dir='ltr'><strong>divina</strong></span> <span class='ocrx_word' id='word_1_321' title='bbox 484 4505 658 4576; x_wconf 90' lang='lat' dir='ltr'><strong>gratia</strong></span> <span class='ocrx_word' id='word_1_322' title='bbox 689 4503 1188 4575; x_wconf 86' lang='lat' dir='ltr'><strong>Iherosolymorum</strong></span> <span class='ocrx_word' id='word_1_323' title='bbox 1221 4501 1556 4574; x_wconf 90' lang='lat' dir='ltr'><strong>patriarche,</strong></span> 
     </span>
    </p>
   </div>
   <div class='ocr_carea' id='block_1_49' title="bbox 26 4583 1556 4666">
    <p class='ocr_par' dir='ltr' id='par_1_49' title="bbox 26 4583 1556 4666">
     <span class='ocr_line' id='line_1_49' title="bbox 26 4583 1556 4666; baseline 0.007 -30"><span class='ocrx_word' id='word_1_324' title='bbox 26 4583 69 4638; x_wconf 82' lang='lat' dir='ltr'><strong>ib</strong></span> <span class='ocrx_word' id='word_1_325' title='bbox 87 4585 350 4651; x_wconf 81' lang='lat' dir='ltr'><strong>Antiochia</strong></span> <span class='ocrx_word' id='word_1_326' title='bbox 373 4596 720 4664; x_wconf 85' lang='lat' dir='ltr'><strong>revertentis,</strong></span> <span class='ocrx_word' id='word_1_327' title='bbox 747 4611 814 4652; x_wconf 92' lang='lat' dir='ltr'><strong>ac</strong></span> <span class='ocrx_word' id='word_1_328' title='bbox 857 4595 1327 4666; x_wconf 77' lang='lat' dir='ltr'><strong>suﬁ‘raganeorum</strong></span> <span class='ocrx_word' id='word_1_329' title='bbox 1363 4592 1556 4664; x_wconf 89' lang='lat' dir='ltr'><strong>ipsius,</strong></span> 
     </span>
    </p>
   </div>
   <div class='ocr_carea' id='block_1_50' title="bbox 25 4671 1563 4758">
    <p class='ocr_par' dir='ltr' id='par_1_50' title="bbox 25 4671 1563 4758">
     <span class='ocr_line' id='line_1_50' title="bbox 25 4671 1563 4758; baseline 0.006 -31"><span class='ocrx_word' id='word_1_330' title='bbox 25 4671 265 4750; x_wconf 74' lang='lat' dir='ltr'><strong>Fulcherii,</strong></span> <span class='ocrx_word' id='word_1_331' title='bbox 299 4685 561 4758; x_wconf 81' lang='lat' dir='ltr'><strong>Tyrensis</strong></span> <span class='ocrx_word' id='word_1_332' title='bbox 581 4685 999 4756; x_wconf 88' lang='lat' dir='ltr'><strong>archiepiscopi,</strong></span> <span class='ocrx_word' id='word_1_333' title='bbox 1026 4693 1082 4740; x_wconf 89' lang='lat' dir='ltr'><strong>et</strong></span> <span class='ocrx_word' id='word_1_334' title='bbox 1108 4682 1353 4750; x_wconf 74' lang='lat' dir='ltr'><strong>Robcrti,</strong></span> <span class='ocrx_word' id='word_1_335' title='bbox 1385 4681 1563 4738; x_wconf 86' lang='lat' dir='ltr'><strong>Naza-</strong></span> 
     </span>
    </p>
   </div>
   <div class='ocr_carea' id='block_1_51' title="bbox 25 4769 1560 4850">
    <p class='ocr_par' dir='ltr' id='par_1_51' title="bbox 25 4769 1560 4850">
     <span class='ocr_line' id='line_1_51' title="bbox 25 4769 1560 4850; baseline 0.011 -33"><span class='ocrx_word' id='word_1_336' title='bbox 25 4769 109 4821; x_wconf 75' lang='lat' dir='ltr'><strong>reni</strong></span> <span class='ocrx_word' id='word_1_337' title='bbox 133 4775 540 4849; x_wconf 87' lang='lat' dir='ltr'><strong>archiepiscopi,</strong></span> <span class='ocrx_word' id='word_1_338' title='bbox 568 4793 634 4834; x_wconf 82' lang='lat' dir='ltr'><strong>ac</strong></span> <span class='ocrx_word' id='word_1_339' title='bbox 655 4778 940 4844; x_wconf 86' lang='lat' dir='ltr'><strong>Bernardi,</strong></span> <span class='ocrx_word' id='word_1_340' title='bbox 963 4775 1324 4850; x_wconf 88' lang='lat' dir='ltr'><strong>Sydoniensis</strong></span> <span class='ocrx_word' id='word_1_341' title='bbox 1343 4778 1560 4849; x_wconf 88' lang='lat' dir='ltr'><strong>episco-</strong></span> 
     </span>
    </p>
   </div>
   <div class='ocr_carea' id='block_1_52' title="bbox 25 4857 1558 4941">
    <p class='ocr_par' dir='ltr' id='par_1_52' title="bbox 25 4857 1558 4941">
     <span class='ocr_line' id='line_1_52' title="bbox 25 4857 1558 4941; baseline 0 -17"><span class='ocrx_word' id='word_1_342' title='bbox 25 4857 76 4924; x_wconf 71' lang='lat' dir='ltr'><strong>Pi.</strong></span> <span class='ocrx_word' id='word_1_343' title='bbox 113 4864 440 4940; x_wconf 81' lang='lat' dir='ltr'><strong>aliorumque</strong></span> <span class='ocrx_word' id='word_1_344' title='bbox 488 4871 790 4925; x_wconf 88' lang='lat' dir='ltr'><strong>multorum</strong></span> <span class='ocrx_word' id='word_1_345' title='bbox 831 4869 1187 4941; x_wconf 86' lang='lat' dir='ltr'><strong>petitionibus</strong></span> <span class='ocrx_word' id='word_1_346' title='bbox 1215 4869 1288 4900; x_wconf 79' lang='lat'><strong>°“</strong></span> <span class='ocrx_word' id='word_1_347' title='bbox 1329 4867 1558 4937; x_wconf 84' lang='lat' dir='ltr'><strong>inducti,</strong></span> 
     </span>
    </p>
   </div>
   <div class='ocr_carea' id='block_1_53' title="bbox 26 4953 1560 5037">
    <p class='ocr_par' dir='ltr' id='par_1_53' title="bbox 26 4953 1560 5037">
     <span class='ocr_line' id='line_1_53' title="bbox 26 4953 1560 5037; baseline 0.01 -34"><span class='ocrx_word' id='word_1_348' title='bbox 26 4953 207 5037; x_wconf 57' lang='lat' dir='ltr'><strong>ecclesie</strong></span> <span class='ocrx_word' id='word_1_349' title='bbox 231 4959 412 5019; x_wconf 88' lang='lat' dir='ltr'><strong>Sancti</strong></span> <span class='ocrx_word' id='word_1_350' title='bbox 435 4965 504 4995; x_wconf 81' lang='grc'><strong>’⁸⁷</strong></span> <span class='ocrx_word' id='word_1_351' title='bbox 532 4962 780 5033; x_wconf 89' lang='lat' dir='ltr'><strong>Sepulcri</strong></span> <span class='ocrx_word' id='word_1_352' title='bbox 804 4962 1021 5017; x_wconf 91' lang='lat' dir='ltr'><strong>Domini</strong></span> <span class='ocrx_word' id='word_1_353' title='bbox 1044 4970 1098 5017; x_wconf 91' lang='lat' dir='ltr'><strong>et</strong></span> <span class='ocrx_word' id='word_1_354' title='bbox 1126 4961 1389 5018; x_wconf 80' lang='lat' dir='ltr'><strong>fratribus</strong></span> <span class='ocrx_word' id='word_1_355' title='bbox 1411 4963 1467 5017; x_wconf 92' lang='lat' dir='ltr'><strong>in</strong></span> <span class='ocrx_word' id='word_1_356' title='bbox 1495 4979 1560 5018; x_wconf 88' lang='lat' dir='ltr'><strong>ea</strong></span> 
     </span>
    </p>
   </div>
   <div class='ocr_carea' id='block_1_54' title="bbox 25 5037 1560 5125">
    <p class='ocr_par' dir='ltr' id='par_1_54' title="bbox 25 5037 1560 5125">
     <span class='ocr_line' id='line_1_54' title="bbox 25 5037 1560 5125; baseline 0.01 -31"><span class='ocrx_word' id='word_1_357' title='bbox 25 5037 213 5102; x_wconf 82' lang='lat' dir='ltr'><strong>Domino</strong></span> <span class='ocrx_word' id='word_1_358' title='bbox 233 5054 588 5110; x_wconf 84' lang='lat' dir='ltr'><strong>servientibus</strong></span> <span class='ocrx_word' id='word_1_359' title='bbox 612 5063 667 5110; x_wconf 88' lang='lat' dir='ltr'><strong>et</strong></span> <span class='ocrx_word' id='word_1_360' title='bbox 683 5053 971 5110; x_wconf 86' lang='lat' dir='ltr'><strong>servituris</strong></span> <span class='ocrx_word' id='word_1_361' title='bbox 993 5053 1298 5109; x_wconf 89' lang='lat' dir='ltr'><strong>libertatem</strong></span> <span class='ocrx_word' id='word_1_362' title='bbox 1323 5053 1379 5108; x_wconf 89' lang='lat' dir='ltr'><strong>in</strong></span> <span class='ocrx_word' id='word_1_363' title='bbox 1398 5061 1560 5125; x_wconf 86' lang='lat' dir='ltr'><strong>portu</strong></span> 
     </span>
    </p>
   </div>
   <div class='ocr_carea' id='block_1_55' title="bbox 25 5138 1563 5213">
    <p class='ocr_par' dir='ltr' id='par_1_55' title="bbox 25 5138 1563 5213">
     <span class='ocr_line' id='line_1_55' title="bbox 25 5138 1563 5213; baseline 0.008 -26"><span class='ocrx_word' id='word_1_364' title='bbox 25 5143 177 5192; x_wconf 85' lang='lat' dir='ltr'><strong>nostro</strong></span> <span class='ocrx_word' id='word_1_365' title='bbox 204 5138 428 5213; x_wconf 80' lang='lat' dir='ltr'><strong>Tripolis</strong></span> <span class='ocrx_word' id='word_1_366' title='bbox 475 5145 759 5212; x_wconf 80' lang='lat' dir='ltr'><strong>aﬁ‘erendi,</strong></span> <span class='ocrx_word' id='word_1_367' title='bbox 803 5145 1057 5210; x_wconf 89' lang='lat' dir='ltr'><strong>eiciendi,</strong></span> <span class='ocrx_word' id='word_1_368' title='bbox 1112 5143 1392 5202; x_wconf 86' lang='lat' dir='ltr'><strong>deferendi</strong></span> <span class='ocrx_word' id='word_1_369' title='bbox 1434 5145 1563 5201; x_wconf 91' lang='lat' dir='ltr'><strong>inde</strong></span> 
     </span>
    </p>
   </div>
   <div class='ocr_carea' id='block_1_56' title="bbox 25 5227 1562 5308">
    <p class='ocr_par' dir='ltr' id='par_1_56' title="bbox 25 5227 1562 5308">
     <span class='ocr_line' id='line_1_56' title="bbox 25 5227 1562 5308; baseline 0.014 -35"><span class='ocrx_word' id='word_1_370' title='bbox 25 5227 193 5296; x_wconf 74' lang='lat' dir='ltr'><strong>omnia,</strong></span> <span class='ocrx_word' id='word_1_371' title='bbox 214 5249 312 5303; x_wconf 86' lang='lat' dir='ltr'><strong>que</strong></span> <span class='ocrx_word' id='word_1_372' title='bbox 339 5238 529 5294; x_wconf 89' lang='lat' dir='ltr'><strong>usibus</strong></span> <span class='ocrx_word' id='word_1_373' title='bbox 557 5237 675 5294; x_wconf 88' lang='lat' dir='ltr'><strong>suis</strong></span> <span class='ocrx_word' id='word_1_374' title='bbox 716 5236 1027 5294; x_wconf 90' lang='lat' dir='ltr'><strong>necessaria</strong></span> <span class='ocrx_word' id='word_1_375' title='bbox 1046 5235 1270 5304; x_wconf 88' lang='lat' dir='ltr'><strong>fuerint,</strong></span> <span class='ocrx_word' id='word_1_376' title='bbox 1300 5237 1484 5308; x_wconf 84' lang='lat' dir='ltr'><strong>quiete</strong></span> <span class='ocrx_word' id='word_1_377' title='bbox 1507 5245 1562 5294; x_wconf 87' lang='lat' dir='ltr'><strong>et</strong></span> 
     </span>
    </p>
   </div>
   <div class='ocr_carea' id='block_1_57' title="bbox 29 5448 680 5548">
    <p class='ocr_par' dir='ltr' id='par_1_57' title="bbox 29 5448 680 5548">
     <span class='ocr_line' id='line_1_57' title="bbox 29 5448 680 5548; baseline 0.012 -40"><span class='ocrx_word' id='word_1_378' title='bbox 29 5448 680 5548; x_wconf 66' lang='lat' dir='ltr'><strong>m&#39;:B.perturbatiomtm.</strong></span> 
     </span>
     <span class='ocr_line' id='line_1_58' title="bbox 168 5522 680 5548; baseline 0 0"><span class='ocrx_word' id='word_1_379' title='bbox 168 5522 354 5548; x_wconf 72' lang='lat' dir='ltr'><strong>U---._J</strong></span> <span class='ocrx_word' id='word_1_380' title='bbox 392 5531 402 5542; x_wconf 76' lang='grc' dir='ltr'><strong>ι</strong></span> <span class='ocrx_word' id='word_1_381' title='bbox 475 5533 546 5548; x_wconf 62' lang='lat' dir='ltr'><strong>an.</strong></span> <span class='ocrx_word' id='word_1_382' title='bbox 582 5533 601 5548; x_wconf 74' lang='grc' dir='ltr'><strong>Α</strong></span> <span class='ocrx_word' id='word_1_383' title='bbox 670 5532 680 5548; x_wconf 73' lang='grc' dir='ltr'><em>Α</em></span> 
     </span>
    </p>
   </div>
   <div class='ocr_carea' id='block_1_58' title="bbox 95 5519 950 5599">
    <p class='ocr_par' dir='ltr' id='par_1_58' title="bbox 95 5519 950 5599">
     <span class='ocr_line' id='line_1_59' title="bbox 95 5519 950 5599; baseline 0.03 -27"><span class='ocrx_word' id='word_1_384' title='bbox 95 5519 423 5599; x_wconf 58' lang='grc' dir='ltr'><strong>Ιξ,Ηὸιιιοάεὶ.</strong></span> <span class='ocrx_word' id='word_1_385' title='bbox 475 5533 546 5564; x_wconf 71' lang='grc' dir='ltr'><strong>’θ’</strong></span> <span class='ocrx_word' id='word_1_386' title='bbox 569 5533 637 5596; x_wconf 83' lang='grc' dir='ltr'><strong>Α,</strong></span> <span class='ocrx_word' id='word_1_387' title='bbox 667 5532 718 5586; x_wconf 72' lang='grc' dir='ltr'><strong>ΐο</strong></span> <span class='ocrx_word' id='word_1_388' title='bbox 741 5531 832 5599; x_wconf 68' lang='grc'><strong>84,</strong></span> <span class='ocrx_word' id='word_1_389' title='bbox 858 5539 950 5598; x_wconf 69' lang='grc' dir='ltr'><strong>ν⁶ἔ</strong></span> 
     </span>
    </p>
   </div>
   <div class='ocr_carea' id='block_1_59' title="bbox 938 5575 952 5598">
    <p class='ocr_par' dir='ltr' id='par_1_59' title="bbox 938 5575 952 5598">
     <span class='ocr_line' id='line_1_60' title="bbox 938 5575 952 5598; baseline 0 0"><span class='ocrx_word' id='word_1_390' title='bbox 938 5575 952 5598; x_wconf 71' lang='grc'><strong>9</strong></span> 
     </span>
    </p>
   </div>
   <div class='ocr_carea' id='block_1_60' title="bbox 1669 584 3376 672">
    <p class='ocr_par' dir='ltr' id='par_1_60' title="bbox 1669 584 3376 672">
     <span class='ocr_line' id='line_1_61' title="bbox 1669 584 3376 672; baseline 0.011 -32"><span class='ocrx_word' id='word_1_391' title='bbox 1669 584 1735 641; x_wconf 86' lang='grc' dir='ltr'><strong>Ει</strong></span> <span class='ocrx_word' id='word_1_392' title='bbox 1764 601 1864 657; x_wconf 92' lang='lat' dir='ltr'><strong>pro</strong></span> <span class='ocrx_word' id='word_1_393' title='bbox 1892 589 2135 646; x_wconf 90' lang='lat' dir='ltr'><strong>remedio</strong></span> <span class='ocrx_word' id='word_1_394' title='bbox 2182 591 2494 648; x_wconf 90' lang='lat' dir='ltr'><strong>animarum</strong></span> <span class='ocrx_word' id='word_1_395' title='bbox 2533 609 2849 652; x_wconf 77' lang='lat' dir='ltr'><strong>nosmirnm</strong></span> <span class='ocrx_word' id='word_1_396' title='bbox 2887 614 2951 655; x_wconf 90' lang='lat' dir='ltr'><strong>ac</strong></span> <span class='ocrx_word' id='word_1_397' title='bbox 2973 610 3263 672; x_wconf 85' lang='lat' dir='ltr'><strong>parentum</strong></span> <span class='ocrx_word' id='word_1_398' title='bbox 3367 643 3376 650; x_wconf 66' lang='grc' dir='ltr'><strong>ο</strong></span> 
     </span>
    </p>
   </div>
   <div class='ocr_carea' id='block_1_61' title="bbox 1668 683 3261 757">
    <p class='ocr_par' dir='ltr' id='par_1_61' title="bbox 1668 683 3261 757">
     <span class='ocr_line' id='line_1_62' title="bbox 1668 683 3261 757; baseline 0.009 -20"><span class='ocrx_word' id='word_1_399' title='bbox 1668 690 1986 738; x_wconf 88' lang='lat' dir='ltr'><strong>nostrorum</strong></span> <span class='ocrx_word' id='word_1_400' title='bbox 2022 683 2232 740; x_wconf 90' lang='lat' dir='ltr'><strong>eisdem</strong></span> <span class='ocrx_word' id='word_1_401' title='bbox 2279 685 2400 741; x_wconf 87' lang='lat' dir='ltr'><strong>iure</strong></span> <span class='ocrx_word' id='word_1_402' title='bbox 2429 697 2692 757; x_wconf 92' lang='lat' dir='ltr'><strong>perpetuo</strong></span> <span class='ocrx_word' id='word_1_403' title='bbox 2719 691 3111 751; x_wconf 89' lang='lat' dir='ltr'><strong>conﬁrmamus</strong></span> <span class='ocrx_word' id='word_1_404' title='bbox 3140 711 3261 751; x_wconf 91' lang='lat' dir='ltr'><strong>om-</strong></span> 
     </span>
    </p>
   </div>
   <div class='ocr_carea' id='block_1_62' title="bbox 1668 775 3264 853">
    <p class='ocr_par' dir='ltr' id='par_1_62' title="bbox 1668 775 3264 853">
     <span class='ocr_line' id='line_1_63' title="bbox 1668 775 3264 853; baseline 0.009 -23"><span class='ocrx_word' id='word_1_405' title='bbox 1668 775 1760 830; x_wconf 88' lang='lat' dir='ltr'><strong>nia</strong></span> <span class='ocrx_word' id='word_1_406' title='bbox 1790 775 1884 831; x_wconf 89' lang='lat' dir='ltr'><strong>illa</strong></span> <span class='ocrx_word' id='word_1_407' title='bbox 1907 777 2072 845; x_wconf 91' lang='lat' dir='ltr'><strong>dona,</strong></span> <span class='ocrx_word' id='word_1_408' title='bbox 2105 791 2218 833; x_wconf 86' lang='lat' dir='ltr'><strong>tam</strong></span> <span class='ocrx_word' id='word_1_409' title='bbox 2242 779 2298 833; x_wconf 94' lang='lat' dir='ltr'><strong>in</strong></span> <span class='ocrx_word' id='word_1_410' title='bbox 2326 780 2606 838; x_wconf 89' lang='lat' dir='ltr'><strong>casalihus</strong></span> <span class='ocrx_word' id='word_1_411' title='bbox 2645 798 2812 853; x_wconf 88' lang='lat' dir='ltr'><strong>quam</strong></span> <span class='ocrx_word' id='word_1_412' title='bbox 2841 786 2897 840; x_wconf 91' lang='lat' dir='ltr'><strong>in</strong></span> <span class='ocrx_word' id='word_1_413' title='bbox 2925 789 3086 844; x_wconf 85' lang='lat' dir='ltr'><strong>terris</strong></span> <span class='ocrx_word' id='word_1_414' title='bbox 3107 799 3162 846; x_wconf 92' lang='lat' dir='ltr'><strong>et</strong></span> <span class='ocrx_word' id='word_1_415' title='bbox 3181 791 3264 845; x_wconf 67' lang='lat' dir='ltr'><strong>vi»</strong></span> 
     </span>
    </p>
   </div>
   <div class='ocr_carea' id='block_1_63' title="bbox 1668 867 3262 948">
    <p class='ocr_par' dir='ltr' id='par_1_63' title="bbox 1668 867 3262 948">
     <span class='ocr_line' id='line_1_64' title="bbox 1668 867 3262 948; baseline 0.01 -26"><span class='ocrx_word' id='word_1_416' title='bbox 1668 867 1788 923; x_wconf 90' lang='lat' dir='ltr'><strong>neis</strong></span> <span class='ocrx_word' id='word_1_417' title='bbox 1812 875 1867 922; x_wconf 92' lang='lat' dir='ltr'><strong>et</strong></span> <span class='ocrx_word' id='word_1_418' title='bbox 1889 868 2104 926; x_wconf 85' lang='lat' dir='ltr'><strong>olivetis</strong></span> <span class='ocrx_word' id='word_1_419' title='bbox 2131 879 2187 924; x_wconf 93' lang='lat' dir='ltr'><strong>et</strong></span> <span class='ocrx_word' id='word_1_420' title='bbox 2211 870 2430 927; x_wconf 88' lang='lat' dir='ltr'><strong>villanis</strong></span> <span class='ocrx_word' id='word_1_421' title='bbox 2454 873 2762 945; x_wconf 89' lang='lat' dir='ltr'><strong>ceterisque</strong></span> <span class='ocrx_word' id='word_1_422' title='bbox 2792 880 3262 948; x_wconf 88' lang='lat' dir='ltr'><strong>possessionibus,</strong></span> 
     </span>
    </p>
   </div>
   <div class='ocr_carea' id='block_1_64' title="bbox 1667 959 3263 1042">
    <p class='ocr_par' dir='ltr' id='par_1_64' title="bbox 1667 959 3263 1042">
     <span class='ocr_line' id='line_1_65' title="bbox 1667 959 3263 1042; baseline 0.011 -31"><span class='ocrx_word' id='word_1_423' title='bbox 1667 973 1773 1030; x_wconf 90' lang='lat' dir='ltr'><strong>que</strong></span> <span class='ocrx_word' id='word_1_424' title='bbox 1814 959 2068 1016; x_wconf 90' lang='lat' dir='ltr'><strong>dominus</strong></span> <span class='ocrx_word' id='word_1_425' title='bbox 2109 959 2472 1031; x_wconf 81' lang='lat' dir='ltr'><strong>Raimundus,</strong></span> <span class='ocrx_word' id='word_1_426' title='bbox 2519 979 2706 1022; x_wconf 89' lang='lat' dir='ltr'><strong>comes</strong></span> <span class='ocrx_word' id='word_1_427' title='bbox 2743 965 2928 1024; x_wconf 88' lang='lat' dir='ltr'><strong>Sancti</strong></span> <span class='ocrx_word' id='word_1_428' title='bbox 2966 969 3168 1042; x_wconf 85' lang='lat' dir='ltr'><strong>Egidii,</strong></span> <span class='ocrx_word' id='word_1_429' title='bbox 3208 983 3263 1029; x_wconf 91' lang='lat' dir='ltr'><strong>et</strong></span> 
     </span>
    </p>
   </div>
   <div class='ocr_carea' id='block_1_65' title="bbox 1668 1051 3263 1128">
    <p class='ocr_par' dir='ltr' id='par_1_65' title="bbox 1668 1051 3263 1128">
     <span class='ocr_line' id='line_1_66' title="bbox 1668 1051 3263 1128; baseline 0.01 -23"><span class='ocrx_word' id='word_1_430' title='bbox 1668 1051 1976 1110; x_wconf 87' lang='lat' dir='ltr'><strong>Willelmus</strong></span> <span class='ocrx_word' id='word_1_431' title='bbox 2003 1053 2242 1124; x_wconf 88' lang='lat' dir='ltr'><strong>Iordani,</strong></span> <span class='ocrx_word' id='word_1_432' title='bbox 2272 1072 2443 1128; x_wconf 84' lang='lat' dir='ltr'><strong>nepos</strong></span> <span class='ocrx_word' id='word_1_433' title='bbox 2463 1058 2606 1128; x_wconf 91' lang='lat' dir='ltr'><strong>eius,</strong></span> <span class='ocrx_word' id='word_1_434' title='bbox 2629 1067 2684 1116; x_wconf 89' lang='lat' dir='ltr'><strong>et</strong></span> <span class='ocrx_word' id='word_1_435' title='bbox 2710 1058 3022 1120; x_wconf 85' lang='lat' dir='ltr'><strong>Bernardus</strong></span> <span class='ocrx_word' id='word_1_436' title='bbox 3061 1065 3133 1096; x_wconf 82' lang='grc'><strong>⁹⁰⁹</strong></span> <span class='ocrx_word' id='word_1_437' title='bbox 3168 1079 3263 1120; x_wconf 88' lang='lat' dir='ltr'><strong>co-</strong></span> 
     </span>
    </p>
   </div>
   <div class='ocr_carea' id='block_1_66' title="bbox 1667 1147 3263 1228">
    <p class='ocr_par' dir='ltr' id='par_1_66' title="bbox 1667 1147 3263 1228">
     <span class='ocr_line' id='line_1_67' title="bbox 1667 1147 3263 1228; baseline 0.008 -28"><span class='ocrx_word' id='word_1_438' title='bbox 1667 1160 1784 1201; x_wconf 89' lang='lat' dir='ltr'><strong>mes</strong></span> <span class='ocrx_word' id='word_1_439' title='bbox 1819 1154 1984 1218; x_wconf 89' lang='lat' dir='ltr'><strong>atque</strong></span> <span class='ocrx_word' id='word_1_440' title='bbox 2012 1147 2242 1206; x_wconf 85' lang='lat' dir='ltr'><strong>Pontius</strong></span> <span class='ocrx_word' id='word_1_441' title='bbox 2270 1149 2342 1182; x_wconf 82' lang='grc'><strong>⁹¹⁰</strong></span> <span class='ocrx_word' id='word_1_442' title='bbox 2381 1166 2588 1219; x_wconf 90' lang='lat' dir='ltr'><strong>comes,</strong></span> <span class='ocrx_word' id='word_1_443' title='bbox 2633 1161 2788 1222; x_wconf 89' lang='lat' dir='ltr'><strong>pater</strong></span> <span class='ocrx_word' id='word_1_444' title='bbox 2829 1169 3008 1225; x_wconf 90' lang='lat' dir='ltr'><strong>meus,</strong></span> <span class='ocrx_word' id='word_1_445' title='bbox 3057 1157 3263 1228; x_wconf 88' lang='lat' dir='ltr'><strong>aliique</strong></span> 
     </span>
    </p>
   </div>
   <div class='ocr_carea' id='block_1_67' title="bbox 1666 1239 3262 1306">
    <p class='ocr_par' dir='ltr' id='par_1_67' title="bbox 1666 1239 3262 1306">
     <span class='ocr_line' id='line_1_68' title="bbox 1666 1239 3262 1306; baseline 0.008 -12"><span class='ocrx_word' id='word_1_446' title='bbox 1666 1239 1903 1296; x_wconf 87' lang='lat' dir='ltr'><strong>barones</strong></span> <span class='ocrx_word' id='word_1_447' title='bbox 1937 1258 2032 1298; x_wconf 90' lang='lat' dir='ltr'><strong>seu</strong></span> <span class='ocrx_word' id='word_1_448' title='bbox 2075 1244 2294 1299; x_wconf 89' lang='lat' dir='ltr'><strong>terrarii</strong></span> <span class='ocrx_word' id='word_1_449' title='bbox 2333 1243 2566 1300; x_wconf 86' lang='lat' dir='ltr'><strong>ﬁdeliter</strong></span> <span class='ocrx_word' id='word_1_450' title='bbox 2590 1246 2856 1302; x_wconf 90' lang='lat' dir='ltr'><strong>dederunt</strong></span> <span class='ocrx_word' id='word_1_451' title='bbox 2889 1247 3120 1305; x_wconf 91' lang='lat' dir='ltr'><strong>ecclesie</strong></span> <span class='ocrx_word' id='word_1_452' title='bbox 3149 1248 3262 1306; x_wconf 87' lang='lat' dir='ltr'><strong>Do-</strong></span> 
     </span>
    </p>
   </div>
   <div class='ocr_carea' id='block_1_68' title="bbox 1667 1318 3262 1406">
    <p class='ocr_par' dir='ltr' id='par_1_68' title="bbox 1667 1318 3262 1406">
     <span class='ocr_line' id='line_1_69' title="bbox 1667 1318 3262 1406; baseline 0.006 -20"><span class='ocrx_word' id='word_1_453' title='bbox 1667 1332 1856 1387; x_wconf 91' lang='lat' dir='ltr'><strong>minici</strong></span> <span class='ocrx_word' id='word_1_454' title='bbox 1899 1318 2148 1404; x_wconf 74' lang='lat' dir='ltr'><strong>Sepulcri</strong></span> <span class='ocrx_word' id='word_1_455' title='bbox 2180 1343 2235 1390; x_wconf 90' lang='lat' dir='ltr'><strong>et</strong></span> <span class='ocrx_word' id='word_1_456' title='bbox 2276 1335 2558 1392; x_wconf 88' lang='lat' dir='ltr'><strong>canonicis</strong></span> <span class='ocrx_word' id='word_1_457' title='bbox 2601 1337 2847 1393; x_wconf 85' lang='lat' dir='ltr'><strong>eiusdem</strong></span> <span class='ocrx_word' id='word_1_458' title='bbox 2890 1338 3018 1406; x_wconf 91' lang='lat' dir='ltr'><strong>loci,</strong></span> <span class='ocrx_word' id='word_1_459' title='bbox 3064 1353 3262 1395; x_wconf 83' lang='lat' dir='ltr'><strong>cuneta</strong></span> 
     </span>
    </p>
   </div>
   <div class='ocr_carea' id='block_1_69' title="bbox 1665 1425 3260 1501">
    <p class='ocr_par' dir='ltr' id='par_1_69' title="bbox 1665 1425 3260 1501">
     <span class='ocr_line' id='line_1_70' title="bbox 1665 1425 3260 1501; baseline 0.004 -21"><span class='ocrx_word' id='word_1_460' title='bbox 1665 1425 2040 1494; x_wconf 84' lang='lat' dir='ltr'><strong>concedimus,</strong></span> <span class='ocrx_word' id='word_1_461' title='bbox 2059 1425 2349 1483; x_wconf 83' lang='lat' dir='ltr'><strong>laudamus</strong></span> <span class='ocrx_word' id='word_1_462' title='bbox 2362 1437 2526 1500; x_wconf 89' lang='lat' dir='ltr'><strong>atque</strong></span> <span class='ocrx_word' id='word_1_463' title='bbox 2547 1428 2725 1501; x_wconf 86' lang='lat' dir='ltr'><strong>sigillo</strong></span> <span class='ocrx_word' id='word_1_464' title='bbox 2741 1438 2931 1485; x_wconf 85' lang='lat' dir='ltr'><strong>nostro</strong></span> <span class='ocrx_word' id='word_1_465' title='bbox 2953 1430 3260 1500; x_wconf 84' lang='lat' dir='ltr'><strong>ﬁrmamus,</strong></span> 
     </span>
    </p>
   </div>
   <div class='ocr_carea' id='block_1_70' title="bbox 1665 1517 3262 1592">
    <p class='ocr_par' dir='ltr' id='par_1_70' title="bbox 1665 1517 3262 1592">
     <span class='ocr_line' id='line_1_71' title="bbox 1665 1517 3262 1592; baseline 0.006 -21"><span class='ocrx_word' id='word_1_466' title='bbox 1665 1532 1879 1574; x_wconf 90' lang='lat' dir='ltr'><strong>necnon</strong></span> <span class='ocrx_word' id='word_1_467' title='bbox 1927 1517 1996 1550; x_wconf 82' lang='grc'><strong>⁹⁸¹</strong></span> <span class='ocrx_word' id='word_1_468' title='bbox 2043 1519 2308 1576; x_wconf 89' lang='lat' dir='ltr'><strong>Sanctum</strong></span> <span class='ocrx_word' id='word_1_469' title='bbox 2339 1519 2653 1592; x_wconf 81' lang='lat' dir='ltr'><strong>Georgium.</strong></span> <span class='ocrx_word' id='word_1_470' title='bbox 2688 1519 2864 1580; x_wconf 83' lang='lat' dir='ltr'><strong>Huius</strong></span> <span class='ocrx_word' id='word_1_471' title='bbox 2906 1532 3092 1580; x_wconf 90' lang='lat' dir='ltr'><strong>autem</strong></span> <span class='ocrx_word' id='word_1_472' title='bbox 3129 1525 3262 1581; x_wconf 89' lang='lat' dir='ltr'><strong>doni</strong></span> 
     </span>
    </p>
   </div>
   <div class='ocr_carea' id='block_1_71' title="bbox 1663 1609 2157 1668">
    <p class='ocr_par' dir='ltr' id='par_1_71' title="bbox 1663 1609 2157 1668">
     <span class='ocr_line' id='line_1_72' title="bbox 1663 1609 2157 1668; baseline 0.004 -4"><span class='ocrx_word' id='word_1_473' title='bbox 1663 1609 1910 1665; x_wconf 77' lang='lat' dir='ltr'><strong>existunt</strong></span> <span class='ocrx_word' id='word_1_474' title='bbox 1939 1617 2106 1668; x_wconf 84' lang='lat' dir='ltr'><strong>testes</strong></span> <span class='ocrx_word' id='word_1_475' title='bbox 2141 1627 2157 1666; x_wconf 88' lang='lat'>:</span> 
     </span>
    </p>
   </div>
   <div class='ocr_carea' id='block_1_72' title="bbox 1811 1700 3356 1775">
    <p class='ocr_par' dir='ltr' id='par_1_72' title="bbox 1811 1700 3356 1775">
     <span class='ocr_line' id='line_1_73' title="bbox 1811 1700 3356 1775; baseline -0.001 -18"><span class='ocrx_word' id='word_1_476' title='bbox 1811 1700 2089 1771; x_wconf 85' lang='lat' dir='ltr'><strong>Giraldus.</strong></span> <span class='ocrx_word' id='word_1_477' title='bbox 2117 1703 2410 1775; x_wconf 89' lang='lat' dir='ltr'><strong>episcopus</strong></span> <span class='ocrx_word' id='word_1_478' title='bbox 2429 1703 2686 1775; x_wconf 87' lang='lat' dir='ltr'><strong>Tripolis.</strong></span> <span class='ocrx_word' id='word_1_479' title='bbox 2711 1704 3007 1774; x_wconf 85' lang='lat' dir='ltr'><strong>Iohannes,</strong></span> <span class='ocrx_word' id='word_1_480' title='bbox 3033 1706 3262 1762; x_wconf 84' lang='lat' dir='ltr'><strong>canoni-</strong></span> <span class='ocrx_word' id='word_1_481' title='bbox 3350 1751 3356 1756; x_wconf 87' lang='lat'><strong>.</strong></span> 
     </span>
    </p>
   </div>
   <div class='ocr_carea' id='block_1_73' title="bbox 1883 1791 3261 1865">
    <p class='ocr_par' dir='ltr' id='par_1_73' title="bbox 1883 1791 3261 1865">
     <span class='ocr_line' id='line_1_74' title="bbox 1883 1791 3261 1865; baseline 0.001 -16"><span class='ocrx_word' id='word_1_482' title='bbox 1883 1808 2004 1850; x_wconf 89' lang='lat' dir='ltr'><strong>cus.</strong></span> <span class='ocrx_word' id='word_1_483' title='bbox 2030 1791 2287 1865; x_wconf 87' lang='lat' dir='ltr'><strong>Magister</strong></span> <span class='ocrx_word' id='word_1_484' title='bbox 2315 1793 2644 1850; x_wconf 88' lang='lat' dir='ltr'><strong>Gillebertus</strong></span> <span class='ocrx_word' id='word_1_485' title='bbox 2661 1794 2756 1850; x_wconf 81' lang='grc'><strong>⁹¹².</strong></span> <span class='ocrx_word' id='word_1_486' title='bbox 2783 1795 3098 1864; x_wconf 80' lang='lat' dir='ltr'><strong>Rainerius,</strong></span> <span class='ocrx_word' id='word_1_487' title='bbox 3126 1811 3261 1852; x_wconf 89' lang='lat' dir='ltr'><strong>con-</strong></span> 
     </span>
    </p>
   </div>
   <div class='ocr_carea' id='block_1_74' title="bbox 1876 1881 3261 1943">
    <p class='ocr_par' dir='ltr' id='par_1_74' title="bbox 1876 1881 3261 1943">
     <span class='ocr_line' id='line_1_75' title="bbox 1876 1881 3261 1943; baseline 0.004 -6"><span class='ocrx_word' id='word_1_488' title='bbox 1876 1881 2231 1939; x_wconf 84' lang='lat' dir='ltr'><strong>stabularius.</strong></span> <span class='ocrx_word' id='word_1_489' title='bbox 2263 1881 2459 1940; x_wconf 89' lang='lat' dir='ltr'><strong>Petrus</strong></span> <span class='ocrx_word' id='word_1_490' title='bbox 2499 1885 2568 1940; x_wconf 92' lang='lat' dir='ltr'><strong>de</strong></span> <span class='ocrx_word' id='word_1_491' title='bbox 2593 1882 2746 1940; x_wconf 90' lang='lat' dir='ltr'><strong>Podo</strong></span> <span class='ocrx_word' id='word_1_492' title='bbox 2771 1883 3076 1943; x_wconf 84' lang='lat' dir='ltr'><strong>Laurentii.</strong></span> <span class='ocrx_word' id='word_1_493' title='bbox 3115 1884 3261 1942; x_wconf 85' lang='lat' dir='ltr'><strong>Wil-</strong></span> 
     </span>
    </p>
   </div>
   <div class='ocr_carea' id='block_1_75' title="bbox 1874 1970 3261 2035">
    <p class='ocr_par' dir='ltr' id='par_1_75' title="bbox 1874 1970 3261 2035">
     <span class='ocr_line' id='line_1_76' title="bbox 1874 1970 3261 2035; baseline 0.006 -9"><span class='ocrx_word' id='word_1_494' title='bbox 1874 1970 2072 2028; x_wconf 89' lang='lat' dir='ltr'><strong>lelmus</strong></span> <span class='ocrx_word' id='word_1_495' title='bbox 2117 1970 2435 2029; x_wconf 86' lang='lat' dir='ltr'><strong>Rainoardi.</strong></span> <span class='ocrx_word' id='word_1_496' title='bbox 2487 1973 2849 2033; x_wconf 87' lang='lat' dir='ltr'><strong>Gauscelinus</strong></span> <span class='ocrx_word' id='word_1_497' title='bbox 2872 1977 2944 2010; x_wconf 80' lang='grc'><strong>⁸⁸³</strong></span> <span class='ocrx_word' id='word_1_498' title='bbox 2971 1978 3040 2035; x_wconf 93' lang='lat' dir='ltr'><strong>de</strong></span> <span class='ocrx_word' id='word_1_499' title='bbox 3078 1977 3261 2035; x_wconf 87' lang='lat' dir='ltr'><strong>Cavo-</strong></span> 
     </span>
    </p>
   </div>
   <div class='ocr_carea' id='block_1_76' title="bbox 1873 2060 3265 2124">
    <p class='ocr_par' dir='ltr' id='par_1_76' title="bbox 1873 2060 3265 2124">
     <span class='ocr_line' id='line_1_77' title="bbox 1873 2060 3265 2124; baseline 0.006 -7"><span class='ocrx_word' id='word_1_500' title='bbox 1873 2070 2080 2118; x_wconf 88' lang='lat' dir='ltr'><strong>monte.</strong></span> <span class='ocrx_word' id='word_1_501' title='bbox 2101 2060 2408 2117; x_wconf 89' lang='lat' dir='ltr'><strong>Willelmus</strong></span> <span class='ocrx_word' id='word_1_502' title='bbox 2429 2060 2736 2120; x_wconf 88' lang='lat' dir='ltr'><strong>Porcelleti.</strong></span> <span class='ocrx_word' id='word_1_503' title='bbox 2759 2064 2926 2123; x_wconf 79' lang='lat' dir='ltr'><strong>Saxo.</strong></span> <span class='ocrx_word' id='word_1_504' title='bbox 2948 2065 3265 2124; x_wconf 65' lang='lat' dir='ltr'><strong>Pontius&#39;“</strong></span> 
     </span>
    </p>
   </div>
   <div class='ocr_carea' id='block_1_77' title="bbox 1873 2151 3264 2229">
    <p class='ocr_par' dir='ltr' id='par_1_77' title="bbox 1873 2151 3264 2229">
     <span class='ocr_line' id='line_1_78' title="bbox 1873 2151 3264 2229; baseline 0.004 -19"><span class='ocrx_word' id='word_1_505' title='bbox 1873 2154 1941 2210; x_wconf 87' lang='lat' dir='ltr'><strong>de</strong></span> <span class='ocrx_word' id='word_1_506' title='bbox 1977 2152 2138 2208; x_wconf 89' lang='lat' dir='ltr'><strong>Sura.</strong></span> <span class='ocrx_word' id='word_1_507' title='bbox 2186 2151 2452 2210; x_wconf 85' lang='lat' dir='ltr'><strong>Geraldus</strong></span> <span class='ocrx_word' id='word_1_508' title='bbox 2478 2155 2550 2188; x_wconf 84' lang='grc'><strong>⁹¹⁸</strong></span> <span class='ocrx_word' id='word_1_509' title='bbox 2582 2155 2784 2212; x_wconf 89' lang='lat' dir='ltr'><strong>Isnelli.</strong></span> <span class='ocrx_word' id='word_1_510' title='bbox 2812 2156 3123 2229; x_wconf 86' lang='lat' dir='ltr'><strong>Brunellus,</strong></span> <span class='ocrx_word' id='word_1_511' title='bbox 3157 2160 3227 2216; x_wconf 88' lang='lat' dir='ltr'><strong>da</strong></span> <span class='ocrx_word' id='word_1_512' title='bbox 3254 2184 3264 2203; x_wconf 79' lang='grc' dir='ltr'><strong>ι</strong></span> 
     </span>
    </p>
   </div>
   <div class='ocr_carea' id='block_1_78' title="bbox 1873 2244 3259 2318">
    <p class='ocr_par' dir='ltr' id='par_1_78' title="bbox 1873 2244 3259 2318">
     <span class='ocr_line' id='line_1_79' title="bbox 1873 2244 3259 2318; baseline 0.006 -18"><span class='ocrx_word' id='word_1_513' title='bbox 1873 2244 2034 2316; x_wconf 88' lang='lat' dir='ltr'><strong>pifer.</strong></span> <span class='ocrx_word' id='word_1_514' title='bbox 2089 2244 2449 2318; x_wconf 80' lang='lat' dir='ltr'><strong>Raymundus</strong></span> <span class='ocrx_word' id='word_1_515' title='bbox 2472 2247 2547 2282; x_wconf 72' lang='lat' dir='ltr'><strong><em>m</em></strong></span> <span class='ocrx_word' id='word_1_516' title='bbox 2575 2246 2873 2306; x_wconf 87' lang='lat' dir='ltr'><strong>Lamberti.</strong></span> <span class='ocrx_word' id='word_1_517' title='bbox 2919 2249 3151 2309; x_wconf 87' lang='lat' dir='ltr'><strong>Pontius</strong></span> <span class='ocrx_word' id='word_1_518' title='bbox 3185 2251 3259 2287; x_wconf 81' lang='lat'><strong>“&quot;</strong></span> 
     </span>
    </p>
   </div>
   <div class='ocr_carea' id='block_1_79' title="bbox 1877 2336 3261 2412">
    <p class='ocr_par' dir='ltr' id='par_1_79' title="bbox 1877 2336 3261 2412">
     <span class='ocr_line' id='line_1_80' title="bbox 1877 2336 3261 2412; baseline 0.004 -19"><span class='ocrx_word' id='word_1_519' title='bbox 1877 2337 2102 2393; x_wconf 84' lang='lat' dir='ltr'><strong>Giraldi.</strong></span> <span class='ocrx_word' id='word_1_520' title='bbox 2127 2336 2458 2409; x_wconf 87' lang='lat' dir='ltr'><strong>Stephanus,</strong></span> <span class='ocrx_word' id='word_1_521' title='bbox 2487 2355 2774 2397; x_wconf 88' lang='lat' dir='ltr'><strong>monacns.</strong></span> <span class='ocrx_word' id='word_1_522' title='bbox 2805 2339 3106 2412; x_wconf 86' lang='lat' dir='ltr'><strong>Otrannns,</strong></span> <span class='ocrx_word' id='word_1_523' title='bbox 3129 2357 3261 2399; x_wconf 88' lang='lat' dir='ltr'><strong>can-</strong></span> 
     </span>
    </p>
   </div>
   <div class='ocr_carea' id='block_1_80' title="bbox 1876 2429 3184 2503">
    <p class='ocr_par' dir='ltr' id='par_1_80' title="bbox 1876 2429 3184 2503">
     <span class='ocr_line' id='line_1_81' title="bbox 1876 2429 3184 2503; baseline 0.004 -18"><span class='ocrx_word' id='word_1_524' title='bbox 1876 2429 2132 2486; x_wconf 88' lang='lat' dir='ltr'><strong>cellarius</strong></span> <span class='ocrx_word' id='word_1_525' title='bbox 2154 2431 2393 2499; x_wconf 87' lang='lat' dir='ltr'><strong>comitis,</strong></span> <span class='ocrx_word' id='word_1_526' title='bbox 2429 2432 2526 2503; x_wconf 90' lang='lat' dir='ltr'><strong>qui</strong></span> <span class='ocrx_word' id='word_1_527' title='bbox 2550 2433 2692 2490; x_wconf 90' lang='lat' dir='ltr'><strong>hanc</strong></span> <span class='ocrx_word' id='word_1_528' title='bbox 2707 2444 2918 2490; x_wconf 89' lang='lat' dir='ltr'><strong>cartam</strong></span> <span class='ocrx_word' id='word_1_529' title='bbox 2942 2435 3184 2492; x_wconf 86' lang='lat' dir='ltr'><strong>dictavit.</strong></span> 
     </span>
    </p>
   </div>
   <div class='ocr_carea' id='block_1_81' title="bbox 1733 2519 3260 2596">
    <p class='ocr_par' dir='ltr' id='par_1_81' title="bbox 1733 2519 3260 2596">
     <span class='ocr_line' id='line_1_82' title="bbox 1733 2519 3260 2596; baseline 0.006 -21"><span class='ocrx_word' id='word_1_530' title='bbox 1733 2519 1847 2578; x_wconf 83' lang='lat' dir='ltr'><strong>Hoc</strong></span> <span class='ocrx_word' id='word_1_531' title='bbox 1874 2522 2219 2596; x_wconf 84' lang='lat' dir='ltr'><strong>privilegium</strong></span> <span class='ocrx_word' id='word_1_532' title='bbox 2255 2522 2462 2581; x_wconf 77' lang='lat' dir='ltr'><strong>factum</strong></span> <span class='ocrx_word' id='word_1_533' title='bbox 2489 2533 2574 2582; x_wconf 90' lang='lat' dir='ltr'><strong>est</strong></span> <span class='ocrx_word' id='word_1_534' title='bbox 2601 2541 2749 2583; x_wconf 88' lang='lat' dir='ltr'><strong>anno</strong></span> <span class='ocrx_word' id='word_1_535' title='bbox 2784 2526 2856 2582; x_wconf 87' lang='lat' dir='ltr'><strong>ab</strong></span> <span class='ocrx_word' id='word_1_536' title='bbox 2882 2526 3260 2584; x_wconf 88' lang='lat' dir='ltr'><strong>incarnatione</strong></span> 
     </span>
    </p>
   </div>
   <div class='ocr_carea' id='block_1_82' title="bbox 1663 2611 3007 2686">
    <p class='ocr_par' dir='ltr' id='par_1_82' title="bbox 1663 2611 3007 2686">
     <span class='ocr_line' id='line_1_83' title="bbox 1663 2611 3007 2686; baseline 0.006 -20"><span class='ocrx_word' id='word_1_537' title='bbox 1663 2611 1880 2668; x_wconf 90' lang='lat' dir='ltr'><strong>Domini</strong></span> <span class='ocrx_word' id='word_1_538' title='bbox 1907 2629 2069 2680; x_wconf 71' lang='lat' dir='ltr'><strong>next,</strong></span> <span class='ocrx_word' id='word_1_539' title='bbox 2099 2629 2290 2671; x_wconf 91' lang='lat' dir='ltr'><strong>mense</strong></span> <span class='ocrx_word' id='word_1_540' title='bbox 2317 2616 2574 2686; x_wconf 88' lang='lat' dir='ltr'><strong>ianuarii,</strong></span> <span class='ocrx_word' id='word_1_541' title='bbox 2599 2618 2896 2675; x_wconf 89' lang='lat' dir='ltr'><strong>indictione</strong></span> <span class='ocrx_word' id='word_1_542' title='bbox 2923 2635 3007 2675; x_wconf 85' lang='grc' dir='ltr'><strong>ιιι.</strong></span> 
     </span>
    </p>
   </div>
   <div class='ocr_carea' id='block_1_83' title="bbox 2311 2726 2596 2783">
    <p class='ocr_par' dir='ltr' id='par_1_83' title="bbox 2311 2726 2596 2783">
     <span class='ocr_line' id='line_1_84' title="bbox 2311 2726 2596 2783; baseline 0.004 -2"><span class='ocrx_word' id='word_1_543' title='bbox 2311 2726 2478 2783; x_wconf 83' lang='lat' dir='ltr'><strong>XCIV</strong></span> <span class='ocrx_word' id='word_1_544' title='bbox 2507 2729 2596 2782; x_wconf 73' lang='grc'><strong>⁸⁸⁸.</strong></span> 
     </span>
    </p>
   </div>
   <div class='ocr_carea' id='block_1_84' title="bbox 1663 2825 3255 2890">
    <p class='ocr_par' dir='ltr' id='par_1_84' title="bbox 1663 2825 3255 2890">
     <span class='ocr_line' id='line_1_85' title="bbox 1663 2825 3255 2890; baseline 0.008 -19"><span class='ocrx_word' id='word_1_545' title='bbox 1663 2831 1797 2872; x_wconf 71' lang='lat' dir='ltr'><strong>trait</strong></span> <span class='ocrx_word' id='word_1_546' title='bbox 1825 2831 1985 2873; x_wconf 74' lang='grc' dir='ltr'><strong>Αιιυι)</strong></span> <span class='ocrx_word' id='word_1_547' title='bbox 2010 2833 2244 2876; x_wconf 68' lang='lat' dir='ltr'><strong>musam:</strong></span> <span class='ocrx_word' id='word_1_548' title='bbox 2264 2835 2334 2875; x_wconf 75' lang='grc' dir='ltr'><em>ετ</em></span> <span class='ocrx_word' id='word_1_549' title='bbox 2348 2837 2416 2875; x_wconf 77' lang='lat' dir='ltr'><strong>an</strong></span> <span class='ocrx_word' id='word_1_550' title='bbox 2447 2836 2646 2890; x_wconf 73' lang='grc' dir='ltr'><strong>εουειι,</strong></span> <span class='ocrx_word' id='word_1_551' title='bbox 2676 2838 2773 2879; x_wconf 73' lang='lat' dir='ltr'><strong>seu</strong></span> <span class='ocrx_word' id='word_1_552' title='bbox 2800 2825 3255 2884; x_wconf 68' lang='lat' dir='ltr'><strong>UNIVEBSALIS&#39;&quot;.</strong></span> 
     </span>
    </p>
   </div>
   <div class='ocr_carea' id='block_1_85' title="bbox 1733 2928 2971 2995">
    <p class='ocr_par' dir='ltr' id='par_1_85' title="bbox 1733 2928 2971 2995">
     <span class='ocr_line' id='line_1_86' title="bbox 1733 2928 2971 2995; baseline 0.008 -10"><span class='ocrx_word' id='word_1_553' title='bbox 1733 2928 1796 2986; x_wconf 87' lang='lat' dir='ltr'><strong>In</strong></span> <span class='ocrx_word' id='word_1_554' title='bbox 1820 2931 2044 2988; x_wconf 89' lang='lat' dir='ltr'><strong>nomine</strong></span> <span class='ocrx_word' id='word_1_555' title='bbox 2065 2943 2252 2991; x_wconf 87' lang='lat' dir='ltr'><strong>sancte</strong></span> <span class='ocrx_word' id='word_1_556' title='bbox 2285 2943 2341 2991; x_wconf 90' lang='lat' dir='ltr'><strong>et</strong></span> <span class='ocrx_word' id='word_1_557' title='bbox 2367 2935 2644 2993; x_wconf 88' lang='lat' dir='ltr'><strong>individue</strong></span> <span class='ocrx_word' id='word_1_558' title='bbox 2665 2935 2971 2995; x_wconf 83' lang='lat' dir='ltr'><strong>Trinitatis.</strong></span> 
     </span>
    </p>
   </div>
   <div class='ocr_carea' id='block_1_86' title="bbox 1733 3021 3260 3099">
    <p class='ocr_par' dir='ltr' id='par_1_86' title="bbox 1733 3021 3260 3099">
     <span class='ocr_line' id='line_1_87' title="bbox 1733 3021 3260 3099; baseline 0.004 -21"><span class='ocrx_word' id='word_1_559' title='bbox 1733 3021 1848 3096; x_wconf 83' lang='lat' dir='ltr'><strong>Ego</strong></span> <span class='ocrx_word' id='word_1_560' title='bbox 1871 3023 2236 3092; x_wconf 83' lang='lat' dir='ltr'><strong>Raimundus,</strong></span> <span class='ocrx_word' id='word_1_561' title='bbox 2251 3023 2346 3081; x_wconf 90' lang='lat' dir='ltr'><strong>Dei</strong></span> <span class='ocrx_word' id='word_1_562' title='bbox 2379 3027 2555 3098; x_wconf 86' lang='lat' dir='ltr'><strong>gratia</strong></span> <span class='ocrx_word' id='word_1_563' title='bbox 2584 3027 2956 3099; x_wconf 87' lang='lat' dir='ltr'><strong>Tripolitanus</strong></span> <span class='ocrx_word' id='word_1_564' title='bbox 2977 3041 3184 3096; x_wconf 86' lang='lat' dir='ltr'><strong>comes,</strong></span> <span class='ocrx_word' id='word_1_565' title='bbox 3204 3036 3260 3084; x_wconf 88' lang='lat' dir='ltr'><strong>et</strong></span> 
     </span>
    </p>
   </div>
   <div class='ocr_carea' id='block_1_87' title="bbox 1664 3114 3259 3197">
    <p class='ocr_par' dir='ltr' id='par_1_87' title="bbox 1664 3114 3259 3197">
     <span class='ocr_line' id='line_1_88' title="bbox 1664 3114 3259 3197; baseline 0.003 -26"><span class='ocrx_word' id='word_1_566' title='bbox 1664 3114 1964 3185; x_wconf 86' lang='lat' dir='ltr'><strong>Hodierna,</strong></span> <span class='ocrx_word' id='word_1_567' title='bbox 2005 3117 2196 3173; x_wconf 91' lang='lat' dir='ltr'><strong>eadem</strong></span> <span class='ocrx_word' id='word_1_568' title='bbox 2225 3118 2401 3189; x_wconf 84' lang='lat' dir='ltr'><strong>gratia</strong></span> <span class='ocrx_word' id='word_1_569' title='bbox 2430 3117 3082 3192; x_wconf 73' lang='lat' dir='ltr'><strong>Tripolitanacomitissa</strong></span> <span class='ocrx_word' id='word_1_570' title='bbox 3111 3121 3259 3197; x_wconf 84' lang='lat' dir='ltr'><strong>regis</strong></span> 
     </span>
    </p>
   </div>
   <div class='ocr_carea' id='block_1_88' title="bbox 1661 3200 3260 3275">
    <p class='ocr_par' dir='ltr' id='par_1_88' title="bbox 1661 3200 3260 3275">
     <span class='ocr_line' id='line_1_89' title="bbox 1661 3200 3260 3275; baseline 0.003 -14"><span class='ocrx_word' id='word_1_571' title='bbox 1661 3204 1960 3264; x_wconf 91' lang='lat' dir='ltr'><strong>Ierusalem</strong></span> <span class='ocrx_word' id='word_1_572' title='bbox 1983 3207 2116 3275; x_wconf 87' lang='lat' dir='ltr'><strong>ﬁlia,</strong></span> <span class='ocrx_word' id='word_1_573' title='bbox 2147 3215 2339 3264; x_wconf 91' lang='lat' dir='ltr'><strong>notum</strong></span> <span class='ocrx_word' id='word_1_574' title='bbox 2362 3200 2617 3266; x_wconf 68' lang='lat' dir='ltr'><strong>volumus</strong></span> <span class='ocrx_word' id='word_1_575' title='bbox 2637 3210 2826 3268; x_wconf 85' lang='lat' dir='ltr'><strong>haberi</strong></span> <span class='ocrx_word' id='word_1_576' title='bbox 2847 3219 2904 3267; x_wconf 92' lang='lat' dir='ltr'><strong>et</strong></span> <span class='ocrx_word' id='word_1_577' title='bbox 2939 3211 3260 3268; x_wconf 87' lang='lat' dir='ltr'><strong>memoriter</strong></span> 
     </span>
    </p>
   </div>
   <div class='ocr_carea' id='block_1_89' title="bbox 1663 3297 3260 3369">
    <p class='ocr_par' dir='ltr' id='par_1_89' title="bbox 1663 3297 3260 3369">
     <span class='ocr_line' id='line_1_90' title="bbox 1663 3297 3260 3369; baseline 0.002 -16"><span class='ocrx_word' id='word_1_578' title='bbox 1663 3299 1721 3353; x_wconf 93' lang='lat' dir='ltr'><strong>in</strong></span> <span class='ocrx_word' id='word_1_579' title='bbox 1746 3298 1850 3354; x_wconf 88' lang='lat' dir='ltr'><strong>hac</strong></span> <span class='ocrx_word' id='word_1_580' title='bbox 1865 3307 2017 3354; x_wconf 83' lang='lat' dir='ltr'><strong>carta</strong></span> <span class='ocrx_word' id='word_1_581' title='bbox 2051 3297 2276 3354; x_wconf 88' lang='lat' dir='ltr'><strong>retineri</strong></span> <span class='ocrx_word' id='word_1_582' title='bbox 2304 3299 2452 3369; x_wconf 78' lang='lat' dir='ltr'><strong>quod</strong></span> <span class='ocrx_word' id='word_1_583' title='bbox 2478 3299 2772 3369; x_wconf 84' lang='lat' dir='ltr'><strong>Willelmo,</strong></span> <span class='ocrx_word' id='word_1_584' title='bbox 2802 3300 3138 3358; x_wconf 89' lang='lat' dir='ltr'><strong>lherusalem</strong></span> <span class='ocrx_word' id='word_1_585' title='bbox 3159 3299 3260 3358; x_wconf 89' lang='lat' dir='ltr'><strong>Dei</strong></span> 
     </span>
    </p>
   </div>
   <div class='ocr_carea' id='block_1_90' title="bbox 1662 3391 3258 3465">
    <p class='ocr_par' dir='ltr' id='par_1_90' title="bbox 1662 3391 3258 3465">
     <span class='ocr_line' id='line_1_91' title="bbox 1662 3391 3258 3465; baseline 0.002 -21"><span class='ocrx_word' id='word_1_586' title='bbox 1662 3391 1836 3463; x_wconf 83' lang='lat' dir='ltr'><strong>gratia</strong></span> <span class='ocrx_word' id='word_1_587' title='bbox 1867 3391 2197 3461; x_wconf 86' lang='lat' dir='ltr'><strong>patriarche.</strong></span> <span class='ocrx_word' id='word_1_588' title='bbox 2225 3400 2280 3447; x_wconf 91' lang='lat' dir='ltr'><strong>et</strong></span> <span class='ocrx_word' id='word_1_589' title='bbox 2303 3392 2588 3448; x_wconf 88' lang='lat' dir='ltr'><strong>canonicis</strong></span> <span class='ocrx_word' id='word_1_590' title='bbox 2624 3391 2975 3451; x_wconf 90' lang='lat' dir='ltr'><strong>Sanctissimi</strong></span> <span class='ocrx_word' id='word_1_591' title='bbox 3004 3393 3258 3465; x_wconf 90' lang='lat' dir='ltr'><strong>Sepulcri</strong></span> 
     </span>
    </p>
   </div>
   <div class='ocr_carea' id='block_1_91' title="bbox 1660 3483 3259 3554">
    <p class='ocr_par' dir='ltr' id='par_1_91' title="bbox 1660 3483 3259 3554">
     <span class='ocr_line' id='line_1_92' title="bbox 1660 3483 3259 3554; baseline 0.001 -16"><span class='ocrx_word' id='word_1_592' title='bbox 1660 3497 1762 3554; x_wconf 87' lang='lat' dir='ltr'><strong>pro</strong></span> <span class='ocrx_word' id='word_1_593' title='bbox 1785 3483 2080 3538; x_wconf 87' lang='lat' dir='ltr'><strong>animabus</strong></span> <span class='ocrx_word' id='word_1_594' title='bbox 2109 3483 2312 3540; x_wconf 87' lang='lat' dir='ltr'><strong>nostris</strong></span> <span class='ocrx_word' id='word_1_595' title='bbox 2335 3491 2391 3539; x_wconf 88' lang='lat' dir='ltr'><strong>et</strong></span> <span class='ocrx_word' id='word_1_596' title='bbox 2412 3492 2702 3554; x_wconf 90' lang='lat' dir='ltr'><strong>parentum</strong></span> <span class='ocrx_word' id='word_1_597' title='bbox 2730 3495 3046 3548; x_wconf 85' lang='lat' dir='ltr'><strong>nostrorum</strong></span> <span class='ocrx_word' id='word_1_598' title='bbox 3090 3486 3259 3540; x_wconf 90' lang='lat' dir='ltr'><strong>dona-</strong></span> 
     </span>
    </p>
   </div>
   <div class='ocr_carea' id='block_1_92' title="bbox 1661 3573 3258 3646">
    <p class='ocr_par' dir='ltr' id='par_1_92' title="bbox 1661 3573 3258 3646">
     <span class='ocr_line' id='line_1_93' title="bbox 1661 3573 3258 3646; baseline 0.003 -18"><span class='ocrx_word' id='word_1_599' title='bbox 1661 3589 1807 3641; x_wconf 89' lang='lat' dir='ltr'><strong>mus,</strong></span> <span class='ocrx_word' id='word_1_600' title='bbox 1863 3573 2152 3630; x_wconf 88' lang='lat' dir='ltr'><strong>laudamus</strong></span> <span class='ocrx_word' id='word_1_601' title='bbox 2194 3583 2362 3646; x_wconf 88' lang='lat' dir='ltr'><strong>atque</strong></span> <span class='ocrx_word' id='word_1_602' title='bbox 2401 3575 2758 3632; x_wconf 89' lang='lat' dir='ltr'><strong>concedimus</strong></span> <span class='ocrx_word' id='word_1_603' title='bbox 2799 3576 3106 3632; x_wconf 87' lang='lat' dir='ltr'><strong>libertatem</strong></span> <span class='ocrx_word' id='word_1_604' title='bbox 3155 3590 3258 3632; x_wconf 89' lang='lat' dir='ltr'><strong>no-</strong></span> 
     </span>
    </p>
   </div>
   <div class='ocr_carea' id='block_1_93' title="bbox 1662 3666 3258 3738">
    <p class='ocr_par' dir='ltr' id='par_1_93' title="bbox 1662 3666 3258 3738">
     <span class='ocr_line' id='line_1_94' title="bbox 1662 3666 3258 3738; baseline 0 -16"><span class='ocrx_word' id='word_1_605' title='bbox 1662 3675 1834 3722; x_wconf 90' lang='lat' dir='ltr'><strong>stram</strong></span> <span class='ocrx_word' id='word_1_606' title='bbox 1857 3667 1928 3699; x_wconf 79' lang='grc'><strong>⁹¹⁰</strong></span> <span class='ocrx_word' id='word_1_607' title='bbox 1955 3666 2012 3721; x_wconf 93' lang='lat' dir='ltr'><strong>in</strong></span> <span class='ocrx_word' id='word_1_608' title='bbox 2041 3675 2199 3738; x_wconf 87' lang='lat' dir='ltr'><strong>portu</strong></span> <span class='ocrx_word' id='word_1_609' title='bbox 2222 3675 2414 3722; x_wconf 89' lang='lat' dir='ltr'><strong>nostro</strong></span> <span class='ocrx_word' id='word_1_610' title='bbox 2437 3667 2694 3738; x_wconf 89' lang='lat' dir='ltr'><strong>Tripolis,</strong></span> <span class='ocrx_word' id='word_1_611' title='bbox 2717 3667 2864 3738; x_wconf 87' lang='lat' dir='ltr'><strong>quod</strong></span> <span class='ocrx_word' id='word_1_612' title='bbox 2890 3667 3074 3724; x_wconf 87' lang='lat' dir='ltr'><strong>oleum</strong></span> <span class='ocrx_word' id='word_1_613' title='bbox 3090 3682 3258 3723; x_wconf 88' lang='lat' dir='ltr'><strong>suum</strong></span> 
     </span>
    </p>
   </div>
   <div class='ocr_carea' id='block_1_94' title="bbox 1659 3755 3257 3827">
    <p class='ocr_par' dir='ltr' id='par_1_94' title="bbox 1659 3755 3257 3827">
     <span class='ocr_line' id='line_1_95' title="bbox 1659 3755 3257 3827; baseline 0.001 -16"><span class='ocrx_word' id='word_1_614' title='bbox 1659 3764 1716 3812; x_wconf 89' lang='lat' dir='ltr'><strong>et</strong></span> <span class='ocrx_word' id='word_1_615' title='bbox 1740 3771 1938 3812; x_wconf 89' lang='lat' dir='ltr'><strong>omnes</strong></span> <span class='ocrx_word' id='word_1_616' title='bbox 1973 3755 2111 3812; x_wconf 89' lang='lat' dir='ltr'><strong>alios</strong></span> <span class='ocrx_word' id='word_1_617' title='bbox 2140 3755 2408 3822; x_wconf 86' lang='lat' dir='ltr'><strong>redditus,</strong></span> <span class='ocrx_word' id='word_1_618' title='bbox 2437 3771 2582 3827; x_wconf 89' lang='lat' dir='ltr'><strong>quos</strong></span> <span class='ocrx_word' id='word_1_619' title='bbox 2621 3755 2690 3811; x_wconf 90' lang='lat' dir='ltr'><strong>de</strong></span> <span class='ocrx_word' id='word_1_620' title='bbox 2713 3755 2865 3810; x_wconf 82' lang='lat' dir='ltr'><strong>omni</strong></span> <span class='ocrx_word' id='word_1_621' title='bbox 2897 3764 3043 3812; x_wconf 90' lang='lat' dir='ltr'><strong>terra</strong></span> <span class='ocrx_word' id='word_1_622' title='bbox 3065 3764 3257 3812; x_wconf 91' lang='lat' dir='ltr'><strong>nostra</strong></span> 
     </span>
    </p>
   </div>
   <div class='ocr_carea' id='block_1_95' title="bbox 1661 3835 3258 3920">
    <p class='ocr_par' dir='ltr' id='par_1_95' title="bbox 1661 3835 3258 3920">
     <span class='ocr_line' id='line_1_96' title="bbox 1661 3835 3258 3920; baseline 0 -16"><span class='ocrx_word' id='word_1_623' title='bbox 1661 3849 1958 3916; x_wconf 86' lang='lat' dir='ltr'><strong>habebunt,</strong></span> <span class='ocrx_word' id='word_1_624' title='bbox 1981 3848 2049 3905; x_wconf 91' lang='lat' dir='ltr'><strong>de</strong></span> <span class='ocrx_word' id='word_1_625' title='bbox 2065 3857 2228 3920; x_wconf 87' lang='lat' dir='ltr'><strong>portu</strong></span> <span class='ocrx_word' id='word_1_626' title='bbox 2257 3857 2448 3904; x_wconf 90' lang='lat' dir='ltr'><strong>nostro</strong></span> <span class='ocrx_word' id='word_1_627' title='bbox 2486 3847 2606 3904; x_wconf 91' lang='lat' dir='ltr'><strong>sine</strong></span> <span class='ocrx_word' id='word_1_628' title='bbox 2631 3847 2780 3904; x_wconf 90' lang='lat' dir='ltr'><strong>omni</strong></span> <span class='ocrx_word' id='word_1_629' title='bbox 2815 3835 3065 3904; x_wconf 86' lang='lat' dir='ltr'><strong>mercede</strong></span> <span class='ocrx_word' id='word_1_630' title='bbox 3089 3847 3258 3904; x_wconf 88' lang='lat' dir='ltr'><strong>libere</strong></span> 
     </span>
    </p>
   </div>
   <div class='ocr_carea' id='block_1_96' title="bbox 1657 3939 3258 4016">
    <p class='ocr_par' dir='ltr' id='par_1_96' title="bbox 1657 3939 3258 4016">
     <span class='ocr_line' id='line_1_97' title="bbox 1657 3939 3258 4016; baseline -0.002 -18"><span class='ocrx_word' id='word_1_631' title='bbox 1657 3940 1928 4010; x_wconf 84' lang='lat' dir='ltr'><strong>deferant,</strong></span> <span class='ocrx_word' id='word_1_632' title='bbox 1956 3951 2012 3999; x_wconf 88' lang='lat' dir='ltr'><strong>et</strong></span> <span class='ocrx_word' id='word_1_633' title='bbox 2047 3942 2233 3998; x_wconf 90' lang='lat' dir='ltr'><strong>omnia</strong></span> <span class='ocrx_word' id='word_1_634' title='bbox 2267 3941 2382 4008; x_wconf 86' lang='lat' dir='ltr'><strong>illo,</strong></span> <span class='ocrx_word' id='word_1_635' title='bbox 2415 3955 2524 4012; x_wconf 90' lang='lat' dir='ltr'><strong>que</strong></span> <span class='ocrx_word' id='word_1_636' title='bbox 2551 3939 2828 3996; x_wconf 92' lang='lat' dir='ltr'><strong>voluerint</strong></span> <span class='ocrx_word' id='word_1_637' title='bbox 2868 3939 2937 3972; x_wconf 81' lang='lat'><strong>’“</strong></span> <span class='ocrx_word' id='word_1_638' title='bbox 2976 3953 3160 3996; x_wconf 89' lang='lat' dir='ltr'><strong>emere</strong></span> <span class='ocrx_word' id='word_1_639' title='bbox 3187 3939 3258 4016; x_wconf 82' lang='lat' dir='ltr'><strong>ad</strong></span> 
     </span>
    </p>
   </div>
   <div class='ocr_carea' id='block_1_97' title="bbox 1660 4029 3258 4092">
    <p class='ocr_par' dir='ltr' id='par_1_97' title="bbox 1660 4029 3258 4092">
     <span class='ocr_line' id='line_1_98' title="bbox 1660 4029 3258 4092; baseline 0 -2"><span class='ocrx_word' id='word_1_640' title='bbox 1660 4049 1854 4090; x_wconf 84' lang='lat' dir='ltr'><strong>versus</strong></span> <span class='ocrx_word' id='word_1_641' title='bbox 1883 4034 1953 4066; x_wconf 81' lang='lat'><strong>&#39;“</strong></span> <span class='ocrx_word' id='word_1_642' title='bbox 1981 4034 2213 4092; x_wconf 89' lang='lat' dir='ltr'><strong>ecclesie</strong></span> <span class='ocrx_word' id='word_1_643' title='bbox 2236 4042 2294 4090; x_wconf 89' lang='lat' dir='ltr'><strong>et</strong></span> <span class='ocrx_word' id='word_1_644' title='bbox 2335 4033 2728 4090; x_wconf 89' lang='lat' dir='ltr'><strong>canonicorum</strong></span> <span class='ocrx_word' id='word_1_645' title='bbox 2778 4031 3124 4087; x_wconf 87' lang='lat' dir='ltr'><strong>Sanctissimi</strong></span> <span class='ocrx_word' id='word_1_646' title='bbox 3159 4029 3258 4090; x_wconf 88' lang='lat' dir='ltr'><strong>Sc-</strong></span> 
     </span>
    </p>
   </div>
   <div class='ocr_carea' id='block_1_98' title="bbox 1661 4121 3252 4197">
    <p class='ocr_par' dir='ltr' id='par_1_98' title="bbox 1661 4121 3252 4197">
     <span class='ocr_line' id='line_1_99' title="bbox 1661 4121 3252 4197; baseline -0.001 -16"><span class='ocrx_word' id='word_1_647' title='bbox 1661 4127 1856 4196; x_wconf 89' lang='lat' dir='ltr'><strong>pulcri,</strong></span> <span class='ocrx_word' id='word_1_648' title='bbox 1904 4127 2154 4183; x_wconf 87' lang='lat' dir='ltr'><strong>similiter</strong></span> <span class='ocrx_word' id='word_1_649' title='bbox 2199 4127 2267 4182; x_wconf 92' lang='lat' dir='ltr'><strong>de</strong></span> <span class='ocrx_word' id='word_1_650' title='bbox 2311 4134 2474 4197; x_wconf 87' lang='lat' dir='ltr'><strong>portu</strong></span> <span class='ocrx_word' id='word_1_651' title='bbox 2523 4133 2717 4181; x_wconf 90' lang='lat' dir='ltr'><strong>nostro</strong></span> <span class='ocrx_word' id='word_1_652' title='bbox 2770 4124 2940 4182; x_wconf 88' lang='lat' dir='ltr'><strong>libere</strong></span> <span class='ocrx_word' id='word_1_653' title='bbox 2964 4121 3252 4185; x_wconf 79' lang='lat' dir='ltr'><strong>deferant.</strong></span> 
     </span>
    </p>
   </div>
   <div class='ocr_carea' id='block_1_99' title="bbox 1660 4215 3234 4288">
    <p class='ocr_par' dir='ltr' id='par_1_99' title="bbox 1660 4215 3234 4288">
     <span class='ocr_line' id='line_1_100' title="bbox 1660 4215 3234 4288; baseline 0.001 -17"><span class='ocrx_word' id='word_1_654' title='bbox 1660 4217 1907 4274; x_wconf 79' lang='lat' dir='ltr'><strong>Nunc&#39;“</strong></span> <span class='ocrx_word' id='word_1_655' title='bbox 1936 4219 2156 4274; x_wconf 85' lang='lat' dir='ltr'><strong>demum</strong></span> <span class='ocrx_word' id='word_1_656' title='bbox 2188 4218 2374 4274; x_wconf 87' lang='lat' dir='ltr'><strong>omnia</strong></span> <span class='ocrx_word' id='word_1_657' title='bbox 2396 4218 2484 4272; x_wconf 90' lang='lat' dir='ltr'><strong>illa</strong></span> <span class='ocrx_word' id='word_1_658' title='bbox 2511 4217 2652 4272; x_wconf 90' lang='lat' dir='ltr'><strong>dona</strong></span> <span class='ocrx_word' id='word_1_659' title='bbox 2672 4259 2687 4284; x_wconf 94' lang='lat'><strong>,</strong></span> <span class='ocrx_word' id='word_1_660' title='bbox 2731 4232 2839 4288; x_wconf 91' lang='lat' dir='ltr'><strong>que</strong></span> <span class='ocrx_word' id='word_1_661' title='bbox 2889 4215 3234 4274; x_wconf 81' lang='lat' dir='ltr'><strong>Raimundus</strong></span> 
     </span>
    </p>
   </div>
   <div class='ocr_carea' id='block_1_100' title="bbox 1663 4309 3256 4382">
    <p class='ocr_par' dir='ltr' id='par_1_100' title="bbox 1663 4309 3256 4382">
     <span class='ocr_line' id='line_1_101' title="bbox 1663 4309 3256 4382; baseline 0 -16"><span class='ocrx_word' id='word_1_662' title='bbox 1663 4326 1847 4367; x_wconf 91' lang='lat' dir='ltr'><strong>comes</strong></span> <span class='ocrx_word' id='word_1_663' title='bbox 1897 4310 2082 4366; x_wconf 89' lang='lat' dir='ltr'><strong>Sancti</strong></span> <span class='ocrx_word' id='word_1_664' title='bbox 2112 4310 2338 4382; x_wconf 65' lang='lat' dir='ltr'><strong>IEgidii,</strong></span> <span class='ocrx_word' id='word_1_665' title='bbox 2373 4319 2428 4366; x_wconf 93' lang='lat' dir='ltr'><strong>et</strong></span> <span class='ocrx_word' id='word_1_666' title='bbox 2481 4309 2818 4366; x_wconf 89' lang='lat' dir='ltr'><strong>Bertrandus</strong></span> <span class='ocrx_word' id='word_1_667' title='bbox 2861 4325 3046 4366; x_wconf 90' lang='lat' dir='ltr'><strong>comes</strong></span> <span class='ocrx_word' id='word_1_668' title='bbox 3092 4318 3256 4381; x_wconf 87' lang='lat' dir='ltr'><strong>atquo</strong></span> 
     </span>
    </p>
   </div>
   <div class='ocr_carea' id='block_1_101' title="bbox 1661 4399 3256 4460">
    <p class='ocr_par' dir='ltr' id='par_1_101' title="bbox 1661 4399 3256 4460">
     <span class='ocr_line' id='line_1_102' title="bbox 1661 4399 3256 4460; baseline 0.001 -4"><span class='ocrx_word' id='word_1_669' title='bbox 1661 4402 1890 4460; x_wconf 89' lang='lat' dir='ltr'><strong>Pontius</strong></span> <span class='ocrx_word' id='word_1_670' title='bbox 1909 4403 1980 4435; x_wconf 74' lang='lat'><strong>°“</strong></span> <span class='ocrx_word' id='word_1_671' title='bbox 2001 4418 2188 4460; x_wconf 90' lang='lat' dir='ltr'><strong>comes</strong></span> <span class='ocrx_word' id='word_1_672' title='bbox 2220 4403 2489 4458; x_wconf 89' lang='lat' dir='ltr'><strong>dederunt</strong></span> <span class='ocrx_word' id='word_1_673' title='bbox 2521 4402 2750 4459; x_wconf 91' lang='lat' dir='ltr'><strong>ecclesie</strong></span> <span class='ocrx_word' id='word_1_674' title='bbox 2773 4401 3118 4459; x_wconf 90' lang='lat' dir='ltr'><strong>Sanctissimi</strong></span> <span class='ocrx_word' id='word_1_675' title='bbox 3154 4399 3256 4458; x_wconf 86' lang='lat' dir='ltr'><strong>Se-</strong></span> 
     </span>
    </p>
   </div>
   <div class='ocr_carea' id='block_1_102' title="bbox 1662 4485 3310 4566">
    <p class='ocr_par' dir='ltr' id='par_1_102' title="bbox 1662 4485 3310 4566">
     <span class='ocr_line' id='line_1_103' title="bbox 1662 4485 3310 4566; baseline -0.002 -15"><span class='ocrx_word' id='word_1_676' title='bbox 1662 4496 1838 4566; x_wconf 86' lang='lat' dir='ltr'><strong>pulcri</strong></span> <span class='ocrx_word' id='word_1_677' title='bbox 1863 4504 1918 4551; x_wconf 91' lang='lat' dir='ltr'><strong>et</strong></span> <span class='ocrx_word' id='word_1_678' title='bbox 1939 4495 2222 4551; x_wconf 86' lang='lat' dir='ltr'><strong>canonicis</strong></span> <span class='ocrx_word' id='word_1_679' title='bbox 2245 4495 2493 4552; x_wconf 87' lang='lat' dir='ltr'><strong>eiusdem</strong></span> <span class='ocrx_word' id='word_1_680' title='bbox 2530 4495 2657 4562; x_wconf 89' lang='lat' dir='ltr'><strong>loci,</strong></span> <span class='ocrx_word' id='word_1_681' title='bbox 2697 4493 3054 4551; x_wconf 88' lang='lat' dir='ltr'><strong>concedimus</strong></span> <span class='ocrx_word' id='word_1_682' title='bbox 3087 4501 3254 4564; x_wconf 89' lang='lat' dir='ltr'><strong>atque</strong></span> <span class='ocrx_word' id='word_1_683' title='bbox 3305 4485 3310 4488; x_wconf 75' lang='grc'><em>’</em></span> 
     </span>
    </p>
   </div>
   <div class='ocr_carea' id='block_1_103' title="bbox 1663 4584 3255 4658">
    <p class='ocr_par' dir='ltr' id='par_1_103' title="bbox 1663 4584 3255 4658">
     <span class='ocr_line' id='line_1_104' title="bbox 1663 4584 3255 4658; baseline -0.003 -17"><span class='ocrx_word' id='word_1_684' title='bbox 1663 4587 1950 4643; x_wconf 89' lang='lat' dir='ltr'><strong>laudamus</strong></span> <span class='ocrx_word' id='word_1_685' title='bbox 1969 4595 2025 4642; x_wconf 93' lang='lat' dir='ltr'><strong>et</strong></span> <span class='ocrx_word' id='word_1_686' title='bbox 2051 4585 2229 4658; x_wconf 90' lang='lat' dir='ltr'><strong>sigillo</strong></span> <span class='ocrx_word' id='word_1_687' title='bbox 2267 4585 2901 4654; x_wconf 85' lang='lat' dir='ltr'><strong>nostroeonlirmamus,</strong></span> <span class='ocrx_word' id='word_1_688' title='bbox 2947 4598 3161 4639; x_wconf 91' lang='lat' dir='ltr'><strong>necnon</strong></span> <span class='ocrx_word' id='word_1_689' title='bbox 3183 4584 3255 4615; x_wconf 83' lang='lat'><strong>&quot;&#39;</strong></span> 
     </span>
    </p>
   </div>
   <div class='ocr_carea' id='block_1_104' title="bbox 1661 4675 3252 4756">
    <p class='ocr_par' dir='ltr' id='par_1_104' title="bbox 1661 4675 3252 4756">
     <span class='ocr_line' id='line_1_105' title="bbox 1661 4675 3252 4756; baseline -0.003 -22"><span class='ocrx_word' id='word_1_690' title='bbox 1661 4677 1924 4756; x_wconf 81' lang='lat' dir='ltr'><strong>Sanctum</strong></span> <span class='ocrx_word' id='word_1_691' title='bbox 1961 4679 2274 4752; x_wconf 84' lang='lat' dir='ltr'><strong>Georgium.</strong></span> <span class='ocrx_word' id='word_1_692' title='bbox 2326 4676 2505 4734; x_wconf 82' lang='lat' dir='ltr'><strong>Huius</strong></span> <span class='ocrx_word' id='word_1_693' title='bbox 2541 4677 2672 4733; x_wconf 91' lang='lat' dir='ltr'><strong>doni</strong></span> <span class='ocrx_word' id='word_1_694' title='bbox 2702 4685 2833 4733; x_wconf 89' lang='lat' dir='ltr'><strong>sunt</strong></span> <span class='ocrx_word' id='word_1_695' title='bbox 2868 4684 3035 4732; x_wconf 87' lang='lat' dir='ltr'><strong>testes</strong></span> <span class='ocrx_word' id='word_1_696' title='bbox 3074 4675 3252 4731; x_wconf 87' lang='lat' dir='ltr'><strong>nostri</strong></span> 
     </span>
    </p>
   </div>
   <div class='ocr_carea' id='block_1_105' title="bbox 1658 4773 1937 4828">
    <p class='ocr_par' dir='ltr' id='par_1_105' title="bbox 1658 4773 1937 4828">
     <span class='ocr_line' id='line_1_106' title="bbox 1658 4773 1937 4828; baseline -0.004 0"><span class='ocrx_word' id='word_1_697' title='bbox 1658 4773 1895 4828; x_wconf 85' lang='lat' dir='ltr'><strong>barones</strong></span> <span class='ocrx_word' id='word_1_698' title='bbox 1923 4791 1937 4827; x_wconf 89' lang='lat'><strong><em>:</em></strong></span> 
     </span>
    </p>
   </div>
   <div class='ocr_carea' id='block_1_106' title="bbox 1802 4856 3258 4936">
    <p class='ocr_par' dir='ltr' id='par_1_106' title="bbox 1802 4856 3258 4936">
     <span class='ocr_line' id='line_1_107' title="bbox 1802 4856 3258 4936; baseline -0.003 -18"><span class='ocrx_word' id='word_1_699' title='bbox 1802 4861 2162 4936; x_wconf 56' lang='lat' dir='ltr'><strong>“[ainei&#39;ius],</strong></span> <span class='ocrx_word' id='word_1_700' title='bbox 2193 4860 2655 4918; x_wconf 87' lang='lat' dir='ltr'><strong>constabularius.</strong></span> <span class='ocrx_word' id='word_1_701' title='bbox 2685 4857 2926 4932; x_wconf 65' lang='lat' dir='ltr'><strong>Pletrus]</strong></span> <span class='ocrx_word' id='word_1_702' title='bbox 2972 4857 3041 4913; x_wconf 90' lang='lat' dir='ltr'><strong>de</strong></span> <span class='ocrx_word' id='word_1_703' title='bbox 3084 4856 3258 4914; x_wconf 89' lang='lat' dir='ltr'><strong>Podio</strong></span> 
     </span>
    </p>
   </div>
   <div class='ocr_carea' id='block_1_107' title="bbox 1879 4949 3255 5028">
    <p class='ocr_par' dir='ltr' id='par_1_107' title="bbox 1879 4949 3255 5028">
     <span class='ocr_line' id='line_1_108' title="bbox 1879 4949 3255 5028; baseline -0.005 -17"><span class='ocrx_word' id='word_1_704' title='bbox 1879 4956 2177 5012; x_wconf 87' lang='lat' dir='ltr'><strong>Laurentii.</strong></span> <span class='ocrx_word' id='word_1_705' title='bbox 2206 4952 2563 5028; x_wconf 70' lang='lat' dir='ltr'><strong>“’[illelmus]</strong></span> <span class='ocrx_word' id='word_1_706' title='bbox 2593 4951 2898 5008; x_wconf 88' lang='lat' dir='ltr'><strong>Porcelleti.</strong></span> <span class='ocrx_word' id='word_1_707' title='bbox 2949 4949 3255 5005; x_wconf 82' lang='lat' dir='ltr'><strong>Willelmus</strong></span> 
     </span>
    </p>
   </div>
   <div class='ocr_carea' id='block_1_108' title="bbox 1877 5040 3258 5105">
    <p class='ocr_par' dir='ltr' id='par_1_108' title="bbox 1877 5040 3258 5105">
     <span class='ocr_line' id='line_1_109' title="bbox 1877 5040 3258 5105; baseline 0 -3"><span class='ocrx_word' id='word_1_708' title='bbox 1877 5049 2192 5105; x_wconf 80' lang='lat' dir='ltr'><strong>Rainoardi.</strong></span> <span class='ocrx_word' id='word_1_709' title='bbox 2253 5047 2419 5104; x_wconf 81' lang='lat' dir='ltr'><strong>Saxo.</strong></span> <span class='ocrx_word' id='word_1_710' title='bbox 2488 5045 2828 5100; x_wconf 86' lang='lat' dir='ltr'><strong>Bertrannus</strong></span> <span class='ocrx_word' id='word_1_711' title='bbox 2867 5043 2940 5075; x_wconf 74' lang='lat' dir='ltr'><strong><em>m</em></strong></span> <span class='ocrx_word' id='word_1_712' title='bbox 2985 5040 3258 5102; x_wconf 76' lang='lat' dir='ltr'><strong>Umherti.</strong></span> 
     </span>
    </p>
   </div>
   <div class='ocr_carea' id='block_1_109' title="bbox 1876 5132 3260 5208">
    <p class='ocr_par' dir='ltr' id='par_1_109' title="bbox 1876 5132 3260 5208">
     <span class='ocr_line' id='line_1_110' title="bbox 1876 5132 3260 5208; baseline -0.004 -10"><span class='ocrx_word' id='word_1_713' title='bbox 1876 5142 2206 5198; x_wconf 85' lang='lat' dir='ltr'><strong>Gaucelinus</strong></span> <span class='ocrx_word' id='word_1_714' title='bbox 2274 5141 2342 5197; x_wconf 92' lang='lat' dir='ltr'><strong>de</strong></span> <span class='ocrx_word' id='word_1_715' title='bbox 2409 5138 2766 5194; x_wconf 85' lang='lat' dir='ltr'><strong>Cavomonte.</strong></span> <span class='ocrx_word' id='word_1_716' title='bbox 2835 5132 3112 5208; x_wconf 72' lang='lat' dir='ltr'><strong>Plontius]</strong></span> <span class='ocrx_word' id='word_1_717' title='bbox 3189 5136 3260 5194; x_wconf 67' lang='lat' dir='ltr'><strong>de</strong></span> 
     </span>
    </p>
   </div>
   <div class='ocr_carea' id='block_1_110' title="bbox 1878 5223 3258 5303">
    <p class='ocr_par' dir='ltr' id='par_1_110' title="bbox 1878 5223 3258 5303">
     <span class='ocr_line' id='line_1_111' title="bbox 1878 5223 3258 5303; baseline -0.007 -15"><span class='ocrx_word' id='word_1_718' title='bbox 1878 5233 2156 5303; x_wconf 56' lang='lat' dir='ltr'><strong>Sum)&quot;.</strong></span> <span class='ocrx_word' id='word_1_719' title='bbox 2183 5229 2489 5286; x_wconf 90' lang='lat' dir='ltr'><strong>Brunellus.</strong></span> <span class='ocrx_word' id='word_1_720' title='bbox 2515 5225 2828 5300; x_wconf 60' lang='lat' dir='ltr'><strong>Gleraldus]</strong></span> <span class='ocrx_word' id='word_1_721' title='bbox 2851 5225 3010 5282; x_wconf 88' lang='lat' dir='ltr'><strong>lsnel.</strong></span> <span class='ocrx_word' id='word_1_722' title='bbox 3034 5223 3258 5299; x_wconf 89' lang='lat' dir='ltr'><strong>O[tran-</strong></span> 
     </span>
    </p>
   </div>
   <div class='ocr_carea' id='block_1_111' title="bbox 772 5444 1563 5522">
    <p class='ocr_par' dir='ltr' id='par_1_111' title="bbox 772 5456 1558 5522">
     <span class='ocr_line' id='line_1_112' title="bbox 772 5456 1558 5522; baseline -0.005 -7"><span class='ocrx_word' id='word_1_723' title='bbox 772 5461 846 5494; x_wconf 75' lang='lat'><strong>&#39;&quot;</strong></span> <span class='ocrx_word' id='word_1_724' title='bbox 859 5458 1095 5522; x_wconf 84' lang='lat' dir='ltr'><strong>Manqne</strong></span> <span class='ocrx_word' id='word_1_725' title='bbox 1123 5459 1263 5515; x_wconf 80' lang='lat' dir='ltr'><strong>dans</strong></span> <span class='ocrx_word' id='word_1_726' title='bbox 1288 5456 1351 5512; x_wconf 89' lang='grc' dir='ltr'><strong>Β.</strong></span> <span class='ocrx_word' id='word_1_727' title='bbox 1427 5456 1499 5490; x_wconf 76' lang='grc' dir='ltr'><strong>⁸’σ</strong></span> <span class='ocrx_word' id='word_1_728' title='bbox 1515 5456 1558 5511; x_wconf 90' lang='grc' dir='ltr'><strong>Β</strong></span> 
     </span>
    </p>
   </div>
   <div class='ocr_carea' id='block_1_112' title="bbox 1747 5444 3260 5522">
    <p class='ocr_par' dir='ltr' id='par_1_112' title="bbox 1747 5444 3260 5522">
     <span class='ocr_line' id='line_1_113' title="bbox 1747 5444 3260 5522; baseline -0.008 -14"><span class='ocrx_word' id='word_1_729' title='bbox 1747 5455 1992 5508; x_wconf 68' lang='lat' dir='ltr'><strong>resinam.</strong></span> <span class='ocrx_word' id='word_1_730' title='bbox 2045 5451 2115 5484; x_wconf 75' lang='grc'><strong>³⁸⁸</strong></span> <span class='ocrx_word' id='word_1_731' title='bbox 2128 5450 2190 5518; x_wconf 84' lang='grc' dir='ltr'><strong>Β,</strong></span> <span class='ocrx_word' id='word_1_732' title='bbox 2214 5449 2548 5522; x_wconf 63' lang='lat' dir='ltr'><strong>Raivnundus</strong></span> <span class='ocrx_word' id='word_1_733' title='bbox 2565 5463 2786 5522; x_wconf 43' lang='lat' dir='ltr'><strong>comes;</strong></span> <span class='ocrx_word' id='word_1_734' title='bbox 2816 5444 3260 5522; x_wconf 51' lang='lat' dir='ltr'><strong>’°?_l_3,_Calmunt,</strong></span> 
     </span>
    </p>
   </div>
   <div class='ocr_carea' id='block_1_113' title="bbox 978 5475 3260 5596">
    <p class='ocr_par' dir='ltr' id='par_1_113' title="bbox 978 5475 3260 5596">
     <span class='ocr_line' id='line_1_114' title="bbox 978 5475 3260 5522; baseline -0.008 -8"><span class='ocrx_word' id='word_1_735' title='bbox 978 5479 982 5514; x_wconf 93' lang='lat' dir='ltr'><strong>I</strong></span> <span class='ocrx_word' id='word_1_736' title='bbox 1025 5475 1095 5515; x_wconf 89' lang='lat' dir='ltr'><strong>ne</strong></span> <span class='ocrx_word' id='word_1_737' title='bbox 1123 5475 1263 5515; x_wconf 78' lang='lat' dir='ltr'><strong>(rans</strong></span> <span class='ocrx_word' id='word_1_738' title='bbox 1289 5475 1351 5512; x_wconf 73' lang='grc' dir='ltr'><strong>υ.</strong></span> <span class='ocrx_word' id='word_1_739' title='bbox 1427 5475 1499 5490; x_wconf 84' lang='lat'><strong>&#39;&quot;</strong></span> <span class='ocrx_word' id='word_1_740' title='bbox 1515 5475 1578 5522; x_wconf 73' lang='grc' dir='ltr'><strong>υ,</strong></span> <span class='ocrx_word' id='word_1_741' title='bbox 1593 5475 1992 5510; x_wconf 78' lang='lat' dir='ltr'><strong>netemosmam.</strong></span> <span class='ocrx_word' id='word_1_742' title='bbox 2046 5475 2113 5484; x_wconf 70' lang='grc' dir='ltr'><strong>ν’-</strong></span> <span class='ocrx_word' id='word_1_743' title='bbox 2128 5475 2190 5518; x_wconf 84' lang='lat' dir='ltr'><strong>D,</strong></span> <span class='ocrx_word' id='word_1_744' title='bbox 2214 5475 2548 5505; x_wconf 67' lang='lat' dir='ltr'><strong>nurmunuua</strong></span> <span class='ocrx_word' id='word_1_745' title='bbox 2565 5475 2758 5502; x_wconf 68' lang='lat' dir='ltr'><strong>tumea.</strong></span> <span class='ocrx_word' id='word_1_746' title='bbox 2820 5475 2857 5478; x_wconf 62' lang='grc' dir='ltr'><strong>-ν</strong></span> <span class='ocrx_word' id='word_1_747' title='bbox 2873 5475 2883 5477; x_wconf 19' lang='grc' dir='ltr'><strong>ἡ</strong></span> <span class='ocrx_word' id='word_1_748' title='bbox 2906 5475 2964 5512; x_wconf 89' lang='grc' dir='ltr'><strong>υ,</strong></span> <span class='ocrx_word' id='word_1_749' title='bbox 2979 5475 3260 5504; x_wconf 58' lang='grc' dir='ltr'><strong>υαιιηιυιις</strong></span> 
     </span>
     <span class='ocr_line' id='line_1_115' title="bbox 978 5475 3260 5596; baseline -0.007 -11"><span class='ocrx_word' id='word_1_750' title='bbox 978 5475 1041 5596; x_wconf 62' lang='lat' dir='ltr'><strong>g,</strong></span> <span class='ocrx_word' id='word_1_751' title='bbox 1070 5529 1120 5583; x_wconf 89' lang='lat' dir='ltr'><strong>f°</strong></span> <span class='ocrx_word' id='word_1_752' title='bbox 1146 5529 1274 5593; x_wconf 77' lang='grc'><strong>100,</strong></span> <span class='ocrx_word' id='word_1_753' title='bbox 1307 5536 1385 5583; x_wconf 89' lang='lat' dir='ltr'><strong>r°.</strong></span> <span class='ocrx_word' id='word_1_754' title='bbox 1449 5528 1521 5560; x_wconf 74' lang='lat' dir='ltr'><strong><em>m</em></strong></span> <span class='ocrx_word' id='word_1_755' title='bbox 1534 5521 2188 5596; x_wconf 7' lang='lat' dir='ltr'><strong>B,comitingripolitn_m&#39;_.</strong></span> <span class='ocrx_word' id='word_1_756' title='bbox 2246 5519 2566 5596; x_wconf 54' lang='lat' dir='ltr'><strong>’_‘,&quot;Manque</strong></span> <span class='ocrx_word' id='word_1_757' title='bbox 2597 5520 2736 5596; x_wconf 68' lang='lat' dir='ltr'><strong>dans</strong></span> <span class='ocrx_word' id='word_1_758' title='bbox 2862 5517 3023 5596; x_wconf 52' lang='lat'><strong>1&#39;58,</strong></span> <span class='ocrx_word' id='word_1_759' title='bbox 3038 5517 3260 5596; x_wconf 45' lang='lat' dir='ltr'><strong>canina:</strong></span> 
     </span>
    </p>
   </div>
   <div class='ocr_carea' id='block_1_114' title="bbox 30 5583 1563 5673">
    <p class='ocr_par' dir='ltr' id='par_1_114' title="bbox 30 5583 1563 5673">
     <span class='ocr_line' id='line_1_116' title="bbox 30 5583 1563 5673; baseline 0.003 -25"><span class='ocrx_word' id='word_1_760' title='bbox 30 5586 87 5673; x_wconf 64' lang='grc' dir='ltr'><strong>ξξ⁶</strong></span> <span class='ocrx_word' id='word_1_761' title='bbox 107 5583 157 5656; x_wconf 80' lang='grc' dir='ltr'><strong>Β,</strong></span> <span class='ocrx_word' id='word_1_762' title='bbox 179 5583 682 5673; x_wconf 17' lang='grc' dir='ltr'><strong>ρειέοξιιηὶὺίαεςῖοθ</strong></span> <span class='ocrx_word' id='word_1_763' title='bbox 705 5583 952 5673; x_wconf 47' lang='lat' dir='ltr'><strong>Mariique,</strong></span> <span class='ocrx_word' id='word_1_764' title='bbox 977 5583 1117 5673; x_wconf 67' lang='lat' dir='ltr'><strong>dans</strong></span> <span class='ocrx_word' id='word_1_765' title='bbox 1146 5583 1208 5673; x_wconf 51' lang='lat' dir='ltr'><strong>Ii.</strong></span> <span class='ocrx_word' id='word_1_766' title='bbox 1261 5583 1359 5673; x_wconf 58' lang='lat' dir='ltr'><strong>&quot;“f</strong></span> <span class='ocrx_word' id='word_1_767' title='bbox 1400 5597 1563 5673; x_wconf 82' lang='lat' dir='ltr'><strong>Suppl</strong></span> 
     </span>
    </p>
   </div>
   <div class='ocr_carea' id='block_1_115' title="bbox 1747 5583 3252 5673">
    <p class='ocr_par' dir='ltr' id='par_1_115' title="bbox 1747 5583 3252 5673">
     <span class='ocr_line' id='line_1_117' title="bbox 1747 5583 3252 5673; baseline 0 0"><span class='ocrx_word' id='word_1_768' title='bbox 1747 5583 1976 5673; x_wconf 64' lang='grc' dir='ltr'><strong>ιρτάεβο</strong></span> <span class='ocrx_word' id='word_1_769' title='bbox 2052 5583 2591 5673; x_wconf 42' lang='lat' dir='ltr'><strong>“infestaein-</strong></span> <span class='ocrx_word' id='word_1_770' title='bbox 2666 5587 3120 5673; x_wconf 40' lang='lat' dir='ltr'><strong>&quot;lapsum:</strong></span> <span class='ocrx_word' id='word_1_771' title='bbox 3150 5583 3252 5673; x_wconf 65' lang='lat' dir='ltr'><strong>.ff‘</strong></span> 
     </span>
    </p>
   </div>
   <div class='ocr_carea' id='block_1_116' title="bbox 35 5654 1720 5783">
    <p class='ocr_par' dir='ltr' id='par_1_116' title="bbox 35 5654 1720 5783">
     <span class='ocr_line' id='line_1_118' title="bbox 35 5654 1720 5783; baseline -0.039 -62"><span class='ocrx_word' id='word_1_772' title='bbox 35 5654 88 5759; x_wconf 55' lang='lat' dir='ltr'><strong>ﬁ;</strong></span> <span class='ocrx_word' id='word_1_773' title='bbox 104 5654 269 5783; x_wconf 49' lang='lat' dir='ltr'><strong>Ere)”.</strong></span> <span class='ocrx_word' id='word_1_774' title='bbox 340 5671 407 5704; x_wconf 78' lang='grc' dir='ltr'><strong>οη</strong></span> <span class='ocrx_word' id='word_1_775' title='bbox 431 5654 501 5740; x_wconf 71' lang='grc' dir='ltr'><strong>Β,</strong></span> <span class='ocrx_word' id='word_1_776' title='bbox 518 5654 902 5728; x_wconf 36' lang='grc' dir='ltr'><strong>εἱδιεὸέξοῖᾶεἶ*</strong></span> <span class='ocrx_word' id='word_1_777' title='bbox 921 5654 1016 5712; x_wconf 28' lang='lat' dir='ltr'><strong>ista</strong></span> <span class='ocrx_word' id='word_1_778' title='bbox 1038 5654 1108 5737; x_wconf 59' lang='lat'><strong>8&quot;</strong></span> <span class='ocrx_word' id='word_1_779' title='bbox 1153 5654 1498 5725; x_wconf 53' lang='lat' dir='ltr'><strong>cauum“:</strong></span> <span class='ocrx_word' id='word_1_780' title='bbox 1517 5654 1534 5668; x_wconf 84' lang='lat'><em>.</em></span> <span class='ocrx_word' id='word_1_781' title='bbox 1558 5668 1629 5700; x_wconf 40' lang='grc' dir='ltr'><strong>ῃ.</strong></span> <span class='ocrx_word' id='word_1_782' title='bbox 1658 5667 1720 5733; x_wconf 60' lang='grc' dir='ltr'><strong>Β,</strong></span> 
     </span>
     <span class='ocr_line' id='line_1_119' title="bbox 148 5735 1720 5783; baseline -0.035 56"><span class='ocrx_word' id='word_1_783' title='bbox 148 5735 402 5783; x_wconf 58' lang='grc' dir='ltr'><strong>Ῥθ¹²¹²ί²¹³</strong></span> <span class='ocrx_word' id='word_1_784' title='bbox 495 5745 566 5776; x_wconf 74' lang='grc'><strong>’³³</strong></span> <span class='ocrx_word' id='word_1_785' title='bbox 596 5745 626 5783; x_wconf 65' lang='grc' dir='ltr'><strong>Α</strong></span> <span class='ocrx_word' id='word_1_786' title='bbox 685 5742 733 5783; x_wconf 72' lang='grc' dir='ltr'><strong>¹⁹ο</strong></span> <span class='ocrx_word' id='word_1_787' title='bbox 770 5743 842 5783; x_wconf 57' lang='grc' dir='ltr'><strong>δικ</strong></span> <span class='ocrx_word' id='word_1_788' title='bbox 897 5751 986 5783; x_wconf 71' lang='grc' dir='ltr'><strong>νο·</strong></span> <span class='ocrx_word' id='word_1_789' title='bbox 1024 5741 1064 5783; x_wconf 82' lang='lat' dir='ltr'><strong>n</strong></span> <span class='ocrx_word' id='word_1_790' title='bbox 1111 5739 1160 5783; x_wconf 77' lang='lat' dir='ltr'><strong>f0</strong></span> <span class='ocrx_word' id='word_1_791' title='bbox 1193 5740 1296 5783; x_wconf 84' lang='lat' dir='ltr'><strong>mo</strong></span> <span class='ocrx_word' id='word_1_792' title='bbox 1346 5745 1432 5783; x_wconf 57' lang='grc' dir='ltr'><strong>νοΔ</strong></span> <span class='ocrx_word' id='word_1_793' title='bbox 1505 5738 1576 5773; x_wconf 81' lang='lat' dir='ltr'><strong>m</strong></span> <span class='ocrx_word' id='word_1_794' title='bbox 1607 5737 1667 5783; x_wconf 69' lang='grc' dir='ltr'><strong>ῃ,</strong></span> <span class='ocrx_word' id='word_1_795' title='bbox 1697 5754 1720 5783; x_wconf 63' lang='grc' dir='ltr'><strong>η</strong></span> 
     </span>
    </p>
   </div>
   <div class='ocr_carea' id='block_1_117' title="bbox 2121 5655 3266 5727">
    <p class='ocr_par' dir='ltr' id='par_1_117' title="bbox 2121 5655 3266 5727">
     <span class='ocr_line' id='line_1_120' title="bbox 2121 5655 3266 5727; baseline 0.004 -14"><span class='ocrx_word' id='word_1_796' title='bbox 2121 5655 2277 5727; x_wconf 63' lang='grc' dir='ltr'><strong>ΜΒ,</strong></span> <span class='ocrx_word' id='word_1_797' title='bbox 2321 5661 2596 5716; x_wconf 75' lang='lat' dir='ltr'><strong>Giraldus.</strong></span> <span class='ocrx_word' id='word_1_798' title='bbox 2685 5659 2779 5727; x_wconf 17' lang='lat'><strong>77’“</strong></span> <span class='ocrx_word' id='word_1_799' title='bbox 2810 5658 2872 5723; x_wconf 91' lang='grc' dir='ltr'><strong>Β,</strong></span> <span class='ocrx_word' id='word_1_800' title='bbox 2897 5655 3266 5727; x_wconf 71' lang='grc' dir='ltr'><strong>Βαίηιρηιιιιδι.</strong></span> 
     </span>
    </p>
   </div>
   <div class='ocr_carea' id='block_1_118' title="bbox 1811 5665 2014 5720">
    <p class='ocr_par' dir='ltr' id='par_1_118' title="bbox 1811 5665 2014 5720">
     <span class='ocr_line' id='line_1_121' title="bbox 1811 5665 2014 5720; baseline -0.01 0"><span class='ocrx_word' id='word_1_801' title='bbox 1811 5665 2014 5720; x_wconf 78' lang='lat' dir='ltr'><strong>oncius.</strong></span> 
     </span>
    </p>
   </div>
   <div class='ocr_carea' id='block_1_119' title="bbox 190 5724 1563 5810">
    <p class='ocr_par' dir='ltr' id='par_1_119' title="bbox 190 5724 1563 5810">
     <span class='ocr_line' id='line_1_122' title="bbox 190 5724 1563 5810; baseline 0.007 -22"><span class='ocrx_word' id='word_1_802' title='bbox 190 5724 446 5810; x_wconf 58' lang='grc' dir='ltr'><strong>Ροηεειωξ</strong></span> <span class='ocrx_word' id='word_1_803' title='bbox 479 5724 659 5809; x_wconf 60' lang='grc' dir='ltr'><strong>ἐιῖλ,</strong></span> <span class='ocrx_word' id='word_1_804' title='bbox 675 5724 742 5798; x_wconf 61' lang='grc' dir='ltr'><strong>ιδ’</strong></span> <span class='ocrx_word' id='word_1_805' title='bbox 767 5724 868 5810; x_wconf 61' lang='lat'>&#39;33;</span> <span class='ocrx_word' id='word_1_806' title='bbox 897 5751 988 5810; x_wconf 85' lang='lat' dir='ltr'><strong>r°;</strong></span> <span class='ocrx_word' id='word_1_807' title='bbox 1024 5724 1316 5808; x_wconf 62' lang='grc' dir='ltr'><strong>Βίιοιοο,</strong></span> <span class='ocrx_word' id='word_1_808' title='bbox 1346 5745 1433 5794; x_wconf 80' lang='grc' dir='ltr'><strong>νο.</strong></span> <span class='ocrx_word' id='word_1_809' title='bbox 1499 5738 1563 5810; x_wconf 55' lang='lat'><strong>1*?</strong></span> 
     </span>
    </p>
   </div>
   <div class='ocr_carea' id='block_1_120' title="bbox 1747 5724 3252 5810">
    <p class='ocr_par' dir='ltr' id='par_1_120' title="bbox 1747 5724 3252 5810">
     <span class='ocr_line' id='line_1_123' title="bbox 1747 5724 3252 5810; baseline -0.008 -19"><span class='ocrx_word' id='word_1_810' title='bbox 1747 5734 2092 5810; x_wconf 44' lang='lat' dir='ltr'><strong>milianuntius;</strong></span> <span class='ocrx_word' id='word_1_811' title='bbox 2147 5733 2218 5764; x_wconf 83' lang='grc'><strong>⁹²⁰</strong></span> <span class='ocrx_word' id='word_1_812' title='bbox 2239 5724 2475 5810; x_wconf 50' lang='lat' dir='ltr'><strong>Matrique</strong></span> <span class='ocrx_word' id='word_1_813' title='bbox 2501 5731 2662 5810; x_wconf 46' lang='lat' dir='ltr'><strong>dans.</strong></span> <span class='ocrx_word' id='word_1_814' title='bbox 2683 5726 2744 5783; x_wconf 88' lang='grc' dir='ltr'><strong>Β.</strong></span> <span class='ocrx_word' id='word_1_815' title='bbox 2816 5729 2900 5810; x_wconf 51' lang='lat'><strong>’1</strong></span> <span class='ocrx_word' id='word_1_816' title='bbox 2911 5727 2986 5810; x_wconf 49' lang='grc' dir='ltr'><strong>Β.ι</strong></span> <span class='ocrx_word' id='word_1_817' title='bbox 3000 5724 3252 5810; x_wconf 65' lang='lat' dir='ltr'><strong>voluerit.</strong></span> 
     </span>
    </p>
   </div>
   <div class='ocr_carea' id='block_1_121' title="bbox 35 5793 1563 5885">
    <p class='ocr_par' dir='ltr' id='par_1_121' title="bbox 35 5793 1563 5885">
     <span class='ocr_line' id='line_1_124' title="bbox 35 5793 1563 5885; baseline -0.008 -7"><span class='ocrx_word' id='word_1_818' title='bbox 35 5793 92 5885; x_wconf 71' lang='grc' dir='ltr'>ἶῖἷ</span> <span class='ocrx_word' id='word_1_819' title='bbox 111 5793 180 5885; x_wconf 60' lang='lat' dir='ltr'><strong>Ea</strong></span> <span class='ocrx_word' id='word_1_820' title='bbox 199 5806 343 5885; x_wconf 58' lang='lat' dir='ltr'><strong>Ecca</strong></span> <span class='ocrx_word' id='word_1_821' title='bbox 367 5793 430 5868; x_wconf 56' lang='grc' dir='ltr'><strong>(ιὰ</strong></span> <span class='ocrx_word' id='word_1_822' title='bbox 457 5813 519 5881; x_wconf 83' lang='grc' dir='ltr'><strong>Β,</strong></span> <span class='ocrx_word' id='word_1_823' title='bbox 543 5793 938 5885; x_wconf 57' lang='grc' dir='ltr'><strong>ηίιΐεὶοηῖιξξάὶι</strong></span> <span class='ocrx_word' id='word_1_824' title='bbox 967 5793 1126 5883; x_wconf 60' lang='lat' dir='ltr'><strong>ista},</strong></span> <span class='ocrx_word' id='word_1_825' title='bbox 1142 5793 1386 5869; x_wconf 63' lang='lat' dir='ltr'><strong>estbi&#39;en</strong></span> <span class='ocrx_word' id='word_1_826' title='bbox 1417 5807 1563 5881; x_wconf 82' lang='lat' dir='ltr'><strong>prét‘é</strong></span> 
     </span>
    </p>
   </div>
   <div class='ocr_carea' id='block_1_122' title="bbox 1747 5793 3251 5885">
    <p class='ocr_par' dir='ltr' id='par_1_122' title="bbox 1817 5793 3251 5878">
     <span class='ocr_line' id='line_1_125' title="bbox 1817 5793 3251 5878; baseline -0.002 -19"><span class='ocrx_word' id='word_1_827' title='bbox 1817 5807 1892 5841; x_wconf 77' lang='grc'><strong>⁸³³</strong></span> <span class='ocrx_word' id='word_1_828' title='bbox 1937 5805 2001 5874; x_wconf 84' lang='grc' dir='ltr'><strong>Β,</strong></span> <span class='ocrx_word' id='word_1_829' title='bbox 2029 5802 2215 5878; x_wconf 69' lang='grc' dir='ltr'><strong>ιΤιιηε.</strong></span> <span class='ocrx_word' id='word_1_830' title='bbox 2291 5793 2442 5858; x_wconf 50' lang='lat' dir='ltr'><strong>&quot;VB</strong></span> <span class='ocrx_word' id='word_1_831' title='bbox 2492 5799 2749 5858; x_wconf 74' lang='lat' dir='ltr'><strong>Peneius.</strong></span> <span class='ocrx_word' id='word_1_832' title='bbox 2829 5798 2901 5831; x_wconf 77' lang='grc'><strong>⁹¹⁵</strong></span> <span class='ocrx_word' id='word_1_833' title='bbox 2944 5796 3008 5864; x_wconf 91' lang='grc' dir='ltr'><strong>Β,</strong></span> <span class='ocrx_word' id='word_1_834' title='bbox 3057 5803 3251 5867; x_wconf 73' lang='lat' dir='ltr'><strong>preter-</strong></span> 
     </span>
    </p>
   </div>
   <div class='ocr_carea' id='block_1_123' title="bbox 37 5866 940 5953">
    <p class='ocr_par' dir='ltr' id='par_1_123' title="bbox 37 5866 940 5953">
     <span class='ocr_line' id='line_1_126' title="bbox 37 5866 940 5953; baseline 0.014 -26"><span class='ocrx_word' id='word_1_835' title='bbox 37 5866 94 5900; x_wconf 82' lang='lat'><strong>‘“</strong></span> <span class='ocrx_word' id='word_1_836' title='bbox 111 5869 166 5941; x_wconf 84' lang='grc' dir='ltr'><strong>Β,</strong></span> <span class='ocrx_word' id='word_1_837' title='bbox 193 5866 520 5939; x_wconf 62' lang='grc' dir='ltr'><strong>Βένιναηᾱιιέῖ</strong></span> <span class='ocrx_word' id='word_1_838' title='bbox 551 5866 940 5953; x_wconf 46' lang='lat' dir='ltr'><strong>&quot;Benigno</strong></span> 
     </span>
    </p>
   </div>
   <div class='ocr_carea' id='block_1_124' title="bbox 337 5973 823 6040">
    <p class='ocr_par' dir='ltr' id='par_1_124' title="bbox 337 5973 823 6040">
     <span class='ocr_line' id='line_1_127' title="bbox 337 5973 823 6040; baseline 0.01 -6"><span class='ocrx_word' id='word_1_839' title='bbox 337 5973 607 6040; x_wconf 74' lang='grc' dir='ltr'><strong>Ρηιιοι..</strong></span> <span class='ocrx_word' id='word_1_840' title='bbox 645 5978 823 6040; x_wconf 68' lang='lat' dir='ltr'><strong>(.LV.</strong></span> 
     </span>
    </p>
   </div>
   <div class='ocr_carea' id='block_1_125' title="bbox 2811 5967 3015 6053">
    <p class='ocr_par' dir='ltr' id='par_1_125' title="bbox 2811 5967 3015 6053">
     <span class='ocr_line' id='line_1_128' title="bbox 2811 5967 3015 6053; baseline 0 -23"><span class='ocrx_word' id='word_1_841' title='bbox 2811 5967 3015 6053; x_wconf 39' lang='lat' dir='ltr'><strong>as.</strong></span> 
     </span>
    </p>
   </div>
  </div>
