3824 6308
53 471 174 529 1197

1032 462 1486 521 CARTULAIRE
1523 462 1615 517 DU
1655 461 1857 517 SAINT
1899 459 2281 520 SEPULCRE.

3182 472 3322 530 1198

50 585 249 639 furnum
297 577 468 634 etiam
499 591 620 633 cum
649 575 905 632 domibus
941 574 1046 631 sibi
1084 575 1513 655 pertinentibus,
1549 573 1622 628 ita
1661 579 1696 633 Α
1731 572 2010 630 habendos
2039 573 2270 668 ecclesie
2300 572 2672 629 concedimus.
2699 571 2806 630 Ista
2841 577 3025 635 omnia
3069 585 3325 656 supradi-

49 675 234 732 scilicet
273 680 336 727 ut
375 670 588 738 absque
623 676 817 722 nostra
862 675 956 722 aut
995 667 1256 722 heredum
1308 653 1622 722 nostrorum

45 765 459 824 contradictione
487 763 704 818 valeant
730 761 800 816 ibi
833 775 1071 831 coquere
1115 775 1330 827 omnes,
1372 760 1625 832 quicum-

45 877 138 932 que
160 857 449 924 voluerint,
512 855 580 910 ad
637 855 924 910 utilitatem
973 861 1029 909 et
1080 851 1384 924 proﬁcuum
1424 854 1623 909 domus

46 948 228 1022 prefate
249 947 505 1014 ecclesie,
531 946 832 1002 secundum
864 945 1010 1016 quod
1039 953 1216 1000 mater
1252 959 1396 1011 mea,
1418 943 1622 1000 Cecilia

46 1042 322 1107 comitissa,
373 1055 564 1096 coram
612 1039 773 1094 nobis
803 1038 1152 1110 presentibus
1197 1046 1252 1093 et
1295 1037 1428 1092 illud
1477 1037 1621 1094 idem

46 1132 475 1188 conﬁrmantibus
528 1131 754 1186 donavit
815 1140 983 1202 atque
1051 1131 1356 1200 concessit;
1425 1130 1621 1187 domos

45 1224 207 1286 etiam,
232 1236 368 1292 quas
399 1220 454 1275 in
485 1219 666 1276 Monte
692 1220 988 1292 Peregrino
1012 1230 1066 1277 et
1093 1220 1300 1293 Tripoli
1325 1221 1528 1278 habent
1552 1237 1619 1277 ex

45 1317 281 1370 devexum
312 1313 541 1380 montis,
565 1329 631 1369 ex
657 1323 890 1385 utraque
919 1324 1074 1385 parte
1104 1315 1188 1370 vie
1211 1315 1432 1383 veteris,
1467 1315 1613 1372 sicut

45 1419 88 1464 et
115 1423 248 1463 nunc
290 1407 598 1478 possident,
649 1423 680 1462 a
732 1423 893 1464 muro
937 1423 1112 1481 usque
1140 1409 1209 1464 ad
1249 1409 1616 1478 conductum;

46 1500 304 1568 gardinum
334 1500 527 1555 etiam.
553 1499 880 1556 Libertatem
907 1517 1127 1572 quoque
1156 1502 1210 1556 in
1241 1511 1402 1572 portu
1426 1511 1617 1558 nostro

45 1591 252 1662 Tripolis
278 1591 565 1660 afferendi,
594 1591 874 1648 deferendi
902 1593 1028 1648 inde
1052 1593 1258 1660 omnia,
1285 1608 1392 1664 que
1423 1595 1616 1653 usibus

47 1686 146 1741 suis
179 1685 488 1742 necessaria
525 1685 752 1752 fuerint,
785 1687 969 1757 quiete
1005 1695 1060 1742 et
1087 1687 1297 1757 absque
1319 1699 1618 1744 consuetu-

47 1780 153 1834 dine
178 1787 267 1835 aut
298 1779 409 1834 ulla
467 1779 757 1835 exactione
789 1780 986 1836 damus
1031 1788 1195 1851 atque
1224 1781 1614 1850 concedimus;

47 1871 418 1942 transitumque
441 1886 545 1943 per
574 1880 763 1942 portas
785 1871 1024 1929 civitatis
1050 1889 1265 1929 necnon
1293 1883 1347 1930 et
1369 1891 1466 1947 per
1489 1875 1616 1929 uni--

47 1982 231 2022 versam
246 1975 447 2024 terram
475 1976 727 2024 nostram
751 1969 939 2024 eadem
965 1969 1215 2025 libertate
1229 1979 1284 2027 et
1297 1971 1616 2042 quietudine
1647 1963 1691 2018 Β

50 2054 319 2112 ﬁrmamus.
381 2057 692 2115 Ecclesiam
755 2057 940 2116 Sancti
972 2058 1191 2134 Georgii
1237 2061 1296 2116 in
1337 2063 1616 2119 montanis

47 2163 152 2202 eum
179 2149 289 2205 suis
319 2151 604 2208 casalibus
625 2161 791 2224 atque
816 2154 1030 2210 cunctis
1053 2153 1180 2210 aliis
1207 2154 1322 2211 suis
1343 2155 1616 2226 pertinen-

49 2239 148 2306 tiis,
175 2241 633 2310 quemadmodum
655 2244 918 2314 probatur
949 2245 1324 2303 dinosciturve
1352 2263 1474 2303 eam
1517 2249 1614 2306 de-

49 2331 172 2386 disse
193 2349 372 2390 comes
395 2333 748 2392 Raimundus
775 2335 962 2393 Sancti
977 2336 1154 2410 Egidii
1175 2338 1418 2410 predicte
1437 2339 1616 2397 eccle-

50 2425 149 2492 sie;
189 2427 361 2483 casale
387 2428 587 2484 Buiola
613 2445 739 2486 cum
769 2430 986 2488 villanis
1018 2432 1134 2490 suis
1167 2441 1221 2488 et
1272 2433 1616 2505 pertinentiis

51 2517 148 2572 suis
181 2525 231 2572 et
261 2534 360 2574 suo
390 2519 610 2592 integro
626 2520 852 2590 oliveto,
883 2523 1028 2594 quod
1065 2523 1374 2582 Willelmus
1399 2525 1616 2583 Iordani

51 2621 210 2664 comes
229 2608 448 2666 donavit
470 2611 528 2665 in
557 2611 902 2669 dedicatione
934 2614 1166 2670 ecclesie
1211 2614 1478 2688 Sepulcri,
1507 2633 1616 2689 que

54 2707 123 2753 est
143 2699 190 2755 in
224 2699 396 2759 IIonte
427 2702 764 2776 Peregrina;
797 2705 904 2761 tria
949 2706 1056 2762 alia
1097 2708 1324 2777 casalia,
1349 2725 1459 2782 que
1485 2718 1616 2766 sunt

57 2790 101 2844 in
124 2794 399 2862 montanis,
426 2811 561 2852 eum
585 2796 804 2853 villanis
833 2806 888 2853 et
911 2799 1259 2870 pertinentiis
1286 2801 1424 2870 suis,
1461 2801 1613 2859 scili-

54 2892 124 2937 cet
146 2884 325 2956 Abdin,
350 2887 580 2956 Bebuia,
607 2888 910 2958 Benehara,
939 2907 1048 2964 que
1071 2908 1257 2959 comes
1281 2893 1616 2955 Bertrandus

56 2975 202 3032 eidem
245 2980 470 3037 ecclesie
501 2981 672 3051 dedit,
715 2991 770 3038 et
819 2999 886 3039 ex
911 2985 1022 3040 alia
1051 2998 1206 3056 parte
1229 2995 1490 3042 montane
1516 3002 1614 3044 ca-

57 3069 148 3124 sale
172 3070 368 3129 Hedera
388 3091 523 3131 cum
546 3074 816 3147 vill[an]is
843 3085 898 3132 et
911 3077 1256 3147 pertinentiis
1277 3078 1415 3147 suis,
1447 3094 1613 3149 quem

57 3158 322 3224 Willelmus
349 3167 762 3242 Ermengardus
794 3169 1046 3238 donavit;
1099 3171 1411 3243 gaustinam
1454 3171 1611 3227 insu-

57 3269 150 3321 per,
175 3273 270 3326 que
297 3259 504 3316 dicitur
533 3259 760 3328 Loisan,
808 3276 974 3331 quam
1017 3259 1362 3316 Raimundus
1385 3259 1454 3316 de
1483 3259 1613 3316 Rai-

57 3359 132 3400 sac
157 3347 316 3417 dedit;
340 3351 528 3408 casale
549 3350 829 3408 Helmedel
858 3367 984 3412 cum
1009 3352 1222 3409 villanis
1257 3361 1311 3408 et
1335 3352 1615 3424 pertinen-

55 3435 129 3490 tiis
150 3438 253 3495 suis
290 3457 460 3512 prope
496 3441 876 3510 Guibelacard,
901 3442 1050 3514 quod
1096 3443 1246 3498 dedit
1272 3441 1478 3512 Ribod;
1518 3457 1614 3498 ca-

58 3529 148 3583 sale
167 3530 510 3606 Cafarsequei
541 3535 594 3590 in
623 3536 900 3590 territorio
927 3537 993 3592 de
1015 3535 1250 3603 Gibelet,
1274 3536 1421 3606 quod
1442 3549 1610 3592 voca-

57 3628 131 3674 tur
154 3627 317 3682 casale
339 3627 536 3684 Pontis
567 3627 700 3695 Sici,
725 3629 875 3699 quod
907 3626 1219 3698 Stephanus
1243 3627 1310 3684 de
1331 3627 1497 3683 Brolo
1518 3627 1614 3683 de-

57 3711 146 3782 dit;
193 3717 242 3772 in
289 3721 459 3777 casali
521 3722 589 3777 de
630 3721 908 3778 Bocumbe
953 3720 1219 3776 villanum
1267 3737 1438 3776 unum
1485 3736 1612 3776 cum

56 3819 144 3860 una
185 3821 460 3868 carrucata
510 3820 674 3879 terre,
717 3827 883 3884 quem
925 3811 1153 3868 donavit
1178 3811 1522 3868 Raimundus
1545 3813 1613 3868 de

57 3891 308 3969 Narbona;
365 3903 423 3958 in
475 3903 679 3970 casale,
734 3903 882 3974 quod
935 3901 1140 3958 dicitur
1180 3903 1308 3970 Aer,
1349 3902 1610 3957 villanum

58 3999 200 4043 unum
221 4006 338 4048 cum
360 4009 476 4050 una
504 4004 792 4050 carrucata
815 4003 980 4062 terre,
1015 4009 1176 4065 quem
1209 3994 1357 4050 dedit
1380 3993 1612 4050 Bernar-

55 4072 141 4130 dus
156 4075 328 4150 Derat;
347 4083 403 4138 in
427 4084 612 4139 casale
631 4084 796 4139 etiam
819 4083 976 4140 Derie
997 4084 1260 4140 villanum
1281 4101 1452 4140 unum
1482 4100 1609 4140 cum

55 4163 186 4242 ium]
227 4184 510 4233 carrucata
553 4184 696 4233 terre
736 4185 792 4233 et
819 4194 854 4232 ι
881 4178 1062 4248 jarras
1105 4177 1232 4245 olei,
1288 4193 1429 4249 quas
1451 4177 1612 4234 debet

59 4262 327 4323 Persolvere
355 4269 648 4336 annuatim
678 4269 938 4326 dominus
963 4271 1298 4341 quicumque
1326 4269 1494 4327 fuerit
1518 4286 1612 4327 ca—

57 4350 184 4419 salis,
211 4371 309 4425 que
344 4361 497 4416 dedit
529 4359 727 4418 Petrus
755 4362 823 4418 de
857 4361 1030 4419 Podio
1065 4362 1378 4431 Laurentii,
1410 4379 1610 4420 conce-

58 4438 190 4497 (lente
214 4461 376 4506 uxore
397 4461 498 4508 sua
519 4469 535 4518 ;
556 4461 611 4506 et
638 4453 900 4508 villanum
923 4469 1096 4508 unum
1122 4469 1249 4510 cum
1283 4470 1392 4510 una
1415 4439 1609 4510 carru;

57 4539 156 4587 cata
177 4543 326 4608 terre,
350 4559 518 4614 quem
540 4543 690 4600 dedit
718 4544 932 4613 Petrus,
956 4561 1126 4616 nepos
1151 4545 1368 4618 Rogerii
1389 4555 1610 4603 consta-

59 4620 245 4698 hularii,
282 4635 334 4689 in
364 4637 547 4693 casale
581 4637 784 4706 Ardin;
835 4647 893 4694 et
928 4639 986 4694 in
1023 4640 1204 4704 casale
1247 4625 1320 4696 de
1351 4639 1609 4696 Buissera

61 4729 202 4775 unum
224 4725 477 4784 villanum
492 4745 620 4786 cum
643 4747 754 4786 una
772 4739 1060 4788 carrucata
1083 4741 1246 4800 terre,
1276 4747 1440 4804 quem
1461 4733 1610 4788 dedit

60 4805 353 4886 Adalardus;
383 4822 438 4876 in
465 4823 674 4878 causali
694 4823 764 4856 m
795 4822 969 4880 Sorb‘e
989 4825 1252 4880 villanum
1279 4841 1450 4880 unum
1481 4841 1606 4881 cum

62 4912 152 4954 una
176 4921 444 4969 carrucata
487 4923 650 4982 terre,
685 4931 850 4986 quem
884 4917 1033 4972 dedit
1055 4916 1349 4974 Gaufridus
1375 4918 1442 4974 de
1467 4917 1610 4974 Pen-

64 4990 228 5058 niS;in
255 5006 524 5061 territorio
567 5007 635 5062 de
681 5005 742 5060 Νι
763 5008 886 5072 phis
923 5023 1004 5062 xu
1053 5023 1272 5079 quoque
1317 5008 1608 5065 Bizancios

64 5093 141 5135 aut
159 5101 250 5144 cxx
276 5092 448 5152 littras
477 5099 603 5166 olei,
631 5111 774 5170 quos
797 5097 1022 5154 donavit
1049 5099 1360 5168 supradiete
1381 5099 1608 5156 ecclesie

64 5171 285 5239 Adalaxia
328 5205 425 5258 pro
485 5192 666 5246 anima
709 5190 885 5263 Vgoni
917 5190 1156 5260 Ebriaci,
1207 5193 1309 5248 viri
1357 5195 1464 5262 sui,
1497 5209 1604 5249 una

66 5275 168 5365 Cum
189 5271 287 5330 filio
312 5295 431 5346 suo,
456 5281 733 5340 Willelmo
760 5283 1012 5352 Ebriaco,
1045 5288 1330 5342 annuatim
1377 5288 1434 5342 in
1462 5304 1608 5344 sem-

69 5366 299 5424 Dllernum
331 5375 659 5445 reddendos;
703 5394 872 5434 unum
909 5394 1130 5449 quoque
1175 5380 1438 5435 villanum
1478 5397 1606 5437 cum

69 5454 283 5515 omnibus
308 5467 418 5522 suis
441 5471 858 5538 pertinentibus,
877 5479 930 5526 et
950 5480 1126 5548 terras
1138 5472 1369 5528 alterius
1390 5473 1603 5543 villani,

72 5551 201 5636 (luem
223 5551 356 5611 dedit
376 5557 676 5617 Willelmus
697 5563 764 5618 de
793 5563 1054 5631 Boschet;
1086 5565 1318 5620 villanos
1344 5567 1602 5636 supradi-

72 5635 164 5686 ειοε
185 5651 458 5718 eorumque
487 5653 714 5710 heredes
752 5670 878 5709 eum
913 5653 1074 5710 terris
1103 5654 1222 5710 sui‘s
1248 5635 1605 5726 perhenniter

1727 675 1814 721 cta
1839 675 1894 722 et
1916 667 2021 722 alia
2046 665 2262 733 cuneta,
2290 681 2398 736 que
2431 665 2573 722 iuste
2623 669 2875 725 canonici
2924 671 3146 731 inantea
3195 689 3327 735 sunt

1727 757 2056 828 adquisituri
2089 773 2186 812 seu
2221 757 2516 812 donatione
2541 773 3020 833 quorumcumque
3035 763 3321 823 hominum

1726 848 1810 904 vel
1834 848 2110 918 emptione
2142 855 2238 902 aut
2278 847 2462 918 aliqua
2503 851 2939 908 commutacione
2971 853 3058 909 vel
3102 855 3170 911 ad
3201 871 3324 928 pre-

1724 953 1854 994 sens
1883 937 2187 1009 possident,
2215 946 2514 994 memorate
2549 939 2782 996 ecclesie
2831 939 3020 997 Sancti
3071 942 3322 1016 Sepulcri

1723 1030 1962 1100 presenti
1996 1029 2281 1102 privilegio
2305 1031 2724 1101 praemunimus,
2755 1041 2829 1100 et,
2878 1033 3024 1090 sicut
3069 1039 3320 1110 prephati

1724 1138 1941 1190 sumus,
1974 1130 2167 1178 nostro
2191 1122 2371 1194 sigillo
2395 1123 2744 1195 insignimus,
2773 1134 2835 1181 ut
2861 1125 3034 1184 libere
3062 1138 3118 1185 et
3138 1131 3324 1201 quiete

1721 1215 1932 1285 absque
1963 1214 2248 1270 exactione
2269 1215 2452 1286 aliqua
2481 1225 2535 1272 et
2564 1217 2799 1274 servicio
2825 1218 2880 1272 in
2902 1227 3155 1276 eternum
3193 1237 3323 1294 pos-

1722 1309 1957 1376 sideant,
1996 1309 2228 1365 testibus
2257 1309 2420 1364 etiam
2466 1311 2790 1382 subscriptis
2819 1313 2952 1368 illud
2985 1315 3127 1370 idem
3162 1333 3322 1373 sanc-

1691 1395 1946 1468 tientes,
1981 1408 2039 1455 ut
2069 1416 2300 1458 censure
2337 1411 2524 1457 nostre
2567 1404 2967 1460 monimentum
3003 1406 3320 1465 inviolabile

1719 1507 2056 1570 permaneat,
2085 1499 2348 1570 quatinus
2379 1511 2439 1555 ut
2465 1515 2568 1554 nec
2602 1515 2698 1570 per
2720 1515 2822 1556 nos
2851 1501 2936 1556 vel
2967 1479 3318 1560 successores

1719 1599 1941 1648 nostros
1970 1591 2023 1646 in
2049 1591 2237 1662 aliquo
2266 1601 2512 1660 tempore
2535 1597 2702 1660 queat
2723 1589 2934 1646 violari.

1862 1681 2174 1750 Rainerius,
2198 1680 2664 1736 constabularius.
2689 1674 2886 1736 Petrus
2897 1679 2965 1736 de
2987 1679 3158 1737 Podio
3181 1681 3319 1736 Lau-

1934 1772 2112 1827 rentii.
2138 1771 2434 1828 Gocelinus
2461 1771 2528 1826 de
2549 1770 2908 1826 Cavomonte.
2939 1770 3105 1827 Saxo.
3135 1771 3318 1827 Giral-

1941 1863 2046 1920 dus
2092 1863 2254 1920 Isnel.
2308 1863 2642 1930 Brunellus,
2689 1860 2920 1933 dapifer.
2971 1861 3319 1921 Raimundus

1925 1958 2233 2015 Lamberti.
2252 1958 2482 2015 Pontius
2506 1959 2734 2016 Giraldi.
2761 1957 3094 2030 Stephanus,
3123 1953 3318 2016 mona—

1933 2067 2051 2107 cus.
2080 2051 2378 2122 Otrannus,
2407 2052 2787 2108 caneellarius.

1790 2140 1954 2199 Facta
1983 2153 2133 2200 carta
2166 2160 2312 2200 anno
2339 2146 2408 2200 ab
2435 2145 2816 2201 incarnatione
2857 2143 3072 2200 Domini
3108 2157 3316 2202 nexuit

1716 2232 2015 2292 indictione
2035 2251 2110 2290 vr.

2343 2347 2556 2404 XCVIII
2585 2349 2676 2404 ⁸⁸⁸.

1717 2457 2063 2498 parvum:qu
2103 2457 2431 2510 nearamm,
2473 2457 2824 2498 TBIPOLITANI
2876 2440 3096 2498 centris
3121 2439 3213 2510 9",
3245 2459 3314 2498 ne

1827 2529 2017 2569 minus
2034 2528 2340 2579 assumus,
2364 2528 2541 2580 annm,
2558 2512 2856 2581 nassum,
2881 2528 3202 2568 BENIIIABAN.

1789 2605 1948 2662 Anno
1999 2604 2277 2662 dominice
2317 2606 2715 2662 incarnationTs
2757 2621 2931 2673 ucxn,
2962 2604 3214 2662 kalendis
3243 2604 3316 2640 °“

1716 2697 2042 2766 decembris,
2109 2711 2211 2770 ego
2257 2696 2611 2766 Bertrandus,
2649 2698 2873 2754 inclitus
2920 2713 3128 2765 comes,
3184 2696 3315 2752 Bai-

1717 2791 1908 2848 mundi
1966 2791 2154 2847 Sancti
2202 2789 2380 2862 Egidii
2435 2789 2651 2863 [ﬁlius],
2711 2790 2880 2846 reddo
2921 2797 2980 2848 et
3027 2789 3154 2848 laxo
3201 2789 3316 2846 Do-

1717 2883 1869 2939 mino
1905 2881 2016 2938 Deo
2039 2889 2096 2938 et
2129 2882 2361 2938 ecclesie
2391 2881 2642 2954 Sepulcri
2683 2881 2902 2938 Domini
2941 2883 3118 2940 nostri
3148 2881 3314 2940 Ihesu

1714 2974 1942 3042 Christi,
1993 2990 2099 3046 que
2149 2975 2256 3031 sita
2323 2975 2486 3032 estin
2537 2983 2723 3030 castro
2759 2974 2960 3033 Montis
3008 2973 3310 3048 Peregrini,

1716 3065 1820 3123 tria
1860 3067 2064 3123 casalia
2101 3108 2118 3134 ,
2161 3067 2371 3124 scilicet
2419 3067 2602 3123 Addin
2657 3068 2750 3136 "°,
2792 3065 2997 3126 Habela
3060 3068 3154 3138 ⁸⁸⁸,
3210 3068 3316 3126 Be-

1715 3161 1911 3216 niaran
1939 3160 2032 3228 ⁹⁸²,
2072 3175 2198 3216 cum
2232 3160 2491 3217 omnibus
2512 3161 2860 3232 pertinentiis
2889 3163 3027 3231 suis,
3053 3177 3160 3235 que
3179 3163 3313 3220 olim

1717 3252 1916 3308 donavi
1955 3253 2025 3308 ad
2055 3251 2326 3324 prefatam
2389 3253 2680 3310 ecclesiam
2721 3269 2822 3326 pro
2851 3256 3097 3312 remedio
3131 3257 3316 3313 anime

1641 3315 1688 3377 ο
1719 3345 1994 3402 Guillelmi
2047 3315 2318 3415 Iordanis,
2367 3315 2764 3418 consanguinei
2790 3347 2919 3415 mei,
2950 3348 3003 3403 in
3028 3349 3311 3418 ‘presentia

1717 3439 1904 3494 domni
1933 3438 2210 3507 Balduini,
2247 3437 2395 3510 regis
2448 3437 2809 3506 Iherusalem,
2837 3447 2891 3495 et
2912 3435 3314 3511 archiepiscopi

1715 3527 2058 3611 Albariensis
2090 3543 2144 3589 et
2170 3532 2383 3588 Arnulﬁ
2407 3533 2783 3589 archidiaconi
2815 3533 3158 3604 aliorumque
3175 3533 3311 3604 'pro-

1715 3625 1914 3680 borum
1967 3625 2237 3693 virorum,
2267 3633 2324 3681 et
2349 3625 2406 3680 in
2445 3639 2613 3680 manu
2660 3623 2867 3680 domini
2897 3621 3178 3693 Iohannis,
3216 3625 3313 3695 qui

1712 3724 1846 3771 tunc
1877 3715 2140 3786 temporis
2166 3724 2284 3770 erat
2301 3713 2718 3786 prioreiusdem
2743 3711 2993 3780 ecclesie,
3025 3709 3170 3783 quod
3193 3728 3312 3767 om-

1713 3807 1878 3864 nibus
1909 3806 2225 3863 hominibus
2249 3805 2610 3862 manifestum
2657 3812 2762 3871 est,
2788 3804 2931 3860 sicut
2953 3811 3105 3858 carta
3127 3803 3305 3859 decla-

1712 3911 1814 3955 rat.
1844 3899 2194 3956 Manifestum
2218 3898 2452 3970 estquia
2474 3913 2575 3970 ego
2599 3896 2957 3965 Bertrandus,
2979 3911 3167 3952 comes
3188 3910 3314 3967 pre-

1713 3994 1970 4064 scriptus,
2004 3992 2247 4064 peccatis
2301 3991 2440 4048 meis
2484 3990 2842 4058 irruentibus,
2877 3989 3074 4050 tradidi
3107 3987 3312 4046 iniuste

1711 4085 2079 4156 prescriptum
2107 4085 2376 4140 honorem
2421 4083 2474 4137 in
2509 4097 2634 4136 meo
2661 4080 2908 4137 dominio
2930 4089 2984 4136 et
3016 4087 3310 4150 potestate.

1711 4173 1857 4231 Nutu
1889 4174 1984 4229 Dei
2010 4184 2194 4230 actum
2223 4186 2307 4230 εει
2335 4174 2482 4244 quod
2503 4171 2806 4242 capitulum
2829 4169 3166 4227 lberusalem
3193 4169 3308 4226 ele-

1711 4269 1790 4341 git
1810 4283 1981 4323 unum
2012 4267 2080 4323 de
2103 4264 2368 4322 fratribus
2398 4265 2516 4321 suis
2542 4265 2596 4319 in
2623 4263 2869 4335 prioratu
2893 4263 3122 4319 ecclesie
3147 4261 3308 4318 Mon-

1712 4363 1785 4418 tis
1809 4361 2114 4434 Peregrini,
2149 4360 2360 4416 scilicet
2383 4358 2659 4414 Arnaldus
2681 4357 2790 4430 9",.
2812 4356 2907 4428 qui
2932 4357 3137 4412 missus
3171 4365 3254 4412 est
3273 4371 3307 4410 a

1711 4455 1874 4512 nobis
1918 4464 1978 4510 ut
2023 4455 2292 4510 honorem
2341 4451 2654 4523 supradicte
2684 4449 2916 4506 ecclesie
2971 4449 3304 4520 adquisitam

1710 4555 2063 4605 conservaret
2101 4555 2156 4602 et
2203 4546 2471 4618 perditam
2516 4545 2786 4616 acquirat.
2827 4541 2924 4600 Illo
2976 4542 3228 4598 veniente
3252 4554 3307 4596 et

1711 4643 1919 4698 honore
1944 4640 2156 4712 perdito
2183 4639 2320 4696 mihi
2350 4638 2746 4710 proclamante,
2777 4637 2964 4692 divino
2983 4643 3310 4708 suggerente,

1713 4736 1930 4801 timore,
1973 4732 2261 4790 consilium
2299 4731 2486 4802 accepi
2533 4747 2564 4786 a
2593 4729 2848 4798 Domino,
2873 4739 2929 4784 et
2971 4729 3096 4784 cum
3125 4727 3308 4781 omni-

1713 4829 1819 4885 bus
1845 4828 2124 4883 nobilibus
2166 4827 2326 4894 meis,
2352 4825 2718 4882 submonente
2745 4822 2946 4893 pietate
2987 4827 3043 4875 ct
3063 4818 3315 4878 remedio.

1711 4924 1898 4978 anime
1932 4937 2053 4978 mee
2073 4929 2128 4976 et
2155 4921 2339 4976 anime
2387 4916 2563 4990 patris
2595 4915 2704 4972 mei
2758 4924 2923 4986 atque
2970 4910 3163 4969 matris
3185 4929 3306 4967 meo

1711 5017 2071 5086 omniumque
2119 5021 2404 5084 parentum
2443 5025 2715 5077 meorum,
2748 5006 2916 5064 reddo
2945 5014 3000 5060 et
3029 5005 3306 5078 guirpiséo

1711 5124 1814 5182 ego
1835 5107 2171 5164 Bertrandus
2194 5120 2380 5162 comes
2397 5114 2452 5159 ct
2473 5103 2619 5158 filius
2647 5117 2803 5157 meus
2822 5095 3052 5155 Pontius
3075 5097 3179 5154 sub
3209 5096 3305 5151 tali

1709 5211 1906 5258 tenore
1952 5208 2008 5256 et
2056 5197 2370 5264 stabilitate,
2400 5195 2545 5268 quod
2573 5211 2672 5251 nec
2698 5209 2800 5265 ego
2831 5207 2935 5248 nec
2968 5190 3115 5247 ﬁlius
3136 5185 3303 5247 ‘meus

1709 5293 1944 5349 Pontius
1997 5305 2099 5346 nec
2143 5289 2290 5343 ullus
2319 5303 2386 5342 ex
2407 5285 2663 5342 eredibus
2684 5286 2754 5317 9“
2780 5285 2918 5341 meis
2938 5299 3040 5339 nec
3066 5283 3176 5339 ulla
3204 5299 3302 5355 po-

1710 5394 1879 5442 testas
1902 5398 2013 5438 non
2035 5381 2106 5414 "'
2129 5379 2384 5435 sitausus
2408 5378 2749 5450 dirrumpere
2773 5377 3137 5432 nec‘alienare
3154 5375 3302 5432 hunc

1712 5479 1978 5532 honorem
2035 5471 2424 5544 prescriptum,
2478 5471 2573 5525 sed
2627 5473 2700 5528 sit
2758 5473 2932 5528 libere
2965 5480 3020 5528 et
3051 5470 3301 5528 absolute

1709 5585 1858 5626 nunc
1886 5576 1941 5633 et
1965 5581 2182 5636 semper
2225 5564 2462 5620 Domino
2489 5561 2602 5620 Deo
2652 5577 2706 5621 et
2761 5565 3021 5623 iamdicte
3065 5562 3302 5620 ecclesie

1714 5658 1905 5717 Sancti
1928 5655 2177 5728 Sepulcri
2199 5655 2320 5711 sine
2341 5655 2582 5727 inganno
2604 5663 2660 5711 et
2686 5655 2830 5712 malo
2865 5653 3102 5728 ingenio.
3137 5652 3298 5708 Insu-

127 5767 432 5862 ficorrigez
459 5790 646 5862 casaii.
673 5825 684 5837 ο
720 5785 808 5862 Μ’
834 5791 899 5858 Α,
934 5790 982 5845 f°
1025 5791 1117 5857 89,
1141 5799 1233 5859 r°;
1265 5792 1326 5859 Β,
1363 5792 1412 5848 f0
1457 5793 1580 5861 104,
1602 5805 1686 5852 v°.
1766 5794 1835 5830 ’⁵⁷
1876 5793 1936 5860 Β,
1971 5791 2180 5847 comitis
2223 5790 2566 5862 Tripolitani.
2631 5789 2790 5862 “378',
2819 5789 3038 5862 Babelg.
3074 5767 3184 5862 ’Μ
3215 5788 3294 5862 La

73 5831 197 5936 ιςςοε
217 5831 311 5936 αξξ
324 5831 446 5936 gn;
460 5831 1001 5936 sanandas;

1085 6055 1089 6059 .
1124 6037 1225 6060 ψη.
1250 6041 1266 6050 ω

155 5859 300 5961 ignes
324 5871 446 5936 mss.
475 5870 558 5916 est
579 5860 686 5914 fort
705 5861 1001 5926 douteuse;
1026 5863 1298 5932 peut-étre
1322 5863 1501 5920 faut-il
1529 5859 1613 5922 lirt

194 5954 206 5969 .
227 5916 494 5969 Βεηιιιηη..
587 5931 656 5963 m
681 5931 721 5969 ιι
791 5931 1100 5969 Arnnltlnm,
1185 5935 1254 5967 ut
1283 5935 1323 5969 ιι
1379 5936 1613 5969 nam“...

1788 5881 1998 5969 hostes,
2027 5879 2065 5918 ιι
2093 5859 2372 5969 Ιίιιξιεηάίιξδε
2426 5865 2496 5898 ⁰⁵⁰
2520 5861 2582 5932 Β,
2605 5861 2802 5951 Abdita.
2879 5860 3048 5945 “fit,l
3065 5859 3292 5948 Dabela.

193 5926 516 5988 .Bem'haren.
587 5931 656 6020 ’5"
681 5931 741 6000 Β,
782 5926 1104 5986 Amaldu'm.
1185 5935 1254 5967 ⁸⁵³
1281 5935 1324 5989 Β
1376 5936 1613 5992 heredibt

1788 5939 1826 5971 ⁵⁵
1852 5926 2089 5990 Matutine
2123 5935 2260 5991 dans
2289 5931 2372 5990 I3.~
2567 5926 2578 5932 ⁷
2637 5951 2646 5956 “
2729 5947 2732 5951 ’

1779 6093 1912 6112 «αισα-τ
1987 6098 2012 6110 od
