3824 6308
163 392 306 462 ’201

1169 395 1616 453 CAIlTULAlRE
1655 397 1745 454 DU
1787 397 1988 455 SAINT
2028 399 2408 456 SEPULCRE.

3304 367 3442 466 nos

160 525 252 578 est
306 523 364 570 et
391 512 591 570 cotidie
636 511 806 570 tendit
832 512 900 569 ad
927 509 1219 585 defectum,
1251 499 1436 573 rerum
1495 519 1756 578 memoria
1787 523 1831 580 Α
1864 519 1940 574 vit
1965 519 2130 574 etiam
2158 519 2394 590 quodam
2419 519 2528 576 alio
2555 520 2858 592 privilegio,
2884 523 2987 579 sub
3016 526 3240 584 nomine
3267 527 3442 600 ipsius

157 617 448 680 gestarum
479 623 510 663 a
541 615 722 663 mente
756 607 864 664 cito
891 609 1168 678 dilabitur,
1205 611 1420 682 scriptis
1440 627 1560 667 eam
1604 626 1755 668 com-

157 698 434 755 mendare
463 697 724 756 imitanda
769 709 986 771 patrum
1023 702 1237 770 sancxit
1259 702 1580 772 auctoritas.
1611 701 1757 758 Lau-

158 790 389 846 dabiles
410 791 583 863 igitur;
605 806 797 860 comm
821 792 1135 860 sanctiones
1161 808 1262 866 ego
1288 792 1561 864 Iohannes
1587 794 1757 851 Goth-

161 899 417 947 mannus
463 900 563 954 pro
591 884 816 942 modulo
851 884 1054 950 virium
1105 902 1354 955 mearum
1403 887 1608 942 imitari
1661 904 1758 944 cu-

161 978 362 1048 piens,
384 977 744 1038 universitati.
775 981 1045 1046 omnium,
1082 987 1194 1040 tam
1229 981 1561 1050 presentium
1590 996 1755 1052 quam

160 1067 512 1135 futurorum,
562 1068 837 1140 presentis
875 1069 1160 1149 scripture.
1196 1069 1534 1126 monimento
1564 1079 1756 1126 notum

163 1159 296 1222 ﬁeri
323 1158 457 1226 ,volo
497 1159 643 1231 quod
668 1174 770 1237 ego
799 1159 1100 1231 iamdictus‘
1138 1160 1408 1222 Iohannes
1450 1162 1756 1230 Gothman-

161 1267 302 1318 nus.
330 1251 683 1309 laudantibus
705 1260 758 1307 et
778 1251 1203 1310 concedentibus
1226 1269 1396 1309 uxore
1418 1270 1537 1309 mea
1554 1255 1758 1311 Aman-

159 1344 298 1400 dala
315 1354 374 1400 et
395 1345 505 1402 ﬁlio
532 1360 653 1402 meo
681 1345 956 1401 Ancherio
971 1361 1094 1402 cum
1121 1359 1293 1402 uxore
1311 1361 1411 1403 sua
1437 1347 1754 1418 Stephania,

162 1435 286 1492 ﬁlia
309 1452 532 1508 quoque
559 1453 682 1494 mea
733 1435 1067 1504 Helisabetb,
1099 1453 1269 1493 uxore
1293 1437 1544 1494 videlicet
1573 1437 1756 1509 Rugo—

162 1528 630 1594 nis,Cesariensis
651 1529 881 1599 domini,
906 1545 1005 1586 nec
1024 1545 1134 1586 non
1158 1531 1345 1602 etipso
1364 1531 1621 1596 iamdicto
1647 1530 1758 1586 Hu-

163 1637 319 1694 gone
349 1623 714 1696 omnibusque
744 1625 890 1693 aliis,
919 1624 990 1684 ad
1015 1640 1156 1697 quos
1185 1625 1456 1696 presentis
1491 1613 1758 1683 venditio-

163 1715 264 1772 nis
289 1716 504 1780 videtur
525 1718 796 1789 pertinere
814 1719 1120 1787 concessio,
1136 1719 1222 1795 vel
1245 1722 1298 1775 in
1315 1729 1598 1790 posterum
1624 1720 1756 1776 sub—

157 1809 381 1880 scriple
417 1809 786 1880 possessionis
832 1811 1049 1870 vendite
1073 1812 1403 1869 hereditaria
1453 1812 1760 1884 possessio,

159 1902 396 1958 casalia-
421 1903 748 1974 subscriptis
777 1905 1094 1964 nominibus
1130 1916 1464 1977 nuncupata,
1488 1906 1760 1976 _videlicet

159 1992 418 2067 Bethaap
439 1995 529 2063 ⁸⁸⁸,
565 1995 835 2058 Derassen
862 1997 955 2066 ⁸⁸⁷,
1008 1996 1292 2071 Denerip,
1309 1999 1451 2068 Culi,
1475 1999 1758 2056 Vastinam

161 2085 402 2153 Leonis,
435 2103 560 2144 cum
588 2089 736 2148 omni
793 2089 1123 2164 integritate,
1161 2092 1394 2164 gastinis
1446 2092 1656 2150 scilicet
1705 2100 1760 2148 et

162 2181 514 2252 appendiciis
535 2228 538 2232 .
563 2183 706 2252 suis,
740 2183 1072 2257 ubicumque
1097 2186 1152 2242 in
1186 2187 1412 2260 longum
1440 2188 1554 2245 sive
1602 2189 1656 2243 in
1679 2187 1760 2244 la-

162 2278 290 2328 tum
323 2273 743 2343 protenduntur,
766 2275 1007 2334 dominis
1045 2277 1391 2337 ct~fratribus
1419 2280 1558 2338 meis
1580 2281 1758 2338 eccle-

163 2361 258 2432 sie
305 2362 581 2426 Dominici
633 2363 882 2437 Sepulcri
913 2370 1218 2440 canonicis,
1259 2371 1463 2430 domno
1510 2374 1762 2432 videlicet

160 2449 456 2512 Nicholao
492 2455 662 2527 priori
686 2459 994 2532 ceterisque
1042 2462 1302 2520 omnibus
1322 2463 1434 2520 Deo
1475 2482 1624 2524 nunc
1652 2467 1748 2525 ibi.

164 2545 301 2601 dem
327 2547 695 2606 servientibus
714 2559 770 2606 ct
794 2551 848 2605 in
871 2560 1156 2622 posterum
1182 2556 1490 2624 servituris,
1514 2573 1616 2630 pro
1642 2575 1678 2616 ιι
1705 2570 1760 2618 et

159 2654 303 2696 cccc
327 2640 589 2698 bizanciis
631 2643 873 2709 vendidi,
896 2653 957 2700 ut
983 2661 1046 2701 ea
1086 2646 1207 2703 iure
1233 2657 1494 2719 perpetuo
1523 2650 1761 2708 habeant

163 2739 230 2792 et
266 2733 590 2803 possideant
615 2735 688 2790 ita
729 2751 959 2806 prorsus
988 2737 1058 2792 ab
1093 2737 1244 2793 omni
1264 2739 1336 2772 ’⁸⁸
1356 2740 1639 2796 hominum
1661 2758 1758 2799 ca-

163 2823 425 2896 lumpnia
465 2835 524 2883 et
551 2827 810 2896 servitio,
838 2829 1126 2886 exactione
1154 2838 1210 2887 et
1239 2830 1500 2888 dominio
1555 2833 1756 2903 soluta,

163 2916 348 2974 libera
379 2927 435 2974 et
461 2919 687 2991 .quieta,
717 2929 772 2977 et
806 2929 1029 2992 propter
1077 2922 1382 2995 prescrith
1407 2926 1612 2982 casalia
1637 2927 1760 2983 nul-

161 3011 294 3066 lum
323 3011 550 3068 omnino
580 3013 802 3070 cuilibet
827 3013 1037 3070 homini
1059 3015 1374 3073 aservicinm
1395 3019 1756 3089 persolvatur.

167 3102 294 3174 Ego
315 3103 608 3176 siquidem,
645 3104 851 3178 ingenti
869 3121 966 3163 me
993 3110 1592 3179 urgenteanecessitate,
1625 3111 1760 3168 libe-

1791 1874 1838 1932 ll

165 3195 410 3293 rationis
442 3195 694 3293 videlicet
719 3209 774 3254 et
797 3197 1188 3293 redemptionis
1209 3201 1277 3258 de
1303 3217 1641 3275 paganorum
1667 3221 1759 3261 ca-
1787 3235 1829 3293 ε

165 3287 446 3358 ptivitate,
470 3288 705 3346 consilio
735 3299 789 3349 et
825 3305 1100 3348 consensu
1136 3291 1343 3348 domini
1368 3295 1512 3368 regis
1541 3295 1761 3353 Baldui-

171 3377 257 3445 ni,
285 3378 356 3434 de
381 3379 542 3436 cuius
571 3379 733 3438 feodo
759 3381 865 3438 fuit
885 3383 1158 3454 presentis
1182 3386 1511 3444 venditionis
1534 3403 1760 3459 posses-

167 3469 284 3535 sio,
313 3469 595 3541 quietiam
622 3473 948 3530 auctoritate
977 3473 1248 3547 privilegii
1284 3476 1370 3531 sui
1415 3477 1762 3535 conﬁrmavit

167 3570 596 3634 presentemqne
625 3564 882 3635 paginam
914 3564 1094 3636 sigillo
1121 3579 1247 3620 meo
1267 3566 1344 3601 ⁸⁸⁸-
1377 3568 1630 3636 munivit,
1664 3585 1760 3624 ca-

169 3651 339 3717 salia,
395 3653 464 3709 de
514 3653 717 3725 quibus
763 3655 966 3726 agitur,
1012 3669 1168 3712 cum-
1194 3657 1453 3712 omnibus
1486 3659 1762 3728 pertinen-

169 3740 270 3798 εὔει
299 3742 369 3775 ’⁸⁸
397 3744 515 3800 suis
535 3745 835 3816 pretaxatis
860 3746 1144 3804 canonicis
1169 3747 1408 3815 vendidi,
1433 3759 1762 3821 cooperante

171 3847 398 3890 mecum
427 3833 484 3888 in
531 3835 788 3892 omnibus
817 3843 874 3892 et
901 3851 998 3908 per
1040 3837 1234 3893 omnia
1256 3837 1368 3894 ﬁlio
1389 3853 1513 3894 meo
1547 3839 1763 3896 Anche-

163 3924 286 3980 rio.
321 3923 378 3979 Si
418 3940 528 3996 qua
577 3925 744 3997 igitur
797 3943 964 4000 super
992 3927 1226 4000 .prefatis
1256 3929 1531 3986 casalibus
1556 3935 1642 3990 vel
1669 3947 1762 3989 eo—

167 4015 436 4072 rundem.
457 4017 758 4074 attinentiis
787 4035 935 4076 nunc
964 4027 1060 4075 aut
1095 4019 1151 4075 in
1175 4019 1420 4076 futurum
1452 4022 1761 4094 calumpnia

167 4109 504 4176 emerserit,»
525 4124 628 4166 nos
656 4119 712 4165 et
749 4111 932 4166 nostri
961 4125 1336 4167 successores
1364 4127 1486 4166 eam
1520 4112 1763 4168 movebi-

166 4215 305 4255 mus
321 4199 414 4268 η’,
436 4212 496 4259 et
514 4216 583 4257 ex
609 4209 727 4258 toto
755 4201 1198 4273 paciﬁcabimus;
1226 4201 1309 4258 sic
1335 4203 1406 4236 °"
1447 4202 1613 4274 igitur
1630 4203 1760 4259 dum

166 4292 477 4350 vixerimus
519 4307 643 4349 nos.
671 4291 996 4350 Nobisvero
1027 4294 1272 4349 humane
1311 4309 1464 4351 more
1494 4295 1762 4352 deceden-

168 4385 344 4452 tibus,
375 4385 476 4452 illi,
511 4385 582 4441 ad
609 4401 749 4457 quos
778 4385 1286 4442 bereditasnostra.
1299 4395 1431 4458 post
1453 4402 1561 4443 nos
1579 4397 1761 4444 trans-

165 4475 320 4545 ierit,
361 4478 654 4534 conventui
711 4476 901 4535 Sancti
944 4477 1192 4549 Sepulcri
1221 4479 1444 4551 obligati
1488 4479 1543 4534 in
1569 4495 1762 4550 perpe-

1857 611 2082 689 scripto,
2107 612 2251 668 hanc
2277 627 2455 668 meam
2478 612 2734 684 sepelatis
2747 615 3028 673 canonicis
3046 619 3437 681 venditionem.

1856 699 1971 772 Ego
2003 709 2207 769 autem,
2224 701 2407 758 anime
2426 718 2553 759 mee
2565 719 2888 775 precavens,
2912 715 3077 777 atque
3098 707 3206 764 iam
3228 712 3442 770 tociens

1856 792 2018 850 dictis
2045 794 2332 851 canonicis
2379 795 2587 852 sollerti
2630 797 3077 856 consideratione
3105 801 3162 856 in
3192 801 3440 861 futurum

1857 887 2169 957 providens,
2197 898 2503 958 prescntem
2541 890 2820 962 paginam,
2845 906 2913 946 ne
2947 891 3016 946 ab
3037 892 3222 964 aliquo
3251 911 3444 951 succe-

1857 980 2102 1038 dentium
2156 980 2295 1036 mihi
2338 980 2394 1035 in
2420 990 2704 1052 posterum
2747 983 2968 1041 concuti
3014 994 3111 1040 aut
3153 987 3444 1058 inpugnari

1858 1080 2064 1142 posset,
2101 1086 2197 1140 per
2237 1071 2626 1142 cirographum
2650 1074 2742 1142 ⁸⁸⁵,
2770 1083 2833 1131 ιιι
2859 1092 2989 1147 pars
3017 1079 3265 1149 superior
3300 1079 3444 1135 indi-

1859 1173 1967 1231 cat,
1991 1163 2264 1221 conscribi
2288 1163 2524 1234 prccepi.
2561 1163 2738 1223 Huius
2764 1168 2843 1223 rei
2867 1176 3034 1226 testes
3055 1178 3186 1228 sunt
3211 1190 3224 1226 :

1999 1254 2118 1311 Odo
2164 1255 2233 1311 de
2285 1254 2490 1311 Sancto
2530 1256 2802 1325 Amando,
2867 1255 3196 1320 castella'nbs
3250 1261 3442 1320 Turris

2077 1345 2245 1402 David
2276 1347 2368 1402 ⁹⁹⁸.
2423 1347 2674 1405 Marmio.
2711 1349 2981 1407 Radulfus
3014 1352 3234 1408 Bornio.
3267 1353 3440 1408 Adam

2075 1438 2238 1510 Niger
2274 1449 2328 1496 et
2374 1439 2564 1510 Fulco,
2601 1441 2770 1498 frater
2796 1444 2935 1500 eius.
2970 1444 3212 1501 Thomas
3260 1444 3442 1500 Patri-

2072 1534 2212 1590 cius.
2244 1533 2440 1590 Petrus
2487 1533 2833 1592 Hermenius.
2880 1535 3172 1593 Baharam.
3217 1536 3442 1593 Gaul‘rie-

2073 1627 2177 1683 dus
2219 1625 2585 1695 Turonensis,
2623 1629 2972 1685 senescalcus
3025 1629 3214 1684 domni
3257 1629 3444 1684 Amal-

2073 1721 2172 1777 riei
2228 1721 2560 1793 patriarche.
2600 1719 2848 1777 Briccius
2877 1721 2972 1776 ⁸³⁸.
3017 1720 3316 1777 Rainaldus
3363 1719 3443 1776 Si-

2073 1813 2314 1870 cherius.
2343 1813 2612 1870 Geraldus
2634 1813 2980 1870 Aldenarius.
3004 1814 3257 1871 Albertus
3278 1813 3427 1869 Lomc

2072 1903 2296 1959 bardus.
2346 1902 2655 1960 Willelmus
2680 1903 2964 1960 Beralclus.
3015 1903 3278 1958 Arbertus
3304 1901 3443 1959 Tor-

2079 2002 2188 2050 tus.
2214 1992 2522 2050 Willelmus
2541 1992 2910 2050 Normannus.

1929 2082 2154 2138 Factum
2185 2091 2272 2140 est
2299 2091 2482 2139 autem
2512 2083 2619 2140 hoc
2660 2099 2808 2140 anno
2831 2083 2901 2138 ab
2929 2084 3311 2140 incarnatione
3334 2082 3442 2140 Do-

1860 2175 1996 2232 mini
2023 2192 2206 2246 ucrxr,
2231 2175 2529 2233 indictione
2550 2193 2627 2244 rx,
2655 2193 2716 2232 ιιι
2742 2192 2920 2232 nonas
2953 2176 3280 2233 decembris.

2551 2287 2620 2344 Cl
2650 2288 2742 2343 ’".

1858 2361 2207 2440 Ριιιγιιιεθιωι
2245 2395 2509 2438 BERNARDI
2539 2395 2909 2437 BI'I'URICENSIS
2933 2396 3001 2436 DE
3029 2395 3244 2445 QUADAII
3276 2393 3444 2447 DOIO,

2074 2469 2216 2518 QUAE
2253 2469 2416 2508 DEDIT
2453 2467 2705 2508 ECCLESIE
2744 2467 2930 2507 SANC'I‘I
2967 2465 3238 2507 SEPULCth

1931 2545 2130 2603 Notum
2154 2547 2225 2602 sit
2260 2545 2519 2602 omnibus
2543 2543 2880 2611 hominibus,
2911 2552 3022 2600 tam
3051 2541 3252 2598 futuris
3275 2556 3441 2613 quam

1858 2639 2228 2712 presentibus,
2285 2639 2416 2710 quia
2464 2653 2566 2710 ego
2615 2637 2929 2694 Bernardus
2977 2634 3335 2692 Bituricensis
3387 2642 3445 2690 et

1859 2747 2000 2787 uxor
2027 2746 2150 2786 mea
2187 2730 2373 2802 Ahoys
2413 2729 2645 2786 ecclesie
2701 2727 2888 2784 Sancti
2931 2725 3178 2799 Sepulcri
3212 2735 3267 2782 et
3293 2725 3444 2782 eius-

1859 2821 1982 2878 dem
2006 2820 2312 2888 canonicis,
2337 2835 2528 2876 eorum
2558 2819 2653 2876 Dei
2682 2819 2856 2893 gratia
2881 2817 3318 2887 fratreseﬁecti,
3345 2833 3446 2890 pro

1860 2913 2038 2968 salute
2083 2919 2282 2968 nostra
2319 2919 2375 2968 et
2399 2918 2702 2982 parentum
2739 2917 3058 2965 nostrorum
3089 2907 3329 2964 domum
3352 2921 3445 2965 no-

1861 3015 2030 3060 stram
2059 3009 2115 3058 et
2136 3017 2482 3074 quocumque
2503 3001 2792 3068 habemus,
2819 3009 3021 3056 terram
3052 3000 3239 3067 etiam,
3278 3014 3444 3070 quam

1859 3110 2028 3166 prope
2055 3102 2269 3166 portam
2295 3092 2483 3150 Sancti
2509 3092 2758 3165 Sepulcri
2781 3108 2882 3164 pro
2903 3107 3072 3150 censu
3102 3091 3337 3148 duorum
3363 3091 3444 3147 bi~

1863 3187 2166 3243 santiorum
2229 3186 2648 3258 aequisivimus,
2717 3184 3050 3242 hereditario
3097 3184 3216 3239 iure
3263 3182 3445 3255 possi—

1863 3281 2040 3338 denda
2078 3282 2182 3337 sub
2211 3281 2806 3352 sequenticonditione
2843 3265 3116 3337 donamus
3147 3298 3161 3335 :
3203 3279 3257 3334 in
3280 3279 3446 3335 domo

1862 3383 2072 3440 nostra,
2118 3375 2380 3446 quamdiu
2425 3375 2746 3441 vixerimus,
2803 3382 2981 3429 cetera
3031 3380 3220 3428 nostra
3266 3370 3446 3443 possi-

1861 3467 2074 3534 dentes,
2103 3466 2546 3537 supradictorum
2567 3465 2966 3521 canonicorum
2983 3460 3302 3518 defensione
3323 3475 3446 3516 mur

1861 3558 1982 3626 niti,
2003 3557 2474 3628 permanebimus;
2505 3574 2632 3614 cum
2654 3567 2834 3613 autem
2864 3557 2990 3628 quis
3010 3565 3262 3612 nostrum
3291 3571 3446 3611 mon-

1864 3658 1996 3705 tuus
2028 3647 2212 3716 fuerit,
2267 3649 2485 3704 tertiam
2532 3657 2743 3719 partem
2773 3647 3019 3703 omnium
3065 3647 3318 3704 canonici
3346 3647 3445 3703 ha-

1861 3741 2116 3809 buerint;
2165 3740 2260 3812 qui
2301 3757 2432 3798 vero
2466 3740 2833 3812 supervixerit
2885 3741 2954 3796 ad
2995 3740 3281 3798 ecclesiam
3317 3757 3444 3797 cum

1862 3849 1962 3890 sua
1985 3833 2092 3888 alia
2148 3840 2304 3904 parte
2330 3833 2516 3900 tertia,
2571 3832 2618 3888 si
2645 3833 2899 3901 voluerit,
2931 3832 3074 3900 ierit,
3106 3841 3162 3888 et
3187 3833 3257 3888 ab
3282 3847 3346 3888 ea
3371 3833 3426 3888 vi

1861 3933 2009 3982 ctum
2040 3933 2095 3980 et
2129 3925 2385 3981 vestitum
2422 3924 2548 3982 inde
2575 3925 2881 3998 acceperit;
2924 3926 3008 3982 sin
3033 3937 3238 3992 autem,
3263 3925 3321 3980 in
3347 3925 3446 3981 do-

1860 4035 1954 4076 mo
1980 4035 2079 4076 sua
2107 4020 2233 4094 erit,
2263 4027 2320 4098 et
2350 4019 2418 4075 de
2467 4019 2692 4091 proprio
2733 4017 2949 4086 vixerit,
2976 4027 3031 4074 et
3077 4026 3201 4089 post
3232 4017 3445 4074 obitum

1860 4129 2017 4170 suam
2070 4099 2280 4184 partem
2306 4113 2526 4187 tertiam
2574 4128 2699 4178 cum
2723 4111 3037 4183 procedenti
3060 4111 3290 4168 ecclesia
3318 4110 3445 4168 abs-

1861 4206 2110 4280 queullo
2129 4199 2524 4280 impedimento
2552 4203 2835 4276 habuerit;
2861 4203 3085 4259 terciam
3107 4211 3288 4258 autem
3317 4217 3446 4272 par-

1859 4309 1968 4352 tem
1998 4297 2214 4353 cuidam
2237 4279 2350 4352 Iﬁlie
2379 4303 2588 4363 nostre,
2615 4294 2944 4350 fraternitati
2971 4309 3164 4350 eorum
3193 4293 3446 4351 similiter

1861 4389 2212 4464 consortiate,
2265 4403 2392 4444 cum
2441 4388 2511 4443 ad
2559 4387 2802 4459 nubilem
2849 4395 3050 4444 etatem
3077 4387 3304 4454 venerit,
3329 4386 3445 4442 sive

1861 4479 2022 4534 etiam
2060 4477 2326 4548 nupserit,
2354 4485 2502 4532 autc
2528 4477 2810 4534 bizancios
2863 4475 2968 4547 ipsi
3012 4475 3262 4532 canonici
3287 4476 3445 4532 dede-

165 4580 334 4626 tuum
365 4572 694 4628 tenebuntur
717 4580 799 4640 ut,
831 4571 878 4628 si
901 4572 1033 4644 quid
1056 4571 1282 4645 dampni
1307 4583 1528 4645 propter
1552 4583 1756 4630 motam
1785 4580 1837 4640 ι)
1861 4570 2000 4638 rint;
2029 4585 2135 4640 que
2165 4567 2212 4625 si
2259 4569 2378 4626 sine
2427 4569 2721 4625 heredibus
2755 4569 2975 4636 obierit,
3025 4577 3197 4623 totum
3227 4567 3443 4637 penitus

163 4661 763 4731 calumpniameidem
812 4664 1106 4720 conventui
1156 4665 1486 4737 contigerit,
1514 4666 1758 4737 predicto
1861 4664 1980 4720 sine
2013 4663 2122 4718 ulla
2151 4663 2463 4734 calumpnia
2484 4663 2712 4720 ecclesie
2740 4661 3075 4728 remanebit;
3101 4669 3156 4716 et
3185 4661 3233 4715 si
3259 4659 3441 4715 infan-

163 4751 468 4807 conventui
505 4752 578 4809 ab
603 4753 713 4812 illis
735 4754 792 4809 in
847 4753 1118 4826 integrum
1160 4763 1517 4824 restauretur,
1544 4764 1600 4811 et
1626 4771 1759 4812 ven-
1859 4763 1942 4812 tes
1977 4755 2116 4811 alios
2134 4772 2202 4812 ex
2249 4755 2409 4812 nobis
2434 4754 2590 4826 ipsis,
2613 4755 2871 4811 omnibus
2907 4753 3031 4808 aliis
3055 4751 3306 4817 remotis,
3345 4766 3441 4822 ge-

163 4842 312 4900 ditio
357 4853 643 4914 pretaxata
657 4853 786 4902 rata
821 4846 880 4902 in
903 4855 1226 4917 perpetuum
1252 4854 1614 4918 permaneret.
1647 4845 1757 4903 No-
1858 4848 2164 4914 nuerimus,
2195 4847 2249 4922 in
2272 4847 2429 4903 tertia
2465 4855 2678 4902 tantum
2717 4853 2871 4916 parte
2905 4843 3016 4899 ﬁlie
3045 4857 3171 4897 cum
3194 4842 3310 4912 ipsa
3346 4857 3442 4896 su-

163 4938 294 4994 luis
315 4937 480 5010 igitur
501 4949 562 4995 ut
589 4939 903 4996 auctoritati
930 4939 1100 4996 huius
1125 4941 1235 4996 mei
1257 4940 1523 5013 privilegii
1547 4941 1754 5012 aliquid
1855 4940 2099 5012 pradicta
2128 4939 2459 5016 participare
2473 4937 2895 5013 constituimus;
2918 4942 3163 5006 preterea
3190 4933 3260 5001 si,
3291 4947 3442 4986 mor-

164 5033 412 5102 deesset,
462 5035 651 5108 rogavi
683 5033 971 5091 domlhum
1003 5050 1186 5091 meum
1220 5051 1405 5110 regem
1426 5036 1752 5092 Balduinum

163 5133 238 5180 ut
265 5135 570 5195 presentem
619 5126 876 5200 paginam
923 5125 1086 5199 sigilli
1119 5127 1203 5183 sui
1233 5128 1596 5198 impressione
1634 5142 1757 5184 cor-

163 5217 478 5287 roboraret,
508 5219 654 5290 quod
693 5221 916 5276 tandem
939 5219 1148 5276 sedulis
1169 5227 1276 5274 tam
1301 5220 1439 5276 meis
1461 5235 1625 5290 quam
1659 5219 1754 5274 ﬁlii

161 5307 279 5364 mei
315 5308 575 5365 Ancherii
617 5319 674 5366 et
700 5309 1006 5366 amicorum
1052 5324 1301 5365 meorum
1327 5309 1586 5380 precibus
1609 5310 1752 5367 obti-

158 5399 284 5456 nui.
330 5399 562 5458 Munivit
607 5417 741 5474 ergo
786 5401 1044 5458 dominus
1085 5417 1270 5470 meus,
1309 5403 1456 5458 sicut
1500 5403 1752 5474 superius

155 5491 304 5555 dixi,
333 5504 643 5564 presentem
693 5493 950 5566 paginam
981 5509 1084 5549 suo
1111 5493 1292 5565 sigillo
1323 5495 1442 5562 m;
1460 5495 1752 5550 conﬁrma-

1862 5029 1972 5088 tuis
2027 5033 2208 5099 nobis,
2245 5031 2488 5087 debitum
2519 5027 2799 5100 quodlibet
2843 5023 3196 5089 remanserit,
3245 5022 3312 5076 de
3346 5036 3441 5076 no-

1859 5123 1990 5180 stris
2029 5131 2085 5178 et
2113 5121 2224 5177 ﬁlie
2266 5121 2517 5192 partibus
2540 5117 2916 5196 communiter
2956 5112 3292 5170 reddendum
3323 5127 3438 5183 pre-

1858 5214 2113 5284 cipimus.
2165 5211 2272 5268 Pro
2308 5210 2404 5267 tali
2447 5208 2615 5282 igitur
2661 5207 3005 5264 institutione
3034 5203 3294 5260 dominus
3344 5201 3441 5258 Pe-

1857 5316 1998 5373 trus,
2039 5305 2190 5376 prior
2216 5302 2401 5359 Sancti
2439 5300 2709 5373 Sepulcri;
2739 5310 2794 5356 et
2822 5297 3012 5356 cuncti
3030 5312 3155 5352 cum
3185 5308 3439 5352 eocano-

1855 5400 1964 5456 nici
2012 5398 2212 5454 fratres
2249 5412 2379 5452 suos
2418 5404 2472 5451 ct
2519 5393 2814 5468 participes
2858 5391 3106 5448 omnium
3165 5389 3435 5446 bonorum

1857 5506 2085 5549 suorum
2114 5490 2481 5562 spiritualium
2507 5506 2609 5547 nos
2627 5490 2682 5546 in
2709 5497 3032 5562 perpetuum
3057 5485 3174 5541 fore
3208 5494 3436 5541 conces-

232 5694 307 5733 ⁹⁸⁶
331 5693 392 5761 Β,
422 5693 742 5765 Bethaatap.
795 5694 867 5729 ⁸³⁷
886 5692 1289 5765 BLDerhassen.
1360 5694 1430 5727 ’⁸⁸
1454 5694 1513 5760 Β,
1539 5698 1742 5752 omnim;

1921 5695 1937 5727 '
1965 5694 2022 5761 Β,
2050 5710 2162 5748 suo.
2239 5692 2400 5765 “ng,
2422 5691 2778 5765 pertimuciis.
2846 5689 2913 5765 Ὗ
2941 5687 3000 5752 Β,
3033 5680 3431 5765 removebimus.

260 5748 770 5868 ωἱᾞξὲλῶέξδᾷξ
798 5748 1381 5868 ..’."..E’.ff}.':“}n§:°h
1441 5748 1513 5799 Μ
1533 5748 2028 5840 Βξῖῂιξὸάνηριηιηί.
2105 5766 2174 5804 ⁸³⁵
2201 5765 2260 5832 Β,
2287 5748 2471 5820 Turris
2506 5761 2680 5820 David
2710 5748 3049 5826 castgllamis.
3084 5813 3092 5818 _
3125 5752 3194 5794 Ψ
3217 5751 3277 5818 Β,
3306 5748 3440 5812 Bri?

157 5850 326 5895 ritus.
405 5833 474 5869 ⁶⁹⁷
504 5835 567 5906 Δ,
595 5835 768 5904 {0-92,
798 5847 883 5902 r";
914 5833 1149 5906 mauquc
1178 5836 1315 5898 dans
1344 5833 1403 5892 Β.
