3812 6312
95 363 194 424 m5
957 335 1406 394 CARTULAIRE
1443 332 1533 390 DU
1578 331 1778 388 SAINT
1822 332 2206 391 SEPULCRE.
3111 335 3255 392 1906

92 485 130 533 et
143 467 268 528 statio
300 455 566 520 redierint;
611 450 704 508 sed
741 450 1002 520 peccunia
1038 450 1142 506 hoc
1182 448 1345 505 modo
1378 445 1567 502 distri-
1595 449 1641 508 Α
1669 461 1770 519 ego
1783 446 1998 502 Mabilia
2013 463 2112 518 pro
2137 446 2508 518 redemptione
2534 445 2714 502 anime
2736 448 2918 503 mariti
2943 449 3050 505 mei
3083 461 3139 506 et
3164 453 3259 507 lilii

92 567 235 623 buetur
259 573 270 608 :
293 548 610 608 medietatem
643 543 814 598 aliene
850 543 1066 613 coniugi
1101 543 1216 597 sive
1242 541 1422 596 alieno
1447 538 1567 594 viro
1672 538 1779 594 rnei
1800 547 1854 594 et
1867 538 2046 594 anime
2057 554 2178 593 mee
2199 548 2254 593 et
2273 536 2522 608 corporis
2543 536 2725 607 inopia
2748 538 3035 594 relevanda
3060 539 3184 596 dedi
3206 551 3261 597 et

88 647 353 723 reliquerint,
378 648 443 706 et,
465 638 511 694 si
539 636 797 692 infantem
834 635 914 691 sic
938 635 1005 690 de
1031 634 1226 690 alienis
1254 633 1564 698 habuerint,
1670 630 1918 723 concessi
1945 630 2228 686 canonicis
2247 628 2430 686 Sancti
2451 628 2758 700 Sepulchri,
2799 629 3170 689 confratribus
3203 640 3261 689 et

86 721 242 821 partem
275 731 505 809 peecunie
545 745 642 786 sue
682 743 844 783 unam
881 727 1061 796 nobis,
1084 727 1312 782 alteram
1349 723 1566 792 infanti,
1668 722 2074 790 dominismeis,
2091 733 2273 778 ortum
2297 737 2479 778 meum
2501 722 2557 776 in
2579 721 3262 794 vitamea,etpostdeces«

86 814 245 895 ieﬂiam
267 826 442 884 marito
468 821 690 878 dederit.
1677 829 1800 870 sum
1821 830 2005 870 meum
2033 815 2262 870 domum
2312 830 2512 882 meam,
2547 823 2842 884 utrumque
2859 814 2977 870 iure
2995 825 3258 885 perpetuo

134 925 260 980 Facta
285 926 357 975 est
387 923 526 972 carta
563 913 666 969 ista
696 927 842 968 anno
869 911 940 967 ab
972 910 1349 967 incarnatione
1384 908 1571 965 Domi-
1673 905 2088 976 possidendum.
2123 904 2234 963 Nec
2256 915 2430 962 totum
2445 905 2756 978 fuitgratis;
2782 905 2886 977 ipsi
2915 907 3062 961 enim
3085 905 3250 962 michi
3277 923 3291 988 ι

83 1017 122 1072 ,ί
142 1024 357 1076 mnu",
386 1003 668 1061 indictione
691 1019 765 1058 ιι.
1670 997 1900 1068 proinde
1931 1014 1962 1053 c
1987 1007 2041 1054 et
2082 1015 2189 1054 ιιι
2220 999 2496 1056 bisantios
2524 1005 3097 1070 recompensaverunt,
3124 1007 3179 1053 et
3200 997 3261 1053 in

131 1103 266 1172 Super
282 1095 557 1153 retentione
593 1107 936 1148 camerarum
958 1099 1013 1147 et
1038 1091 1404 1158 stabulorum,
1431 1105 1571 1162 quos
1674 1098 1796 1146 orto
1821 1090 2134 1147 claudendo
2155 1091 2415 1158 maceria,
2444 1100 2500 1147 et
2519 1092 2574 1146 in
2601 1092 2862 1159 cisterna,
2883 1107 2992 1163 que
3021 1091 3096 1148 ibi
3120 1102 3262 1159 erat,

79 1189 414 1267 proLamberto
457 1185 777 1256 hospitando
826 1183 1174 1250 retinuimus,
1229 1183 1350 1254 ipso
1406 1182 1572 1237 Lam-
1674 1183 1918 1238 curanda
1944 1199 2012 1238 ιι.
2040 1182 2322 1240 bisancios
2363 1184 2775 1254 dispenderunt,
2813 1193 2869 1239 et
2910 1185 3112 1240 victum
3155 1184 3264 1239 mi-

79 1287 192 1340 berto
207 1280 452 1346 defuncto,
474 1277 711 1334 solutum
734 1276 997 1344 facimus;
1023 1291 1162 1330 uxor
1191 1283 1370 1330 tamen
1399 1273 1574 1346 ipsius
1674 1272 1787 1342 chi,
1833 1273 2096 1344 quamdiu
2125 1274 2386 1340 viverem,
2441 1274 2722 1329 communi
2756 1275 2987 1330 consilio
3007 1274 3264 1330 determi-

77 1374 310 1440 Lamberti,
338 1371 582 1447 quamdiu
613 1370 822 1441 absque
841 1369 959 1425 viro
996 1367 1184 1436 fuerit,
1224 1369 1279 1424 in
1311 1368 1392 1424 eis
1417 1368 1573 1424 simi-
1676 1373 1867 1420 natum
1909 1374 2324 1432 concesserunt,
2371 1365 2576 1420 scilicet
2607 1366 2808 1422 cotidie
2847 1383 3043 1438 panem
3091 1381 3263 1422 unum

78 1469 167 1523 liter
185 1465 527 1536 hospitabitur.
1676 1457 2070 1513 canonicorum
2100 1466 2156 1514 et
2183 1457 2464 1513 dimidiam
2509 1457 2694 1514 litram
2745 1459 2861 1514 vini
2900 1459 3184 1531 temperati
3211 1470 3269 1516 et

183 1557 344 1613 Testes
398 1563 524 1612 sunt
563 1573 574 1609 :
607 1551 926 1621 Umbertus,
977 1551 1277 1620 aurifaber,
1339 1559 1394 1607 et
1446 1547 1577 1606 Iiol-
1678 1555 1962 1610 scutellam
1995 1555 2063 1610 de
2091 1555 2408 1626 coquinato,
2438 1555 2492 1610 in
2517 1556 2608 1611 die
2631 1570 2758 1611 vero
2777 1557 3053 1613 dominica
3073 1566 3128 1613 et
3148 1571 3266 1613 ma-

228 1650 390 1715 dreus,
433 1656 486 1703 et
529 1645 838 1704 Turstanus
877 1648 1138 1719 Angelus,
1193 1654 1250 1702 et
1306 1643 1578 1702 Iohannes
1680 1647 1803 1719 gnis
1825 1647 2324 1718 sollempnitatibus
2367 1648 2604 1704 recentis
2654 1647 2922 1704 frustrum
2957 1648 3142 1705 carnis
3180 1646 3270 1704 vel

232 1737 418 1809 Caliga,
440 1744 494 1792 et
523 1735 651 1792 Milo
675 1734 1060 1802 Curvesarius,
1086 1743 1140 1790 et
1169 1733 1362 1791 Petrus
1384 1733 1576 1790 Petra«
1612 1793 1650 1809 ,ἱ
1681 1735 1751 1793 de
1785 1736 1929 1804 cibo,
1953 1751 2118 1808 quem
2139 1736 2347 1792 domini
2386 1737 2754 1793 comederent.

231 1793 450 1902 gorieus,
479 1839 533 1885 et
571 1827 775 1897 Helias,
817 1828 987 1885 frater
1024 1829 1166 1896 eius,
1206 1837 1263 1884 et
1305 1828 1576 1884 Robertus
1609 1793 1652 1849 Β
1754 1826 1868 1883 Hoc
1897 1793 2080 1883 sulem
2108 1825 2314 1882 factum
2351 1835 2435 1883 est
2471 1841 2618 1883 anno
2653 1827 2725 1882 ab
2755 1827 3132 1884 incarnatione
3164 1827 3272 1882 Do-

224 1921 402 1987 Coeus,
443 1932 497 1978 et
531 1921 726 1978 Petrus
762 1921 831 1976 de
884 1919 1135 1989 Ramata,
1165 1928 1221 1976 et
1246 1919 1578 1986 Bernardus,
1682 1919 1816 1974 mini
1847 1934 2094 1985 lcxxxn,
2120 1934 2194 1974 vn
2227 1919 2488 1975 kalendas
2511 1919 2650 1985 iulii,
2681 1935 2806 1990 rege
2828 1918 3068 1974 Fulcone
3089 1917 3276 1974 [hero-

229 2011 503 2078 aurifaber,
530 2023 584 2070 et
605 2013 882 2084 Giraldus,
914 2015 1180 2071 diaconus
1207 2022 1263 2070 et
1281 2012 1580 2071 canonicus
1681 2009 1995 2065 solimitano
2031 2017 2294 2082 regnante
2319 2018 2372 2065 et
2395 2009 2630 2065 Domino
2662 2009 2937 2065 Willelmo
2961 2008 3279 2080 patriarcha

227 2106 397 2164 Sancti
437 2105 705 2178 Sepulcri,
757 2108 852 2179 qui
899 2107 1043 2164 hanc
1098 2117 1307 2164 cartam
1353 2121 1580 2178 compo-
1682 2100 2010 2171 presidente.
2047 2099 2222 2156 Huius
2257 2100 2444 2172 itaque
2479 2101 2556 2156 rei
2585 2110 2715 2156 sunt
2742 2109 2909 2157 testes
2942 2119 2953 2152 :

226 2198 340 2254 suit.
1826 2197 2090 2252 Dominus
2120 2196 2431 2252 Willelmus
2454 2195 2790 2266 patriarcha.

665 2287 758 2345 CV
788 2289 900 2344 ¹⁶⁰¹.
1753 2288 1822 2343 Et
1855 2288 2103 2344 canonici
2134 2287 2170 2343 S

1753 2288 1822 2343 Et
1855 2288 2103 2344 canonici
2134 2287 2322 2344 Sancti
2339 2287 2588 2358 Sepulcri
2616 2307 2627 2341 :

131 2396 430 2436 mnuum:
452 2395 671 2436 arcano:
699 2397 934 2437 ursam
973 2397 1040 2437 ne
1077 2397 1290 2446 ouans!
1321 2396 1480 2437 nouo.
1827 2380 2042 2448 Petrus,
2072 2381 2242 2452 prior.
2269 2381 2466 2438 Petrus
2499 2381 2568 2436 de
2605 2379 2914 2439 Barcilona.
2953 2376 3131 2449 llugo,
3154 2391 3278 2447 pre—

119 2469 278 2526 Notum
326 2472 396 2528 sit
433 2471 693 2528 omnibus
763 2472 1036 2528 dominice
1082 2471 1239 2527 vinee
1284 2471 1587 2527 cultoribus
1900 2472 2134 2542 positus.
2175 2471 2475 2529 Gaufridus
2513 2473 2582 2528 de
2621 2469 3114 2540 Constantinopoli.
3168 2467 3279 2522 Ra-

65 2561 173 2632 quod
192 2578 278 2634 ego
306 2560 619 2631 Nicholaus,
643 2563 797 2635 prior
819 2563 1008 2621 Sancti
1051 2562 1321 2635 Sepulcri,
1357 2578 1586 2620 assensu
1895 2562 2082 2619 dulfus
2104 2562 2524 2620 Parisiaeensis.
2551 2562 2746 2619 Petrus
2778 2560 3113 2617 Bernardus.
3141 2558 3285 2615 Car-

68 2652 194 2709 totius
221 2654 378 2709 nostri
399 2654 648 2726 capituli,
679 2653 926 2722 domum,
958 2672 1125 2729 quam
1161 2656 1335 2712 tenuit
1355 2654 1590 2711 Bernar-
1903 2655 2087 2710 nerius
2107 2655 2175 2710 de
2199 2653 2569 2710 Cenomanne.
2613 2653 2811 2709 Gnido.
2849 2652 3127 2708 Giraldus.
3172 2649 3281 2705 Pe-

65 2743 140 2798 dus
181 2743 474 2813 Bursarius,
507 2743 748 2802 Ricardo
787 2745 1023 2802 iaferino
1053 2756 1110 2802 et
1140 2748 1433 2804 heredibus
1467 2747 1588 2804 eius
1904 2755 2023 2800 trus
2051 2743 2366 2800 Clementis.
2400 2742 2702 2809 Eurardus,
2729 2752 2784 2798 et
2804 2742 2971 2798 ceteri
3007 2739 3282 2798 canonici.

67 2831 193 2889 libere
215 2843 264 2890 et
298 2835 478 2905 quiete
521 2837 582 2892 in
619 2845 942 2908 perpetuum
983 2838 1053 2893 ad
1095 2838 1487 2910 possidendum
1537 2847 1594 2894 et
1904 2836 2294 2901 Anschetinns,
2322 2835 2648 2891 vicecomes.
2678 2833 2978 2889 Rainaldus
3003 2833 3070 2888 de
3093 2830 3285 2886 Ponti-

63 2924 399 2983 emendandum
425 2927 809 2995 concedimus,
839 2928 920 2985 sic
953 2944 1149 3000 nempe
1175 2939 1236 2984 ut
1271 2946 1368 3001 per
1397 2930 1590 3000 singu-
1901 2928 2025 2985 bus.
2063 2927 2358 2984 Gaufridus
2383 2926 2551 2982 Acus.
2580 2925 2834 2982 Tosetus.
2864 2925 3177 2981 Hildredus.

65 3015 124 3071 los
139 3032 287 3074 annos
312 3018 583 3077 Ricardus
618 3020 897 3092 predictus
919 3021 1006 3077 vel
1027 3021 1150 3078 eius
1180 3037 1471 3078 successor
1492 3037 1593 3078 no-
2330 3016 2470 3074 CVll
2514 3017 2630 3072 ⁸⁸⁸³.

61 3106 121 3163 bis
147 3110 432 3184 nostrisque
445 3114 870 3171 successoribus
897 3113 1146 3171 kalendis
1183 3114 1366 3169 martii
1394 3130 1484 3168 nv
1503 3113 1590 3169 bi-
1623 3149 1667 3207 ο
2008 3127 2354 3169 νκινιιεῦιυι
2383 3127 2592 3166 annuae
2620 3126 2690 3164 er
2715 3125 2972 3166 HOSANNE.

63 3200 229 3257 saucios
246 3204 572 3260 censualiter
595 3205 928 3276 persolvent.
953 3205 1222 3261 Addimus
1246 3206 1411 3260 etiam
1427 3207 1595 3276 quod,
1630 3199 1667 3207 ⁷
1771 3205 1970 3264 Notum
2005 3206 2078 3263 sit
2113 3205 2392 3272 omnibus,
2427 3213 2538 3259 tam
2573 3201 2774 3259 futuris
2812 3217 2980 3274 quam
3021 3199 3295 3273 presenti-

61 3287 95 3344 si
119 3289 310 3349 domum
356 3294 507 3350 illam
541 3295 779 3352 vendere
809 3295 1102 3364 voluerint,
1143 3295 1384 3366 primum
1440 3295 1599 3350 nobis
1701 3301 1826 3367 bus,
1867 3299 2016 3370 quod
2055 3313 2160 3371 ego
2195 3297 2391 3352 Petrus
2421 3295 2708 3363 Bernardi,
2751 3295 3052 3351 canonicus
3105 3291 3295 3349 Sancti

62 3391 256 3437 venalem
299 3383 562 3454 oﬂ'erent;
621 3400 788 3457 quam
835 3385 884 3442 si
941 3386 1178 3442 retinere
1241 3385 1600 3454 voluerimus,
1703 3389 1974 3462 Sepulcri,
1997 3404 2272 3446 consensu
2294 3387 2440 3443 Petri
2477 3387 2681 3458 prioris
2708 3397 2762 3443 et
2790 3385 3296 3442 concanouicorum

63 3473 288 3529 marcham
310 3476 524 3547 argenti
545 3475 724 3533 levius
753 3476 1108 3544 habebimus;
1139 3475 1224 3533 sin
1255 3484 1459 3545 autem,
1484 3476 1568 3533 cui

1790 3499 1976 3550 orum,
2020 3481 2270 3536 concessi
2309 3478 2526 3535 Andree
2563 3486 2618 3534 et
2652 3477 2931 3544 Hosanne,
2957 3477 3114 3532 uxori
3149 3476 3295 3543 eius,

63 3573 247 3630 cumque
268 3555 395 3620 dare
445 3581 552 3622 seu
589 3565 825 3622 vendere
860 3567 1151 3648 voluerint,
1179 3567 1438 3623 omnibus
1460 3567 1604 3623 miii-
1703 3575 1958 3646 ediﬁcare
2016 3573 2243 3628 domum
2295 3572 2362 3626 de
2396 3571 2619 3641 proprio
2641 3585 2804 3640 super
2853 3578 3056 3624 terram
3109 3567 3299 3622 Sancti

62 3651 170 3709 tibus
192 3664 341 3727 atque
385 3658 646 3714 ecclesiis
679 3658 898 3729 penitus
927 3661 1188 3731 exceptis,
1213 3661 1368 3718 salvo
1402 3675 1567 3734 prena

1794 3670 1980 3741 pulcri,
2004 3683 2112 3740 que
2137 3675 2221 3724 est
2249 3666 2306 3720 in
2342 3664 2698 3730 lberusalem,
2725 3663 2778 3718 in
2808 3669 2961 3733 parte
2991 3660 3158 3730 regis,
3189 3660 3299 3715 cir-

63 3744 224 3809 minato
245 3763 432 3817 censu,
459 3749 744 3805 liwntiain
776 3750 1032 3806 habeant.
1707 3762 1961 3818 cumdata
1986 3761 2056 3816 ab
2086 3775 2193 3814 una
2226 3766 2381 3829 parte
2408 3756 2574 3811 domo
2617 3753 2805 3810 Sancti
2867 3753 3178 3824 Sepulchri,
3232 3752 3301 3806 ab

109 3834 274 3892 λεωω
301 3849 386 3896 εει
408 3839 521 3897 hoc
550 3856 608 3896 ιν
642 3856 818 3897 nonas
840 3840 1046 3908 ωπῑίῖν
1072 3854 1219 3897 anno
1245 3841 1314 3898 ab
1344 3843 1604 3900 incarna-
1709 3853 1816 3909 alia
1840 3854 2005 3909 domo
2031 3849 2353 3919 llospitalis,
2381 3861 2490 3918 que
2530 3844 2635 3899 fuit
2669 3843 2882 3911 Garsie,
2919 3843 2990 3898 ab
3031 3843 3140 3898 alia
3166 3857 3300 3897 vero

61 3925 171 3982 tione
200 3927 407 3986 Domini
431 3947 603 3988 neu.
635 3928 812 3989 Huius
847 3933 926 3988 rei
950 3941 1120 3990 testes
1148 3942 1317 3991 sunt:

1798 3956 1863 4003 ἰο
1890 3955 1973 4002 est
1995 3943 2330 4001 circumdata
2365 3942 2549 4006 domo,
2585 3954 2693 4010 que
2736 3937 2840 3994 fuit
2875 3937 3100 3992 Roberti
3140 3935 3303 3991 Gala—

166 4017 468 4092 Nieholaus,
505 4024 685 4096 prior.
711 4024 1049 4095 Arnulphus,
1079 4025 1351 4098 subprior.
1378 4026 1608 4082 Bernar-

1802 4055 1864 4095 e:
1901 4038 1994 4094 tali
2023 4035 2337 4092 conditione
2384 4040 2445 4088 ut
2487 4046 2611 4086 eam
2647 4029 2885 4084 habeant
2911 4037 2965 4084 et
2989 4023 3307 4098 possideant

223 4113 342 4180 dus,
427 4123 652 4172 cantor.
749 4115 1115 4185 Godefridus,
1210 4119 1604 4175 thesaurarius.
1713 4150 1728 4188 ι

1798 4146 1890 4186 nec
1928 4129 2184 4196 vixerint,
2212 4136 2267 4181 et
2295 4123 2524 4179 reddant
2554 4137 2593 4176 ιι
2622 4119 2901 4176 bisancios
2937 4134 3040 4190 pro
3086 4116 3303 4176 redditu.

225 4202 527 4263 Ebrardus.
611 4207 861 4264 libertus.
931 4207 1126 4265 Petrus
1171 4210 1237 4265 de
1287 4210 1606 4280 Sepulehro.
1717 4224 1730 4277 ε

1800 4231 1922 4278 ncto
1949 4220 2212 4291 Sepulcro
2248 4218 2303 4272 in
2342 4229 2678 4285 unoquoque
2701 4227 2875 4278 anno;
2899 4211 2946 4267 si
2974 4218 3156 4266 autem
3191 4209 3305 4266 An-

233 4298 426 4358 Petrns
462 4300 748 4358 Clemens.
791 4301 1050 4358 Achilles.
1087 4301 1242 4374 [lngo
1274 4303 1341 4358 de
1381 4302 1608 4373 Nigella.
1714 4315 1738 4369 ό

1804 4330 1879 4370 :as
1919 4321 2172 4368 mortuus
2193 4309 2379 4375 fuerit,
2410 4307 2573 4363 liceat
2610 4302 2820 4376 prefate
2858 4303 3017 4358 uxori
3049 4303 3168 4358 eius
3199 4316 3309 4356 ma-

225 4388 414 4450 Petrus
451 4393 525 4450 de
560 4391 777 4449 Latina.
826 4392 1022 4450 Petrus
1064 4392 1430 4452 Lumbardus.
1481 4395 1612 4451 Rai-
1718 4425 1730 4462 ι

1804 4423 1848 4462 'e
1884 4406 1939 4460 in
1967 4405 2133 4461 domo
2182 4401 2314 4458 dum
2365 4398 2584 4466 vixerit,
2629 4397 2769 4453 duos
2810 4395 3111 4460 bisancios,
3145 4401 3206 4448 ut
3234 4392 3309 4448 di-

226 4485 420 4542 naldus
450 4487 523 4542 de
545 4484 736 4543 Ochis.
762 4484 1033 4543 Robertus
1062 4486 1370 4543 Antiochie.
1643 4486 1691 4545 Ι)
1719 4514 1731 4552 ε

1806 4513 1869 4552 ιῐῐὶ
1913 4504 2018 4563 est,
2071 4493 2304 4566 singulis
2357 4491 2518 4548 annis
2565 4487 3154 4555 rendendo;similiter
3180 4500 3311 4540 vero

109 4566 377 4631 θθὶλίείεε
1720 4589 1939 4646 Andrec
1973 4586 2152 4642 facere
2175 4586 2358 4651 liceat,
2398 4583 2444 4639 si
2473 4590 2597 4654 post
2638 4595 2867 4636 uxorem
2911 4577 3309 4648 supervixerit;

166 4664 408 4736 Pisellus,
465 4667 771 4726 aurifaber.
827 4669 1124 4727 Baldoinus
1173 4669 1369 4726 Borne.
1425 4669 1619 4728 Petrus

1806 4694 1848 4738 5t
1905 4687 2136 4736 mortem
2181 4691 2312 4733 vero
2371 4676 2657 4745 utriusque
2704 4673 2902 4728 domus
2957 4670 3047 4724 illa
3092 4677 3206 4723 tota
3258 4676 3311 4724 et

231 4757 575 4818 Salomonis.
635 4760 906 4817 Robertus
947 4761 1148 4820 Cocus.
1192 4761 1472 4830 Uldretus,
1520 4779 1620 4820 au-
1726 4792 1736 4829 ε

1806 4773 1915 4829 icta
1937 4778 2217 4828 remaneat
2232 4768 2480 4826 ecclesie.
2504 4765 2758 4820 Preterea
2783 4759 3161 4817 concessimus
3177 4756 3228 4812 ei
3253 4763 3311 4811 ut

226 4845 452 4907 rifabér.
506 4851 770 4909 Giraldus
818 4853 1148 4910 Salomonis.
1190 4853 1385 4911 Petrus
1431 4854 1620 4912 Petra-
1725 4867 1794 4923 de
1817 4866 2058 4922 cisterna
2088 4871 2300 4929 nostra,
2344 4875 2452 4931 que
2486 4856 2670 4914 estad
2716 4853 2882 4926 pedes
2921 4851 3146 4922 gradus,
3175 4865 3312 4920 quo-

229 4957 378 5013 801'0-
1730 4974 1842 5028 quo
1869 4957 1957 5012 die
1987 4954 2308 5012 suilitientcr
2339 4964 2540 5021 aquam
2576 4945 2826 5017 accipiat.
2853 4941 3028 4999 Huius
3055 4940 3200 5013 pacti
3238 4948 3298 4995 te
3319 5016 3331 5026 ε

702 5055 818 5112 CV1
843 5056 960 5112 m'.
1729 5059 1840 5107 stes
1863 5055 1992 5104 sunt
2024 5065 2038 5102 :
3334 5079 3351 5120 ε

58 5152 109 5194 ΒΕ
135 5157 334 5209 ρυοωιι
357 5161 534 5215 οιιτο,
575 5161 718 5211 ουΕΙ
743 5163 906 5202 DEDIT
923 5163 1139 5204 ωιιιΑ
1167 5163 1416 5205 εςειεειε
1435 5166 1561 5207 SANC

1877 5139 2206 5206 Βοιὼ-ωας,
2227 5135 2408 5192 iudex.
2456 5132 2712 5188 Albertus
2735 5127 2804 5184 de
2827 5126 3093 5182 Virduno.
3125 5124 3311 5215 Ricar-

681 5233 994 5274 seruccnnr.
1947 5232 2077 5288 dus.
2117 5230 2186 5286 Rc

1947 5232 2077 5288 dus.
2117 5227 2406 5300 Rogerius,
2429 5223 2690 5296 magister
2714 5221 2972 5276 clientum
2998 5218 3186 5274 Sancti
3220 5214 3312 5271 Se-

110 5299 160 5355 Ῑυ
188 5307 410 5362 “omne
452 5313 655 5362 sane“?
678 5315 734 5361 ει
762 5305 1041 5363 ίηάίνίάυθ
1066 5305 1351 5364 Trinitatis
1371 5306 1551 5366 PaU‘iS
1572 5320 1626 5366 Cl
1944 5320 2142 5394 pulcri.
2171 5299 2452 5374 Krnuldus
2480 5311 2764 5370 Fellarius.
2802 5309 2997 5366 Petrus
3017 5307 3314 5364 Porcellus.
3387 5352 3398 5366 ,

56 5391 227 5454 ἥιίίει
257 5398 512 5472 Spiritus
547 5397 759 5468 Sancti,
783 5415 964 5456 amem
1947 5391 2155 5468 liabert
2217 5411 2286 5468 de
2371 5407 2764 5477 Falconberga.
2842 5401 3154 5458 Bernartlus
3221 5397 3315 5452 Ri.-

111 5508 391 5568 Sciendum
413 5516 591 5567 estet
610 5509 831 5581 dignum
861 5510 1122 5568 memorie
1154 5511 1473 5568 tradendum
1499 5511 1626 5582 quia
1949 5504 2139 5574 (ιιιῑῑίεο
2175 5583 2178 5586 ,

55 5695 295 5820 61³υηιΒΑν
354 5694 406 5750 το
465 5693 566 5764 9g,
621 5701 710 5764 ro;
761 5708 998 5765 marique
1043 5693 1182 5753 deus
1203 5691 1261 5748 Β.
1343 5691 1560 5762 “MAN

115 5783 171 5820 DS
240 5809 252 5820 .

1833 5704 1846 5754 ;
1877 5697 2112 5757 manque
2145 5682 2280 5740 dans
2311 5679 2370 5734 Β.
2445 5679 2535 5712 ¹⁰⁰³
2557 5677 2622 5746 Λ,
2658 5676 2704 5732 f0
2736 5676 2803 5733 9i
2835 5675 2935 5742 bis,
2965 5678 3019 5726 ια’
3043 5688 3056 5735 ;
3083 5681 3320 5736 manun

115 5783 171 5823 DS
197 5783 252 5821 ὕ.

1438 5883 1488 5904 ηο-

1439 5920 1472 5935 ιδ

1107 5912 1187 5944 .m-
