3812 6312
543 372 683 431 1207

1106 360 1198 416 AI)
1233 355 1680 418 GODEFRIDUM
1719 352 2010 411 APPEND.
2053 352 2117 408 Il.
2156 383 2228 394 —-
2262 349 2530 408 MONUM.
2574 349 2663 404 DE
2698 346 2921 404 BELLO
2962 343 3207 402 SACRO.

3578 355 3666 416 ltili

611 483 810 538 Actum
859 488 1006 532 anno
1045 473 1114 528 ab
1181 470 1559 528 incarnatione
1611 468 1833 525 Domini
1863 483 2122 534 ucxxxvt,
2155 473 2198 524 A
2225 474 2344 520 tore
2375 475 2428 520 et
2458 463 2700 527 Goll‘rido
2749 461 3096 518 thesaurario
3141 468 3194 514 et
3239 461 3459 531 magistro
3495 465 3667 541 Rubeno,

540 571 841 630 indictione
868 583 988 633 xm,
1024 581 1116 619 xvr
1142 563 1402 619 kalendas
1425 561 1750 618 decembris.

611 663 893 732 Scriptum
952 673 1050 730 per
1089 672 1313 711 manum
1361 652 1621 710 Iohannis
1670 651 1880 720 Pisani,
1921 652 2015 724 qui
2057 665 2125 708 eo

543 766 792 826 tempore
818 751 887 809 ad
919 749 1280 820 Sepulchrum
1310 746 1602 803 clericulos
1622 744 1872 801 docebat.

1177 859 1339 915 CVIII
1382 859 1501 915 ¹⁰⁰⁸λ

544 956 612 996 DE
652 952 979 996 VENDITIONE
1026 949 1242 989 ιιῑτΑιισιι
1290 947 1596 986 ετΑτιοΝυιι
1649 944 1899 987 ECCLESIE
1938 944 2125 984 SANCTI

1192 1017 1466 1057 SEPULCRI.

611 1100 672 1156 In
716 1101 937 1157 nomine
993 1084 1175 1152 Patris
1231 1105 1286 1152 et
1344 1094 1469 1150 Filii
1517 1104 1571 1151 et
1616 1095 1855 1166 Spiritus
1905 1093 2126 1160 Sancti,

542 1207 724 1248 amen.

611 1282 726 1352 Ego
764 1281 916 1338 Alois
960 1296 1085 1337 cum
1125 1280 1244 1333 viro
1271 1294 1398 1334 meo
1431 1278 1664 1334 Girardo
1715 1287 1769 1334 et
1818 1277 1945 1333 ﬁliis
1993 1277 2130 1334 meis

541 1373 798 1444 Rogerio,
853 1373 1066 1428 Alboim
1122 1380 1176 1426 et
1207 1371 1389 1428 Marco
1435 1371 1784 1438 etAmelina,
1841 1370 2129 1426 vendimus

543 1466 839 1520 conventui
868 1463 1215 1520 Sanctissimi
1253 1463 1503 1534 Sepulcri
1545 1463 1682 1518 duas
1712 1462 1974 1517 stationes
2004 1476 2129 1516 cum

542 1570 646 1612 suo
694 1556 901 1613 solario
935 1571 1041 1627 pro
1075 1571 1104 1610 c
1131 1565 1186 1611 et
1240 1572 1343 1609 cxx
1376 1553 1639 1610 bisanciis
1700 1554 1819 1608 iure
1867 1561 2130 1623 perpetuo

540 1648 925 1719 possidendas,
959 1647 1125 1703 certis
1171 1646 1422 1701 terminis
1458 1646 1696 1716 preﬁan
1735 1664 1750 1699 :
1782 1653 1866 1700 est
1898 1645 2046 1699 enim
2099 1659 2129 1698 a

545 1749 702 1814 parte
737 1739 966 1796 orientis
997 1739 1310 1795 communis
1345 1738 1454 1802 via,
1494 1739 1565 1793 ab
1602 1736 1885 1792 occidente
1927 1733 2130 1789 atrium

545 1834 734 1890 Sancti
769 1831 1038 1903 Sepulcri,
1069 1831 1358 1886 a-rneridie
1383 1830 1582 1884 domus
1627 1827 1929 1894 Michaelis,
1967 1842 1998 1882 a
2041 1840 2131 1883 se-

541 1925 874 1996 ptemtrione
897 1924 1094 1980 domus
1114 1923 1300 1979 Guisle
1323 1922 1509 1978 Sancti
1534 1921 1768 1986 Abrahe.

615 2016 845 2073 Factum
877 2025 962 2072 est
991 2015 1259 2086 siquidem
1284 2017 1389 2070 hoc
1429 2028 1578 2069 anno
1627 2013 1697 2068 ab
1750 2009 2132 2066 incarnatione

546 2106 761 2165 Domini
777 2123 936 2175 ucav,
968 2107 1267 2164 indictione
1290 2122 1373 2173 ιιι,
1403 2122 1472 2160 xv
1497 2104 1760 2160 kalendas
1783 2101 2130 2172 septembris,

549 2200 846 2256 venerabili
895 2198 1064 2255 fratre
1093 2199 1386 2255 Fulcherio
1418 2199 1472 2253 in
1505 2195 1800 2252 Ierusalem
1827 2193 2135 2264 presidente

543 2289 838 2347 venerabili
874 2290 1208 2362 patriarcha,
1239 2304 1366 2360 rege
1394 2286 1661 2342 Baldoino
1692 2293 1910 2356 quarto.

617 2380 794 2439 Huius
825 2390 1008 2438 autem
1036 2381 1114 2436 rei
1142 2388 1307 2436 testes
1335 2387 1466 2434 sunt
1495 2396 1520 2432 :~
1609 2401 1611 2404 ⁴

686 2471 884 2530 Petrus
901 2472 1234 2538 Salomonis,
1251 2471 1510 2527 Gibertus
1524 2469 1743 2540 Papais,
1763 2468 1910 2538 regie
1966 2465 2136 2520 maie-

758 2567 886 2622 stati
901 2565 1084 2621 iurati.
1104 2565 1358 2619 Albertus
1374 2561 1687 2618 Lombardi.
1710 2559 1966 2617 Giraldus
1985 2557 2140 2613 Alde-

758 2658 920 2714 narii.
950 2656 1223 2712 Robertus
1251 2655 1454 2711 Cocus.
1481 2653 1811 2719 Willelmus,
1843 2665 2014 2724 nepos
2043 2648 2138 2703 Ai-

760 2739 972 2817 merici,
1001 2750 1196 2822 prioris
1220 2749 1422 2805 Montis
1459 2748 1676 2804 Oliveti.

1207 2865 1321 2921 ClX
1372 2866 1488 2919 που.

546 2976 887 3021 IECOBDATIO
917 2973 1304 3016 CON\'EN'I'IONIS
1332 2975 1403 3014 ΕΤ
1442 2971 1784 3022 ιιοΝΑτιοΝιε,
1825 2971 1926 3021 QUE
1967 2969 2136 3009 FACTE

615 3049 864 3090 FUERUN’I‘
894 3047 1057 3086 INTER
1092 3046 1294 3085 MARIAI
1336 3047 1404 3085 DE
1448 3042 1650 3084 SANC'I'O
1691 3041 1896 3081 LAZAIIO
1938 3041 2007 3080 Ετ
2038 3039 2138 3080 ιιο-

619 3117 849 3160 ϐειιιωι.

617 3211 792 3270 Breve
864 3213 1259 3270 recordationis
1325 3209 1702 3268 conventionis
1781 3217 1848 3264 ει·
1890 3206 2143 3263 donatio-

547 3307 658 3375 nis,
694 3322 802 3380 que
827 3305 970 3362 facta
996 3317 1079 3362 est
1101 3305 1379 3378 quondam
1411 3306 1552 3360 inter
1582 3303 1807 3357 Mariam
1832 3301 1898 3356 de
1943 3298 2144 3354 Sancto

548 3398 778 3467 Lazaro,
809 3414 1036 3455 uxorem
1075 3398 1362 3454 cuiusdam
1405 3395 1644 3467 Rogcrii,
1699 3393 1911 3448 clientis
1959 3390 2144 3447 Sancti

549 3488 818 3561 Sepulcri,
851 3490 1291 3554 et'Bernardum,
1335 3487 1587 3542 clientem
1638 3485 1964 3556 patriarchc,
2028 3482 2142 3538 fra-

550 3589 691 3637 trem
749 3580 919 3649 Petri,
972 3580 1171 3652 prioris
1203 3578 1405 3634 Sancti
1433 3576 1698 3648 Sepulcri.
1747 3573 1882 3630 Nam
1933 3571 2141 3645 prefata

553 3673 724 3730 Maria
763 3674 1008 3745 predicto
1055 3672 1332 3728 Bernardo
1373 3671 1649 3742 quandam
1695 3667 1861 3723 ﬁliam
1903 3682 2058 3722 suam
2085 3664 2141 3719 in

550 3766 965 3822 matrimonium
1006 3765 1230 3820 tradidit
1272 3763 1326 3818 in
1370 3761 1643 3833 presentia
1690 3759 1917 3831 capituli
1951 3757 2140 3813 Sancti

555 3856 803 3930 Sepulcri
829 3866 888 3914 et
911 3857 1165 3929 legalium
1194 3855 1461 3922 virorum,
1490 3869 1654 3925 quam
1678 3852 1845 3907 ﬁliam
1875 3851 2143 3906 habuerat

551 3954 620 4009 de
643 3953 827 4026 priore
849 3952 990 4019 viro,
1023 3949 1247 4005 nomine
1277 3947 1462 4015 Petro,
1487 3947 1685 4003 dotans
1715 3959 1835 4001 eam
1861 3945 1989 4000 dote
2019 3958 2143 3998 cen-

550 4053 668 4101 tum
695 4044 1081 4110 bisantiorum,
1107 4050 1162 4098 et
1188 4041 1427 4096 vestiens
1455 4054 1598 4107 eam,
1628 4046 1701 4093 ut-
1731 4038 1804 4093 ita
1851 4037 2054 4103 dicam,
2085 4037 2139 4089 in

553 4135 718 4192 dorso
742 4144 796 4192 et
832 4135 889 4190 in
911 4135 1070 4201 lecto,
1104 4134 1349 4204 dansque
1396 4132 1561 4188 etiam
1607 4130 1692 4185 illi
1731 4128 2138 4186 usnmfructum

553 4225 839 4282 cuiusdam
868 4225 1045 4292 vince,
1069 4241 1234 4296 quam
1260 4233 1411 4296 pater
1438 4224 1613 4294 puelle
1650 4223 2010 4293 plantaverat.
2047 4217 2138 4271 In-

553 4332 720 4388 super
750 4327 933 4374 autem
983 4318 1157 4372 eidem
1186 4317 1468 4373 Bernardo
1513 4315 1568 4369 in
1609 4305 1742 4384 ipsis
1791 4309 2140 4381 sponsalibus

553 4425 740 4466 coram
791 4409 1019 4466 testibus
1061 4418 1121 4464 et
1160 4406 1578 4464 ﬁdeiussoribus
1631 4411 1883 4475 quartam
1927 4409 2137 4472 partem

555 4502 842 4560 cuiusdam
882 4501 1101 4568 domus,
1149 4501 1382 4572 quesita
1423 4507 1508 4554 est
1549 4499 1604 4552 in
1637 4497 1820 4567 plateae
1841 4494 2050 4565 Templi
2082 4494 2135 4548 in

554 4593 848 4651 Ierusalem
890 4593 1040 4649 iuxta
1085 4594 1308 4648 domum
1362 4589 1634 4645 Bentulini
1662 4631 1676 4655 ,
1726 4597 1849 4660 post
1907 4597 2138 4642 mortem

557 4677 1048 4750 suamconcessit;
1094 4684 1256 4738 aliam
1289 4689 1498 4752 partem
1540 4683 1672 4737 vero
1711 4681 1949 4743 cuidam,
1974 4695 2138 4750 quem

555 4776 811 4843 habebat,
859 4775 1160 4831 reservavit
1202 4774 1336 4838 ﬁlio,
1380 4782 1507 4843 post
1559 4773 1717 4828 cuius
1755 4773 1854 4827 ﬁlii
1906 4779 2139 4827 mortem

555 4866 718 4922 aliam
756 4875 1008 4938 quartam
1041 4873 1248 4937 partem
1285 4862 1528 4934 prefatus
1557 4862 1868 4918 Bernardns
1913 4862 2142 4932 eiusque

556 4957 786 5017 heredes
811 4961 931 5017 sine
958 4959 1051 5014 lite
1080 4967 1135 5014 et
1155 4957 1504 5014 contentione
1531 4958 1650 5013 iure
1685 4966 1949 5028 perpetuo
1973 4957 2141 5012 habe-

557 5065 644 5112 ret
675 5066 732 5113 et
751 5055 1078 5127 possideret.
1119 5051 1292 5120 Quam
1327 5053 1523 5109 domus
1557 5052 1930 5119 donationem,
1966 5064 2140 5105 anno-

556 5164 684 5204 rum
721 5145 1083 5203 interlabente
1120 5145 1414 5213 curriculo,
1459 5146 1722 5216 predicta,
1763 5143 2052 5213 denegavit
2080 5157 2140 5199 se

554 5238 756 5295 fecisse
779 5237 986 5304 Maria;
1016 5239 1158 5294 unde
1179 5239 1319 5294 inter
1343 5239 1515 5309 ipsam
1537 5247 1592 5294 et
1616 5252 1876 5309 generum
1896 5250 2007 5290 non
2037 5235 2143 5290 mi-

566 5331 717 5385 nima
752 5338 876 5385 orta
905 5339 988 5385 est
1015 5331 1420 5396 controversia;
1449 5345 1556 5401 que
1573 5338 1759 5400 postea
1811 5327 2038 5383 dilﬁnita
2059 5337 2145 5384 est

561 5422 618 5476 in
649 5421 888 5492 capitulo
935 5421 1120 5479 Sancti
1146 5422 1392 5494 Sepulcri
1435 5438 1620 5477 coram
1665 5422 1888 5478 domino
1912 5421 2146 5492 patriar-

565 5515 666 5569 cha
701 5514 974 5572 Willelmo
1003 5528 1056 5572 et
1087 5515 1248 5572 Petro
1285 5515 1574 5586 subpriore
1621 5523 1676 5571 et
1718 5515 1979 5572 Anselmo
2017 5532 2147 5571 can-

636 5739 745 5814 m';
766 5743 832 5810 Α,
865 5743 914 5799 ιο
943 5745 1014 5800 9t
1039 5744 1138 5812 bis,
1166 5754 1221 5799 νο
1244 5762 1257 5811 ;
1284 5757 1519 5814 manque
1547 5743 1684 5801 dans
1723 5742 1781 5796 Β.
1860 5743 1950 5774 ¹⁰⁰¹
1984 5742 2047 5808 Α,
2077 5740 2116 5795 f"

2239 5741 2328 5811 bis,
2362 5752 2449 5811 νίν,
2485 5759 2728 5814 manque
2751 5742 2889 5798 dans
2917 5742 2976 5796 Β.

557 5812 694 5889 dans
717 5812 777 5870 Β.

2226 556 2510 612 canonicis
2565 553 2754 610 Sancti
2800 552 3074 623 Sepulcri,
3123 559 3179 606 et
3216 567 3379 606 coram
3421 556 3671 632 Anschetino,

2227 647 2506 719 quondam
2567 646 2894 702 vicecomite
2943 644 3269 710 Ierusalem,
3316 654 3364 700 et
3401 644 3598 706 Ilainaldo
3631 657 3671 711 de

2227 741 2494 797 Pontibus
2524 749 2579 796 et
2609 738 2877 796 Goilfrido
2909 736 3023 792 Acu
3051 757 3063 790 :
3103 735 3196 791 tali
3220 736 3438 792 videlicet
3461 744 3673 801 conditione

2229 844 2291 888 ut.
2316 834 2423 889 iam
2462 832 2645 888 dictus
2693 831 3004 887 Bernardus
3035 837 3283 900 quartam
3325 841 3496 899 partem
3535 835 3675 900 domus,

2231 941 2396 999 quam
2433 925 2550 994 ipsa
2573 922 2742 977 Maria
2767 938 2894 977 cum
2920 919 3156 991 Rogerio
3189 920 3407 974 secundo
3439 923 3531 978 viro
3559 932 3662 998 aequi

2231 1013 2416 1079 sicrat,
2446 1020 2570 1081 post
2598 1022 2830 1068 mortem
2861 1012 2980 1066 eius
3013 1010 3182 1067 libere
3204 1019 3256 1064 et
3277 1010 3382 1064 sine
3403 1013 3544 1083 aliqua
3567 1020 3677 1086 passi.

2230 1103 2356 1159 deat
2399 1105 2741 1175 calumpnia;
2778 1104 2940 1161 aliam
2978 1118 3107 1158 vero
3146 1111 3385 1173 quartam
3416 1116 3576 1173 partem
3608 1123 3679 1179 post

2231 1205 2462 1251 mortem
2497 1197 2592 1250 ﬁlii
2619 1197 2872 1252 similiter
2906 1195 3026 1250 sine
3052 1195 3386 1250 contentione
3402 1196 3571 1253 habeat.

2303 1287 2466 1342 Facta
2497 1297 2580 1343 est
2616 1297 2798 1344 autem
2825 1289 2926 1343 hec
2954 1297 3130 1354 carta,
3157 1285 3416 1341 Willelmo
3443 1288 3604 1345 iubente
3623 1309 3684 1362 pa-

2232 1382 2494 1447 triarcha,
2522 1396 2667 1436 anno
2699 1381 2768 1436 ab
2790 1379 3169 1436 incarnatione
3200 1377 3400 1435 Domini
3429 1398 3605 1448 ncxxxv,
3634 1386 3687 1439 in-

2232 1473 2470 1529 dictione
2520 1488 2620 1539 xu,
2648 1481 2909 1544 regnante
2942 1472 2998 1526 in
3035 1469 3330 1526 Ierusalem
3371 1470 3578 1540 Fulcone,
3611 1491 3689 1547 rege

2233 1563 2573 1620 Francorum
2605 1564 2785 1618 tertio.

2305 1655 2481 1712 Iluius
2521 1665 2703 1712 autem
2729 1653 3107 1711 conventionis
3138 1661 3267 1708 sunt
3288 1661 3470 1709 testes:

2375 1746 2592 1814 Petrus,
2622 1747 2791 1818 prior.
2824 1744 3018 1800 Petrus
3041 1745 3109 1799 de
3142 1743 3452 1798 Barcinona.
3487 1742 3700 1801 Willelmus

2447 1837 2817 1893 Normannus.
2868 1834 3223 1892 Godefridus.
3272 1834 3534 1905 ngrinus.
3567 1835 3681 1890 Eum

2445 1928 2567 1983 dus.
2606 1925 2920 1982 Gervasius.

2305 2018 2382 2074 De
2412 2019 2480 2073 bu
2490 2017 2800 2088 rgensibus.

2375 2108 2626 2166 Oldreus.
2666 2108 2814 2164 Mil‘o.
2844 2107 3191 2163 Bentulinus.
3234 2103 3701 2161 Bernarduslemori-

2453 2205 2656 2270 censis,
2683 2203 2877 2258 Petrus
2907 2201 3266 2273 Petragorici.
3298 2198 3528 2255 Arnull‘us
3553 2201 3704 2256 decor-

2449 2295 2613 2354 ranti.
2647 2293 2957 2349 Bernardus
2980 2291 3363 2347 Bituricensis.

2902 2405 2995 2461 CX
3051 2405 3167 2460 ¹⁶⁰⁴.

2239 2517 2304 2562 DE
2329 2515 2676 2557 CONCESSIONE
2703 2515 2967 2555 ευιυεωιι
2997 2513 3171 2552 DOIUS
3203 2513 3373 2552 FACTA
3397 2512 3644 2552 BENSCELIRO
3665 2513 3709 2551 [τ

2863 2585 3024 2623 ιιχοῐιι
3079 2584 3202 2622 SUB.

2312 2662 2370 2718 In
2429 2659 2654 2723 nomine,
2703 2661 2884 2717 Patris
2929 2669 2984 2716 et
3041 2659 3165 2714 Filii
3226 2669 3290 2715 et
3330 2659 3535 2734 Spiritus
3572 2659 3709 2724 Sancti,

2239 2771 2397 2812 amen
2408 2797 2434 2814 ..

2312 2847 2508 2905 Notum
2559 2847 2630 2902 sit
2666 2845 2934 2903 omnibus.
2976 2845 3450 2903 commanentibus
3483 2843 3528 2899 in
3572 2843 3714 2899 civitate

2242 2948 2430 2998 sancta
2483 2939 2776 2994 Ierusalem
2813 2937 2959 3010 quod
2990 2953 3091 3009 ego
3130 2936 3440 2991 Amalricus
3472 2936 3605 3006 prior,
3638 2951 3716 2988 cum

2242 3034 2488 3106 plenario
2527 3034 2770 3104 capitulo
2791 3031 3020 3089 ecclesie
3045 3030 3395 3087 Sanctissimi
3411 3030 3624 3100 Sepulcri,
3640 3044 3719 3082 con-

2243 3126 2488 3182 cedimus
2509 3125 2828 3182 Benscelino
2851 3132 2905 3178 et
2926 3122 3084 3178 uxori
3113 3122 3242 3178 eius
3265 3121 3409 3176 Gode
3433 3121 3726 3186 heredibusque

2251 3219 2368 3276 suis
2389 3219 2613 3275 domum
2645 3215 2865 3289 Rogerii
2899 3223 2954 3270 et
3006 3213 3180 3269 Marie
3220 3213 3404 3268 Sancti
3427 3212 3600 3277 Lauri,
3615 3224 3723 3280 quam

2248 3310 2452 3365 habent
2472 3308 2537 3364 de
2563 3305 3079 3376 SanctoSepulcro,
3111 3322 3226 3376 que
3253 3305 3356 3362 sita
3383 3303 3520 3376 [est]
3547 3305 3649 3357 inter
3662 3302 3725 3353 do-

2247 3419 2398 3457 mum
2443 3400 2763 3473 Leodegarii
2808 3397 3280 3458 molendinariiet
3313 3399 3531 3460 nredicte
3553 3393 3726 3460 (Βοός-,ιιι

2245 3496 2435 3551 dextra
2466 3503 2619 3566 parte
2655 3495 2849 3566 pl’atee,
2879 3495 3123 3566 quaitur
3143 3496 3220 3550 ad
3251 3493 3544 3563 Templum;
3565 3505 3614 3544 ea
3642 3503 3728 3541 con-

2244 3588 2450 3649 ditione
2479 3588 2560 3646 eis
2583 3587 2937 3643 concedimus
2964 3597 3044 3654 ut,
3092 3587 3294 3657 sopitis
3318 3584 3554 3640 omnibus
3573 3578 3730 3652 querelis

2246 3680 2386 3736 inter
2415 3696 2516 3736 nos
2555 3689 2610 3735 et
2656 3679 2778 3735 illos
2811 3688 2938 3737 ante
2968 3678 3196 3745 habitis,
3227 3677 3471 3732 videlicet
3495 3674 3551 3729 de
3583 3677 3732 3726 temet

2244 3773 2402 3834 vinea
2422 3779 2476 3828 et
2502 3771 2653 3826 omni
2680 3761 2859 3837 fecdo,
2887 3772 3032 3841 quod
3070 3771 3254 3826 tenuit
3296 3771 3411 3838 ipsa
3443 3766 3570 3822 Goda
3587 3773 3630 3818 et
3655 3775 3732 3832 pre-

2243 3863 2562 3919 decessores
2589 3861 2674 3916 sui
2710 3861 2854 3931 apud
2879 3860 3138 3915 Sanctum
3170 3859 3464 3923 Lazarum,
3500 3870 3581 3926 pro
3607 3851 3738 3922 quibus

2245 3955 2780 4012 unammedictatem
2811 3953 3007 4008 domus
3053 3953 3229 4009 libere
3263 3962 3319 4007 et
3344 3952 3513 4022 quiete
3536 3946 3734 4018 possiden-

2242 4045 2368 4100 dam
2391 4032 2907 4107 eidem'Benscelino
2935 4053 2988 4098 et
3016 4043 3177 4097 uxori
3196 4044 3323 4100 eius
3340 4043 3491 4100 .Gode
3509 4035 3742 4094 heredibus-

2242 4152 2350 4206 que
2379 4136 2514 4191 suis.
2537 4130 2911 4202 concedimus,
2944 4143 3002 4189 et
3029 4144 3086 4189 ut
3130 4134 3378 4188 habeant
3422 4145 3514 4202 pro
3542 4126 3658 4181 libitu
3680 4134 3741 4175 suo

2242 4235 2296 4281 et
2323 4227 2602 4284 voluntate
2629 4235 2954 4297 potestatem
2985 4226 3263 4282 vendendi
3299 4241 3421 4286 eam
3455 4225 3558 4280 sive
3583 4215 3743 4276 donandi

2242 4318 2682 4389 quibuscumque
2720 4317 3015 4379 voluerint,
3059 4333 3161 4388 pro
3187 4317 3481 4374 medietate
3507 4328 3614 4368 vero
3634 4309 3743 4363 altera

2243 4404 2526 4464 annuatim
2567 4409 2804 4480 capitulo
2836 4409 3023 4465 Sancti
3055 4408 3318 4478 Sepulcri
3362 4408 3429 4464 ad
3469 4404 3642 4460 Pascha
3660 4413 3749 4469 qua-

2169 4515 2217 4575 ι)
2245 4507 2372 4554 tuor
2403 4499 2688 4556 bizaneios
2741 4499 2846 4570 ipsi
2883 4499 2998 4554 sive
3030 4499 3271 4554 heredes
3300 4499 3389 4554 sui
3424 4495 3699 4568 persolvent;
3721 4487 3747 4539 Si

2245 4607 2374 4646 vero
2399 4591 2681 4646 annuatim
2708 4590 2763 4644 in
2784 4589 2996 4646 Pascha
3018 4590 3271 4661 prcdicto
3300 4587 3576 4646 eonventui
3594 4591 3750 4654 quatuor

2244 4682 2522 4738 bisaneios
2577 4698 2687 4737 non
2735 4683 3116 4752 persolverint,
3155 4682 3466 4752 capitulum
3499 4674 3751 4750 prenomina-

2245 4785 2362 4830 tum
2394 4792 2464 4829 xv
2490 4775 2686 4830 diebus
2709 4783 2832 4850 post
2861 4773 3071 4830 Pascha
3094 4774 3332 4829 habebit
3362 4773 3572 4828 liberam
3594 4773 3754 4838 ρῡιεόυ·

2245 4877 2358 4924 tem
2390 4868 2689 4938 accipiendi
2724 4869 2922 4923 domus
2968 4867 3218 4938 predicte
3278 4867 3620 4922 medietatem.
3658 4855 3754 4908 Haut:

2246 4971 2428 5016 autem
2489 4960 2941 5030 concessionem,_
2997 4959 3257 5014 videlicet
3319 4960 3390 5014 de
3428 4956 3670 5013 medietate
3698 4947 3756 5000 de

2247 5068 2372 5107 mus
2407 5053 2577 5119 illius,
2623 5047 2902 5108 co'tenore
2931 5051 3265 5106 Bcnscclino
3292 5060 3351 5107 et
3371 5051 3514 5106 Gode
3535 5044 3659 5101 uxori
3683 5041 3756 5092 ciui

2244 5143 2659 5215 heredibusque
2690 5144 2805 5200 suis
2837 5144 3073 5200 facimus
3097 5153 3178 5210 ut,
3215 5144 3272 5200 si
3304 5143 3624 5199 medietatem
3648 5134 3758 5190 illam.

2245 5238 2573 5293 necessitate
2617 5237 2800 5308 aliqua
2838 5224 3228 5307 compellente,
3285 5234 3570 5306 aliquando
3601 5224 3763 5282 venda?

2247 5331 2544 5397 voluerint,
2582 5331 2735 5385 salvo
2778 5330 2963 5386 debito
2996 5345 3192 5396 censu,
3239 5345 3410 5400 quem
3459 5321 3652 5384 ecclesie
3683 5329 3763 5388 Illi"

2249 5431 2431 5478 taxate
2477 5423 2711 5495 singulis
2754 5423 2916 5477 annis
2967 5421 3293 5493 persolvere
3319 5421 3594 5482 debebunt,
3627 5409 3763 5482 quitus:

2250 5516 2523 5570 voluerint
2547 5531 2668 5570 eam
2700 5515 2938 5570 vendant
2958 5524 3053 5570 aut
3074 5514 3315 5582 donent,
3343 5510 3572 5584 exceptis
3593 5499 3759 5572 Temp”

2165 1811 2218 1867 Β.

2166 3155 2212 3216 C

3061 5740 3152 5774 ιοοε
3207 5741 3279 5810 Α,
3307 5741 3461 5806 r95,
3492 5750 3569 5799 v“;
3600 5740 3758 5796 manu
