3824 6308
83 356 204 415 {209

81 472 167 527 riis
188 476 242 524 et
265 461 702 536 Hospitalaribus
731 469 786 518 ct
807 461 936 518 aliis
981 459 1426 533 quibuscumque
1453 477 1640 518 moua-
1669 467 1716 526 Α

82 561 262 626 stet-iis;
280 557 326 614 si
348 565 533 613 autem
560 571 682 612 eam
703 555 939 612 vendere
967 555 1260 623 voluerint,
1293 556 1534 626 primum
1549 571 1644 612 ca-

80 651 232 724 pitulo
256 646 470 721 prelato
517 663 636 704 eam
678 647 1105 718 presentahunt;
1162 662 1327 719 quam
1376 647 1423 702 si
1461 662 1644 702 emere

79 741 308 807 voluerit,
350 755 463 796 una
489 754 671 796 marca
697 739 910 818 argenti
939 738 1140 799 minus.
1167 755 1333 812 quam
1363 739 1529 796 alicui
1561 739 1643 804 al-

79 837 164 892 teri
185 832 436 890 vendent.

137 927 238 984 Iiec
266 936 451 983 autem
495 926 780 982 concessio
807 925 951 982 inter
987 926 1285 982 canonicos
1331 925 1513 981 Sancti
1545 923 1645 981 Se-

77 1019 231 1091 pulcri
269 1026 324 1075 et
365 1017 751 1074 Benscelinum
801 1031 1141 1088 uxoremque
1183 1018 1302 1074 eius
1337 1015 1546 1073 Godam
1586 1015 1640 1072 in

77 1099 328 1182 praesentia
365 1107 578 1163 domini
634 1108 946 1178 patriarchc
1001 1108 1277 1164 Fulcherii
1327 1108 1468 1164 facta
1515 1107 1640 1177 fuit,

76 1200 299 1277 annoab
321 1199 702 1256 incarnatione
727 1199 947 1256 Domini
975 1217 1158 1267 ucuv,
1191 1210 1246 1258 et
1280 1202 1522 1272 ipsorum
1552 1218 1646 1258 ca—

34 1319 48 1332 ι
77 1295 394 1360 nonieorum,
420 1309 662 1364 quorum
685 1294 907 1348 nomina
933 1295 1380 1351 subscribuntur.

200 1385 458 1442 Videlicet
510 1387 720 1442 domini
763 1387 1058 1454 Amalrici,
1111 1388 1332 1458 prioris.
1394 1389 1640 1456 Arnaldl,

263 1479 623 1550 subprioris-
653 1479 882 1546 Giraldi,
933 1481 1296 1552 precentoris.
1343 1480 1642 1548 Godel‘ridi,

261 1572 617 1628 thesaurarii.
644 1571 916 1641 Nicholai,
942 1575 1335 1630 elemosiuarii.
1389 1575 1638 1632 Beltoldi.

259 1663 403 1720 Petri
437 1664 797 1734 Sepulcrarii.
833 1663 1117 1736 Stephani,
1151 1666 1437 1737 prepositi.
1490 1665 1641 1721 Con-

259 1756 512 1812 stantini.
543 1755 692 1813 Petri
718 1757 784 1814 de
805 1756 1056 1828 Golgota.
1093 1757 1240 1813 Petri
1266 1759 1334 1813 de
1349 1756 1638 1814 Nazareth.

1085 345 1542 404 CARTULAIRE
1579 345 1674 403 DU
1715 341 1919 404 SAINT
1956 344 2338 404 SEPULCRE.

3192 347 3334 426 ista

1963 461 2298 519 Salomonis.
2335 460 2596 522 Ymhcrto
2627 462 2696 518 de
2733 463 2891 526 Baro.
2923 465 3168 540 Symoni.
3219 467 3328 526 IIu-

1963 569 2105 626 gone
2137 553 2206 610 de
2227 552 2446 608 Tolosa.
2483 552 2715 612 Arberto
2757 556 2823 611 de
2859 557 3024 614 Arcu.
3069 557 3248 628 Iudas,
3279 570 3333 618 et

1961 648 2055 704 alii
2086 648 2264 712 multi.

1816 736 2110 795 Fulcherio
2130 741 2397 798 existente
2421 739 2752 810 patriarcha,
2775 753 3035 814 regnante
3069 743 3334 800 Baldoino

1745 846 1893 903 rege,
1925 832 2153 888 testibus
2173 851 2190 886 :

1889 923 2108 980 Domno
2135 925 2404 996 Philippo,
2433 925 2675 982 Iohanne
2701 927 2766 982 de
2788 926 3093 990 Valentina.
3125 928 3332 984 Gerva-

1871 1075 1874 1078 ,
1957 1015 2060 1070 sio.
2098 1015 2258 1079 Petro
2286 1017 2550 1081 Burdillo.

1820 1106 1936 1168 IIoc
1962 1117 2132 1171 totum
2173 1108 2377 1171 factum
2409 1120 2495 1167 est
2522 1111 2576 1166 in
2600 1113 2836 1182 quadam
2879 1112 3011 1168 feria
3052 1130 3085 1168 v
3127 1114 3334 1169 mensis

1747 1201 1907 1270 iulii,_
1926 1203 1995 1258 ah
2023 1203 2399 1260 incarnatione
2429 1204 2644 1259 Domini
2667 1223 2887 1262 noxntx.

2341 1328 2350 1332 -
2381 1296 2543 1352 CXIII
2579 1298 2684 1355 3°”.

2152 1403 2283 1442 Αιυ.
2331 1403 2565 1448 nosuuo
2620 1388 2927 1461 HAR[TI1\'0].

1820 1478 1933 1551 Ego
1954 1477 2133 1552 litigo,
2158 1479 2253 1535 Dei
2275 1480 2450 1552 gratia
2473 1481 2541 1535 dc
2568 1482 2793 1542 castello
2825 1481 3010 1537 Sancti
3033 1482 3332 1547 Abraham,

1745 1572 1817 1628 do
1859 1587 2029 1628 unum
2067 1573 2345 1628 cortillum
2398 1572 2682 1646 Mart[ino]
2735 1581 2788 1628 et
2837 1589 2939 1630 suo
2994 1575 3181 1630 heredi
3232 1590 3333 1644 pro

1745 1663 1964 1720 duobus
1998 1664 2286 1732 hisantiis;
2315 1674 2368 1720 et
2407 1665 2463 1720 in
2508 1667 2615 1722 hoc
2639 1667 2818 1736 primo
2841 1681 2986 1722 anno
3019 1667 3161 1723 dedit
3197 1666 3332 1722 mihi

1745 1765 1981 1827 quatuor
2009 1772 2110 1828 pro
2144 1757 2360 1817 duobus
2398 1758 2584 1825 anuis;
2627 1773 2723 1830 per
2763 1774 3212 1829 unumquemque
3237 1775 3337 1814 an-

261 1847 550 1905 Bernardi.
581 1847 864 1906 Barduini.
897 1849 1491 1908 Willelmideliaruth.
1525 1849 1640 1905 Hu-
1677 1835 1717 1888 Β
1745 1865 1876 1904 num
1925 1857 2112 1920 postea
2144 1849 2298 1908 dabit
2331 1850 2476 1908 mihi
2513 1850 2655 1906 duos
2696 1850 2962 1906 bisantios
3009 1866 3110 1920 pro
3141 1866 3336 1920 supra-

262 1941 419 2012 gonis
446 1941 517 1997 de
541 1939 770 2014 Nigella.
797 1941 1057 2000 Iohannis
1075 1943 1460 1998 Pictaviensis.
1499 1943 1641 1998 ψει.-

261 2033 409 2089 Iclmi
431 2034 504 2090 de
525 2033 790 2105 Yspania.
816 2034 1088 2091 Rainaldi.
1123 2034 1276 2092 Petri:
1297 2036 1364 2092 de
1393 2035 1638 2093 Bolonie.

134 2122 407 2181 Laieorum
437 2141 572 2181 vero
592 2145 620 2181 :r

193 2214 375 2273 Otouis
410 2219 482 2274 dc
532 2217 773 2273 Verduu.
821 2217 1071 2274 Raittahli
1123 2218 1346 2275 Secher.
1400 2219 1545 2275 Petri
1575 2220 1642 2276 de

257 2307 547 2379 Peregorc.
579 2309 817 2365 Willelni
841 2311 1083 2372 Patroni.
1113 2311 1410 2369 Benedicti.
1433 2312 1641 2368 Albcrti

256 2397 458 2455 Lomba
467 2410 538 2454 rt.
550 2463 552 2465 ι

693 2494 818 2549 cxr
859 2496 971 2549 ιωτ.

78 2601 135 2642 DE
161 2602 548 2644 lBS'l‘IT-U'PIONE
579 2605 845 2646 CUIUSDAII
875 2606 1030 2646 l-‘EODI
1071 2606 1307 2646 ROGEIIIO
1327 2607 1395 2646 DE
1437 2607 1638 2648 διικοτο

725 2676 960 2716 ιΑῑΑιιο.

135 2744 276 2802 Anno
293 2747 768 2810 chinea-natione
794 2747 1010 2804 Domini
1035 2751 1210 2806 nostri
1266 2749 1390 2807 Iesu
1431 2751 1637 2807 Christi

79 2852 283 2907 manv,
326 2841 628 2900 indictione
655 2857 779 2908 xm,
827 2857 890 2897 ιιι
913 2841 1175 2900 kalendas
1201 2843 1340 2910 iulii,
1379 2851 1638 2914 regnante

81 2929 126 2984 iu
151 2930 422 2989 Ierusalem
453 2933 719 3001 Fulcone,
742 2933 1084 2992 Francorum
1119 2952 1246 3008 rege
1275 2937 1458 3002 tertio,
1499 2936 1638 2990 Wil-

81 3021 246 3080 Ielmus
265 3025 578 3094 patriarcha
603 3036 656 3082 et
695 3025 913 3094 Petrus,
949 3027 1100 3098 prior
1141 3027 1328 3083 Sancti
1363 3025 1633 3097 Sepulcri,

81 3116 322 3170 communi
365 3119 608 3174 consilio
639 3127 695 3174 et
736 3133 1013 3175 consensu
1053 3119 1447 3174 canonicorum
1483 3119 1634 3174 cius-

1744 1942 1898 1999 dicto
1926 1942 2172 2008 cortillo;
2201 1951 2260 1997 et
2287 1950 2348 1998 ut
2383 1942 2502 2012 ipse
2542 1951 2863 2013 potestatem
2913 1943 3110 2000 habeat
3146 1943 3334 2013 dandi,

1742 2033 2012 2088 vendendi
2043 2042 2096 2088 et
2118 2033 2450 2101 invadiendi,
2480 2035 2597 2104 ipse
2620 2044 2674 2090 et
2702 2035 2862 2091 heres
2887 2037 3028 2104 eius,
3069 2037 3221 2092 salvo
3248 2046 3336 2092 ta-

1743 2141 1880 2184 men.
1902 2125 2232 2196 supradicto.
2256 2142 2448 2182 censu.

1885 2216 2200 2273 Willelmus
2220 2219 2287 2274 de
2313 2219 2562 2283 Alesnes,
2588 2219 2734 2275 ﬁlius
2759 2218 2972 2276 Radulﬁ
2994 2221 3060 2275 de
3082 2220 3333 2290 Alesnes,

1955 2307 2328 2377 Normannus,
2356 2310 2424 2366 de
2447 2308 2650 2364 Sancto
2692 2309 2991 2365 Abraham.
3024 2309 3335 2369 Willelmus

1957 2401 2023 2456 de
2048 2399 2352 2457 Babilonia.
2380 2399 2562 2472 Titger
2582 2409 2636 2456 et
2676 2409 2831 2472 pater
2863 2402 3006 2468 eius,
3038 2401 3332 2473 Augerius.

1952 2493 2259 2548 Willelmus
2301 2492 2568 2548 Boruicus
2601 2501 2656 2548 et
2684 2492 2830 2553 filius
2861 2493 3008 2560 eius,
3043 2491 3335 2548 Bartholo-

1952 2601 2136 2646 meus.
2163 2585 2236 2640 Et;
2258 2601 2358 2656 ego
2390 2584 2699 2640 Willelmus
2729 2583 2945 2654 scripsi.
3003 2632 3005 2635 .

1813 2675 2020 2730 Omnes
2063 2675 2151 2731 isti
2197 2684 2364 2732 testes
2395 2675 2753 2746 suprascripti
2799 2674 3092 2730 audierunt
3163 2682 3220 2730 et
3253 2673 3336 2730 vi-

1737 2767 1958 2822 derunt.

2373 2858 2539 2915 CXIV
2574 2859 2687 2914 ¹⁰¹⁰.

1737 2969 1806 3008 DE
1830 2968 2198 3021 REREDITATB,
2227 2967 2555 3017 QUAMDEDIT
2585 2967 2854 3008 HAB'I'INUS
2877 2966 3338 3009 ωιιολιιλεοειι-

2295 3039 2377 3078 διε
2408 3039 2454 3078 S.
2494 3039 2770 3078 SEPULCRI.

1809 3113 2011 3170 Notum
2040 3115 2114 3170 sit
2151 3115 2430 3182 omnibus,
2467 3124 2575 3169 tam
2609 3113 2808 3170 futuris
2857 3130 3022 3186 quam
3071 3114 3340 3186 presenti-

81 3202 200 3270 dem,
227 3204 463 3274 feodum,
511 3209 660 3278 quod
682 3209 1004 3274 amiserant,
1045 3207 1280 3280 Rogerio
1325 3207 1394 3262 de
1433 3187 1704 3263 Sanctoc
1737 3207 1864 3274 bus,
1894 3207 2042 3278 quod
2064 3223 2166 3278 ego
2200 3205 2469 3262 Martinus
2503 3205 2752 3261 Caroana
2778 3206 2944 3272 dono,
2987 3205 3166 3274 trado,
3203 3221 3336 3262 con-

79 3292 258 3354 Lazaro
283 3307 339 3355 et
371 3302 536 3358 uxori
561 3300 881 3365 eiusMarie
925 3301 1021 3366 tali
1045 3310 1233 3358 tenore
1253 3301 1632 3370 restituerunt,

81 3391 305 3456 quatinus
349 3397 417 3451 ab
449 3409 520 3450 eo
541 3394 638 3450 die
675 3410 853 3465 usque
875 3395 944 3451 ad
987 3395 1130 3452 duos
1167 3410 1342 3452 annos
1383 3394 1632 3464 domum,

79 3493 215 3546 quam
254 3485 602 3548 habebantin
638 3483 959 3552 Ierusalem,
999 3486 1318 3554 venderent,
1353 3493 1409 3542 et
1441 3501 1635 3542 omnes

81 3585 171 3638 res,
192 3589 564 3649 quascumque
593 3585 654 3632 et.
670 3576 1007 3648 ubicumque
1029 3579 1316 3645 haberent,
1347 3594 1474 3634 cum
1501 3593 1635 3634 con-

81 3661 184 3717 silio
207 3668 595 3725 canonicorum
626 3683 793 3738 super
819 3675 1022 3723 terram
1062 3663 1250 3724 Sancti
1276 3668 1522 3740 Sepulcri
1547 3669 1632 3724 vel

80 3754 135 3812 ad
161 3754 404 3820 Sanctum
447 3759 721 3823 Lazarum
752 3760 836 3816 vel
861 3761 915 3815 in
943 3759 1238 3816 Ierusalem
1272 3761 1627 3826 reducerent,

79 3851 122 3896 ‹·ι
142 3845 179 3907 si
207 3847 346 3914 infra,
357 3850 659 3906 terminum
687 3866 784 3906 eos
801 3850 944 3906 mori.
961 3852 1322 3923 contingeret,
1341 3852 1523 3908 omnis
1545 3867 1633 3908 res

78 3948 236 3992 eorum
267 3939 318 4004 in
346 3942 702 4012 possessione
730 3943 962 3998 ecclesie
981 3951 1310 4010 remaneret;
1340 3957 1551 4009 verum,
1586 3944 1631 3998 si

82 4024 208 4091 infla
221 4031 351 4090 duos
367 4049 569 4102 annos,
601 4043 663 4089 ut
683 4034 1058 4106 supradictum
1081 4044 1186 4103 est,
1209 4035 1432 4091 domum
1456 4035 1632 4105 ipsam

82 4133 173 4174 non
210 4126 524 4185 venderent.
553 4135 650 4182 aut
683 4127 740 4182 in
773 4127 1031 4184 manibus
1081 4127 1476 4184 canonicorum
1522 4143 1632 4183 non

79 4209 354 4282 redderent,
377 4225 438 4272 ct
466 4232 556 4272 res
583 4207 735 4284 suas,
782 4218 1114 4290 ubicumque
1151 4221 1433 4287 haberent,
1469 4237 1635 4292 super

78 4307 249 4360 terram
292 4305 479 4376 Sancti
521 4308 770 4381 Sepulcri
805 4327 912 4374 non
937 4313 1286 4380 reducerent,
1329 4323 1386 4369 et
1410 4313 1630 4376 foedum

77 4397 126 4444 et
163 4391 542 4456 fraternitatem
589 4408 644 4455 et
678 4401 968 4463 amititiam
998 4401 1194 4459 domus
1232 4403 1605 4476 irrecuperabi

77 4479 180 4538 liter
209 4489 520 4557 perderenh

672 4574 814 4630 CXII
852 4576 965 4632 “W3.

193 4675 253 4716 π
278 4677 578 4728 DOXATIONE
604 4683 777 4722 FACTA
801 4681 1041 4724 IARTINO
1066 4681 1138 4722 ΕΤ
1171 4683 1335 4724 UXORI
1371 4683 1490 4724 SUB.

133 4745 349 4814 Noscant
392 4767 504 4812 tam
557 4769 843 4830 presentes
888 4775 1056 4831 quam
1099 4758 1272 4815 futuri
1324 4761 1469 4831 quod
1520 4776 1624 4832 ego

76 4835 332 4915 Miletius,
351 4850 448 4907 Dei
462 4852 636 4923 gratia
656 4852 724 4908 de
747 4851 950 4909 Sancto
971 4851 1248 4908 Abraham
1271 4851 1620 4918 castellanos,

79 4937 125 4984 et
167 4949 292 4992 uxor
317 4958 442 5005 mea.
485 4944 760 5000 donamus
801 4953 856 5000 et
894 4945 1248 5001 concedimus
1294 4945 1527 5000 Martiuo
1575 4955 1630 5001 et

80 5026 216 5110 μοι-ἰ
245 5043 336 5088 sue
385 5043 442 5090 et
489 5036 800 5093 heredibus.
837 5039 954 5094 suis
987 5054 1158 5098 unum
1207 5037 1481 5094 cortillum
1530 5055 1630 5110 pro

82 5107 263 5175 duobus
281 5121 530 5182 hisantiis
552 5125 610 5182 in
646 5143 982 5200 unoquoque
1011 5117 1158 5184 anno
1185 5128 1495 5196 reddendis,
1530 5107 1628 5185 tali

77 5213 312 5302 conventu
333 5217 476 5287 quod
505 5217 708 5274 haheat
727 5227 1050 5290 potestatem
1083 5220 1352 5278 vendendi
1375 5221 1498 5276 etin
1528 5237 1627 5277 va-

83 5289 346 5360 dimnnium
374 5309 656 5373 mittendi.
683 5289 800 5366 Hoc
844 5319 1020 5368 totum
1051 5311 1258 5375 factum
1301 5312 1463 5372 estin
1503 5329 1628 5384 pre-

85 5387 200 5440 senti
218 5397 370 5466 regali
391 5401 567 5469 curia,
590 5403 824 5460 testibus
857 5423 868 5458 :

202 5478 413 5546 Domino
435 5490 606 5549 Πολι-ι,
635 5493 976 5562 Benscelino,
1017 5493 1356 5552 vicccomite.
1401 5495 1624 5552 Brictio.

273 5575 547 5641 Rainaldo.
598 5584 848 5644 Sicherio
893 5586 1403 5660 Petraguoricense.
1467 5587 1629 5644 Petro

150 5727 226 5824 in:
259 5740 387 5824 Qui:
411 5748 502 5816 96,
530 5759 581 5805 r°
609 5770 622 5816 ;
653 5767 891 5824 manque
915 5753 1051 5808 dans
1083 5752 1142 5807 Β.
1202 5749 1313 5824 _'°°“
1340 5749 1404 5824 ᾼ,
1425 5748 1578 5824 _l‘:96,
1613 5758 1674 5802 νυ

1737 3299 1872 3355 cedo
1905 3315 2123 3355 omnem
2153 3298 2509 3356 hereditatem
2544 3313 2720 3352 meam
2750 3297 3034 3354 canonicis
3060 3297 3340 3355 Dominici.

1740 3389 2012 3460 Sepulcri,
2041 3390 2302 3446 laudante
2329 3399 2492 3460 atquc
2515 3387 3024 3444 consentiente'hoc
3045 3388 3189 3443 idem
3219 3383 3334 3442 ﬂIio

1737 3495 1862 3535 meo
1897 3479 2177 3547 Bonneto,
2197 3495 2264 3535 eo
2293 3479 2459 3534 modo
2500 3493 2611 3534 auo
2647 3475 2752 3533 feci
2799 3477 3048 3532 eamdem
3077 3477 3333 3533 donatio-

1737 3587 1884 3639 ncm,
1922 3565 2138 3628 vivente
2170 3579 2226 3627 et
2261 3570 2637 3627 consentiente
2665 3568 2842 3640 prima
2871 3582 3045 3624 uxore
3072 3583 3194 3622 mea
3225 3583 3320 3626 n.0-

1735 3664 1884 3718 miue
1920 3663 2107 3731 Teiza,
2131 3671 2192 3718 ut
2230 3663 2481 3718 videlicet
2515 3669 2639 3733 post
2671 3676 2856 3715 meum
2891 3661 3180 3716 decessum
3215 3667 3328 3714 tota

1736 3754 2016 3810 hereditas
2045 3770 2166 3810 mea
2200 3755 2254 3808 in
2283 3754 2369 3810 ius
2396 3762 2560 3824 atque
2582 3753 2842 3808 ditionem
2867 3752 3132 3807 concedat
3153 3749 3330 3830 eccle-

1736 3845 1816 3901 sic
1841 3844 2113 3916 Sepulcri,
2149 3853 2212 3900 ut
2244 3844 2496 3900 canonici
2530 3842 2779 3914 Sepulcri
2813 3843 3050 3897 habeant
3085 3850 3331 3912 potesta-

1735 3945 1843 3990 tem
1870 3935 2095 3991 fatiendi
2119 3951 2186 3992 ex
2226 3951 2290 3992 ea
2323 3935 2582 4006 quicquid
2629 3934 2732 4005 ipsi
2761 3933 3036 3988 voluerint
3085 3933 3204 3988 sine
3230 3933 3333 3987 ali-

1736 4027 1896 4082 cuius
1925 4027 2385 4094 contradictione;
2421 4043 2521 4098 ego
2544 4041 2696 4093 vero,
2723 4025 2853 4081 dum
2877 4024 3085 4092 vixero,
3114 4023 3332 4080 heredi-

1736 4126 1904 4174 tatem
1935 4135 2112 4175 meam
2143 4120 2457 4192 possidebo,
2493 4120 2566 4176 ita
2601 4120 2746 4191 quod
2775 4118 2941 4174 michi
2974 4134 3084 4174 non
3109 4118 3238 4174 licet
3259 4119 3332 4172 il~

1735 4209 1843 4265 lam
1871 4211 2104 4267 vendere
2128 4211 2243 4267 sive
2280 4211 2632 4282 inguadiare;
2666 4197 2735 4266 et
2766 4211 2815 4266 si
2850 4211 3057 4280 prolem
3108 4225 3172 4264 ex
3225 4209 3329 4264 ista

1735 4321 1930 4372 uxore,
1965 4321 2129 4377 quam
2161 4306 2398 4377 accipio,
2439 4307 2712 4374 habuero,
2752 4321 2931 4376 neque
2975 4321 3116 4360 uxor
3153 4319 3332 4374 neque

1735 4397 1920 4466 proles
1944 4413 2063 4452 mea
2096 4397 2148 4451 in
2175 4391 2531 4453 hereditatem
2554 4407 2764 4469 partem
2779 4397 3122 4468 proclamare
3147 4394 3327 4450 debet.

1661 4527 1713 4587 Β
1737 4487 1914 4545 Huius
1951 4489 2030 4544 rei
2063 4497 2230 4580 testes
2256 4497 2414 4545 sunt:

1875 4581 2073 4638 Petrus
2109 4573 2420 4654 'Peregorc.
2469 4579 2664 4637 Petrus
2721 4579 3002 4636 Bernardi.
3067 4578 3327 4635 Brictius.

1945 4665 2268 4731 Rainaldus.
2291 4672 2591 4731 Si‘cherius.
2629 4671 3327 4748 Willelmus'Normannus.

1948 4766 2146 4824 Petrus
2181 4767 2439 4823 Salomon
2467 4776 2521 4822 et
2547 4766 2963 4833 Constantinus,
2988 4764 3157 4819 frater
3185 4764 3327 4820 eius.

1951 4858 2240 4927 Radulfus,
2281 4859 2582 4932 burgensis.

1812 4951 2040 5007 Factum
2097 4961 2184 5008 est
2237 4952 2343 5008 hoc
2396 4966 2543 5006 anno
2596 4945 2992 5004 incarnationis
3055 4946 3330 5003 dominice

1737 5061 1908 5111 metu,
1956 5044 2256 5100 indictione
2313 5059 2406 5111 xv,
2455 5041 2746 5098 Fulcherio
2791 5039 3220 5111 patriarchatum
3274 5047 3331 5094 et

1736 5138 2008 5198 Balduino
2063 5146 2264 5210 quarto
2309 5152 2538 5209 regnum
2586 5134 2885 5206 optinente,
2929 5131 3182 5189 feliciter.

2400 5229 2540 5285 CXV
2563 5231 2674 5284 ¹⁰¹¹.

1738 5339 2081 5380 PRIVILEGIITM
2109 5336 2478 5378 CANONICORUII
2511 5335 2696 5376 SANCTI
2726 5335 2977 5375 SEPULCRI
3007 5334 3076 5373 ΕΤ
3107 5331 3321 5373 ΒΟΝΕΤΙ.

1806 5413 2074 5469 Omnibus
2126 5420 2312 5469 sancte
2363 5411 2556 5466 matris
2605 5410 2834 5466 ecclesie
2871 5410 2998 5466 tiliis
3039 5417 3230 5480 patens
3272 5415 3327 5462 et

1736 5502 2004 5573 liquidum
2044 5503 2137 5558 liat
2165 5502 2312 5574 quod
2353 5495 2748 5568 controversia,
2792 5517 2899 5572 que
2931 5501 3025 5556 diu
3062 5499 3320 5556 ventilata

1739 5591 1917 5648 fuerat
1936 5592 2076 5648 inter
2101 5592 2397 5648 canonicos
2420 5591 2644 5663 gloriosi
2671 5590 2917 5662 Sepulcri
2945 5599 3000 5647 ct
3023 5589 3288 5645 Bonetum
3304 5627 3320 5656 ,

1693 5767 1706 5814 ;
1741 5764 1978 5822 manque
1998 5749 2136 5822 dans
2166 5748 2223 5806 Β.
2300 5749 2392 5783 ¹⁶⁶⁹
2415 5747 2486 5817 Δ,
2512 5748 2552 5803 I“
2581 5748 2670 5815 96,
2702 5759 2788 5816 v";
2831 5759 3064 5822 manque
3088 5743 3227 5801 dans
3256 5739 3318 5796 B.

95 5789 242 5874 mu.
267 5813 303 5866 1⁸
323 5816 409 5889 97,
430 5791 518 5886 r";
553 5789 950 5894 mattqtte'tlan:
1083 5789 1099 5807 ⁸
1125 5822 1211 5885 ‘9”
1244 5823 1308 5885 Α.
1344 5793 1500 5889 β’ὓτ,
1534 5793 1580 5876 r‘1
1611 5841 1624 5894 ς

1803 5789 1901 5893 {uel
1919 5821 2056 5878 datis
2085 5821 2142 5876 Β.
