3812 6312
507 327 644 418 tau

1076 351 1167 407 AD
1205 343 1652 408 GODEFRIDUM
1693 343 1983 411 APPEND.
2026 340 2090 396 Il.
2132 370 2201 380 —-
2235 337 2520 396 MONUM.
2564 337 2652 394 DE
2687 338 2909 395 BELLO
2951 339 3195 396 SACRO.

3612 349 3713 406 ηιξ

511 447 693 528 θὶῑιιηί
727 462 944 520 Martini
976 461 1246 529 Caroene,
1309 474 1408 532 pro
1443 456 1721 522 domibus,
1763 471 1902 526 quas
1950 463 2102 524 pater
2131 458 2179 514 Λ
2209 453 2294 508 vel
2339 467 2532 507 murus
2577 451 2855 518 ceciderit,
2887 451 3055 507 nichil
3083 451 3212 507 inde
3256 451 3386 506 mihi
3415 455 3490 509 vel
3519 460 3627 514 meis
3651 478 3707 518 re-

511 563 688 635 ipsius
719 559 923 616 Sancto
957 555 1223 628 Sepulcro
1263 552 1516 618 donavit,
1548 566 1644 621 per
1675 564 1871 604 manus
1898 546 2101 619 probo-

512 670 634 710 rum
662 651 949 708 hominum
975 648 1413 704 lerosolimorum
1437 642 1667 698 inferius
1691 642 2101 697 nominatorum

512 749 579 803 ad
619 747 780 802 finem
829 743 1119 800 concordie
1163 739 1498 811 perducitur.
1537 736 1644 792 Pro
1677 736 1780 791 hac
1817 751 1947 790 vero
1971 749 2102 787 con.

513 840 699 897 cordia
763 837 992 894 tenenda
1031 851 1132 906 ego
1185 830 1558 906 N[icholaus],
1617 829 1801 885 Sancti
1855 828 2102 900 Sepulcri

513 933 686 1004 prior,
711 928 989 988 communi
1019 939 1247 983 assensu
1282 923 1449 979 totius
1477 923 1723 994 capituli,
1751 921 1959 977 Boneto
1981 940 2104 993 pre-

513 1023 627 1080 fato
681 1033 734 1079 et
783 1023 902 1078 eius
962 1018 1256 1075 heredibus
1306 1016 1583 1086 quandam
1632 1015 1833 1070 voltam
1884 1016 2101 1070 illarum

513 1115 826 1188 domn[u]m
865 1131 930 1169 ex
970 1113 1182 1184 integro
1224 1111 1464 1181 desuper
1503 1120 1557 1165 et
1598 1111 1794 1166 suhtus
1833 1111 1951 1166 iure
1981 1126 2104 1181 pcr—

512 1215 673 1276 petue
699 1203 1016 1259 hereditatis
1046 1202 1353 1257 habendam
1388 1201 1771 1268 concedimus,
1807 1201 1886 1257 sic
1909 1218 2105 1271 nempe

511 1306 573 1352 ut
594 1297 854 1368 quicquid
877 1312 945 1351 ex
975 1306 1204 1366 paterno
1239 1296 1358 1350 iure
1387 1310 1482 1350 seu
1532 1303 1781 1349 materno
1819 1295 1934 1349 sive
1960 1311 2102 1364 quo-

510 1391 643 1446 libet
703 1392 866 1446 modo
918 1389 1192 1445 clamabat
1240 1390 1325 1444 vel
1381 1389 1622 1444 clamare
1669 1397 1900 1459 poterat,
1949 1388 2105 1445 nobis

511 1481 740 1536 omnino
769 1482 1011 1537 dimittit.
1058 1481 1327 1536 Addimus
1367 1481 1532 1537 etiam
1574 1482 1721 1552 quod
1769 1479 2012 1535 Bonetus
2050 1487 2106 1534 et

511 1573 633 1630 eius
663 1573 892 1630 heredes
923 1590 1018 1645 per
1048 1575 1294 1645 singulos
1323 1589 1499 1629 annos
1528 1574 1687 1629 nobis
1722 1581 1778 1627 et
1815 1585 2104 1628 successo-

513 1667 668 1722 ribus
704 1666 912 1722 nostris
957 1666 1097 1721 duos
1148 1665 1416 1721 bisantios
1455 1665 1507 1718 in
1546 1664 1736 1719 Ramis
1788 1663 2103 1718 Palmarum

512 1759 844 1815 censualiter
890 1759 1236 1830 persolvent;
1290 1769 1344 1813 et
1383 1759 1429 1813 si
1488 1757 1628 1813 forte
1669 1757 1960 1826 contigerit
1982 1771 2105 1826 pre-

2206 545 2574 616 spondebunt.

2835 654 3027 712 CXVII
3046 656 3158 711 ""5

2202 763 2552 804 Ριιινιιεϐιυιι
2613 763 2908 805 CONCORDIE
2976 765 3042 802 DE
3107 765 3323 804 υεεωιε
3380 765 3444 803 ΒΕ
3503 766 3713 811 ωεωεῐυς

2274 836 2450 875 εκλυδ
2487 836 2657 874 FACTB
2689 836 2853 875 INTER
2889 834 3178 875 CANONICOS
3217 835 3403 874 SANCTI
3435 835 3643 878 SEPULCII
3667 843 3712 880 ει

2275 907 2421 947 HOSPI
2429 907 2615 946 τΑιεε.

2273 1007 2330 1060 1η
2383 1005 2606 1062 nomine
2663 1005 2845 1062 Patris
2901 1014 2955 1062 et
3008 1004 3136 1059 Filii
3184 1012 3240 1060 et
3296 1002 3522 1076 Spiritus
3559 1004 3716 1072 Sancti,

2203 1114 2384 1153 amen.

2276 1190 2568 1258 Quoniam,
2607 1190 2942 1261 impediente
2989 1189 3110 1244 labe
3143 1187 3536 1258 peccaminum,
3575 1201 3722 1244 mom-

2205 1283 2338 1338 linm
2389 1292 2611 1352 pectora
2655 1281 2822 1337 citius
2858 1280 2914 1334 in
2937 1279 3285 1351 :oblivionem
3326 1277 3628 1344 dilabuntur,
3652 1295 3722 1350 ego

2207 1377 2548 1443 Willelmus,
2591 1375 2777 1432 divina
2821 1373 3190 1444 dispositione
3224 1369 3546 1426 lerosolimis
3588 1380 3724 1425 sest

2206 1471 2525 1526 Latinorum
2575 1468 2910 1540 patriarcha,
2959 1475 3014 1521 et
3041 1465 3273 1530 Petrus,
3297 1462 3514 1534 gloriosi
3541 1460 3724 1532 Sepulcri

2206 1563 2389 1634 prior,
2451 1569 2712 1631 totusque
2757 1559 3006 1615 eiusdem
3053 1556 3450 1612 canonicorum
3496 1565 3728 1609 conventus

2207 1655 2472 1724 scriptum
2503 1652 2739 1708 retinere
2768 1649 3085 1708 studuimus
3114 1648 3263 1718 quod
3287 1646 3483 1701 fratres
3499 1644 3731 1715 Hospitalis

2206 1748 2436 1803 ecclesie
2463 1745 2650 1800 Sancti
2682 1743 2940 1798 Iohannis
2965 1740 3230 1811 Baptiste,
3261 1738 3534 1794 communi
3557 1752 3731 1792 assensu

513 1852 722 1909 dictum
763 1815 1062 1919 Bonetum,
1094 1852 1242 1906 nullo
1287 1851 1485 1906 herede
1527 1850 1821 1920 superstite
1842 1891 1856 1915 ,
1889 1866 1954 1902 ex
2000 1850 2101 1903 hac
2140 1815 2178 1868 Β
2206 1841 2350 1910 regis
2374 1838 2631 1893 Fulconis
2653 1846 2707 1890 et
2730 1834 3039 1906 principum
3067 1832 3220 1920 eius,
3249 1829 3593 1920 conventione
3605 1827 3733 1920 deter-

516 1943 638 1999 lucc
686 1943 993 2008 discedere,
1030 1944 1174 1998 volta
1213 1944 1306 1998 illa
1337 1959 1463 1998 cum
1501 1943 1652 1997 omni
1695 1942 2006 2014 integritate
2045 1942 2100 1995 in

515 2041 838 2102 potestatem
873 2041 926 2087 et
953 2033 1258 2087 dominium
1286 2043 1536 2088 nostrum
1576 2033 1790 2087 redibit.

585 2124 782 2179 Actum
808 2133 892 2179 est
921 2126 1026 2178 hoc
1052 2141 1103 2178 vi
1128 2124 1250 2179 idus
1282 2123 1438 2192 iunii,
1471 2139 1616 2179 anno
1639 2124 1708 2179 ab
1729 2123 2107 2180 incarnatione

516 2211 734 2270 Domini
759 2233 916 2271 neu.
950 2215 1125 2272 Huius
1161 2217 1238 2271 rei
1271 2225 1434 2272 testes
1461 2225 1629 2271 sunt:

659 2308 952 2376 Arnulfus,
980 2310 1254 2379 subprior.
1301 2308 1663 2376 Godefribus,
1705 2311 2104 2366 thesaurarius.

728 2399 1028 2455 Eurardus.
1063 2399 1258 2456 Petrus
1281 2399 1555 2455 Clemens.
1584 2400 1780 2456 Petrus
1807 2402 1874 2457 de
1911 2401 2107 2471 Sepul-

732 2504 845 2544 cro.
878 2489 1138 2544 Achilles.
1175 2488 1486 2546 Bernardus
1507 2533 1522 2556 ,
1553 2501 1765 2546 cantor.
1796 2490 2106 2547 Rainerius.

729 2580 885 2654 Hugo
907 2581 974 2637 de
1000 2581 1226 2654 Nigella.
1261 2581 1457 2638 Petrus
1484 2583 1550 2638 de
1573 2583 1786 2639 Latina.
1813 2583 2112 2642 Rainaldus

731 2662 799 2730 de
851 2675 1072 2730 Lochis.
1156 2675 1353 2731 Petrus
1409 2675 1771 2733 Lombardus.
1842 2677 2113 2735 Robertus

733 2765 1144 2822 Antiochensis.

595 2854 674 2911 De
699 2854 852 2912 laicis
878 2873 897 2911 ξ

661 2945 916 3002 Alhertus
936 2947 1573 3006 Lombardus.’Alhertus
1587 2949 1805 3007 Tortus.
1826 2950 2114 3020 Robertus,

733 3035 934 3093 Cocus.
980 3038 1250 3095 Robertus
1292 3040 1359 3096 de
1387 3039 1781 3112 Pinqueniaco.
1810 3041 2116 3100 Willelmus

735 3124 1055 3183 Normanni.

1155 3242 1323 3299 CXVI
1357 3245 1472 3302 ἔθη.

525 3349 596 3392 DB
630 3349 950 3390 VENDITIONE
977 3351 1243 3392 CUIUSDAI
1283 3352 1483 3402 DOMUS,
1508 3352 1656 3400 ρυΑιι
1682 3354 1875 3392 VENDIT
1904 3354 2114 3395 IORAGB

1027 3423 1303 3462 CANONICIS
1341 3423 1614 3461 SEPULCRI.

595 3493 796 3552 Notum
825 3497 897 3552 sit
925 3497 1202 3565 omnibus,
1234 3506 1345 3552 tam
1383 3497 1733 3568 presentihus
1768 3515 1933 3571 quam
1969 3498 2118 3555 futu-

525 3587 626 3655 ris,
683 3587 831 3659 quod
873 3605 974 3660 ego
1029 3587 1249 3660 Morage
1304 3587 1468 3657 Raiz,
1517 3598 1743 3646 coactus
1788 3590 2118 3646 necessitate

526 3679 693 3734 debiti
725 3680 889 3751 regis,
922 3680 1171 3747 vendidi,
1209 3696 1439 3736 assensu
1466 3681 1631 3736 etiam
1677 3681 1852 3752 ipsius
1893 3683 2036 3754 regis
2065 3691 2124 3737 et

527 3783 801 3825 consensu
829 3770 1093 3825 heredum
1121 3780 1174 3826 et
1196 3780 1484 3842 parentum
1510 3787 1784 3840 meorum,
1819 3774 2116 3843 quamdam

527 3869 740 3929 partem
772 3860 970 3915 domus
1002 3876 1139 3927 mee,
1173 3863 1359 3932 inqua
1393 3863 1768 3919 molendinum
1795 3865 2116 3934 habueram,

530 3949 942 4008 afundamento
992 3951 1046 4006 in
1085 3953 1256 4008 altum
1305 3964 1573 4024 quantum
1611 3955 1856 4013 edificari
1907 3966 2118 4027 potest,

531 4042 818 4098 canonicis
857 4042 1042 4100 Sancti
1086 4043 1331 4116 Sepulcri
1362 4045 1531 4102 libere
1556 4056 1610 4102 et
1636 4049 1818 4119 quiete
1854 4049 1974 4104 iure
1999 4065 2121 4120 per-

531 4140 701 4202 petuo
736 4133 1119 4203 possidendam
1153 4154 1252 4208 pro
1300 4153 1406 4194 cxx
1437 4139 1690 4196 bisantiis
1725 4148 1780 4196 et
1802 4157 1878 4196 xu
1922 4141 2122 4198 modiis

531 4220 813 4280 frumenti.
884 4225 1037 4284 lianc
1108 4238 1293 4286 autem
1344 4231 1678 4302 emptionem
1757 4231 2007 4290 fecerunt
2053 4235 2123 4291 ad

533 4319 966 4386 augmentandas
1010 4321 1312 4390 stationes,
1349 4339 1490 4394 quas
1540 4323 1786 4380 fecerunt
1815 4325 1869 4380 in
1897 4341 2120 4382 exeam-

535 4407 654 4463 hitu
705 4417 866 4477 terre,
911 4427 1077 4482 quam
1120 4413 1431 4470 habuerunt
1459 4414 1527 4469 de
1556 4413 1822 4486 Hospitali
1845 4415 1996 4472 iuxta
2024 4417 2124 4474 do-

2206 1931 2412 1985 minata
2450 1944 2574 1983 cum
2607 1925 2846 1981 Roberto
2871 1924 2938 1979 de
2963 1921 3144 1978 casale
3172 1919 3362 1974 Sancti
3385 1917 3572 1989 Egidii,
3596 1917 3732 1970 firma-

2210 2029 2403 2078 verunt
2425 2030 2625 2076 terram
2650 2018 2716 2074 de
2738 2016 2942 2073 Emaus
2966 2030 3091 2070 cum
3119 2012 3238 2070 suis
3262 2009 3531 2066 casalibus
3543 2016 3591 2062 et
3607 2008 3736 2061 omni-

2209 2116 2312 2170 bus
2337 2129 2528 2169 eorum
2560 2109 2926 2182 pertinentiis,
2952 2122 3020 2162 eo
3047 2105 3299 2161 videlicet
3323 2111 3510 2157 tenore
3535 2109 3588 2152 ut
3611 2114 3735 2154 cano-

2210 2206 2350 2261 nicis
2411 2201 2683 2259 Dominici
2751 2198 3001 2270 Sepulcri
3064 2195 3413 2251 medietatem
3475 2191 3658 2245 decime
3695 2189 3739 2241 de

2209 2295 2467 2352 omnibus
2489 2293 2723 2348 annonis
2738 2334 2752 2359 ,
2786 2290 2996 2346 scilicet
3022 2288 3090 2342 de
3113 2285 3299 2342 tritico
3319 2293 3377 2339 et
3406 2283 3543 2348 oleo,
3563 2281 3621 2334 de
3640 2279 3740 2332 fabis

2210 2397 2264 2442 et
2297 2386 2591 2452 cicer-ibus,
2614 2385 2681 2439 de
2731 2382 2970 2438 lentibus
2993 2391 3046 2436 et
3095 2378 3303 2449 pisellis
3341 2375 3642 2444 cunctisque
3656 2372 3743 2427 aliis

2213 2479 2612 2552 leguminibus,
2656 2476 2724 2531 de
2757 2475 2933 2529 vineis
2971 2481 3027 2528 et
3061 2471 3311 2536 olivetis,
3342 2469 3566 2523 fideliter
3595 2475 3641 2521 et
3661 2465 3745 2519 sine

2213 2575 2338 2632 dolo
2362 2573 2610 2638 reddant,
2653 2578 2707 2625 et
2746 2567 2944 2623 fratres
2975 2563 3272 2634 Hospitalis
3307 2561 3416 2616 alia
3450 2557 3638 2623 omnia,
3670 2569 3747 2626 que

2215 2667 2341 2722 inde
2381 2663 2674 2736 provenire
2706 2667 2986 2732 poterunt,
3011 2671 3112 2728 pro
3143 2654 3410 2726 regimine
3456 2665 3660 2706 suorum
3683 2663 3748 2701 ca-

2215 2757 2559 2829 pellanorum
2627 2761 2683 2807 et
2731 2749 3088 2806 ecclesiarum
3149 2744 3454 2809 retineant,
3500 2740 3556 2795 in
3598 2739 3752 2810 quibus

2215 2828 2445 2905 ecclesia
2474 2843 2809 2909 oblationes,
2841 2838 3085 2911 nuptias,
3129 2833 3560 2907 purificationes,
3580 2828 3752 2886 confes.

2219 2939 2433 2995 sionem
2491 2945 2544 2991 et
2593 2933 2944 2990 visitationes
2987 2928 3357 2992 infirmorum,
3403 2922 3688 2995 baptisteria
3717 2930 3758 2976 et

2219 3029 2487 3088 cimiteria
2511 3027 2776 3093 habeant;
2807 3024 2902 3080 sed
2923 3031 2979 3079 et
3000 3023 3066 3078 de
3092 3029 3238 3076 terra
3263 3026 3319 3075 et
3342 3019 3410 3074 de
3441 3016 3622 3072 ceteris
3638 3029 3759 3069 casa—

2219 3121 2364 3176 libus
2404 3120 2457 3174 in
2495 3118 2628 3189 ipsis
2678 3113 2954 3171 montanis
3032 3109 3449 3174 adiacentibus,
3498 3105 3682 3162 scilicet
3711 3106 3762 3156 de

2220 3213 2402 3270 casale
2452 3210 2656 3267 lluldre
2699 3217 2755 3265 et
2800 3207 2869 3262 de
2904 3204 3174 3260 Porcelet
3202 3202 3271 3257 de
3315 3198 3575 3257 Gaufrido
3613 3195 3763 3267 Agaue

2218 3315 2272 3362 et
2320 3305 2387 3361 de
2437 3302 2776 3358 Anschetino
2829 3306 2885 3354 et
2927 3298 2996 3353 de
3055 3294 3321 3350 Bacheler
3367 3301 3425 3348 et
3471 3290 3539 3346 de
3578 3286 3762 3344 Girardo

2218 3398 2450 3463 Bocher,
2499 3410 2607 3466 que
2657 3393 2761 3464 ipsi
2803 3388 3123 3462 possident,
3167 3387 3253 3442 vel
3307 3385 3378 3441 de
3409 3384 3554 3449 aliis,
3595 3397 3685 3452 que
3723 3380 3763 3432 in

2218 3491 2424 3547 eisdem
2457 3486 2741 3543 montanis
2777 3485 2920 3539 iuste
2949 3481 3241 3552 acquirent
3261 3521 3275 3546 ,
3324 3476 3574 3533 similiter
3606 3472 3766 3529 medie—

2219 3593 2384 3639 tatem
2412 3570 2623 3637 decime
2651 3578 2857 3634 eisdem
2886 3573 3170 3632 canonicis
3211 3570 3443 3643 pacifice
3474 3569 3696 3624 reddant.
3723 3565 3768 3618 Si

2221 3687 2405 3735 autem
2431 3673 2653 3745 aliquod
2676 3671 2858 3728 casale
2889 3685 2986 3725 seu
3021 3676 3224 3722 terram
3255 3665 3327 3719 de
3355 3663 3562 3718 eisdem
3585 3659 3770 3731 quihus-

2221 3772 2352 3826 libet
2388 3767 2717 3826 Christianis
2746 3765 2828 3820 vel
2859 3759 3179 3818 Sarracenis
3211 3759 3280 3813 ad
3318 3759 3535 3812 firmam
3564 3752 3773 3809 dederint

2205 3851 2420 3919 'fratres
2462 3859 2758 3930 Hospitalis
2791 3873 2892 3928 pro
2939 3869 3160 3910 annona
3196 3852 3290 3907 vel
3315 3850 3571 3906 bisantiis
3595 3847 3666 3903 vel
3698 3861 3774 3915 pro

2222 3956 2408 4027 aliqua
2450 3952 2746 4026 peccunia,
2787 3948 3042 4006 similiter
3083 3943 3279 4016 prefati
3317 3942 3572 3999 canonici
3606 3938 3776 3994 medie-

2225 4058 2392 4105 tatem
2425 4047 2666 4111 decime,
2707 4041 2874 4098 veluti
2921 4041 3031 4096 iam
3062 4038 3337 4102 diximus,
3373 4035 3626 4089 habeant.
3655 4028 3775 4082 Hanc

2225 4138 2642 4198 conventionem
2667 4151 2764 4192 seu
2787 4131 3205 4189 concessionem
3229 4126 3468 4182 facimus
3490 4122 3780 4178 Raimunde.

2225 4232 2490 4306 magistro
2511 4227 2797 4300 prescripti
2824 4223 3124 4295 Hospitalis
3139 4263 3164 4288 ,
3184 4229 3238 4276 et
3259 4216 3670 4275 successoribus
3689 4214 3783 4268 eius

2226 4335 2282 4382 et
2331 4323 2594 4380 fratribus
2649 4319 2852 4375 ibidem
2913 4316 3028 4372 Deo
3079 4311 3486 4376 servientibus,
3546 4306 3788 4376 Stephano

2225 4418 2480 4475 videlicet
2523 4415 2591 4470 de
2626 4411 2938 4479 Antiochia,
2963 4409 3129 4465 Petro
3166 4403 3447 4459 Willehno
3469 4445 3482 4467 ,
3511 4396 3787 4455 Raimumlo

537 4515 688 4555 mum
737 4517 933 4557 meam.
962 4501 1110 4559 Talis
1160 4512 1342 4560 autem
1387 4505 1568 4575 pactio
1611 4505 1716 4561 fuit
1756 4507 1898 4564 inter
1945 4525 2032 4565 me
2069 4518 2126 4567 et
2155 4511 2296 4596 Dde
2338 4507 2570 4574 Palatio,
2613 4504 2893 4575 Stephano
2941 4501 3165 4568 Lauret,
3213 4497 3462 4553 Arnaldo
3508 4489 3788 4552 Guascoai,

538 4593 860 4663 canonicos,
903 4595 1051 4667 quod
1095 4612 1191 4666 per
1219 4612 1412 4653 omnes
1447 4606 1631 4668 partes
1671 4615 1771 4655 sue
1815 4607 1977 4669 terre,
2019 4619 2128 4673 que

537 4687 974 4762 iungiturdomui
996 4707 1134 4758 mee,
1161 4692 1263 4761 ipsi
1284 4693 1547 4746 haberent
1564 4693 1787 4749 liberam
1809 4704 2131 4765 potestatem

538 4779 771 4836 faciendi
798 4782 1022 4852 pilarios
1044 4797 1174 4838 suos
1197 4782 1390 4838 subtus
1412 4797 1602 4838 muros
1626 4799 1798 4850 meos,
1822 4794 1876 4840 et
1896 4785 2136 4855 ponendi

543 4875 725 4945 capita
761 4875 1033 4930 voltarum
1066 4890 1291 4929 suarum
1324 4875 1378 4928 in
1415 4875 1620 4930 eisdem
1665 4877 1870 4944 muris;
1896 4887 1950 4933 et
1978 4879 2133 4934 clau-

542 4966 744 5023 dentur
770 4967 956 5023 omnia
988 4964 1260 5021 foramina
1283 4966 1397 5023 sive
1425 4965 1654 5024 inferius
1682 4978 1737 5024 et
1770 4969 2001 5025 inferius
2020 4971 2135 5038 ‘°",

541 5075 649 5131 que
672 5060 726 5115 in
751 5059 925 5114 muris
955 5058 1092 5113 meis
1119 5069 1247 5114 sunt
1269 5075 1463 5116 versus
1492 5076 1647 5116 suam
1676 5045 2134 5133 partem,scilicet

545 5151 805 5225 po[r]tas,
837 5150 1128 5218 fenestras,
1159 5151 1449 5219 conducta,
1476 5160 1531 5208 et
1558 5152 1605 5209 si
1634 5169 1739 5224 qua
1765 5163 1892 5210 sunt
1918 5152 2054 5222 alia;
2079 5162 2135 5210 et

549 5243 772 5314 quando
795 5243 1020 5312 predicti
1046 5243 1295 5299 canonici
1324 5244 1408 5299 vel
1436 5244 1620 5315 aliqua
1650 5260 1882 5315 persona
1910 5261 2008 5315 per
2038 5261 2134 5302 eos

545 5333 604 5388 in
636 5348 735 5388 sua
762 5341 903 5388 terra
935 5333 1084 5388 iuxta
1107 5333 1329 5390 domum
1355 5352 1533 5392 meam
1560 5337 1811 5391 laborare
1840 5337 2133 5405 voluerint,

554 5439 642 5480 me
665 5426 750 5480 vel
780 5441 932 5482 meos
971 5430 1386 5498 ammonebnnt,
1423 5438 1478 5483 et
1518 5447 1617 5501 per
1666 5447 1753 5486 me
1781 5440 1836 5485 et
1858 5445 1954 5499 per
1985 5446 2137 5488 meos

552 5531 748 5576 murus
782 5533 938 5576 meus
976 5523 1402 5591 sustentabitur;
1427 5532 1482 5580 et
1529 5523 1575 5579 si
1610 5522 1751 5578 forte
1784 5539 1905 5581 mea
1941 5523 2137 5582 domus

2238 4602 2518 4674 Stephano
2543 4598 2798 4664 diacono,
2830 4594 3109 4666 Stephano
3138 4593 3206 4648 de
3233 4589 3481 4660 Capella,
3510 4585 3662 4641 Petro
3696 4585 3790 4636 the~

2236 4693 2506 4760 saurario,
2563 4689 2797 4747 Cirardo
2853 4687 3137 4758 pincerna,
3194 4681 3476 4737 Bernardo
3526 4674 3796 4734 Guasconi,

2236 4785 2544 4854 ceterisque
2571 4781 2830 4837 omnibus
2858 4776 3208 4849 presentibus
3244 4783 3302 4828 et
3344 4771 3566 4827 fut-Iris.
3593 4766 3738 4835 Quod
3761 4764 3796 4818 si

2237 4877 2330 4947 qui
2367 4873 2686 4930 eorumdem
2719 4870 2953 4926 fratrum
2994 4867 3062 4923 de
3103 4864 3370 4934 Hospitali
3397 4862 3563 4934 hujus
3588 4872 3801 4914 conven-

2239 4966 2405 5023 tionis
2451 4973 2625 5020 totum
2675 4959 3044 5017 machinando
3083 4957 3173 5012 vel
3208 4963 3422 5027 partem
3460 4947 3802 5008 subtrahenda

2239 5055 2614 5113 fraudaverim
2637 5096 2652 5122 ,
2696 5052 2781 5109 bis
2814 5051 2901 5107 vel
2939 5059 3021 5106 ter
3060 5045 3421 5112 commoniti,
3469 5038 3806 5100 anathematis

2237 5151 2449 5224 gladio,
2484 5148 2590 5204 nisi
2619 5143 3049 5209 emendaverint,
3076 5139 3230 5196 feriri
3263 5153 3578 5194 censemus.

2309 5242 2409 5298 His
2438 5257 2566 5298 vero
2592 5235 3045 5296 conventionibus
3074 5241 3130 5288 ct
3159 5230 3462 5288 concordie
3496 5244 3596 5299 ego

2237 5351 2363 5391 mus
2420 5331 2734 5405 patriarcha
2790 5325 3039 5392 interfui,
3101 5334 3157 5380 et
3210 5340 3308 5379 eas
3355 5320 3630 5385 concessi,
3683 5315 3812 5371 salt!

2239 5427 2502 5500 dignitate
2533 5424 2640 5480 mei
2675 5419 3099 5495 patriarchatus.

2312 5496 2539 5574 Factum
2596 5515 2701 5572 fuit
2745 5515 2852 5570 hoc
2911 5525 3057 5567 anno
3111 5505 3517 5564 incarnationis
3571 5496 3812 5559 dominica

626 5803 720 5842 ¹³³³
756 5810 821 5877 Α,
854 5809 894 5864 f‘
919 5811 1003 5880 98,
1039 5821 1084 5866 ι·
1111 5829 1122 5878 ;
1163 5827 1396 5882 maeque
1424 5809 1559 5867 dans
1595 5809 1650 5864 Β.
1728 5808 1816 5843 ¹⁰¹³
1843 5807 2096 5879 Coriigcz
2122 5805 2380 5875 superius.
2464 5804 2553 5838 ‘0”
2584 5802 2648 5873 A,
2679 5802 2718 5858 f"
2743 5802 2830 5871 98,
2865 5811 2954 5868 v";
2995 5815 3233 5872 marique
3265 5799 3409 5855 dans
3440 5797 3502 5854 Β.
