3824 6308
21 291 228 350 i213

1133 298 1575 359 CAll'l'ULAlRE
1613 301 1703 360 ou
1743 289 1946 382 sum
1983 307 2366 367 seremus.

3226 323 3364 382 ΕΜ

17 421 284 506 meam,
319 409 614 467 indictione
640 428 725 480 vr,
752 413 1062 484 presideute
1083 419 1382 475 venerabili.
1404 419 1677 477 Willelmo
1706 427 1752 484 Α
1785 423 1892 480 tius
1939 426 2217 498 ceterique
2260 427 2459 484 fratres
2479 470 2494 496 ,
2522 483 2526 487 .
2551 427 2794 486 videntes
2847 431 3131 502 penuriam
3181 451 3322 506 aque
3345 477 3363 503 ,

17 497 98 554 in
163 501 542 570 pan-iarchali
583 505 844 562 cathedra
887 514 946 562 et
977 507 1297 568 dominante
1334 513 1524 570 inclito
1545 530 1674 587 rege

17 588 62 643 ί-
91 591 334 650 alaeue
362 594 418 649 in
443 595 614 667 regali
639 597 814 667 apice.
844 597 982 654 Huic
1020 610 1148 657 sunt
1178 610 1346 660 testes
1374 623 1389 659 :

227 683 576 754 Ganfridus,
619 688 789 744 abbas
833 687 1064 762 Templi.
1113 692 1344 762 Petrus,
1403 695 1673 752 Dominici

297 776 548 848 Sepulcri
617 780 787 850 prior.
843 781 1170 842 Godefridus
1194 827 1210 853 ,
1273 787 1670 845 thesaurarius.

294 871 622 939 Americus,
697 873 941 930 eiusdem
1035 878 1268 934 ecclesie
1349 881 1669 937 cauonicus.

295 960 637 1030 Willelmus,
683 966 1011 1036 prepositus.
1054 969 1370 1034 Garuerius.
1409 971 1673 1028 Lamber-

295 1064 422 1119 tus,
461 1054 668 1124 aliique
691 1057 964 1114 canonici.
1002 1057 1071 1114 Et
1102 1060 1359 1118 dominus
1388 1062 1670 1133 Roardus,

295 1145 368 1202 de
386 1145 547 1201 cuius
578 1144 742 1203 feudo
762 1157 848 1204 est
873 1147 992 1220 ipsa
1020 1157 1187 1206 terra.

704 1256 918 1312 CXVIII
938 1259 1053 1314 ¹⁹¹⁸.

21 1357 116 1397 οε
161 1359 318 1399 ηας
348 1361 666 1400 ΒΠΟΒΜΑΤΔ
695 1363 857 1402 INTER
883 1365 1172 1405 CANONICOS
1204 1367 1390 1408 SANC’I‘I
1421 1370 1673 1412 SEPULCRI

262 1431 344 1470 ετ
381 1431 618 1472 uomens
651 1433 852 1473 SANC'I'B
888 1435 1051 1474 nanis
1089 1421 1471 1498 uenaceas].

117 1503 424 1571 Quoniam
471 1522 628 1563 mens
659 1507 898 1564 humana
932 1518 1012 1566 tot
1040 1515 1336 1570 mundanis
1365 1515 1574 1572 intenta
1615 1517 1670 1573 in

21 1595 296 1653 diversa
323 1599 552 1668 rapitur,
582 1599 652 1654 ab
677 1601 922 1673 antiquis
949 1604 1199 1674 patribus
1221 1614 1486 1664 statutum
1509 1618 1594 1665 est
1614 1617 1673 1664 ut

23 1703 146 1744 res
179 1690 388 1760 reique
413 1697 581 1748 testes
605 1692 663 1748 in
694 1701 848 1750 carta
875 1696 1207 1756 scribantur.
1236 1697 1391 1756 Unde
1412 1702 1670 1759 omnibus

21 1788 271 1836 sancte
296 1781 488 1837 matris
515 1782 746 1839 ecclesic
789 1783 938 1854 ﬁliis,
997 1795 1105 1843 tam
1137 1789 1484 1859 presentibus
1505 1807 1670 1862 quam
1705 1778 1750 1835 Β

23 1870 304 1940 futuris,
355 1875 784 1932 controversiam
839 1887 984 1936 terre
1030 1879 1300 1937 Ramathe
1339 1892 1397 1938 et
1434 1882 1674 1941 Hadesse

25 1973 217 2020 inter
275 1966 578 2022 canonicos
642 1968 1027 2038 gloriosissimi
1067 1971 1317 2044 Sepulcri
1359 1973 1584 2032 Latinos
1621 1986 1675 2032 et

27 2073 344 2114 monacos
372 2058 570 2118 Sancte
597 2061 769 2120 Marie
797 2063 1112 2138 Magdaleue
1131 2067 1403 2127 Iacobitas
1425 2071 1518 2126 diu
1543 2087 1676 2126 ven-

27 2145 290 2201 tilatam
326 2150 605 2205 communi
639 2154 870 2210 consilio
892 2156 1192 2226 proborum
1217 2159 1500 2215 hominum
1524 2159 1674 2218 leru-

28 2239 250 2295 salem
299 2238 747 2314 inhabitantium,
790 2248 968 2318 gratia
1003 2249 1188 2306 divina
1219 2263 1578 2324 cooperante,
1606 2255 1674 2311 ad

31 2331 238 2386 finem
277 2335 576 2392 concordie
603 2338 928 2408 perduxisse
968 2349 1162 2398 notum
1193 2343 1296 2411 sit;
1331 2352 1390 2399 et
1413 2354 1475 2400 ut
1507 2346 1676 2404 huius

31 2421 301 2491 querela
327 2428 700 2484 controversie
721 2428 865 2487 inter
893 2446 991 2488 eos
1020 2432 1078 2488 in
1123 2442 1448 2504 perpetuum
1490 2438 1675 2508 sopia-

33 2521 185 2580 tur,
229 2515 454 2586 utrique
499 2520 642 2588 parti
689 2523 1018 2594 complacuit
1064 2527 1329 2583 memorie
1367 2529 1674 2586 litterarum

33 2604 218 2661 hanc
241 2608 596 2664 concordiam
625 2614 1018 2670 commendari.
1047 2614 1294 2683 Quorum
1315 2619 1549 2676 consilio
1572 2619 1675 2677 hec

33 2713 176 2769 pax
197 2707 259 2756 et
286 2702 584 2758 concordia
611 2702 758 2760 facta
793 2717 902 2773 est,
925 2707 982 2762 hi
1011 2708 1372 2766 subscribunt
1396 2727 1412 2766 :

211 2791 504 2860 Amulius,
541 2793 864 2853 vicecomes.
887 2796 1078 2855 Frater
1101 2797 1216 2857 Leo
1239 2799 1472 2872 Templi.
1499 2799 1673 2858 Adam

289 2881 474 2956 Niger.
501 2885 693 2956 Fulco,
717 2887 888 2946 frater
906 2890 1048 2948 eius.
1075 2891 1352 2950 Robertus
1375 2893 1444 2950 de
1465 2893 1670 2952 Retest.

292 2973 490 3036 Petrus
568 2977 917 3038 Harmenius.
1003 2983 1276 3042 Iohannes
1355 2985 1670 3044 Raimuudi.

293 3065 564 3126 Robertus
607 3070 948 3129 Banchelini.
989 3073 1192 3130 Salem.
1223 3078 1482 3134 Albertus
1509 3078 1675 3134 Lom-

293 3159 433 3216 bart.
458 3162 694 3220 Abertus
711 3162 931 3222 Tortus.
968 3164 1167 3225 Petrus
1185 3167 1668 3243 Petragoriceusis.

294 3248 916 3312 Rainaldns'Siccarius.

728 3365 896 3423 CXIX
909 3368 1024 3423 ““.

43 3467 425 3511 ηινιιεςιυι
461 3471 747 3513 ΞΒΒΤΔΕΕΙΙ
803 3473 1055 3514 ῦιιΑΝειιιι
1101 3475 1170 3514 DE
1207 3474 1422 3524 QUODAI
1464 3479 1671 3520 UOLEN-

807 3545 958 3585 DINO.
1241 3561 1246 3567 ‘

139 3615 206 3672 In
233 3617 457 3675 nomine
477 3617 700 3676 Domini
729 3620 907 3678 nostri
941 3619 1103 3678 Ihesu
1142 3621 1370 3679 Christi.

141 3709 314 3764 Anno
351 3710 424 3766 ab
465 3711 843 3769 incarnatione
887 3713 1006 3770 eius
1025 3730 1218 3784 ncxvr,
1267 3731 1369 3788 ego
1403 3715 1674 3774 Constan-

51 3803 213 3869 tius,
267 3799 466 3859 Sancte
505 3803 855 3872 Quarantene
896 3822 1112 3876 servus,
1157 3819 1323 3880 atque
1367 3808 1678 3868 Willelmus

51 3895 286 3950 obnixe
347 3897 663 3968 rogavimus
701 3899 986 3956 dominum
1039 3899 1398 3960 Eustachium
1465 3901 1674 3960 Graue-

52 3983 228 4037 rinm
301 3991 359 4039 et
417 4001 644 4042 uxorem
713 3987 835 4046 eius
897 3998 1172 4062 quatenus
1242 3993 1402 4050 nobis
1473 4001 1672 4049 terram

55 4075 405 4142 redderent,
432 4093 600 4148 quam
635 4081 910 4150 quondam
942 4083 1282 4141 habitatores
1313 4084 1672 4142 Sanctissime

59 4165 432 4232 Quarantene
479 4169 864 4239 possederant;
917 4173 1065 4242 quod
1105 4172 1286 4232 facere
1307 4217 1322 4241 ,
1350 4174 1462 4232 Deo
1495 4177 1670 4247 inspi-

61 4265 264 4322 rante,
304 4272 413 4313 non
451 4271 863 4318 recusaverunt.
897 4263 1270 4322 Reddiderunt
1292 4275 1477 4324 autem
1513 4269 1671 4325 nobis

65 4348 456 4419 supradictam
489 4360 716 4420 terram,
750 4362 805 4409 et
837 4371 1008 4412 unum
1057 4357 1432 4415 molendinum
1465 4360 1522 4415 in
1552 4361 1671 4432 ipsa

1776 518 2150 574 necessarium
2193 517 2452 576 duximus
2499 519 2778 591 deprecari
2824 521 3102 579 dominam
3148 524 3363 596 Emam,

1750 623 1753 626 ·
1777 623 2012 664 uxorem
2031 611 2492 681 supramemorati
2506 609 2810 680 Eustachii,
2834 621 2891 668 ut
2907 625 3365 673 rememoraretur

1775 699 1959 755 anime
1989 700 2092 754 viri
2124 701 2231 768 sui,
2265 709 2429 771 atque
2451 709 2571 773 pro
2602 701 2696 756 Dei
2739 717 2926 759 amore
2955 704 3114 759 nobis
3137 704 3192 759 in
3220 723 3363 762 uua»-

1774 807 1992 864 quaque
2024 793 2294 850 edomada
2335 811 2536 866 aquam
2581 806 2933 856 accresceret.
2978 797 3071 852 llla
3114 813 3266 864 vero,
3305 807 3364 854 ut

1775 884 1986 940 audivit
2007 885 2256 957 inopiam
2308 897 2578 957 nostram,
2605 890 2804 961 pietate
2823 879 3133 958 commota,
3162 907 3362 947 conce-

1773 977 2028 1036 dentibus
2049 980 2176 1036 filiis
2197 982 2314 1038 suis
2340 982 2634 1040 Eustachio
2655 994 2708 1040 et
2729 984 2990 1053 Galterio,
3017 1002 3114 1056 per
3135 1001 3362 1040 manum

1775 1070 1880 1125 viri
1915 1071 2002 1127 sui
2048 1072 2237 1128 domui
2274 1072 2541 1146 Hugonis,
2593 1077 2856 1148 principis
2893 1076 3077 1148 loppe,
3112 1077 3361 1148 petitioni

1775 1168 1964 1216 nostrc
2005 1178 2293 1219 assensum
2339 1163 2509 1232 dedit,
2553 1166 2628 1222 ita
2657 1176 2715 1223 ut
2761 1168 2912 1223 omni
2963 1168 3196 1238 septimo
3235 1169 3360 1235 die,

1775 1252 2026 1308 videlicet
2047 1253 2134 1309 die
2149 1254 2386 1322 sabbati,
2407 1273 2532 1314 cum
2551 1259 2870 1327 procedente
2896 1266 3074 1325 nocte,
3099 1259 3363 1314 dilatione

1775 1346 1966 1416 procul
2022 1347 2224 1416 posita,
2272 1362 2474 1418 aquam
2528 1350 2648 1404 iure
2701 1359 2966 1421 perpetuo
3009 1350 3359 1405 haberemus.

1775 1435 1952 1496 liuius
1975 1439 2054 1494 rei
2077 1448 2205 1495 sunt
2226 1447 2394 1496 testes
2420 1458 2434 1494 :

1919 1531 2164 1588 Domnus
2198 1532 2608 1599 Guarmuudus,
2658 1534 2989 1604 patriarcha.
3041 1533 3360 1597 Barisanus.

1982 1619 2240 1694 Pagauus
2261 1622 2330 1678 de
2372 1620 2532 1676 Osca.
2569 1619 2764 1689 Ysaac,
2811 1621 2981 1678 frater
3017 1621 3266 1677 Rainaldi
3295 1622 3364 1678 de

1987 1713 2186 1788 Bruge.
2254 1713 2584 1770 Godefridus
2638 1713 2912 1770 Flamcus.
2978 1712 3248 1768 Iohannes
3295 1711 3365 1768 de

1988 1806 2227 1864 Belram.

1846 1897 1912 1953 Et
1938 1913 2040 1970 ego
2061 1897 2347 1966 Arnulfus,
2382 1898 2688 1954 vicecomes
2731 1896 2966 1963 lberico,
2990 1895 3212 1950 interfui
3241 1894 3367 1950 istis

1773 1989 1960 2057 donis,
1989 1997 2044 2044 et
2069 1989 2172 2046 feci
2218 1984 2381 2044 istam
2427 2000 2636 2044 cartam
2676 1988 2885 2044 dictare
2912 1997 2968 2043 et
3000 1987 3242 2042 scribere
3266 2000 3367 2056 per

1774 2094 2002 2136 manum
2068 2079 2257 2134 domui
2325 2078 2606 2135 Eustachii
2674 2087 2838 2148 atque
2897 2077 3085 2132 domui
3138 2075 3364 2132 Galterii

1778 2169 1856 2244 [et
1907 2170 2110 2226 domne
2140 2169 2402 2242 Emel‘m
2451 2179 2508 2226 et
2544 2170 2646 2225 viri
2694 2168 2814 2225 eius
2857 2168 3046 2223 domui
3093 2166 3361 2238 Hugonis,

1773 2262 2035 2334 principis
2060 2261 2240 2334 Ioppe.

1848 2355 1905 2412 Si
1935 2356 2059 2428 quis
2097 2357 2240 2414 hanc
2265 2363 2474 2412 cartam
2501 2354 2703 2410 violare
2724 2353 2991 2420 voluerit,
3015 2352 3082 2409 de
3112 2352 3254 2407 libro
3282 2351 3364 2406 vi-

1773 2449 2022 2507 ventium
2055 2449 2319 2505 deleatur.

1842 2541 2070 2597 Factum
2107 2549 2192 2596 est
2219 2540 2522 2597 secundum
2565 2539 2773 2594 donum
2810 2537 2974 2592 huius
3010 2536 3277 2608 privilegii
3307 2552 3361 2591 vr

1772 2633 1902 2690 ldus
1945 2632 2169 2704 aprilis,
2219 2632 2422 2688 domno
2481 2629 2841 2686 Cuarmuudo
2903 2628 3200 2685 venerabili
3243 2629 3364 2682 viro

1773 2725 2220 2782 lerosolimorum
2242 2724 2502 2780 cathedre
2538 2723 2870 2794 presidente,
2902 2738 3050 2778 anno
3076 2722 3145 2776 ab
3173 2721 3362 2776 iuan

1773 2817 1994 2872 natione
2023 2814 2242 2872 Domini
2263 2831 2485 2872 ncxxlv.

2423 2901 2566 2960 CXX
2583 2902 2697 2958 ¹⁰⁸⁸.

1772 3013 1842 3055 π
1898 3013 2318 3055 COIIUTATIONB
2380 3011 2600 3052 υυοιιυιι
2670 3008 2966 3065 οΔεΑιιυιι,

2459 3081 2692 3124 ΙΕΖΕΒΔ.

1842 3158 1902 3216 ιιι
1944 3175 2167 3216 nomine
2196 3160 2399 3216 summi
2434 3158 2532 3214 Dei
2569 3156 2748 3214 Patris
2793 3165 2849 3212 et
2874 3154 3000 3211 Filii
3027 3163 3082 3212 et
3124 3153 3366 3226 Spiritus

1776 3253 1981 3321 Sancti,
2009 3269 2190 3310 amen.

1842 3344 1958 3416 Ego
1978 3343 2248 3399 Iohannes
2278 3341 2501 3397 Patricii
2527 3348 2718 3398 notum
2745 3337 2866 3394 fieri
2889 3338 3036 3405 volo,
3072 3345 3185 3392 tam
3234 3350 3364 3408 pre-

1772 3437 2021 3495 sentibus
2061 3451 2228 3508 quam
2278 3433 2510 3501 futuris,
2557 3432 2706 3502 quod
2753 3438 3035 3488 commuto
3080 3429 3191 3485 duo
3238 3444 3364 3484 mea

1773 3527 2001 3593 casalia,
2053 3526 2261 3588 scilicet
2299 3523 2514 3596 Megina
2556 3531 2612 3580 et
2653 3521 2900 3590 Mezera,
2923 3534 3066 3591 cum
3105 3518 3364 3575 omnibus

1773 3619 2117 3692 pertinentiis
2177 3617 2295 3674 suis
2349 3632 2476 3682 cum
2535 3615 2754 3671 duobus
2802 3611 3082 3670 casalibus
3131 3609 3364 3666 ecclesic

1773 3710 2044 3768 Dominici
2077 3709 2345 3782 Sepulcri,
2373 3709 2580 3765 scilicet
2604 3705 2987 3778 Caphermelic
3007 3713 3062 3761 et
3082 3704 3362 3775 Anquina,

1773 3817 1901 3860 cum
1939 3801 2058 3858 suis
2093 3801 2298 3872 pariter
2343 3799 2688 3872 pertinentiis
2735 3814 2837 3870 per
2887 3812 3116 3853 manum
3152 3796 3363 3852 domini

1771 3891 1952 3961 Petri,
1974 3891 2303 3948 venerabilis
2341 3890 2541 3962 prioris
2568 3889 2840 3946 Dominici
2867 3886 3136 3960 Sepulcri,
3168 3881 3365 3943 totius-

1772 4001 1880 4058 que
1901 3985 2146 4057 capituli.
2173 3983 2326 4040 Hanc
2345 3993 2527 4040 autem
2547 3983 3035 4049 commutationem
3061 3980 3200 4037 facio
3225 3988 3365 4036 nutu

1772 4089 1829 4136 et
1879 4094 2111 4136 assensu
2161 4077 2367 4134 domini
2421 4075 2680 4144 Fulconis
2726 4075 2874 4148 regis
2921 4081 3088 4145 atque
3139 4071 3366 4129 domine

1773 4171 2085 4228 Milesendis
2121 4171 2308 4242 regine
2342 4169 2690 4241 filiorumque
2713 4168 2855 4237 eius,
2887 4177 3024 4224 nutu
3047 4177 3104 4222 et
3131 4180 3365 4252 assensu

1774 4280 1995 4338 quoque
2028 4263 2222 4320 Babini
2254 4262 2464 4320 domini
2498 4262 2608 4319 mei
2647 4271 2701 4318 et
2733 4260 2950 4326 Petrosi
2979 4260 3199 4332 cognati
3232 4257 3367 4326 mei,

3024 3007 3222 3049 IECINA
3289 3005 3362 3048 Ιίῗ

1775 4358 1882 4414 hoc
1925 4356 2068 4413 idem
2127 4355 2508 4412 consentiente
2541 4362 2704 4425 atque
2735 4353 2994 4409 laudante
3029 4366 3203 4408 uxore
3242 4364 3367 4406 mea

69 4450 232 4496 terra
277 4452 588 4500 manentem
633 4459 729 4516 per
771 4461 995 4504 manum
1042 4449 1251 4505 domini
1307 4450 1520 4508 Amulli
1569 4469 1670 4524 pa»
1705 4487 1753 4548 Β
1777 4449 1962 4506 Bruna
2006 4459 2170 4521 atque
2209 4447 2421 4505 Thoma
2468 4458 2526 4548 et
2567 4445 2863 4548 Eu-stachio
2893 4461 3030 4548 cum
3081 4445 3204 4502 aliis
3225 4443 3368 4548 filiis

71 4532 356 4600 triarcbe,
405 4533 484 4589 ita
536 4544 599 4591 ut
640 4536 698 4592 in
739 4553 1072 4612 unoquoque
1096 4550 1296 4614 quarto
1330 4543 1546 4600 decimo
1585 4545 1675 4601 die

73 4639 214 4680 cum
241 4634 404 4682 nocte
430 4642 630 4699 aquam
672 4629 792 4685 sine
824 4631 1086 4690 dilatione
1117 4634 1468 4694 haberemus.
1499 4635 1676 4695 Huius

73 4721 218 4778 doni
247 4730 378 4777 sunt
401 4731 606 4780 testes:

234 4812 502 4871 Dominus
553 4813 844 4886 Amulfus,
890 4819 1223 4890 patriarcha.
1271 4821 1565 4880 Anselmus
1608 4823 1679 4880 de

305 4905 500 4972 Turre.
556 4907 716 4982 Bugo
760 4910 830 4968 de
867 4909 1055 4970 Nellis.
1101 4913 1436 4971 Ardonetus.
1473 4917 1588 4971 Azo
1614 4916 1684 4973 de

301 4997 573 5062 Dronino.
623 5001 935 5062 Aimericus
955 5059 962 5067 ,
981 5005 1050 5062 de
1074 5005 1326 5063 Fraisna.
1370 5007 1580 5065 Aaluus
1613 5007 1683 5065 de

303 5089 544 5150 Beiram.
573 5094 862 5165 Amulius,
886 5095 1195 5155 vicecomes
1216 5097 1450 5157 lherico.

152 5181 396 5239 Factum
433 5195 522 5242 est
576 5188 816 5258 primum
863 5189 1073 5246 donum
1107 5191 1272 5248 huius
1305 5193 1575 5268 privilegii
1618 5211 1681 5252 ιιι

81 5287 272 5330 nonas
321 5274 479 5344 maii,
531 5277 736 5335 domno
794 5280 1028 5336 Αιυιιιιιΐο
1079 5281 1389 5353 patriarcha
1435 5283 1688 5342 lerosoli-

81 5380 314 5422 morum
337 5367 595 5424 cathedre
621 5369 956 5440 presidente.

154 5454 298 5512 Post
322 5456 535 5516 obitum
559 5474 692 5517 vero
711 5459 924 5518 domini
946 5460 1248 5533 Eustachii,
1272 5479 1376 5538 ego
1406 5464 1684 5524 Constant—-

161 5592 420 5682 “Na?
447 5595 690 5682 9,9,-“5.
709 5613 950 5682 manus
973 5598 1112 5682 dans
1140 5597 1203 5654 Β·
1407 5601 1473 5668 Αν
1499 5599 1668 5682 ξ’..εὶθν

1827 5625 2064 5682 manquc
2083 5609 2306 5682 dausB.

87 5665 568 5754 venttindiqueut
589 5665 913 5754 clairement
933 5685 1040 5741 que
1066 5670 1117 5728 lc
1145 5669 1352 5743 copiste
1380 5687 1412 5729 a
1430 5665 1614 5731 oublié
1636 5665 2054 5754 ceux'quiSJnt
2072 5665 2302 5740 rctablis
2327 5681 2398 5740 ici
2422 5665 2872 5740 cntrccrochets.

83 5747 192 5802 v°;
236 5751 479 5816 marique
531 5737 672 5796 dans
719 5739 780 5796 Β.

1783 4543 1953 4612 meis;
1993 4550 2055 4600 ut
2082 4542 2340 4614 deinceps
2363 4540 2738 4614 prodictaduo
2763 4539 2967 4598 casalia
2990 4554 3134 4606 mea,
3161 4537 3372 4593 scilicet

1781 4634 1998 4708 Megiua
2028 4642 2084 4690 et
2106 4633 2344 4702 Mezera,
2367 4647 2492 4689 cum
2516 4620 2773 4688 omnibus
2797 4630 3142 4703 pertinentiis
3166 4627 3284 4684 suis
3299 4642 3368 4682 ex
3426 4703 3429 4705 _

1783 4727 2216 4790 commutatione
2241 4727 2477 4790 duorum
2500 4724 2788 4792 casalium,
2819 4722 3026 4780 scilicet
3043 4719 3370 4776 Cafermelic

1783 4833 1838 4882 et
1871 4823 2126 4895 Anquina
2146 4864 2162 4893 ,
2191 4823 2304 4879 sint
2321 4821 2458 4877 iuris
2482 4829 2646 4892 atque
2671 4819 2896 4876 ditionis
2920 4817 3150 4873 ecclesic
3177 4823 3231 4871 et
3257 4813 3373 4872 col-

1782 4917 1910 4990 legii
1953 4915 2226 4974 Dominici
2265 4913 2533 4986 Sepulcri,
2583 4913 2728 4970 unde
2767 4911 3008 4968 habeant
3043 4916 3370 4981 potestatem

1783 5011 2012 5067 fatiendi
2059 5009 2258 5066 exinde
2297 5006 2562 5082 quicquid
2619 5005 2726 5078 ipsi
2770 5002 3045 5062 voluerint
3091 5001 3209 5058 sine
3260 4999 3370 5056 ulla

1784 5102 2148 5178 calu[m]pnia
2180 5102 2267 5158 vel
2287 5098 2726 5158 contradictione
2757 5095 2992 5156 alicuius
3034 5091 3242 5150 domini
3264 5091 3373 5145 mei

1786 5197 1902 5252 sive
1955 5203 2242 5267 parentum
2304 5206 2554 5248 meorum
2599 5190 2718 5250 sive
2769 5188 3004 5246 alicuius
3049 5183 3370 5265 Christiani.

1795 5287 1956 5356 Quod
1981 5287 2030 5344 si
2065 5287 2134 5344 de
2166 5285 2426 5356 predictis
2465 5283 2769 5351 casalibus,
2805 5295 2916 5353 que
2960 5295 3063 5354 ego
3105 5277 3378 5334 Iohannes

1787 5378 2002 5436 Patritii
2043 5377 2427 5450 prenominato
2495 5377 2660 5436 modo
2709 5381 2990 5434 commuto
3037 5370 3266 5430 ecclesic
3320 5376 3377 5424 et

1791 5474 2088 5532 convcntui
2129 5472 2318 5530 Sancti
2361 5471 2630 5546 Sepulcri,
2681 5487 2771 5530 me
2831 5471 3046 5527 vivente
3099 5468 3215 5526 sive
3254 5473 3378 5538 post

2407 5611 2499 5644 ¹⁰¹⁷
2524 5609 2628 5668 Les
2652 5620 2796 5668 mots
2827 5611 2930 5666 viri
2954 5609 3090 5673 eius,
3131 5605 3222 5677 qui
3256 5605 3376 5660 sui-

2422 5689 2574 5733 entrc
2598 5683 2872 5733 croehets.
2963 5679 3052 5714 ¹⁰¹⁸
3077 5677 3144 5733 Α.
3179 5677 3218 5733 fc
3255 5673 3358 5730 100

3077 5719 3144 5747 6.,
