3832 6314
597 365 738 424 12:5
807 435 832 444 α

1167 361 1258 417 AD
1298 358 1750 425 GODEFRIDUM
1792 358 2083 418 APPEND.
2125 359 2188 415 ll.
2230 391 2301 400 —
2336 359 2605 418 MONUM.
2645 360 2734 415 DE
2769 360 2993 417 δειιο
3029 360 3264 418 SACRO.

3612 389 3694 448 lilii

596 487 832 537 mortem
861 493 1037 534 meam
1068 478 1251 550 aliqua
1282 481 1658 537 controversia
1700 481 1768 536 ab
1797 480 1982 552 aliquo
2011 477 2192 534 homi-
2221 481 2264 540 Α
2298 476 2434 532 nulﬁ
2460 478 2738 548 monachi,
2776 479 3106 550 agitabatur,
3134 479 3187 534 in
3219 486 3445 551 presenti:
3482 507 3694 566 ωρειωηω

597 587 729 627 num
754 577 875 625 orta
907 568 1092 638 fuerit,
1132 586 1233 644 ego
1275 580 1330 628 et
1366 573 1595 629 heredes
1630 573 1761 639 mei,
1791 574 1875 628 vel
1919 572 1987 628 ad
2017 587 2187 643 quos-

598 678 836 734 cumque
868 664 1144 720 hereditas
1173 680 1269 734 per
1295 666 1704 721 successionem
1736 666 2035 734 devenerit,
2061 681 2186 736 per-

599 765 764 826 petuo
828 757 1053 826 obligati
1109 758 1469 814 manebimus.
1527 769 1606 827 ut,
1663 760 1923 830 quicquid
1967 760 2189 831 dampni

599 861 820 921 propter
857 860 1064 931 motam
1091 853 1462 922 calumpniam
1503 855 1816 926 contigerit,
1846 856 1948 912 sub
1969 857 2190 912 estima-

602 939 750 997 tione
792 941 1061 997 bonorum
1112 942 1360 998 virorum
1411 945 1641 1010 ecclesic
1690 953 1760 1011 et,
1796 949 2089 1017 conventui
2135 947 2189 1008 in

599 1032 870 1106 integrum
904 1042 1274 1103 restaurator.»

1239 1151 1406 1207 CXXI
1427 1153 1537 1208 “"9;

599 1258 668 1297 »ε
709 1258 1012 1299 υοΜτιοΝΕ
1067 1259 1334 1302 οωυδωλιι
1370 1263 1562 1314 VINEB,
1613 1263 1755 1312 QUAI
1805 1264 2078 1305 BADULFUS
2126 1267 2193 1306 DE

882 1331 1244 1384 PONTANELLlS
1277 1334 1440 1376 0&2le
1458 1357 1461 1361 ~
1479 1334 1746 1375 GAUFRIDO
1783 1336 1904 1375 Λευ.

669 1404 869 1461 Notum
917 1407 989 1462 sit
1027 1409 1310 1476 omnibus,
1341 1419 1453 1466 tam
1476 1412 1828 1483 presentibus
1854 1427 2021 1483 quam
2054 1411 2196 1470 futu-

598 1495 704 1564 ris,
731 1497 877 1568 quod
912 1514 1014 1570 ego
1054 1498 1326 1556 Radulfus
1375 1501 1444 1556 de
1487 1500 1844 1569 Fontanellis,
1883 1503 2113 1560 consilio
2142 1511 2196 1558 et

600 1603 830 1644 assensu
869 1591 1066 1645 uxoris
1084 1606 1202 1646 mee
1241 1607 1306 1650 ac
1345 1591 1593 1658 Gaui‘ridi
1628 1591 1695 1648 de
1719 1593 1962 1661 Parenti,
2007 1594 2193 1665 generi

601 1678 742 1743 mei,
773 1679 1074 1750 uxorisque
1111 1681 1256 1750 eius,
1289 1682 1400 1738 [ilic
1440 1683 2196 1755 scilicetmeeLaliorumquc

601 1771 910 1826 amicorum
959 1788 1231 1840 meorum,
1285 1776 1534 1832 concessi
1585 1775 1848 1832 Gaufrido
1880 1776 2017 1845 Acu,
2063 1777 2192 1849 quia

601 1864 696 1919 diu
756 1866 893 1930 bene
967 1882 1031 1934 ac
1081 1866 1430 1928 familiariter
1494 1871 1661 1927 michi
1709 1871 1966 1938 servivit,
2025 1887 2190 1931 unam

600 1954 849 2024 vineam,
891 1973 998 2028 que
1041 1959 1224 2026 iuncta
1271 1971 1370 2028 est;
1406 1962 1616 2024 domini
1659 1964 2001 2034 patriarche,
2033 1980 2194 2022 secus

602 2045 750 2109 liam
777 2063 884 2118 que
910 2049 1062 2105 ducit
1092 2049 1398 2118 Bethleem,
1419 2069 1450 2108 a
1481 2053 1605 2115 leva
1623 2052 1868 2115 eiusdem
1897 2053 1983 2114 vie
2011 2057 2192 2126 parte,

605 2151 716 2192 non
746 2137 983 2205 multum.
1009 2140 1219 2204 distans
1267 2143 1336 2197 ab
1375 2143 1694 2200 Ierusalem.
1727 2144 1989 2207 Concessi
2019 2144 2194 2215 siqui-

604 2229 728 2284 dem
753 2230 801 2284 ei
835 2230 976 2286 hanc
1009 2241 1271 2303 perpetuo
1304 2234 1636 2291 hereditario
1658 2235 1778 2291 iure
1807 2235 2195 2308 possidendam

603 2333 730 2384 cum
789 2319 959 2391 libera
1012 2322 1178 2390 etiam
1237 2333 1507 2395 potestate
1560 2326 1831 2382 vendendi
1881 2342 1979 2382 seu
2028 2325 2226 2383 dandi.

605 2411 934 2482 cuicumque
969 2414 1231 2483 voluerit,
1277 2427 1332 2473 et
1385 2417 1492 2473 hoc
1533 2419 1654 2483 sine
1695 2418 1844 2475 omni
1884 2419 2196 2474 conditione

603 2513 660 2562 et
684 2504 1124 2576 omnisservitii
1144 2510 1349 2575 debito.
1385 2509 1500 2577 [loc
1537 2511 1736 2582 quippe
1781 2513 1943 2568 modo
1982 2511 2106 2568 dedi
2145 2512 2196 2568 ei

603 2597 905 2670 predictam
947 2600 1162 2666 vineam
1202 2603 1404 2672 libere,
1435 2603 1683 2667 absOlute
1725 2613 1780 2660 et
1813 2604 1995 2676 quiete
2018 2603 2196 2676 possi-

603 2691 859 2761 dendam.
885 2692 1060 2758 Huius
1083 2710 1216 2752 vero
1244 2695 1374 2752 doni
1402 2696 1459 2751 hi
1479 2705 1838 2759 suntvtestes:

745 2785 1151 2854 Anschetinus,
1186 2787 1512 2851 vicecomes.
1563 2786 1866 2843 Rainaldus
1887 2787 1954 2844 de
1997 2785 2193 2850 Ponto.

819 2875 992 2932 Bonet
1011 2877 1079 2933 de
1109 2876 1328 2939 Tolosa.
1359 2878 1659 2937 Porcellus.
1687 2879 1963 2936 Gerardus
1985 2879 2197 2935 Boche-

819 2967 954 3034 rius.
983 2965 1245 3032 Soherius
1273 2969 1344 3025 de
1364 2969 1592 3035 Barnth.
1616 2970 1814 3030 Petrus
1825 2970 2192 3034 Provintialis.

821 3056 1193 3130 Bachelerius,
1224 3061 1402 3116 etalii
1426 3061 1608 3117 multi.

1249 3177 1442 3234 CXXII
1463 3178 1578 3233 ¹⁶²⁰.

676 3283 745 3332 ηε
776 3284 1120 3338 Ριιοκιδβιοκε
1145 3288 1345 3342 ,ιρυΑῃ
1383 3288 1539 3335 FECIT
1584 3287 1878 3328 BALDUINUS
1922 3288 2121 3328 εΑΝοτε

1005 3357 1258 3398 εοεηδιε
1294 3357 1765 3398 IEROSOLIIIITANE.

676 3431 811 3506 Ego,
833 3431 1423 3504 Balduinus,proiiteor
1436 3443 1500 3489 et
1522 3433 1781 3505 promitto
1801 3449 1987 3490 coram
2011 3434 2124 3490 Deo
2143 3441 2198 3491 et

607 3528 814 3600 angelis
843 3529 962 3587 eius
996 3545 1026 3586 a
1059 3527 1225 3583 modo
1249 3535 1304 3581 et
1330 3527 1588 3597 deinceps
1613 3527 1786 3599 legem
1835 3535 1890 3583 et
1932 3527 2196 3583 iustitiam

606 3633 907 3690 pacemque
941 3626 1130 3677 sancte
1169 3618 1264 3674 Dei
1298 3617 1731 3674 lerosdimitane
1768 3617 1998 3673 ecclesic
2023 3631 2198 3688 popu-

608 3711 773 3783 loque
808 3696 990 3768 michi
1021 3712 1270 3769 subiecto
1302 3726 1409 3783 pro
1442 3725 1604 3781 posse
1628 3718 1689 3766 et
1717 3724 1885 3766 nosse
1927 3707 2109 3765 facere
2145 3717 2200 3764 et

607 3817 957 3872 conservare,
1005 3805 1160 3861 salvo
1185 3804 1459 3874 condigne
1493 3802 1870 3859 miserieordie
1909 3808 2195 3871 respectu,

608 3892 756 3948 sicut
786 3909 910 3949 cum
945 3893 1176 3950 consilio
1197 3894 1435 3950 fidelium
1465 3901 1782 3949 nostrorum
1816 3892 2014 3948 melius
2044 3892 2197 3946 inve-

609 3984 729 4040 nire
754 3986 1113 4056 potuerimus,
1143 3987 1472 4057 patriarche,
1495 3984 1848 4057 pontiﬁcibus
1864 3999 2084 4056 quoque
2107 3997 2200 4040 ec-

609 4078 1034 4134 clesiarum-Dei
1075 4081 1408 4152 condignum
1433 4083 1510 4152 ,et
1550 4081 1882 4138 canonicum
1929 4081 2196 4135 honorem

607 4170 866 4226 exhibere
890 4179 1054 4242 atque
1080 4188 1164 4238 ea,
1189 4189 1296 4242 que
1327 4173 1397 4228 ab
1434 4172 1860 4244 imperatoribus
1893 4181 1947 4228 et
1977 4171 2199 4243 regibus

608 4272 665 4318 et
690 4263 1029 4334 principibus
1080 4266 1328 4322 ecclesiis
1377 4264 1484 4322 sibi
1534 4266 1847 4323 commissis
1900 4264 2108 4321 collata
2145 4275 2212 4330 et,

609 4355 820 4410 reddita
856 4363 1014 4419 sunt=._

1221 4469 1437 4526 CXXIII
1475 4470 1591 4525 im.

512 4631 516 4637 '
610 4576 958 4618 PRIVILEGIUM
999 4576 1401 4616 CONTROVERSIE
1441 4577 1510 4614 ΕΤ
1551 4572 1935 4614 DIFFINITIONIS
1983 4575 2274 4648 CASALJSD

1290 4647 1483 4686 GEBUL.

682 4723 742 4782 In
787 4725 1009 4781 nomine
1053 4723 1232 4779 Patris
1282 4731 1342 4779 et:
1387 4721 1512 4778 Filii
1558 4731 1613 4778 et
1669 4720 1908 4793 Spiritus
1965 4721 2192 4792 Sancti,

610 4832 792 4874 amen.

681 4909 954 4978 Quoniam
979 4907 1326 4964 volventibus
1355 4922 1517 4962 annis
1559 4915 1764 4963 cuncta
1794 4907 2080 4963 hominum
2107 4923 2198 4979 ge-

609 5012 696 5060 sta
722 5045 737 5070 ,
793 5003 901 5058 nisi
953 4999 1291 5057 memorialis
1337 4999 1532 5071 pagine
1577 5000 1826 5070 apicibus
1866 4999 2194 5064 tradantur,

612 5095 942 5152 oblivionem
975 5093 1133 5148 facile
1165 5092 1473 5160 incurrunt,
1517 5093 1638 5149 ideo
1659 5109 1758 5166 ego
1781 5093 2079 5160 Walterus,
2103 5093 2197 5146 Dei

613 5188 788 5257 gratia
809 5188 1062 5258 princeps
1084 5186 1250 5242 totius
1275 5185 1498 5252 Galilee,
1529 5185 1672 5242 hanc
1699 5193 1910 5242 cartam
1929 5184 2046 5239 ﬁeri
2076 5199 2199 5255 pre-

613 5280 844 5351 cipiens,
881 5286 1073 5334 notum
1117 5277 1258 5335 facio
1280 5319 1296 5346 ,
1331 5286 1438 5334 tam
1465 5277 1814 5349 presentibus
1845 5291 2011 5347 quam
2053 5275 2200 5331 futu-

614 5370 718 5438 ris,
745 5370 888 5440 qnod
911 5371 1283 5426 controversia
1308 5370 1419 5438 illa,
1447 5385 1556 5442 que
1591 5369 1908 5440 aliquandiu
1941 5369 2083 5422 inter
2108 5383 2200 5422 ca-

567 5497 574 5506 ο
615 5460 848 5519 nonicos
885 5461 1154 5519 Dominici
1185 5460 1435 5534 Sepulcri
1463 5470 1518 5518 et
1540 5460 1868 5528 Guidonem,
1900 5459 2069 5514 filium
2098 5458 2225 5514 Ar-.

2219 3199 2268 3263 (ἶ

2291 569 2594 626 baronibus
2617 571 2756 627 meis
2778 571 3067 628 terminata
3091 571 3212 627 fuit.
3234 571 3353 631 Nam
3369 583 3575 649 prodictus
3591 595 3698 658 (initio

2293 661 2498 729 casale,
2538 677 2642 734 pro
2671 678 2782 734 quo
2811 663 3021 734 prefata
3059 667 3398 723 controversia
3422 680 3699 743 “animum

2291 752 2560 822 Gibul,.in
2590 753 2876 816 montanis
2898 753 3086 819 situm,
3112 769 3234 809 cum
3256 758 3468 818 omnibus
3481 769 3703 834 pertinentis

2293 846 2442 913 suis,
2466 845 2616 918 quod
2645 846 2790 916 apud
2815 846 2950 904 solis
2978 861 3234 906 occasum
3255 851 3408 906 casale
3426 851 3591 914 Huhelet
3607 863 3702 926 habet

2292 939 2662 1009 propinquum
2678 946 2734 994 et
2753 938 2933 993 casale
2950 936 3176 994 Dersoet
3191 948 3246 994 et
3263 937 3487 1000 Derlauba
3502 957 3542 1003 et
3552 948 3660 1008 Kain
3673 970 3704 1013 α

2293 1031 2436 1102 apud
2461 1031 2776 1102 aquilonem
2809 1029 3085 1102 Cocquet,
3115 1034 3376 1090 canonicis
3397 1037 3539 1095 Sancti
3556 1042 3703 1114 Sepulcri

2293 1139 2360 1180 ex
2391 1133 2504 1180 toto
2528 1123 2581 1178 in
2601 1139 2736 1195 pace
2754 1123 2988 1192 remisit,
3011 1131 3174 1194 atque
3188 1141 3282 1194 pro
3291 1131 3709 1200 recognitioneverita-

2295 1217 2366 1272 tis
2389 1227 2443 1272 et
2468 1215 2605 1272 iuris
2634 1216 2819 1272 Sancti
2853 1215 3102 1287 Sepulcri
3125 1233 3156 1272 c
3177 1217 3424 1276 bizencios
3441 1223 3494 1276 ab
3513 1225 3647 1282 eisdem
3661 1246 3710 1283 ca-

2295 1307 2510 1364 nonicis
2534 1307 2589 1363 in
2623 1308 2909 1363 caritatem
2942 1307 3174 1378 accepit.
3209 1306 3432 1365 Pretcrea
3454 1313 3506 1366 ad
3526 1317 3709 1374 continua-

2295 1399 2500 1454 tionem
2527 1397 2605 1453 rei
2630 1395 3000 1468 privilegium,
3027 1395 3175 1467 quod
3203 1396 3430 1466 habebat,
3451 1402 3551 1456 mihi
3566 1407 3712 1462 tradidit.

2295 1487 2375 1544 Ac
2413 1503 2516 1560 ego
2539 1529 2555 1557 ,
2578 1487 2741 1543 dictis
2783 1495 2839 1544 et
2876 1488 3192 1543 testimonio
3229 1487 3462 1544 baronum
3490 1509 3655 1550 meorum
3678 1515 3715 1553 ac

2295 1580 2664 1652 legitimorum
2695 1587 2750 1636 et
2777 1579 3128 1651 antiquorum
3169 1581 3396 1636 virorum
3417 1581 3712 1654 Tybcriadisve

2297 1673 2458 1728 ritate
2486 1671 2728 1744 cognita,
2761 1687 2857 1742 per
2879 1671 3012 1730 illud
3034 1671 3365 1743 privilegium
3397 1675 3716 1732 canonicosSan-

2297 1767 2372 1827 cti
2407 1765 2655 1837 Sepulcri
2679 1766 2761 1822 .de
2797 1765 3260 1836 predictocasali
3287 1764 3550 1822 Gibulcum
3566 1771 3721 1824 omnibus

2297 1856 2640 1928 pertinentiis
2671 1856 2789 1915 suis
2813 1855 3087 1911 investivi.
3119 1854 3275 1912 Nunc
3293 1867 3469 1924 autem,
3489 1868 3536 1913 ut
3555 1859 3622 1913 hec
3635 1869 3721 1930 gesta

2295 1949 2454 2005 ﬁrma
2489 1957 2544 2006 et
2575 1949 2899 2009 inconvulsa
2918 2001 2921 2003 _
2941 1964 3160 2019 semper
3195 1961 3528 2019 permaneant,
3558 1951 3652 2008 hanc
3671 1971 3727 2023 pa-

2296 2041 2480 2113 ginam
2499 2041 2662 2112 sigilli
2681 2042 2792 2097 mei
2815 2040 3178 2113 impressione
3209 2039 3452 2096 conﬁrmo
3465 2051 3506 2097 et
3524 2047 3723 2104 corrobon.

2296 2133 2474 2194 Huius
2499 2138 2577 2193 rei
2600 2146 2769 2194 testes
2797 2146 2926 2193 sunt
2955 2156 2970 2192 :
2997 2181 3001 2186 .

2440 2228 3064 2300 Herbertusaepiscows
3089 2227 3417 2301 Tyberiadis.
3456 2229 3652 2296 Giraldus,
3667 2233 3728 2286 the-

2511 2323 2816 2380 saurarius.
2891 2321 3148 2378 Giraldus
3174 2363 3190 2390 ,
3251 2321 3534 2378 canonicos.
3587 2323 3731 2378 Domus

2508 2415 2697 2471 Fulco.
2731 2415 3140 2472 Guar-mundus.
3181 2413 3528 2488 Wfillelmus],
3551 2417 3732 2469 mai-esui

2510 2523 2629 2563 cus.
2669 2506 2966 2573 Galterius,
3015 2507 3346 2563 vicecomes.
3392 2504 3490 2563 lvo.
3525 2505 3734 2561 Lodcvicns.

2511 2599 2841 2656 Baldevinus
2891 2600 2960 2656 de
3013 2599 3253 2655 Culnilz.
3299 2599 3454 2654 Fulco
3490 2600 3543 2654 de
3578 2597 3734 2653 Petroni.

2514 2691 2879 2766 W[illelmus]
2927 2692 2995 2748 de
3044 2691 3251 2748 Sueba.
3286 2689 3534 2746 Vivianus.
3584 2687 3739 2743 loannes.

2519 2783 2679 2858 [iugo
2713 2785 3042 2843 Grassinusza

2903 2891 3305 2949 cxxwrtwt

2294 3005 2645 3052 ΡΒΙῩῘῐιεϐῐυΙ
2681 3001 3042 3052 ῡοΝΑτιοκιεδ
3077 2998 3511 3055 ΩΟΝῈΙΕΙΑἹῚΟΙῘΞ
3549 2998 3601 3036 ετ
3634 2995 3744 3034 UBE!-

2370 3077 2534 3120 ‘I'A'I‘IS
2579 3075 2840 3116 CASALIUI
2875 3074 2946 3112 ΕΤ
2978 3071 3226 3112 PISCARIE
3270 3071 3320 3110 IN
3363 3068 3578 3110 CIVITATE'.
3608 3066 3750 3106 τιωιε

2367 3150 2438 3191 ΕΤ
2475 3143 2784 3188 TENIIENTO
2804 3143 3055 3185 ειυδυεκ.

2371 3245 2430 3301 ln
2452 3244 2673 3302 nomine
2698 3249 2886 3299 sancte
2919 3248 2976 3296 et
3001 3239 3288 3296 individue
3309 3235 3562 3293 Trinitatis
3586 3231 3705 3290 Patris
3723 3239 3773 3286 et:

2299 3339 2423 3395 Filii
2461 3347 2516 3394 et
2543 3336 2779 3408 Spiritus
2807 3333 3017 3401 Sancti,
3051 3348 3239 3389 amen.

2368 3429 2506 3486 Cum
2539 3443 2732 3484 omnes
2755 3423 3014 3484 catholici
3056 3423 3158 3479 viri
3199 3437 3269 3480 ac
3322 3420 3555 3493 precipne
3584 3424 3754 3491 potem

2298 3521 2485 3578 divino
2507 3533 2733 3574 munere
2761 3515 2979 3587 prediti,
3037 3514 3333 3570 universas
3369 3510 3592 3568 ecclesias
3622 3506 3683 3560 Dei
3702 3505 3756 3558 lae

2300 3628 2497 3669 norarc
2519 3609 2848 3666 acvexaltare
2881 3607 3137 3672 debeant,
3184 3603 3467 3676 spetialins
3504 3595 3757 3656 tameaeccle

2301 3706 2440 3761 siam
2491 3699 2875 3774 gloriosissimi
2925 3696 3202 3769 Sepulcri,
3258 3695 3356 3750 ubi
3391 3691 3614 3748 Dominus

2298 3797 2576 3864 occubuit,
2599 3803 2654 3851 et
2681 3793 2840 3849 tertia
2884 3791 2974 3847 die
3025 3787 3372 3861 resurgendo
3403 3785 3603 3846 salutem
3625 3775 3759 3834 humani

2300 3888 2518 3962 generis
2540 3885 2831 3958 reparavit,
2855 3882 3153 3939 sublimare
3184 3895 3254 3935 ac
3285 3875 3537 3934 beneﬁtiis
3561 3871 3650 3928 suis
3665 3869 3763 3966 ditare

2299 3957 2519 4046 debent,
2545 3957 2838 4050 quatenus,
2863 3984 3086 4047 peracto
3113 3973 3292 4028 huius
3322 3970 3430 4025 vita
3473 3980 3627 4029 cursu,
3648 3957 3762 4031 sane!“

2299 4082 2486 4129 eterne
2510 4071 2620 4126 vite
2641 4067 2794 4124 omni
2812 4075 2963 4122 meta,
2983 4065 3236 4121 carentia
3265 4061 3533 4134 possidere
3546 4057 3762 4111 mereantur.

2301 4164 2642 4234 Quapropter
2667 4175 2768 4231 ego
2811 4157 3126 4222 Gualtcrus,
3175 4154 3280 4209 Dei
3317 4151 3482 4224 gratia
3522 4147 3706 4220 princeps
3725 4149 3766 4234 te

2301 4230 2410 4313 tius
2425 4230 2657 4317 bal—ilco,
2705 4230 2934 4306 assensu
2976 4247 3169 4303 uxoris
3215 4261 3344 4301 mee
3377 4230 3773 4303 Eschive,conttd0!

2298 4359 2354 4404 et
2398 4347 2687 4404 conﬁrmo-
2719 4344 2951 4409 donum,
2994 4339 3142 4411 quod
3187 4337 3454 4394 dominus
3494 4321 3773 4421 Willelmus

2300 4441 2479 4507 Buris,
2506 4438 2860 4509 predecessor
2908 4448 3065 4489 meus
3116 4431 3302 4487 felicis
3351 4425 3608 4489 memorie,
3635 4417 3774 4516 ecclesia

2301 4533 2522 4607 gloriosi
2548 4529 2795 4601 Sepuleri
2817 4535 2873 4583 et
2895 4524 3180 4583 canonicis
3209 4523 3416 4578 ibidem
3441 4521 3540 4573 Deo
3565 4511 3773 4607 regulum

2302 4600 2688 4688 militantibus,
2712 4618 3069 4676 concessione
3106 4613 3381 4670 Fulconis
3403 4611 3538 4682 regis
3555 4617 3599 4662 ct
3614 4600 3774 4696 herediIn

2307 4733 2557 4784 suorum,
2583 4713 2795 4770 Radulti
2827 4712 2894 4767 de
2925 4709 3052 4765 Ysis
3078 4717 3133 4764 et
3163 4705 3454 4779 Symonis,
3478 4696 3671 4758 donavit,
3688 4688 3774 4740 vide

2304 4813 2431 4868 licet
2457 4806 2819 4872 duocasalia,
2850 4802 3023 4859 Gebul
3058 4809 3113 4856 et
3138 4799 3374 4864 llelkar,
3402 4797 3591 4864 integre
3611 4800 3698 4843 cum
3720 4786 3774 4877 lim

2305 4913 2472 4971 terra,
2503 4915 2611 4971 que
2641 4897 2708 4952 ad
2730 4895 2920 4951 eadem
2945 4892 3201 4965 pertinet,
3229 4890 3407 4945 libere
3428 4894 3480 4942 et
3503 4882 3648 4954 quiete
3666 4877 3774 4975 eis!“

2309 4994 2460 5050 omni
2511 4989 2821 5061 calumpnia
2861 4995 2959 5042 aut
3008 4983 3440 5056 impedimento,
3464 4979 3571 5035 sine
3585 4977 3774 5065 exactioni

2306 5057 2722 5160 Perpetuoiure
2761 5079 3112 5153 possidenda.
3149 5075 3375 5131 ﬂorum
3414 5080 3581 5128 autem
3616 5057 3774 5160 casaliult

2306 5149 2449 5237 terra
2485 5179 2566 5234 sic
2618 5149 2917 5232 dividitur:
2968 5170 3161 5241 incipit
3187 5169 3358 5224 enim:
3399 5166 3515 5223 eius
3549 5149 3774 5227 ὶθιιεὶιιιύ01

2303 5273 2472 5329 casali
2503 5269 2751 5334 liubelet,
2780 5265 2924 5336 quod
2954 5264 3129 5335 vergit
3173 5262 3249 5318 ad
3283 5259 3622 5316 occidentem,
3648 5249 3774 5336 eta‘ot

2484 5376 2544 5415 ca
2554 5325 2780 5422 salibus,
2801 5325 2814 5336 I
2833 5325 3042 5410 scilicet
3052 5325 3314 5408 "Dersoet
3334 5358 3392 5406 et
3432 5339 3665 5402 Derlauha
3679 5325 3774 5422 θίξι

2305 5417 2388 5510 ira
2436 5465 2490 5510 et
2513 5417 2779 5517 adversus
2810 5447 3122 5518 aquilonem
3159 5457 3352 5516 usque
3379 5439 3450 5497 ad
3489 5430 3643 5492 casale
3667 5417 3774 5486 C064

697 5755 949 5832 ,οι-Ἃηςο
969 5755 1180 5832 _i()_ln,‘r°
1207 5767 1477 5823 ;manque
1507 5751 1643 5832 dans
1669 5752 1772 5832 Βλ-
1809 5750 1898 5782 im
1925 5751 1988 5821 Α,
2024 5750 2061 5807 ί,
2088 5751 2173 5807 10'

2305 5770 2315 5820 ;
2348 5766 2579 5820 [nanque
2618 5751 2753 5805 (laus
2787 5749 2840 5803 Β.
2922 5748 3006 5780 ¹⁸²¹
3042 5748 3106 5814 Α,
3139 5747 3178 5800 i“
3222 5747 3352 5810 μη,
3386 5757 3439 5797 γυ
3463 5764 3475 5809 ;
3501 5749 3692 5802 ωπησιιιρ
3719 5727 3774 5778 alat

573 5887 578 5892 _
623 5822 684 5884 Β.
755 5826 844 5860 ¹⁰²’
870 5826 933 5897 A,
964 5826 1002 5881 1⁷⁸
1039 5825 1160 5894 102,
1185 5835 1232 5879 ι·“
1259 5845 1271 5894 ;
1305 5822 1541 5892 malique
1569 5824 1704 5881 dans
1735 5823 1796 5879 Β.
