3832 6314
585 396 724 455 1219

1147 394 1239 450 AD
1278 393 1724 453 GODEFRlDUM
1762 391 2053 450 APPI.ND.
2097 391 2162 445 II.
2201 423 2268 432 ———
2307 390 2578 448 MONUM.
2620 390 2709 448 DE
2745 392 2966 451 ηειιο
3006 395 3253 454 SACRO.
3599 423 3678 486 ιω

581 511 985 582 rublerios.,Ex
1023 513 1153 568 hinc
1197 513 1436 585 planicie
1475 505 1662 567 relicta
1695 528 1804 566 non
1852 511 2023 566 multa
2074 523 2172 581 per
2201 510 2240 568 Α
2275 507 2648 599 γίηθςτγεθηίε
2695 509 2856 566 metis
2891 510 3234 584 designatam
3266 523 3311 570 et
3345 517 3534 599 divisam,
3561 534 3626 593 sibi
3649 551 3681 598 ει

581 610 852 680 duplicem
883 614 937 661 et
955 605 1240 676 antiquum
1272 603 1480 659 invium
1511 612 1566 658 et
1615 618 1712 674 per
1739 603 1952 674 spinam
1987 613 2041 657 et
2071 617 2164 658 ca-

581 701 853 758 rublerios
875 699 1159 756 densiores
1186 711 1362 768 usque
1386 696 1454 752 ad
1465 711 1718 766 magnam
1735 711 1979 762 caveam,
2006 693 2164 750 cuius

581 808 724 863 aque
749 792 924 848 ﬂuunt
955 791 1010 845 in
1031 788 1394 854 Paimaream,
1439 787 1518 843 eis
1549 788 1903 843 concedimus
1929 804 1943 854 ;
1968 786 2038 842 ab
2067 787 2169 841 hac

581 884 790 957 profata
841 899 1006 940 cavea
1047 896 1222 951 usque
1266 879 1336 936 ad
1392 880 1618 935 alteram
1667 893 1911 944 caveam,
1951 892 2058 949 que
2085 886 2170 932 est

580 979 792 1033 deserte
814 977 937 1031 ville
964 983 1018 1031 et
1041 989 1233 1029 eorum
1259 971 1588 1029 editicationi
1628 970 1957 1041 propinqua,
1982 985 2169 1042 usque

580 1073 646 1128 ad
677 1072 956 1142 superiora
996 1070 1283 1126 cacumina
1317 1067 1589 1123 montium
1621 1073 1771 1122 recta
1802 1065 1948 1120 linea
1974 1079 2168 1120 eorum

579 1163 798 1218 termini
823 1170 1010 1218 nostra
1030 1162 1327 1217 donatione
1348 1161 1559 1231 absque
1590 1159 1703 1215 ulla
1733 1156 2170 1214 contradictione

576 1255 996 1309 concluduntur.
1028 1253 1299 1309 Addimus
1325 1252 1494 1309 etiam
1527 1250 1774 1322 predieto
1804 1251 1950 1311 dono
1989 1264 2163 1304 unum

575 1346 795 1400 hortum
819 1347 962 1401 intra
988 1345 1352 1412 Palmaream,
1385 1345 1441 1400 in
1465 1355 1576 1416 quo
1601 1345 1706 1400 due
1732 1343 1968 1399 cisterne
1993 1339 2170 1397 conti-

575 1447 792 1494 nentur.
851 1437 963 1494 Hec
1002 1438 1187 1493 omnia
1239 1437 1510 1494 donamus
1559 1435 1761 1492 Sancto
1813 1434 2079 1505 Sepulcro
2115 1441 2170 1488 et

570 1530 695 1584 eius
723 1529 1007 1586 canonicis
1035 1529 1214 1585 soluta
1259 1537 1314 1584 et
1351 1527 1556 1599 quieta,
1589 1526 1780 1583 franca
1811 1535 1866 1581 et
1892 1526 2082 1591 libera,
2111 1532 2168 1581 et

573 1622 644 1675 ab
679 1622 830 1676 omni
861 1622 1148 1678 exactione
1181 1628 1235 1677 et
1268 1636 1438 1692 pravo
1471 1621 1682 1677 usatico
1713 1619 1998 1686 immania,
2024 1627 2079 1674 et
2108 1629 2169 1674 ut

573 1714 679 1784 ipsi
725 1714 979 1771 canonici
1022 1714 1262 1769 habeant
1280 1725 1350 1768 ea
1391 1729 1517 1769 cum
1555 1711 1792 1767 exitibus
1821 1721 1876 1766 et
1904 1710 2169 1782 regressi-

575 1813 680 1863 hus
691 1808 828 1872 suis,
845 1817 899 1862 et
928 1807 1378 1879 possideantiure
1405 1805 1732 1862 hereditario
1757 1819 1858 1859 evo
1877 1803 2162 1874 perhenni.

2271 597 2567 687 heredibus
2589 599 2706 656 suis
2731 600 3036 657 habendam
3065 612 3119 657 et
3141 604 3488 682 possidendam,
3505 597 3602 679 salva
3616 597 3681 687 soia

2269 685 2511 754 decima;
2548 703 2655 758 que
2696 689 2860 744 etiam
2895 691 3054 746 vinea
3089 693 3271 748 iuncta
3301 705 3371 752 est
3392 701 3508 760 vince
3531 685 3680 777 eiusden

2269 777 2539 847 Guiberti,
2583 780 2652 837 de
2693 798 2802 853 qua
2829 783 2924 839 dat
2960 784 3230 842 decimam
3269 796 3316 844 et
3353 797 3598 861 terraticum.
3622 806 3685 867 Hoc

2270 880 2451 926 autem
2501 870 2630 928 fecit
2673 876 3011 948 prcscriptus
3053 877 3338 935 Guihertus
3374 889 3545 945 consilio
3573 905 3606 948 et
3633 915 3682 955 as.

2270 979 2437 1020 sensu
2469 963 2708 1034 Usanne,
2744 969 2935 1025 uxoris
2961 985 3082 1038 sue,
3114 986 3222 1042 que
3254 969 3392 1030 heres
3411 989 3502 1035 erat
3520 994 3688 1053 premam

2268 1073 2447 1115 Vince.

2341 1147 2520 1205 Simili
2586 1151 2750 1207 modo
2813 1152 2978 1208 aliam
3025 1155 3472 1216 commutationem
3505 1163 3690 1228 irritum

2271 1244 2530 1301 Gaulerio
2581 1245 2938 1318 Carpentario
2989 1246 3058 1303 de
3104 1249 3332 1320 quadam
3376 1253 3520 1324 vinea,
3556 1276 3690 1330 quaest

2271 1338 2564 1393 coniuncta
2587 1339 2964 1408 prenominate
2983 1340 3162 1408 vince,
3185 1354 3289 1411 que
3309 1339 3398 1398 fuit
3416 1343 3609 1404 Guitberti
3628 1351 3691 1409 Pa-

2270 1429 2438 1501 pasii;
2471 1444 2570 1500 pro
2599 1446 2707 1501 qua
2738 1430 2897 1486 vinea
2925 1431 3073 1490 dedit
3092 1431 3142 1487 ei
3167 1429 3220 1486 in
3263 1433 3411 1491 altera
3438 1450 3553 1508 parte
3579 1460 3693 1515 magne

2269 1521 2448 1590 vince,
2478 1521 2693 1592 juxtam
2729 1523 2822 1555 ¹⁰³⁰
2863 1538 3122 1595 magnam
3151 1525 3550 1598 viam,quandam
3569 1546 3694 1604 partem

2269 1613 2445 1681 vince,
2471 1614 2631 1673 metis
2656 1614 3024 1685 designatam,
3052 1615 3225 1688 libere
3255 1626 3304 1672 ct
3327 1619 3481 1689 quiete
3500 1623 3573 1678 sibi
3596 1637 3630 1680 et
3647 1629 3700 1683 he-

2271 1705 2495 1762 redibus
2545 1706 2661 1763 suis
2687 1707 2995 1763 habendam
3024 1718 3078 1764 et
3103 1707 3482 1781 possidendam,
3517 1715 3622 1772 salta
3639 1720 3704 1774 sola

2271 1796 2504 1852 decima.

574 1900 657 1955 Ad
694 1901 796 1956 hec
816 1901 981 1955 etiam
1049 1900 1324 1957 adicimus
1350 1907 1405 1954 et
1433 1898 1789 1954 concedimus
1809 1897 1978 1968 quod,
2003 1897 2051 1951 si
2077 1911 2167 1952 res
2196 1881 2242 1942 Β
2339 1888 2542 1946 Eodem
2570 1891 2734 1948 modo
2757 1890 2907 1948 dedit
2925 1891 2984 1947 in
3006 1891 3202 1949 eadem
3226 1909 3409 1966 magna
3422 1895 3548 1952 vinea
3565 1897 3708 1957 timido

573 1991 808 2048 mobiles
843 2007 1026 2049 emere
1059 1992 1143 2046 vel
1171 1991 1404 2047 vendere
1426 1999 1524 2046 aut
1559 1989 1847 2046 extrahere
1875 2004 1973 2044 seu
1998 1988 2172 2044 intro-

576 2085 795 2141 mittere
835 2084 1024 2140 domui
1075 2084 1448 2150 necessarias,
1505 2096 1853 2154 quecumque
1901 2081 2006 2138 sint
2056 2079 2168 2147 ille,

576 2176 867 2242 voluerint,
916 2185 1028 2231 tam
1073 2176 1136 2231 in
1169 2175 1296 2231 villa
1323 2189 1490 2247 quam
1521 2182 1678 2232 extra
1715 2174 1922 2242 villam,
1957 2183 2066 2231 tam
2113 2174 2170 2228 in

575 2267 716 2342 mari
746 2284 911 2339 quam
942 2267 997 2323 in
1020 2275 1188 2336 terra,
1219 2267 1389 2323 libere
1417 2274 1473 2322 et
1498 2265 1619 2324 sine
1645 2266 1752 2322 ulla
1783 2265 2005 2322 datione
2033 2281 2168 2320 con-

573 2359 947 2415 suetudinaria
976 2369 1071 2416 aut
1099 2359 1308 2430 premio
1352 2356 1626 2431 fatia[n]t_.
1679 2356 1880 2414 Domos
1911 2365 2094 2412 autem
2116 2367 2171 2411 et

575 2461 756 2507 terras
784 2451 899 2507 sive
926 2451 1200 2523 quaslibet
1244 2449 1579 2507 hereditates
1609 2449 1730 2506 sine
1773 2457 1964 2504 nostra
1995 2447 2165 2503 licen-

574 2541 652 2598 tia
680 2558 882 2610 emere,
914 2543 1001 2598 vel
1032 2542 1267 2599 donatas
1301 2541 1408 2598 nisi
1455 2557 1553 2612 per
1579 2556 1790 2596 annum
1824 2548 1880 2597 et
1901 2540 2045 2596 diem
2077 2556 2165 2596 re-

573 2634 770 2702 tinere,
799 2651 909 2692 non
933 2635 1307 2692 concedimus.
1342 2632 1518 2690 Huius
1543 2633 1622 2688 rei
1651 2641 1818 2688 testes
1848 2640 2008 2688 sunt:

623 2751 625 2753 ί
717 2727 1052 2795 Amairicus,
1103 2726 1440 2799 patriarcha.
1475 2725 1795 2794 IIernesius,
1825 2724 2168 2782 Cesariensis

785 2820 1255 2891 archiepiscopus.
1303 2817 1658 2885 Bonefaeius,
1711 2815 1881 2889 Cayfe
1925 2817 2164 2888 capella-

792 2927 920 2968 nus.
951 2909 1222 2982 Rogerius
1250 2909 1319 2965 de
1345 2907 1537 2981 Cayfa,
1576 2917 1632 2964 et
1673 2905 1969 2975 Iohannes,
2001 2906 2170 2964 frater

792 3001 932 3057 eius.
953 2999 1284 3069 Willelmus,
1304 2999 1451 3072 regis
1473 3001 1862 3058 marescalcus.
1895 2999 2170 3057 Giraudus

787 3095 855 3150 de
881 3094 1109 3150 Conins.
1142 3092 1411 3152 Henricus
1437 3094 1506 3151 de
1539 3093 1819 3150 Gilebelet.
1845 3093 2166 3160 Balduinus,

791 3188 1238 3259 consanguineus
1278 3186 1521 3260 Rogerii.
1569 3188 1822 3244 Clemens
1843 3186 2039 3256 Rufus,
2071 3187 2170 3242 da-

790 3277 931 3349 pifer
960 3278 1172 3334 domini
1195 3277 1384 3351 Cayfe.
1412 3278 1700 3347 Vivianus,
1732 3280 2064 3336 vicecomes.

649 3367 808 3422 Anno
849 3367 919 3422 ab
972 3367 1352 3426 incarnatione
1389 3366 1610 3425 Domini
1657 3385 1836 3425 ncnxv
1880 3367 2024 3426 facta
2085 3377 2170 3425 est

575 3467 750 3517 carta.

647 3551 765 3624 Ego
792 3550 1077 3620 Vivianus,
1120 3551 1382 3610 dominus
1414 3553 1693 3624 predictus
1725 3553 1794 3609 de
1820 3550 2010 3625 Cayfa,
2042 3569 2168 3609 cum

576 3659 749 3728 uxore
776 3660 898 3700 mea
921 3645 1168 3700 Beatrice
1196 3653 1251 3701 et
1277 3645 1390 3700 tilio
1417 3661 1538 3701 meo
1567 3645 1790 3718 Pagano
1829 3662 1954 3701 cum
1998 3662 2171 3703 uxore

576 3741 677 3793 sua
701 3735 979 3793 Hodierna
1006 3739 1150 3793 hanc
1192 3747 1403 3794 cartam
1435 3737 1552 3794 fieri
1605 3739 1870 3796 iussimus
1920 3748 1975 3796 et
2005 3739 2169 3812 sigilli

578 3831 756 3887 nostri
784 3830 1151 3901 impressione
1172 3832 1645 3889 confirmavimus.

1234 3946 1519 4003 CXXVIII.

578 4072 922 4114 Ριιινιιεῦιωι
963 4076 1030 4114 DE
1061 4075 1447 4116 OBLA'I'IONIBUS
1473 4077 1543 4115 ET
1575 4077 1878 4118 LIBBR‘I‘A'I’B
1919 4079 2170 4119 ECCLESIE

645 4144 837 4183 SANC'I'I
867 4145 1119 4186 SEPULCBI
1157 4147 1386 4187 ειυευει
1435 4148 1685 4188 εεειεειε
1731 4149 2011 4191 οΑκοηιοιε
2039 4151 2170 4189 PER-

649 4214 991 4255 TINENTIBUS.

804 4289 970 4362 (Vide
996 4292 1054 4346 in
1083 4291 1366 4349 Calatino
1395 4291 1495 4348 Il!
1528 4295 1598 4350 ad
1624 4313 1716 4352 an.
1753 4296 1938 4369 H98.)

1197 4406 1414 4462 CXXIX
1436 4408 1550 4463 ¹⁰²⁹.

578 4513 924 4554 ριιινιιεοιωι
954 4515 1022 4555 DE
1056 4513 1565 4556 COIHIU'I'A’I‘IONIBUS
1590 4516 1863 4556 VINEARUI
1902 4517 2011 4558 CUI
2053 4517 2174 4568 QUI-

775 4587 981 4626 BUSDAI
1022 4586 1378 4626 BUBGENSIBUS
1412 4587 1725 4627 IABUIEBIE
1759 4588 1966 4629 FACTIS.

608 4677 612 4680 ‘
648 4659 849 4717 Notum
873 4663 947 4719 sit
971 4663 1250 4729 omnibus,
1298 4671 1408 4717 tam
1455 4661 1656 4718 futuris
1683 4679 1854 4734 quam
1895 4667 2167 4735 presenti-

579 4752 703 4818 bus,
735 4754 880 4824 quod
905 4754 1199 4821 Arnaldus,
1224 4753 1495 4818 Dominici
1526 4753 1811 4825 Sepulchri
1839 4756 2008 4826 prior,
2035 4772 2168 4813 con-

579 4845 703 4901 silio
749 4854 804 4902 et
849 4861 1082 4901 assensu
1116 4845 1366 4915 capituli,
1422 4843 1550 4901 fecit
1592 4847 1736 4917 apud
1771 4846 2167 4905 Mahumeriam

577 4939 868 5008 quasdam,
912 4955 1021 5010 que
1063 4923 1508 5006 subscribuntu'r,
1553 4941 2014 4997 commutationes
2039 4957 2166 4997 cum

577 5029 906 5099 quibusdam
934 5029 1043 5082 iam
1078 5029 1220 5084 dicte
1249 5028 1375 5084 ville
1403 5029 1790 5101 burgensibus.

649 5119 954 5186 Quamdam
980 5121 1181 5175 etenim
1215 5119 1346 5176 fecit
1372 5123 1854 5179 commutationem
1887 5138 2014 5178 cum
2039 5121 2174 5178 Gui-

579 5209 735 5264 berto
763 5208 995 5279 Papasio
1021 5210 1088 5267 de
1113 5211 1349 5282 quadam
1372 5211 1623 5268 videlicet
1647 5213 1826 5281 vinea,
1855 5229 2020 5285 quam
2048 5229 2166 5284 pre-

579 5300 728 5357 fatus
773 5301 1068 5359 Guibertus
1109 5305 1279 5360 libere
1322 5305 1556 5361 habebat
1588 5315 1645 5362 et
1677 5308 1991 5378 possidebat
2022 5309 2173 5364 iuxta

578 5394 866 5450 ecclesiam
897 5395 1094 5453 Montis
1115 5397 1329 5465 Gaudii,
1355 5397 1628 5454 cimiterio
1650 5399 1905 5455 videlicet
1928 5400 2172 5456 eiusdem

579 5489 811 5545 ecclesie
840 5492 1224 5560 coniunctam;
1256 5507 1356 5563 pro
1392 5492 1496 5548 hac
1526 5491 1692 5562 igitur
1731 5492 1888 5547 vinea
1932 5493 2079 5548 dedit
2119 5494 2169 5550 ei

580 5595 682 5652 pro
715 5585 1142 5640 commutatione
1186 5585 1243 5639 in
1285 5593 1529 5640 extrema
1574 5593 1732 5656 parte
1765 5597 1962 5657 magne
1991 5586 2168 5654 vince,

578 5689 688 5746 que
721 5685 812 5732 est
839 5678 991 5732 iuxta
1030 5678 1176 5733 viam
1215 5679 1586 5748 superiorem,
1636 5677 1916 5748 quandam
1958 5687 2171 5749 partem

2190 3233 2242 3296 (Ξ

2269 1979 2548 2038 Cavallom
2571 1983 2848 2054 quandam
2876 1994 3089 2056 partem
3111 1985 3292 2053 vince,
3323 1985 3525 2043 iunctam
3551 1993 3642 2060 parti
3662 1993 3708 2046 ri-

2269 2087 2373 2129 nce
2408 2073 2655 2130 Gauterii
2699 2074 3066 2146 Carpentarii,
3102 2077 3268 2133 metis
3296 2077 3512 2133 similiter
3545 2083 3709 2137 termina-

2265 2172 2408 2231 tam,
2463 2172 2520 2220 et
2575 2165 2725 2220 salva
2763 2166 2996 2236 decima,
3029 2182 3132 2239 pro
3164 2167 3323 2224 vinea
3363 2167 3581 2237 videlicet,
3613 2187 3707 2242 quam

2272 2256 2446 2312 isdem
2483 2255 2759 2313 Ainardus
2790 2257 3030 2314 habebat
3069 2258 3225 2315 iuxta
3259 2260 3474 2330 vineam,
3507 2279 3587 2335 que
3609 2263 3714 2319 fuerat

2270 2349 2516 2405 Gauterii
2549 2348 2915 2421 Carpentarii.
2942 2349 3098 2408 Hanc
3127 2353 3296 2409 etiam
3330 2354 3517 2411 vineam
3541 2358 3715 2427 present»

2268 2451 2360 2497 tus
2388 2441 2686 2511 Ainardus,
2711 2428 2881 2499 nimia
2908 2455 3236 2516 paupertate
3256 2447 3550 2518 cumpulsus,
3572 2462 3641 2503 nec
3657 2448 3714 2501 ln-

2271 2531 2404 2588 bens
2454 2533 2598 2588 unde
2649 2547 2879 2589 uxorem
2930 2549 3090 2590 suam
3130 2543 3187 2590 et
3224 2535 3418 2592 liberes
3459 2543 3719 2592 sustentareet

2269 2620 2508 2681 educare
2570 2625 2776 2696 posset,
2827 2625 2899 2681 ad
2944 2625 3271 2682 earumdem
3319 2626 3717 2683 suStentationemet

2269 2717 2691 2786 nutrimentum,
2719 2733 2785 2774 ac
2809 2733 3002 2774 eorum
3034 2734 3292 2787 assensu,
3314 2727 3366 2775 et
3390 2734 3606 2775 consensu
3628 2717 3725 2772 etiam

2269 2809 2479 2864 domini
2515 2809 2774 2881 iustoque
2819 2809 3016 2866 iuditio
3061 2819 3116 2866 et
3165 2810 3367 2867 intuitu
3411 2806 3724 2878 curie,IIartino

2268 2899 2628 2973 Carpentario
2667 2901 2870 2960 Montis
2895 2902 3094 2960 Gaudii
3121 2920 3226 2976 pro
3251 2921 3378 2960 xxvr
3422 2902 3620 2959 bisanliis
3653 2915 3731 2956 ven-

2269 2987 2426 3051 didit.

2343 3105 2524 3160 Aliam
2559 3122 2779 3178 quoque
2809 3106 2942 3163 fecit
2960 3109 3446 3165 commutationem
3486 3123 3583 3162 cum
3603 3106 3736 3160 ﬁliabus

2269 3192 2450 3251 Pontii
2480 3193 2693 3253 Faverii
2719 3206 2774 3253 et
2791 3198 3120 3270 coniugibus
3145 3214 3342 3255 earum
3371 3199 3433 3254 de
3452 3197 3636 3270 quadam
3649 3204 3736 3249 tem

2271 3289 2419 3346 culta
2477 3290 2769 3346 habentem
2821 3291 3018 3363 iugera
3072 3306 3210 3360 xxx,
3252 3307 3363 3364 que
3389 3303 3465 3348 est
3489 3291 3535 3345 in
3559 3288 3740 3344 territorio

2271 3380 2586 3451 Kalandrie,
2613 3383 2682 3439 de
2702 3399 2812 3455 qua
2846 3383 3120 3441 decimam
3156 3393 3217 3440 et
3253 3385 3549 3440 terraticum
3576 3381 3738 3442 dabant;

2271 3489 2373 3546 pro
2421 3490 2488 3530 ea
2530 3475 2698 3547 igitur
2731 3486 2880 3532 terra
2927 3476 3081 3533 dedit
3130 3475 3216 3532 eis
3240 3476 3382 3532 duas
3416 3473 3569 3547 petias
3586 3470 3742 3526 vinetin

2272 3567 2412 3622 valle
2444 3565 2643 3623 Sancte
2673 3567 2863 3637 Marie,
2889 3583 3058 3624 unam
3089 3567 3388 3624 habentem
3409 3569 3571 3640 iugera
3594 3579 3631 3619 tv
3649 3560 3742 3617 etal-

2272 3665 2444 3728 teram
2485 3658 2673 3731 iugera
2702 3675 2743 3714 ιι
2767 3674 2876 3731 que
2903 3658 3124 3730 quidem
3158 3657 3391 3716 fuerunt
3417 3658 3578 3714 fratris
3602 3650 3747 3710 Petride

2273 3748 2540 3819 Rametis,
2572 3749 2640 3806 de
2673 3752 2878 3824 quibus
2911 3751 3017 3822 ipsi
3047 3760 3103 3808 et
3129 3751 3368 3808 heredes
3416 3767 3581 3808 eorum
3609 3749 3746 3803 tertiam

2273 3847 2484 3910 partem
2514 3847 2570 3893 et
2589 3838 2860 3894 decimam
2904 3838 3132 3896 dabunt.
3160 3837 3326 3918 Dedit
3349 3850 3519 3895 autem
3538 3847 3582 3894 et
3604 3833 3759 3902 Stepha-i

2273 3947 2345 3986 no
2366 3930 2654 3987 Pastinace
2675 3932 2914 3999 vineam,
2951 3947 3059 4002 que
3093 3931 3202 3987 fuit
3234 3931 3427 3987 fratris
3477 3927 3666 3994 Arnald‘,
3700 3921 3759 3990 tali,

2273 4021 2499 4090 quidem
2533 4015 2695 4092 pacto
2715 4030 2776 4076 ut
2803 4021 3067 4076 incultam
3101 4031 3316 4078 terram
3368 4021 3628 4093 prescripte
3664 4016 3759 4090 vince

2274 4120 2636 4181 pertinentem
2667 4111 2958 4182 plarrtaret,
2996 4120 3051 4168 et
3071 4112 3139 4168 de
3165 4123 3408 4185 utraque
3446 4110 3639 4182 singulis
3662 4101 3759 4158 armis.

2276 4204 2620 4259 medietatem
2648 4214 2703 4260 et
2723 4204 2995 4260 decimam
3027 4205 3311 4262 redderet.
3758 4255 3759 4278 ξ

2343 4291 2476 4348 Item
2523 4293 2688 4348 aliam
2738 4293 2869 4350 fecit
2910 4296 3415 4351 commutationem
3457 4309 3569 4349 cum
3609 4287 3760 4368 Πειρίεῆ

2273 4386 2487 4454 Amico,
2520 4402 2722 4458 genero
2754 4403 2877 4454 suo,
2895 4387 2962 4442 de
2992 4388 3234 4458 quadam
3302 4395 3458 4460 parte
3501 4384 3591 4441 orti
3629 4392 3760 4464 eorum

2274 4496 2381 4552 quc
2404 4488 2488 4535 est
2516 4479 2669 4533 iuxta
2717 4479 3050 4550 berquilium
3077 4498 3092 4548 ;
3133 4496 3248 4551 que
3296 4497 3428 4551 pars
3455 4479 3519 4534 ab
3545 4477 3628 4530 alia
3657 4482 3760 4554 pariet

2201 4581 2245 4637 ι)
2269 4588 2435 4645 quam
2459 4571 2563 4642 ipsi
2592 4571 2694 4626 sibi
2710 4572 3077 4640 retinuerunt,
3101 4573 3270 4628 metis
3288 4572 3468 4629 divisa
3487 4569 3588 4636 est;
3606 4581 3680 4638 pro
3707 4569 3760 4632 qi“

2271 4663 2420 4720 dedit
2451 4662 2533 4718 eis
2554 4661 2830 4732 quandam
2849 4669 3058 4732 partem
3091 4672 3241 4717 terre
3269 4661 3426 4718 illius
3456 4659 3646 4719 inculte,
3667 4661 3760 4721 quam

2271 4773 2437 4828 super
2460 4755 2753 4812 concordia
2776 4752 3002 4809 Roberti
3039 4755 3106 4810 de
3138 4754 3343 4811 Retest
3378 4755 3493 4826 ipse
3515 4761 3563 4806 et
3581 4748 3653 4803 alii
3672 4754 3760 4798 me

2272 4836 2382 4905 niei
2409 4847 2590 4920 adepti
2615 4846 2834 4902 fuerant
2858 4864 2873 4914 ;
2897 4861 3006 4917 que
3026 4847 3198 4902 etiam
3237 4856 3396 4903 terra
3427 4843 3577 4900 aﬁnis
3600 4847 3663 4894 est
3688 4841 3760 4888 lem

2271 4944 2445 5016 ipsius
2475 4941 2660 5014 Helye.
3655 5024 3686 5028 __
3753 5017 3759 5028 ‘

2301 5089 2304 5093 .
2348 5038 2592 5110 Itemque
2614 5036 2776 5092 aliam
2808 5035 3461 5092 fecitcommutationem
3506 5047 3614 5088 cum
3655 5024 3760 5087 Ηοδβ

2277 5131 2568 5204 tali,'quod
2606 5139 2689 5200 est
2712 5129 3075 5197 Mahumarie,
3105 5129 3173 5185 de
3198 5129 3456 5200 quadam
3511 5132 3642 5197 parte
3667 5123 3760 5173 (ιιιηὲ

2279 5226 2404 5288 dam
2427 5222 2554 5290 orti,
2581 5237 2690 5293 que
2723 5230 2871 5276 tenet
2890 5236 2923 5276 a
2957 5220 3236 5292 berquilio
3293 5218 3546 5290 Sepulcri
3586 5223 3714 5280 usque
3742 5217 3760 5254 ³

2279 5314 2610 5385 berquilium
2638 5310 2886 5367 eiusdem
2923 5308 3226 5380 Hospitalis
3279 5328 3296 5366 :
3326 5325 3434 5382 pro
3469 5322 3570 5379 qua
3594 5309 3708 5375 parte.

2280 5404 2362 5461 dit
2417 5404 2526 5458 iam
2569 5402 2717 5474 dicto
2761 5400 3032 5473 Hospitali
3057 5401 3167 5456 duo
3193 5401 3404 5473 iugera
3434 5400 3595 5462 vince,
3623 5407 3701 5462 que
3725 5385 3760 5468 ili

2279 5496 2467 5552 fratris
2489 5495 2751 5566 Stephani
2781 5492 3003 5564 Ortalis,
3041 5495 3192 5549 salva
3223 5494 3356 5550 sola
3376 5493 3600 5550 decima.
3758 5563 3759 5566 η

2345 5586 2481 5643 Item
2511 5596 2707 5643 notum
2735 5585 2853 5642 fieri
2876 5587 3130 5641 volumus
3184 5586 3486 5640 universis
3521 5579 3646 5652 quod

2279 5678 2553 5736 Robertus
2573 5675 2870 5735 Porcarius
2909 5676 3135 5746 donum,
3186 5678 3356 5748 quod
3393 5676 3528 5734 olim
3576 5671 3634 5728 de
3677 5677 3731 5720 εει

651 5859 742 5894 ¹⁰²⁹
780 5861 846 5927 A,
878 5858 918 5913 β’
944 5857 1064 5928 107,
1091 5867 1174 5929 v°;
1201 5873 1439 5930 manque
1471 5857 1610 5915 dans
1633 5857 1694 5911 Β.
1745 5934 1747 5937 ι
1774 5857 1866 5939 ff?
1899 5857 2156 5929 Corrigez

2271 5865 2392 5913 Βία.
