3824 6308
50 428 160 485 iam
1040 413 1494 470 CABTULAIRE
1530 413 1560 468 ω

1780 411 1867 468 ΝΤ
1906 413 2288 470 SEPULCRE.
3153 419 3290 476 1222

46 545 170 604 etde
211 535 479 598 universis
501 532 666 592 rebus
705 528 824 587 suis
845 529 1074 586 ecclesie
1105 529 1456 586 Sanctissimi
1497 527 1599 584 Se—
1629 526 1858 590 Anium
1893 526 2246 596 Sanctorum,
2267 527 2602 600 prehendam
2628 530 2744 588 sive
2792 530 3129 590 lerosolimis
3173 535 3293 594 sive

47 637 196 713 pulcri
221 633 444 697 fecerat,
479 643 601 684 cum
637 625 782 680 forte
805 623 1044 695 quadam
1086 623 1176 678 die
1209 623 1447 678 domnus
1487 621 1594 676 Ar-
1699 617 2056 713 hlahumerie,
2098 631 2378 695 tamquam
2437 625 2534 680 uni
2573 640 2639 680 ex
2685 625 2816 682 illis.
2875 625 3128 684 Prefatus
3152 644 3294 686 vero

45 711 213 786 naldus
233 723 380 795 prior
397 720 540 793 apud
568 716 967 774 Mahumeriam
994 723 1160 781 esset,
1207 713 1596 770 assistentibus
1699 711 2003 770 Balduinus
2035 715 2198 770 solvit
2240 725 2294 771 et
2321 715 2532 772 dimisit
2562 717 2771 788 absque
2802 734 2903 774 sua
2926 727 2981 774 et
3029 720 3294 778 heredum

45 822 185 876 etiam
203 830 384 873 coram
405 828 472 868 eo
492 813 545 866 in
571 809 816 882 plenaria
838 808 992 864 curia
1013 816 1298 879 pretaxate
1315 807 1442 861 ville
1464 805 1592 861 bur-
1699 819 1930 861 suorum
1962 808 2275 880 calumpnia
2299 817 2355 866 et
2386 810 2819 867 contradictione
2847 811 3079 868 ecclesie
3106 812 3296 872 Sancti

47 911 293 984 gensibus.
333 907 388 961 in
407 912 701 974 conspectu
745 912 801 957 et
847 902 902 956 in
950 900 1168 956 audatia
1207 899 1303 931 ¹⁰³¹
1345 899 1595 955 omnium
1703 899 1968 970 quiequid
1989 904 2938 973 superrebusvelhereditatefratris
2957 908 3292 966 liobertiSe-

45 998 376 1065 conﬁrmavit,
407 1007 463 1052 et
484 995 762 1062 baculum,
785 1009 950 1064 quem
979 993 1033 1046 in
1068 1007 1237 1046 manu
1266 991 1507 1058 tenebat,
1537 989 1595 1044 in
1695 990 2274 1060 puleriPorcariiiuste
2294 1013 2389 1054 seu
2403 998 2604 1056 iniuste
2621 1001 3090 1073 calumpniebatnr
3101 1005 3185 1062 vel
3201 1021 3298 1062 ca—

45 1109 237 1152 manum
255 1091 461 1149 domini
483 1088 684 1160 prioris
709 1087 938 1142 Arualdi
963 1087 1268 1157 porrigens,
1291 1085 1360 1141 de
1378 1083 1594 1141 cunctis
1695 1080 1993 1152 lumpniari
2037 1095 2271 1154 poterat.
2301 1087 2588 1147 Concessit
2611 1093 2775 1148 etiam
2799 1093 2971 1150 isdem
2993 1095 3293 1152 Balduinus

45 1186 184 1240 rebus
205 1191 258 1238 et
277 1179 719 1253 possessionibus
747 1178 865 1233 suis
885 1192 1014 1234 eum
1071 1176 1348 1232 investivit
1381 1193 1395 1241 ;
1432 1175 1593 1230 dom-
1697 1174 1966 1244 sepedicle
1987 1179 2214 1234 ecclesie
2234 1189 2359 1249 post
2377 1191 2604 1238 mortem
2627 1198 2783 1240 suam
2814 1193 3068 1255 quartum
3081 1200 3135 1242 et
3145 1185 3294 1243 decio

45 1294 129 1332 nus
151 1290 271 1332 vero
306 1273 581 1328 Arnaldus
605 1271 862 1326 baculum
893 1268 1188 1339 accipiens,
1217 1267 1596 1338 eumdemque
1696 1280 1843 1320 mam
1878 1267 2054 1335 vinee,
2087 1285 2194 1340 que
2212 1271 2367 1328 estin
2393 1283 2536 1328 terra
2576 1274 2766 1331 fratris
2779 1275 3004 1332 Boberti
3036 1276 3286 1331 Porcarii

43 1369 260 1440 protinus
291 1365 449 1421 fratri
475 1363 716 1420 Roberto
749 1377 936 1418 coram
970 1360 1230 1417 omnibus
1258 1359 1592 1426 extendens,
1697 1356 1990 1416 habentem
2012 1361 2199 1434 iugera
2220 1379 2296 1430 vr,
2318 1381 2486 1436 quam
2513 1366 2766 1424 videlicet
2791 1369 3009 1424 vineam
3048 1368 3217 1425 libere
3235 1378 3292 1426 et

43 1468 229 1524 easdem
250 1479 354 1530 res,
383 1461 516 1517 dum
547 1460 771 1524 viveret,
801 1454 1189 1513 custodiendas
1215 1462 1270 1511 et
1298 1453 1366 1510 ad
1403 1455 1595 1510 hono-
1697 1447 1879 1520 quiete
1901 1452 2234 1521 possidebat.
2269 1453 2564 1527 Propterea
2602 1468 2995 1515 concesserunt
3019 1459 3069 1515 ei
3104 1464 3291 1530 preta-

43 1576 136 1616 rem
169 1553 503 1613 Sanctissimi
545 1550 792 1623 Sepulcri
822 1548 1089 1622 regendas
1117 1556 1172 1603 et
1207 1546 1594 1617 propagandas
1697 1541 1810 1596 rati
1832 1545 2105 1613 canonici,
2130 1547 2262 1602 dum
2292 1549 2519 1618 viveret,
2547 1551 2952 1608 terraticum-et
3006 1553 3280 1609 decimam

43 1652 82 1704 ei
113 1647 367 1705 commisit
392 1654 450 1700 et
473 1639 896 1704 commendavit.
927 1637 1120 1694 Frater
1147 1651 1281 1693 vero
1315 1635 1595 1693 Robertus
1699 1633 1872 1703 vince,
1897 1653 2064 1708 quam
2121 1640 2358 1697 habebat
2403 1642 2557 1700 iuxta
2609 1642 2835 1700 Gabaon
2860 1663 2875 1712 ;
2903 1652 3029 1716 post
3045 1654 3279 1702 mortem

42 1721 282 1810 quomodo
303 1746 357 1793 et
379 1735 617 1808 qualiter
639 1745 728 1790 res
748 1739 803 1788 et
820 1729 1204 1802 possessiones
1226 1728 1350 1784 illas
1387 1727 1598 1784 habue-
1699 1742 1832 1784 vero
1871 1729 1994 1786 eius
2045 1732 2314 1789 decimam
2367 1742 2422 1790 et
2451 1736 2767 1793 terraticum
2797 1738 3098 1808 prescripte
3127 1738 3292 1794 vinee

44 1840 112 1888 rat
129 1841 177 1887 et
206 1829 539 1902 adquisierat
559 1824 878 1898 singillatim
906 1823 976 1879 de
1004 1821 1238 1893 singulis
1266 1820 1470 1878 ibidem
1507 1836 1598 1877 re-
1629 1883 1672 1902 “
1699 1821 1967 1889 pretaxati
1994 1825 2246 1882 canonici
2273 1827 2576 1883 habebunt.
2607 1827 2908 1886 Balduinus
2927 1845 3060 1884 vero
3088 1843 3289 1886 secun—

44 1923 158 1980 ferre
180 1930 230 1979 et
255 1934 581 1978 enumerare
603 1917 767 1988 cepit,
797 1916 1020 1972 dicens:
1069 1933 1089 1966 ι
1120 1912 1346 1969 Terram
1369 1912 1598 1968 coniun-
1628 1883 1673 1939 Β
1697 1911 1829 1968 dum
1855 1915 2005 1971 hunc
2028 1924 2271 1973 tenorem
2293 1927 2582 1991 utramque
2608 1920 2830 1976 vineam
2857 1921 2990 1977 dare
3020 1919 3107 1976 vel
3154 1935 3292 1976 ven—

49 2035 64 2067 ι
87 2023 216 2072 ctam
244 2023 382 2070 terre
405 2010 638 2068 Roberti
659 2008 870 2081 Ungari
893 2007 1043 2064 dedit
1061 2005 1229 2062 michi
1246 2006 1398 2078 prior
1413 2005 1594 2062 Giral-
1697 2004 1826 2063 dere
1850 2009 2054 2078 poterit
2087 2009 2416 2082 cuicumque
2438 2013 2728 2084 placuerit.

47 2127 64 2160 ι
96 2109 188 2164 dus
207 2123 328 2163 cum
349 2120 530 2162 uxore
554 2118 698 2171 mea,
731 2116 840 2173 que
859 2100 1016 2172 prius
1041 2100 1376 2171 desponsata
1414 2096 1596 2154 fuerat
1757 2131 1766 2136 -
2296 2101 2516 2156 CXXXI
2549 2104 2662 2159 tona.

50 2218 65 2252 ι
89 2197 344 2265 l'mberto,
371 2197 493 2269 qui,
520 2195 781 2268 quoniam
806 2202 1012 2250 terram
1061 2191 1367 2264 predictam
1395 2203 1596 2246 secun-
1903 2207 1972 2246 ns
2001 2207 2354 2250 saeuusn'ro
2383 2209 2720 2252 BURGBNSIUI
2749 2213 3083 2253 nanunsnn-z.

49 2310 64 2342 ι
91 2291 202 2346 dum
227 2298 493 2346 statutum
518 2301 728 2344 morem
756 2285 937 2342 colere
961 2298 1073 2340 non
1090 2289 1332 2354 poterat,
1367 2291 1424 2338 et
1481 2289 1595 2336 ter-
1768 2284 1827 2341 In
1856 2285 2079 2341 nomine
2102 2283 2280 2342 Patris
2301 2294 2355 2341 et
2375 2285 2498 2341 Filii
2519 2296 2573 2342 et
2605 2285 2841 2358 Spiritus
2872 2286 3080 2357 Sancti,
3104 2304 3288 2358 amen.

49 2402 65 2434 ι
91 2399 190 2438 ram
207 2392 260 2438 et
281 2383 467 2438 villam
510 2381 860 2446 deseruerat;
888 2377 1168 2449 quandam
1199 2374 1363 2430 aliam
1390 2382 1595 2429 terram
1624 2423 1626 2426 ,
1743 2379 1929 2434 -Anno
1951 2379 2022 2434 ab
2051 2378 2432 2436 incarnatione
2455 2378 2672 2436 Domini
2697 2397 2856 2447 ucnv,
2885 2382 3182 2438 indictione
3212 2398 3286 2448 IV,

50 2472 300 2542 ιι)τωίοω
319 2481 466 2527 terre
488 2468 812 2525 continuam
834 2466 985 2522 dedit
1025 2465 1195 2520 michi
1230 2464 1288 2520 in
1338 2477 1595 2519 commu-
1699 2470 1860 2526 tertio
1910 2469 2034 2525 idus
2087 2468 2370 2537 februarii,
2435 2471 2538 2526 sub
2587 2470 2879 2531 Fulcherio
2907 2513 2922 2538 ,
2975 2472 3289 2542 patriarcha

48 2563 268 2618 «tatione
295 2561 447 2633 prior
483 2559 702 2628 Petrus,
731 2557 826 2629 qui
859 2565 1050 2628 postea
1079 2554 1258 2612 factus
1277 2563 1363 2612 est
1383 2554 1594 2627 Tyren-
1695 2560 2155 2628 Ierosolimitano,
2187 2570 2240 2616 et
2271 2559 2560 2630 Balduino,
2588 2577 2715 2635 rege
2736 2562 3030 2619 Ierusalem
3062 2562 3289 2618 Latino-

47 2671 64 2703 ι
91 2653 154 2709 sis
173 2652 634 2724 archiepiscopus,
665 2665 766 2722 pro
793 2647 1034 2721 quadam
1061 2657 1227 2713 terra,
1281 2661 1450 2718 quam
1492 2661 1595 2718 ego
1696 2669 1820 2709 rum
1843 2659 2063 2724 quarto,
2079 2653 2400 2708 iuraverunt
2421 2654 2726 2726 burgenses
2747 2653 3085 2711 Mahumerie
3113 2653 3290 2711 ﬁdeli-

47 2763 64 2796 ‹
88 2759 301 2801 emeram
339 2761 370 2800 a
406 2743 658 2801 Galterio
702 2742 870 2808 Beia;
902 2740 1058 2796 iuxta
1098 2737 1333 2796 eandem
1389 2749 1593 2794 terram
1696 2753 1864 2802 tatem
1903 2743 2197 2800 conventui
2255 2743 2604 2802 Sanctissimi
2662 2746 2914 2818 Sepulcri
2967 2745 3287 2805 huiusmodi

51 2853 64 2884 ‹
95 2833 222 2889 dedit
242 2835 404 2892 michi
432 2834 611 2890 isdem
639 2832 791 2904 prior
827 2830 1026 2888 Petrus
1077 2831 1243 2888 aliam
1275 2837 1483 2886 terram
1523 2829 1594 2886 ad
1696 2836 1934 2894 formam
1958 2835 2249 2892 habentem
2278 2853 2292 2890 :

51 2943 64 2974 ι
91 2926 376 2982 terraticum
395 2933 456 2982 et
481 2924 804 2981 decimam.»
1741 2959 1746 2972 ι
1773 2948 1792 2982 α
1821 2928 1935 3002 Ego
1956 2928 2228 2984 Iohannes
2255 2927 2554 2986 Guitardus
2576 2929 2700 2986 iuro
2723 2929 3043 2987 fidelitatem
3089 2929 3204 2988 Deo
3227 2937 3288 2988 et

99 3016 210 3073 Item
250 3019 362 3075 ﬁeri
408 3018 669 3076 volumus
699 3028 894 3072 notum
935 3013 1214 3083 omnibus,
1244 3013 1594 3086 presentibus
1703 3021 2122 3078 r-Sanctissimo
2153 3019 2417 3092 Sepulcro
2441 3029 2498 3078 et
2519 3023 2810 3079 conventui
2831 3023 3079 3080 eiusdem
3113 3021 3288 3081 Sanc-

43 3119 85 3164 et
108 3109 304 3179 futuris,
333 3110 488 3184 quod
517 3109 670 3181 prior
708 3106 984 3164 Arnaldus
1009 3114 1066 3162 et
1092 3106 1352 3163 dominus
1385 3106 1596 3163 Imber;
1703 3135 1722 3168 ι
1753 3115 1955 3172 tissimi
1984 3113 2233 3186 Sepulcri
2254 3113 2326 3170 ad
2355 3115 2776 3182 custodiendum
2806 3123 2864 3173 et
2917 3124 3287 3174 manuteuen-

47 3211 115 3259 tus
140 3203 199 3260 de
244 3203 445 3272 Retest,
471 3203 618 3274 apud
643 3199 1043 3267 Mahumeriam
1073 3199 1312 3270 quadam
1333 3198 1424 3291 dif
1443 3199 1594 3271 pari-
1619 3230 1666 3291 ρ
1703 3228 1721 3262 ι
1756 3209 1886 3265 dum
1913 3208 2084 3263 vitam
2107 3216 2163 3264 et
2183 3207 2430 3263 membra
2454 3223 2648 3264 eorum
2695 3217 2752 3265 et
2782 3209 3044 3264 honorem
3091 3223 3282 3266 eorum

45 3303 108 3349 ter
130 3311 180 3352 se
203 3297 606 3363 convenientes,
645 3293 907 3350 dixerunt
937 3293 1007 3349 ad
1035 3292 1272 3348 invicem
1297 3310 1310 3347 :
1332 3310 1352 3345 ι
1379 3289 1590 3348 Eamus
1645 3289 1663 3291 “
1701 3319 1720 3354 ι
1755 3310 1812 3357 ει
1835 3301 2042 3369 omnia,
2079 3316 2188 3372 que
2210 3301 2279 3356 ad
2310 3300 2575 3357 Sanctum
2593 3299 2932 3374 sepulcrum
2961 3309 3014 3356 et
3042 3302 3111 3356 ad
3155 3317 3284 3373 pre.—

50 3407 64 3438 ‹
95 3396 140 3443 et
159 3388 430 3445 videamus
461 3396 639 3442 metas
665 3393 721 3441 et
741 3383 969 3441 divisias
989 3397 1249 3456 agrorum
1273 3393 1590 3440 nostrorum
1699 3413 1720 3448 r
1753 3395 1960 3451 dictum
1986 3403 2316 3452 conventum
2339 3395 2632 3465 pertinent,
2669 3396 2822 3451 salva
2849 3395 3108 3451 fidelitate
3138 3396 3288 3468 regis

49 3497 64 3530 ς
89 3488 275 3536 errem
303 3489 516 3538 nosne.
543 3496 564 3533 ι
601 3477 820 3534 Placuit
847 3476 1016 3548 igitur
1040 3476 1312 3532 ambobus
1337 3493 1353 3544 ;
1384 3475 1592 3548 egressi
1700 3505 1720 3540 ‹
1756 3486 2073 3542 Ierusalem.
2099 3485 2194 3542 Sic
2225 3485 2372 3544 Deus
2403 3502 2492 3543 me
2520 3486 2740 3543 adiuvet
2765 3487 2991 3544 etistud
3027 3495 3283 3544 sanctum
3331 3487 3343 3500 °

42 3581 149 3628 sunt
174 3582 230 3628 ut
255 3575 505 3631 viderent
530 3581 588 3628 et
631 3576 990 3643 peragrarent
1023 3577 1300 3624 terrarum
1348 3568 1489 3624 ﬁnes
1536 3576 1592 3624 et
1699 3596 1720 3630 ι
1753 3576 2116 3648 evangelium.
2157 3595 2177 3630 ι

39 3674 202 3723 metas.
223 3666 513 3740 Elegerunt
537 3673 719 3721 autem
755 3663 1030 3735 quendam
1056 3659 1424 3718 Sarracenum
1451 3660 1589 3715 antiv
1734 3710 1740 3715 .
1765 3665 2010 3733 Quorum
2033 3665 2390 3737 burgensium
2420 3665 2646 3720 nomina
2671 3665 3017 3736 subsequens
3081 3665 3284 3738 pagina

44 3773 200 3828 quum,
251 3759 447 3818 Pedem
499 3757 729 3815 Tortum
777 3757 1020 3825 nomine,
1060 3756 1157 3828 qui
1201 3754 1406 3826 preiret
1433 3772 1449 3822 ;
1475 3754 1592 3825 ipse
1692 3757 1973 3814 declarat:
2001 3757 2278 3813 Iohannes
2309 3756 2630 3824 Guitardus,
2652 3757 2904 3813 Andreas
2958 3757 3028 3814 de
3080 3757 3284 3822 Sancto

41 3850 160 3905 enim
179 3852 665 3924 sciebaﬁterrarum
693 3849 920 3906 divisias
939 3856 996 3905 et
1016 3847 1308 3904 terminos.
1339 3845 1592 3917 Precepit
1693 3849 1976 3914 Gauterio,
2001 3849 2195 3905 Petrus
2217 3848 2440 3914 ludens,
2464 3847 2661 3904 Petrus
2694 3849 2764 3904 de
2813 3849 3095 3916 Alvernia,
3153 3849 3286 3906 Rai-
3333 3913 3341 3921 ο

39 3948 192 3996 autem
225 3941 272 3996 ei
294 3941 556 3998 dominus
579 3939 873 4006 Robertus,
905 3937 1065 3995 cuius
1121 3937 1290 3992 homo
1347 3935 1590 3992 rusticus
1691 3942 1890 3998 naldus
1918 3941 1987 3998 de
2019 3941 2220 4007 Barlet,
2251 3939 2546 3996 Gaufricus
2578 3939 2781 4008 Claire,
2825 3939 3166 3997 Humbertus
3215 3940 3284 3996 de

42 4029 114 4085 ille
134 4041 255 4099 erat,
286 4041 343 4088 ut
367 4031 660 4089 veritatem
687 4028 912 4097 diceret,
943 4035 1000 4085 et
1017 4043 1114 4100 per
1129 4036 1311 4084 certos
1336 4034 1392 4082 et
1411 4027 1552 4082 iusto

1769 4033 1968 4105 saphat,
1998 4032 2338 4105 Arnulphus,
2368 4032 2638 4104 lopensis,
2668 4033 2981 4089 Aimertcus
3007 4032 3279 4100 Guitardi,

45 4132 269 4181 terrarum
292 4125 560 4182 terminos
589 4138 690 4180 eos
717 4123 966 4190 duceret,
999 4121 1266 4222 minando
1289 4121 1358 4222 ei.
1394 4119 1589 4222 pedem
1692 4126 1888 4182 Petrus
1914 4123 2196 4196 Orgerius,
2233 4123 2488 4181 Giraldus
2517 4123 2718 4192 Rufus,
2752 4122 3028 4180 Robertus
3081 4123 3282 4191 Faber,

45 4215 216 4273 bonum
242 4218 418 4276 facere
457 4217 648 4285 incidi,
678 4216 726 4272 si
749 4215 1094 4284 mentiretur,
1126 4222 1182 4270 et
1205 4213 1254 4270 si
1289 4213 1588 4286 aliquando
1690 4216 1959 4273 Martinus
1978 4216 2392 4287 Carpentarius,
2422 4217 2681 4274 Albertus
2702 4216 2898 4285 Faber,
2928 4215 3124 4273 Petrus
3149 4215 3286 4272 Pro-

45 4319 68 4356 a
93 4306 165 4361 via
181 4320 318 4364 recta
337 4309 603 4366 deviaret.
632 4304 838 4363 Preivit
876 4305 1045 4378 igitur
1095 4304 1340 4362 rusticus
1375 4303 1486 4372 ille,
1533 4313 1591 4360 et
1690 4310 1952 4378 vintialis,
1976 4307 2133 4380 [Iugo
2159 4309 2228 4366 de
2243 4307 2446 4366 Sancto
2474 4307 2664 4382 Helya,
2692 4307 2890 4381 Helyas
2911 4307 3282 4377 Lumbardus,

44 4393 546 4465 demonstrationem,
574 4413 741 4468 quam
770 4396 854 4453 eis
885 4394 1145 4464 ostendit,
1187 4403 1246 4451 et
1281 4395 1426 4452 sicut
1466 4394 1586 4464 ivit.
1690 4402 1963 4459 Iohannes
1995 4399 2316 4468 Catalanus,
2347 4399 2788 4469 Bartholomeus,
2825 4399 3101 4457 Robertus
3138 4399 3280 4458 Mal-

45 4487 226 4560 utrique
245 4492 468 4563 placuit.
493 4488 635 4546 Huic
657 4503 790 4560 ergo
812 4487 1272 4544 demonstrationi
1289 4486 1588 4544 interfuere
1689 4494 1830 4562 vais,
1853 4491 2124 4548 Iohannes
2151 4490 2354 4560 Pissot,
2386 4492 2698 4550 Willelmus
2725 4492 2794 4549 de
2838 4491 3090 4560 Fabrica,
3143 4490 3285 4548 Fru-

45 4577 98 4632 de
121 4585 380 4642 canonicis
405 4582 678 4640 Dominici
713 4580 1007 4652 Sepulcri:
1613 4574 1667 4638 Β
1693 4585 1956 4654 mentius,
1992 4583 2400 4642 Willelmusde
2455 4582 2716 4651 Tuschet,
2760 4583 3058 4640 Anselinus
3109 4581 3280 4640 Lom-

161 4669 408 4730 Dominus
436 4671 654 4739 Petrus,
683 4669 1127 4728 elemosinarius.
1155 4668 1426 4728 Dominus
1447 4670 1584 4728 Ber-
1693 4677 1898 4734 bardus
1920 4717 1937 4744 ,
1988 4675 2274 4733 Girbertus
2324 4675 2672 4748 Burgundio,
2722 4672 2842 4730 Odo
2898 4673 3238 4745 Francigena
3261 4715 3278 4741 ,

215 4767 414 4822 nardus
462 4763 862 4819 Antiochenus.
938 4760 1009 4818 Et
1083 4760 1256 4819 frater
1325 4761 1582 4821 Pisanus.
1692 4769 1923 4826 Pontius
1971 4768 2174 4824 Bonari
2207 4809 2224 4837 ,
2289 4766 2593 4825 Willelmus
2649 4766 2896 4824 Clericus
2925 4807 2942 4832 ,
3006 4765 3281 4822 Giraudus

220 4855 406 4915 Petrus
424 4855 643 4912 Iudeus.
664 4852 734 4909 Et
751 4851 1040 4922 Iohannes,
1067 4853 1358 4929 interpres.
1388 4855 1594 4914 Arber-
1692 4862 1974 4920 Lamberti
1995 4903 2012 4931 ,
2072 4861 2355 4920 Maurinus
2385 4904 2402 4932 ,
2471 4861 2785 4935 Stephanus
2837 4860 2906 4916 de
2972 4858 3215 4916 Linedan
3259 4901 3276 4928 ,

222 4960 324 5009 tus.
351 4951 684 5022 Stephanus.
721 4946 975 5004 Interfuit
999 4948 1167 5005 etiam
1226 4949 1377 5008 filius
1428 4965 1587 5023 sepe-
1693 4954 1898 5024 Maius,
1926 4955 2241 5013 Bernardus
2276 4955 2616 5028 Burgundio,
2656 4953 2842 5010 Bruno
2890 4951 3278 5021 Pictaviensis,

220 5043 342 5100 dicti
362 5043 611 5102 Boberti.
1689 5048 2000 5105 Willelmus
2024 5047 2397 5116 Provintialis,
2428 5045 2738 5102 Aimericus
2764 5043 3149 5112 Pictaviensis,
3171 5043 3278 5101 Pe-

563 5133 760 5191 CXXX
797 5134 908 5189 ¹⁰³’-
1587 5216 1589 5218 η
1686 5150 1809 5199 trus
1834 5141 2024 5209 Bonet,
2055 5139 2378 5197 Godefridus
2407 5137 2770 5206 Lombardus,
2800 5136 3071 5194 Radulius
3097 5135 3277 5196 Serius

163 5239 222 5279 ns
247 5240 754 5283 conrnnsnmrus
791 5241 1041 5282 annum
1073 5241 1142 5282 ne
1179 5240 1443 5283 ronmco.
1643 5233 1648 5240 '
1688 5235 2071 5292 Cementarius
2092 5275 2108 5303 ,
2163 5232 2434 5290 Iohannes
2484 5231 2830 5288 Cortiliarius
2851 5272 2867 5298 ,
2915 5230 3228 5290 Bernardus
3257 5273 3276 5301 ,

102 5311 277 5374 Notum
305 5321 374 5376 sit
399 5321 656 5376 omnibus
683 5319 831 5392 quod
852 5317 899 5373 A
925 5317 1236 5392 [malricus]
1259 5319 1415 5390 prior
1440 5327 1588 5376 cete-
1687 5327 1920 5384 Pontius
1946 5325 2103 5388 Milii.
2129 5326 2440 5383 Bernardus
2456 5325 2746 5395 Corveser,
2769 5323 3073 5382 Rainaldus
3093 5324 3274 5396 Gaite,

50 5404 178 5476 rique
205 5413 440 5469 canonici
469 5411 657 5468 Sancti
685 5411 932 5483 Sepulcri
984 5422 1312 5483 receperunt
1358 5411 1586 5468 Baldui-
1691 5419 1998 5487 Girbertus,
2027 5417 2302 5475 Robertus
2327 5417 2706 5492 Plantavigna,
2758 5420 3035 5476 Arualdus
3085 5418 3274 5491 Tardi,

49 5511 156 5556 num
180 5503 241 5560 de
270 5505 512 5565 Tornaco
539 5507 594 5562 in
620 5505 1068 5563 confraternitate
1081 5523 1206 5576 sua,
1223 5521 1278 5565 et
1295 5517 1584 5582 propterea
1692 5513 2004 5570 Bernardus
2031 5512 2100 5569 de
2120 5511 2395 5583 losaphat,
2424 5511 2622 5570 Petrus
2641 5515 2710 5570 de
2735 5513 3034 5582 Ramatha,
3063 5513 3278 5570 Duran-

49 5604 394 5668 concesserunt
433 5600 484 5656 ei
527 5599 584 5655 in
619 5598 799 5654 natale
851 5597 1094 5668 Domini,
1137 5601 1194 5656 in
1235 5600 1468 5670 Pascha,
1523 5603 1579 5660 in
1690 5604 1794 5662 dus
1823 5603 2075 5670 Machon,
2106 5601 2302 5660 Petrus
2329 5602 2648 5672 Catalanus,
2681 5602 2970 5661 Gallardus
2993 5603 3139 5659 filius
3167 5603 3272 5657 Ar-

47 5677 342 5753 Pentecostc,
373 5691 424 5749 in
456 5692 593 5749 festo
625 5691 803 5750 sancti
836 5691 1147 5766 Augustini,
1178 5694 1232 5750 in
1268 5693 1411 5754 festo
1449 5695 1580 5754 Om-
1690 5697 1862 5767 naldi,
1887 5695 2200 5754 Bernardus
2221 5695 2802 5778 Corveser,Galterius
2822 5691 3276 5764 Machon,Chris-

97 5866 176 5900 ¹⁶³¹
217 5870 456 5947 Corrigez
485 5842 788 5936 audientia:
855 5879 944 5914 "3‘
967 5879 1031 5948 A,
1062 5877 1102 5934 f°
1136 5879 1260 5949 109,
1287 5890 1339 5935 v°
1365 5898 1380 5948 ;
1414 5896 1651 5954 manque
1672 5883 1809 5941 dans
1837 5883 1897 5939 Β.
1978 5885 2070 5918 ¹⁰⁸³
2097 5883 2163 5957 A,
2189 5882 2238 5939 f°
2264 5884 2388 5956 I09,
2409 5853 2504 5956 vs;
2528 5895 2768 5954 manque
2788 5881 2926 5936 dans
2968 5878 3030 5933 B.
3065 5941 3072 5946 η
