3832 6314
494 407 636 465 1225

1069 398 1159 457 AD
1197 393 1646 456 GODEFIIIDUM
1686 389 1977 450 APPEND.
2011 385 2076 440 Il.
2113 415 2182 424 -—
2216 378 2486 438 MONUM.
2513 377 2622 432 ‘DE
2652 374 2876 432 BELLO
2915 371 3162 430 SACRO.

3607 378 3701 437 1121

495 526 700 589 tianus,
722 517 1062 576 Clementius
1088 513 1286 578 Droco,
1329 509 1595 566 Radulfus
1619 509 1686 565 de
1713 506 1886 564 Curia
1922 501 2084 558 Babi—
2109 501 2160 560 Δ
2186 509 2494 589 qutenunc
2514 489 2858 589 Mahumenria
2887 495 3264 589 nuncupatur,
3288 499 3395 557 que
3415 497 3493 543 est
3509 491 3703 562 contigua

495 614 664 678 Ionia,
692 608 1001 666 Wi‘llelmus
1024 603 1237 670 Ruﬁ'us,
1283 600 1554 656 Robertus
1605 597 1777 653 frater
1817 591 2086 650 Guidonis

495 705 836 770 Patriarelia,
869 696 1181 757 Bernardus
1209 693 1377 749 frater
1429 691 1682 746 Rainaldi
1724 688 1904 755 Gaite,
1956 683 2086 739 Ber—

496 799 705 856 nardus
731 795 898 859 frater
930 783 1371 859 Barthoilo]mei,
1421 781 1618 836 Petrus
1669 773 2084 848 Carpentarius,

497 889 694 946 Petrus
723 888 790 942 de
810 857 1044 948 Balneis,
1071 857 1382 948 Stephanus
1428 882 1584 944 pater
1619 868 1904 934 Gileberti,
1959 865 2084 919 Ste-

499 984 711 1054 phanus
738 978 881 1034 ﬁlius
902 970 1217 1036 Garsendis,
1251 967 1524 1022 Robertus
1552 962 1912 1032 Francigena,
1965 956 2084 1012 Oli-

499 1052 681 1128 verius
711 1069 881 1123 frater
910 1064 1056 1119 Petri
1101 1061 1262 1128 Boni,
1305 1059 1491 1114 Bonus
1550 1056 1729 1124 Valet,
1769 1052 2084 1118 Durandus,

499 1164 728 1218 Pontius
764 1150 1699 1224 Provintialis,Godoet,Gaufridus
1735 1143 2084 1211 Monoculus,

498 1254 849 1320 Laurentius,
875 1251 1182 1306 Willelmus
1214 1248 1392 1302 Bucca
1421 1246 1587 1312 Cava,
1625 1241 1934 1297 Aimericus
1971 1235 2090 1291 Ma—

499 1363 659 1418 gnus,
711 1344 918 1410 Bruno,
973 1341 1323 1405 Valentinus,
1367 1337 1639 1392 Iohannes
1690 1329 2084 1396 Provintialis,

499 1417 867 1501 'I‘heobaldus,
893 1432 1199 1487 Willelmus
1222 1428 1472 1494 Boteller,
1504 1422 1850 1479 Theobaldus
1874 1417 2087 1484 Rullus,

499 1527 695 1583 Petrus
737 1528 804 1582 de
853 1524 1133 1589 Alvernia,
1174 1520 1487 1577 Bernardus
1521 1531 1687 1588 gener
1711 1509 1978 1568 Bernardi
2021 1509 2090 1564 de

499 1617 1040 1685 Gerim,Willclmus
1085 1615 1284 1680 Gasco,
1341 1610 1652 1680 Stephanus
1701 1601 2086 1668 Bituricensis,

502 1711 814 1767 Bernardus
846 1706 1212 1772 Lombardus,
1227 1703 1539 1760 Bernardus
1550 1701 1618 1755 de
1640 1697 1843 1753 Sancto
1865 1695 2087 1759 Albino,

501 1803 775 1860 Galterius
805 1801 1034 1863 Parvus,
1072 1796 1381 1852 Bernardus
1406 1793 1474 1848 de
1493 1791 1675 1846 Monte
1705 1787 1922 1854 Gaudii,
1945 1785 2093 1841 Gau-

503 1895 676 1949 terius
703 1893 1018 1948 Doniinicus
1045 1889 1113 1944 de
1143 1887 1324 1941 Monte
1353 1883 1571 1940 Gaudii.

573 1987 802 2042 Factum
834 1993 924 2041 est
947 1983 1222 2054 siquidem
1247 1981 1353 2034 hoc
1389 1977 1446 2031 in
1476 1976 1719 2030 claustro
1747 1979 1802 2026 et
1839 1969 1897 2024 in
1937 1967 2093 2038 capi-

506 2081 620 2136 tulo
651 2078 994 2136 Sanctissimi
1026 2075 1296 2146 Sepulcri,
1320 2070 1510 2126 Amico
1536 2068 1746 2123 decano
1795 2064 2081 2118 iuramen-

509 2185 625 2229 tum
649 2173 1068 2237 determinante,
1093 2182 1279 2224 coram
1304 2163 1518 2219 idoneis
1548 2160 1779 2216 testibus
1806 2157 1888 2214 sic
1905 2154 2092 2210 nomi-

508 2267 652 2320 natis
679 2283 706 2320 :»

648 2351 946 2410 Rainaldus
980 2349 1192 2405 Sicher.
1219 2345 1425 2418 Symon
1450 2341 1662 2396 Ruffus.
1691 2339 1881 2394 Petrus
1905 2337 2095 2394 Petra-

718 2444 1042 2518 goricensis.
1071 2438 1368 2497 Gaufridus
1425 2432 1786 2490 Turonensis.
1839 2431 2094 2486 Albertus

709 2535 1074 2594 Lombardus.
1105 2530 1334 2588 Pontius
1350 2527 1590 2598 Gaagne.
1609 2523 1804 2579 Petrus
1815 2524 1881 2578 de
1896 2520 2096 2577 Sancto

723 2629 935 2684 Lazaro

579 2719 876 2775 Umbertus
903 2715 1076 2770 Faber
1105 2711 1219 2780 ‘m,
1243 2709 1518 2766 Robertus
1545 2705 1612 2762 de
1635 2700 2099 2774 Neapoli,magis-

511 2822 596 2870 ter
624 2812 799 2868 Lucas
818 2808 1135 2874 Veneticus,
1150 2804 1434 2876 Segnoret,
1459 2801 1714 2855 Albertus
1735 2796 2096 2867 Francigena,

512 2903 858 2960 Raimundus
895 2896 1474 2966 Tortus,Clementius
1526 2891 1779 2958 IIacbon,
1823 2888 2100 2943 Gilbertus

514 2996 767 3061 Maehon,
800 2990 1106 3048 Willelmus
1131 2990 1198 3046 de
1230 2987 1432 3054 Pissot,
1467 2983 1774 3039 Willelmus
1809 2979 2099 3034 Turonen-

513 3089 615 3156 sis,
657 3085 923 3142 Martinus
972 3083 1168 3148 Gasco,
1201 3079 1397 3135 Petrus
1428 3075 1762 3140 Pictavinus,
1790 3071 2101 3142 Stephanus

515 3179 664 3235 ﬁlius
685 3177 831 3232 Petri
861 3175 1033 3242 ludei,
1056 3173 1304 3228 Andreas
1343 3170 1412 3226 de
1449 3167 1598 3222 Valle
1626 3165 1856 3231 Cursus,
1898 3161 2100 3217 Ainar—

515 3273 621 3329 dus
676 3270 980 3326 Cavaillum
1012 3309 1027 3336 ,
1075 3264 1420 3322 Raimundus
1455 3260 1772 3318 Teisserant
1802 3299 1819 3325 ,
1873 3254 2101 3312 Pontius

517 3364 907 3436 Borgoniensis
935 3403 951 3428 ,
995 3361 1194 3417 Petrus
1247 3357 1489 3412 Bodinus
1516 3395 1531 3422 ,
1593 3352 1904 3422 Stephanus
1957 3348 2104 3404 ﬁlius

494 3455 733 3514 'Andree
761 3457 828 3512 de
889 3453 1094 3511 Sancto
1154 3451 1419 3517 Galterio,
1471 3447 1817 3513 Ambrosius,
1848 3442 2105 3500 Giraldus

518 3549 746 3615 Forner,
764 3546 1021 3617 Otgerius
1039 3545 1105 3599 de
1120 3544 1291 3598 casali
1321 3541 1506 3596 Sancti
1535 3539 1730 3611 Egidii,
1757 3536 2104 3601 Aldebertus,

517 3639 814 3697 Gaufridus
826 3638 1058 3704 Becher,
1082 3635 1339 3692 Giraldus
1359 3628 1955 3698 Corvesier,ArnaIdus
1978 3643 2106 3683 cum

518 3730 1036 3799 barba,Willelmus
1060 3727 1295 3784 deeasali
1326 3725 1526 3781 Sancte
1540 3724 1727 3790 Marie,
1742 3718 2108 3792 Rampnulfus

517 3821 686 3877 frater
714 3820 858 3876 Petri
881 3817 1180 3890 Ioppensis,
1202 3816 1620 3882 Constantinus,
1658 3814 1964 3868 Aimericus
1987 3810 2110 3866 Pic-

517 3913 802 3980 taviensis,
818 3911 1015 3967 Petrus
1043 3910 1187 3965 ﬁlius
1216 3907 1466 3963 Rainaldi
1489 3907 1558 3962 de
1579 3905 1780 3972 Barlet,
1804 3904 2106 3969 Arduinus,

518 4003 906 4061 Willelmusde
933 4002 1104 4059 casali
1131 3999 1319 4056 Sancti
1345 3997 1547 4070 Egidii,
1574 3995 1878 4052 Umbertus
1902 3993 2083 4050 Bituri

519 4099 723 4165 censis,
749 4097 1018 4152 Iordanus
1055 4095 1202 4151 ﬁlius
1221 4093 1369 4149 Petri
1397 4089 1685 4157 aurifabri,
1717 4088 1990 4144 Iohannes
2042 4088 2110 4142 de

519 4193 688 4260 Cava,
712 4190 1054 4258 Vincentius,
1077 4183 1784 4254 Raembaldus,Bernardus
1805 4197 1930 4238 cum
1948 4190 2110 4247 testa,

521 4281 809 4348 Radulfus,
833 4280 1085 4337 Giraldus
1100 4280 1166 4335 de
1178 4277 1417 4345 Belinas,
1434 4275 1628 4332 Petrus
1651 4274 1996 4340 Lemovicus,
2011 4273 2113 4326 Ar-

521 4375 729 4441 null‘us,
741 4371 1097 4428 Constantius
1114 4369 1342 4435 Bocher,
1359 4363 2108 4433 LambertusBorgoniensis,

521 4465 794 4521 Callerius
818 4460 1228 4533 Carpentarius,
1259 4457 1560 4513 Rainaldus
1581 4455 1648 4510 de
1681 4452 1863 4508 Monte
1883 4453 2108 4520 Alberti,

2123 1851 2169 1906 B

2188 586 2358 643 casali
2389 599 2513 651 suo,
2556 581 2704 653 quod
2758 581 2978 636 Salome
3035 578 3258 646 dicitur,
3305 579 3528 649 qualiter
3579 586 3704 654 sapiu

2191 677 2378 744 fuerit,
2396 676 2603 748 placuit
2630 674 2850 744 utrique
2874 673 3018 744 patri
3042 671 3156 739 ¹⁸³⁸,
3190 671 3567 727 canonicorum

2187 779 2274 826 cet
2296 777 2352 825 et
2375 767 2620 824 eiusdem
2651 763 2897 830 Roberti,
2929 771 2991 818 ut
3009 761 3334 817 memoriale
3372 761 3477 816 hoc
3513 762 3620 818 inde
3645 766 3705 822 ﬁe-

2187 875 2290 934 ret,
2322 865 2584 936 quatinus
2611 878 2644 917 a
2680 860 3018 932 presentium
3055 858 3142 912 vel
3169 857 3528 928 posteriorum
3568 875 3701 917 inemo

2187 961 2270 1016 ria
2297 973 2406 1012 non
2436 955 2729 1011 excideret.
2765 950 2966 1008 Notum
2995 951 3166 1023 igitur
3195 950 3317 1005 ﬁeri
3351 950 3590 1006 volumus
3621 967 3702 1008 om-

2189 1052 2383 1117 nibus,
2440 1057 2551 1104 tam
2601 1045 2951 1118 presentibus
2984 1059 3154 1114 quam
3203 1041 3439 1109 futuris,
3469 1043 3614 1112 quod,
3649 1046 3708 1101 ubi

2188 1152 2412 1200 ventum
2444 1141 2621 1198 est-ab
2650 1149 2885 1209 utraque
2914 1145 3090 1208 parte,
3132 1135 3388 1190 videlicet
3433 1134 3708 1192 dominorum

2191 1234 2584 1291 canonicorum
2626 1240 2680 1287 et
2728 1228 2926 1301 prefati
2971 1227 3218 1294 Roberti,
3267 1242 3434 1296 super
3483 1227 3712 1296 predictam

2192 1338 2392 1384 terram
2419 1326 2589 1391 illam,
2622 1323 2890 1377 Dominus
2911 1321 3063 1392 prior
3086 1329 3142 1374 et
3176 1318 3264 1375 sui
3310 1318 3640 1374 ostenderunt
3668 1337 3711 1376 ex

2191 1419 2463 1474 divisione
2491 1415 2639 1487 regis
2672 1413 2926 1468 Balduini
2947 1412 3112 1483 primi
3152 1421 3209 1466 et
3241 1411 3393 1480 dono
3440 1410 3576 1480 quod
3613 1421 3715 1468 tem

2190 1511 2284 1565 illa
2320 1509 2512 1564 Sancti
2545 1505 2794 1576 Sepulcri
2837 1513 3018 1571 esset,
3047 1503 3218 1558 immo
3255 1511 3312 1556 et
3358 1511 3520 1557 testes
3560 1501 3605 1556 in
3634 1519 3715 1558 me-

2193 1604 2346 1658 dium
2375 1601 2775 1672 produxerunt,
2800 1597 2896 1668 qui
2929 1595 3106 1667 parati
3132 1595 3318 1650 iurare
3351 1592 3506 1648 fuere
3530 1594 3718 1650 hocesse

2191 1709 2404 1750 verum.
2426 1690 2531 1747 Ubi
2553 1705 2683 1746 vero
2706 1688 2978 1744 Robertus
3005 1687 3111 1742 hoc
3132 1685 3365 1752 audivit,
3381 1686 3719 1741 communicato

2195 1786 2499 1842 amicorum
2525 1797 2754 1839 suorum
2778 1780 3028 1846 consilio,
3057 1778 3273 1835 remisit
3301 1777 3640 1848 supradictam
3659 1795 3722 1833 ca-

2196 1876 2498 1948 lumpniam
2529 1875 2756 1931 domino
2779 1873 2949 1945 priori
2971 1882 3026 1927 et
3051 1872 3168 1927 suis
3207 1887 3310 1942 pro
3357 1871 3556 1925 honore
3588 1869 3720 1925 Sancti

2198 1968 2448 2041 Sepulcri
2469 1976 2525 2023 et
2561 1982 2661 2038 pro
2701 1981 2890 2022 amore
2927 1980 3143 2020 eorum.
3168 1963 3314 2030 Quia
3352 1977 3482 2018 vero
3515 1961 3724 2018 Robertus

2196 2063 2494 2134 benignum
2517 2077 2577 2117 se
2603 2076 2734 2132 erga
2753 2059 3010 2115 dominos
3031 2056 3316 2123 exhibuit,
3341 2057 3586 2112 dominus
3617 2056 3725 2126 prior

2196 2165 2252 2214 et
2274 2156 2369 2212 alii
2391 2154 2591 2211 fratres
2619 2160 3017 2210 concesserunt
3049 2150 3101 2207 ei
3156 2159 3218 2205 ut
3265 2150 3562 2221 burgenses
3597 2147 3723 2215 Bim,

2197 2248 2397 2320 quibus
2417 2245 2996 2318 placeret,excolerent
3027 2253 3230 2298 terram
3268 2241 3395 2296 eius
3408 2255 3515 2295 non
3530 2240 3672 2295 solum
3686 2241 3724 2294 in

2198 2342 2476 2398 frumento
2495 2350 2552 2396 et
2575 2340 2697 2395 oleo
2721 2346 2776 2393 et
2810 2336 3106 2410 legumine,
3131 2349 3325 2389 verum
3347 2333 3512 2389 etiam
3540 2333 3588 2386 in
3601 2334 3729 2388 vineis

2197 2445 2252 2492 et
2266 2435 2321 2490 in
2333 2433 2679 2489 arboribuset
2701 2432 2756 2486 in
2769 2429 3027 2485 omnibus
3038 2442 3146 2499 que
3170 2435 3316 2482 terra
3341 2425 3703 2495 reddere’potat
3717 2445 3726 2488 ;

2198 2529 2442 2585 decimas
2453 2521 3036 2582 redderentcanonicis
3059 2518 3248 2576 Sancti
3266 2518 3534 2590 Sepulcri,
3549 2517 3731 2573 Roberto

2199 2636 2331 2678 vero
2355 2619 2649 2676 redderent
2670 2633 2757 2684 ea,
2783 2630 2892 2687 que
2921 2614 3243 2686 pepigerant
3265 2628 3326 2668 se
3357 2611 3408 2667 ei
3441 2609 3732 2672 reddituros;

2202 2716 2318 2786 ipse
2339 2726 2557 2784 quoque
2578 2710 2851 2767 Robertds
2874 2708 3127 2765 redderet
3147 2704 3390 2760 dominis
3419 2720 3486 2759 ex
3514 2713 3644 2774 parte
3662 2718 3735 2756 sua

2202 2808 2465 2864 decimas.
2495 2803 2674 2875 Super
2697 2803 3001 2873 burgenses
3027 2813 3159 2855 vero
3184 2795 3430 2868 prefatos
3456 2795 3640 2850 nullam
3665 2795 3736 2847 de-

2202 2900 2402 2955 derunt
2431 2911 2607 2966 neque
2646 2893 2750 2949 sibi
2772 2907 2950 2962 neque
2984 2889 3283 2944 heredibus
3313 2887 3432 2942 suis
3471 2892 3738 2955 potestatem

2203 2991 2289 3047 vel
2308 2989 2613 3046 dominium
2648 2999 2924 3050 exercere,
2958 2991 3059 3038 nec
3091 2978 3414 3036 violentiam
3450 2976 3650 3042 inferre,
3674 2982 3744 3027 aut

2205 3081 2520 3138 forifactum
2546 3078 2633 3134 vel
2654 3076 2993 3132 exactionem
3017 3073 3257 3142 exigere,
3281 3086 3385 3127 nec
3410 3068 3610 3140 aliquid
3627 3062 3741 3120 aliud

2129 3194 2176 3258 ρ
2205 3184 2428 3249 propter
2456 3173 2581 3240 hoc,
2606 3169 2755 3242 quod
2779 3166 3155 3238 supradictum
3180 3172 3284 3220 est.

2277 3263 2453 3320 Huius
2475 3268 2660 3317 autem
2689 3255 3074 3314 conventionis
3100 3263 3268 3310 testes
3298 3262 3433 3310 sunt
3467 3272 3480 3307 :

2350 3352 2622 3409 Radulfus
2660 3349 2878 3404 Strabo.
2911 3346 3087 3402 Adam
3126 3343 3296 3416 Niger
3341 3353 3397 3399 et
3444 3344 3608 3398 frater
3645 3341 3753 3404 eius,

2422 3443 2609 3497 Fulco.
2636 3439 2866 3512 Symon,
2887 3436 3180 3508 burgensis
3221 3434 3540 3490 Ierusalem.
3578 3433 3753 3486 Balduio

2422 3552 2526 3592 nus
2551 3535 2618 3591 de
2647 3533 2862 3589 Torrai.
2911 3531 3108 3586 Petrus
3161 3529 3474 3600 Ioppensis.
3518 3524 3756 3587 Amulius,

2428 3628 2574 3682 ﬁlius
2631 3627 2771 3681 eius.
2826 3624 3099 3680 Iohannes
3149 3621 3491 3689 Guidardus,
3542 3629 3596 3676 et
3639 3615 3758 3673 multi

2425 3720 2540 3774 alii.

2795 3829 3061 3886 CXXXIII
3090 3830 3202 3883 ³⁸³⁷.

2212 3940 2558 3983 Ριιινιιεϐιυω
2587 3938 3010 3987 SAPIIARORIORE,
3039 3938 3176 3985 QUOD
3217 3937 3424 3976 CASALE
3478 3934 3666 3974 \‘ENDI‘I'
3711 3931 3770 3970 Gl.

2496 4010 2720 4050 BBLINUS
2738 4009 2986 4048 ECCLESIE
3013 4008 3200 4047 SANCTI
3237 4007 3527 4046 εερυιειιι.

2286 4088 2556 4184 Quo.niam
2580 4101 2766 4142 rerum
2797 4093 3076 4156 gestarum
3114 4083 3383 4139 memoria
3436 4081 3636 4138 litteris
3668 4094 3772 4134 conc

2213 4177 2427 4241 servat'a
2463 4184 2649 4254 plures
2694 4189 2940 4236 removet
2982 4179 3390 4243 contentiones,
3441 4177 3572 4232 ideo
3622 4182 3772 4228 notum

2214 4274 2330 4329 ﬁeri
2363 4273 2638 4337 volumus,
2665 4278 2775 4324 tam
2801 4269 3003 4324 futuris
3023 4283 3191 4338 quam
3241 4266 3626 4337 presentibus,
3665 4259 3777 4332 quod

2216 4367 2502 4424 Gibelinus
2527 4364 2704 4430 miles,
2739 4362 2884 4417 [ilius
2927 4360 3240 4427 Anchetini,
3287 4359 3592 4415 canonicis
3631 4351 3778 4409 Samii

2218 4459 2466 4529 Sepulcri
2508 4455 2720 4510 Latinis
2741 4451 3021 4525 quoddam
3071 4451 3469 4520 easale,qu(-d
3519 4445 3781 4518 appellatur

524 4556 847 4612 Lambertus
876 4551 1253 4618 Bituricensis,
1281 4547 1532 4613 Pontius,
1564 4544 1760 4598 Petrus
1799 4541 2108 4598 Bituricen-
2143 4546 2186 4601 Ι)
2216 4549 2618 4623 Saph[ar]0ria,
2643 4563 2768 4603 cum
2792 4545 2944 4602 omni
2968 4553 3116 4599 terra
3139 4543 3241 4598 sibi
3268 4542 3599 4613 pertinente
3621 4548 3669 4592 et
3690 4535 3782 4588 uni-

524 4648 622 4703 sis.

1120 4749 1362 4808 CXXXII
1397 4748 1508 4804 ¹⁰⁸⁸.

525 4869 591 4907 νε
629 4867 842 4917 ρωωλιι
881 4865 1058 4904 TERRA
1103 4858 1438 4907 MMIUIIERIE,
1499 4856 1641 4903 QUAM
1698 4853 1978 4893 ROBEBTUS
2037 4855 2104 4892 DE

661 4937 904 4977 ιιετεετΑ
945 4934 1176 4984 IIABUIT,
1215 4928 1480 4971 CONTIGUA
1514 4926 1700 4966 CASALI
1735 4925 1963 4965 εΑιοιιε.

595 5013 657 5068 In
685 5014 906 5069 nomine
933 5017 1122 5066 sancte
1141 5016 1196 5063 et
1217 5004 1494 5062 individue
1524 5002 1810 5059 Trinitatis
1845 5001 2026 5058 Patris
2055 5009 2110 5056 et

525 5104 650 5162 Filii
680 5113 735 5161 et
763 5103 1003 5174 Spiritus
1030 5099 1240 5166 Sancti,
1272 5113 1452 5153 amen.

597 5201 869 5268 Quoniam
909 5197 1095 5252 multis
1145 5193 1651 5267 supervenientibus
1695 5191 1845 5248 curis
1897 5199 1952 5246 et
2005 5191 2112 5246 vite

529 5291 882 5348 instabilitate
913 5291 1150 5345 humana
1181 5287 1444 5344 memoria
1479 5303 1510 5342 a
1532 5293 1715 5342 mente
1740 5285 1849 5341 cito
1885 5284 2108 5353 labitur,

531 5399 696 5456 super
728 5385 1038 5455 calumpnia
1088 5384 1142 5439 in
1189 5381 1484 5440 canonicos
1538 5380 1724 5436 Sancti
1781 5378 2027 5449 Sepulcri
2080 5395 2114 5434 a

531 5475 772 5534 Roberto
793 5477 858 5533 de
871 5475 1090 5534 Retesta
1117 5477 1434 5533 multotiens
1460 5475 1646 5532 habita
1673 5473 1741 5529 de
1773 5483 1916 5529 terra
1937 5471 2114 5541 Birre,

2216 4643 2388 4699 versis
2414 4639 2740 4711 appenditiis
2765 4637 2882 4692 suis
2908 4651 3007 4706 pro
3028 4650 3205 4690 cun
3237 4633 3515 4688 bisantiis
3542 4640 3596 4686 et
3621 4623 3783 4700 pelliti:

2214 4737 2451 4809 quadam
2490 4732 2756 4797 vendidit,
2787 4741 2842 4786 et
2865 4738 2974 4784 tam
2999 4728 3114 4793 eis,
3141 4742 3306 4797 quam
3343 4740 3564 4780 eorum
3611 4734 3786 4778 SUCt‘I‘r

2213 4832 2458 4897 SOI‘iIilIS,
2486 4829 2604 4883 iure
2631 4827 2766 4881 illud
2796 4823 3129 4880 hereditario
3165 4823 3221 4876 in
3265 4831 3613 4891 perpetuum
3659 4817 3788 4871 litare

2215 4933 2272 4979 et
2296 4922 2481 4992 quiete
2504 4917 2898 4990 possidendum
2929 4914 3224 4980 concessit,
3251 4912 3403 4967 dans
3430 4912 3522 4967 eis
3557 4908 3788 4979 legitimos

2217 5017 2592 5079 ﬁdeiussores,
2623 5011 2907 5082 Hugonem
2943 5008 3151 5064 scilicet
3179 5021 3460 5077 generum
3511 5012 3571 5059 et
3615 4995 3786 5054 Willel-

2214 5124 2367 5164 mum
2392 5104 2787 5162 Normandum.
2819 5100 2978 5168 Quod
3010 5101 3057 5155 si
3094 5099 3210 5153 suis
3233 5096 3387 5152 forte
3415 5097 3508 5151 vel
3537 5103 3784 5151 successo-

2218 5218 2341 5256 rum
2369 5197 2712 5268 temporibus
2739 5208 2970 5250 suorum
3001 5190 3184 5260 aliqua
3213 5201 3390 5258 super
3414 5187 3532 5243 hoc
3562 5201 3631 5242 ex
3649 5178 3792 5253 quali-

2218 5295 2308 5351 bet
2354 5300 2516 5364 parte
2559 5287 2869 5358 calumpnia
2919 5281 3226 5347 emerserit,
3259 5281 3386 5351 ipse
3437 5278 3720 5335 Gibelinus
3755 5281 3791 5360 cf

2220 5383 2399 5454 Hugo,
2445 5395 2610 5452 gener
2658 5354 2814 5439 suus,
2849 5381 2904 5428 et
2947 5385 3138 5426 eorum
3178 5369 3276 5423 ﬁlii
3321 5367 3687 5435 ﬁliorumque
3723 5354 3813 5411 tiiii‘

2167 5467 2169 5469 ’
2221 5452 2456 5530 nec—non
2505 5479 2559 5524 et
2619 5465 2847 5522 heredes
2896 5463 3115 5518 illorum
3148 5452 3402 5515 universi
3459 5455 3813 5530 calumpuiaml

601 5636 694 5669 ¹⁰³¹⁵
716 5634 865 5690 Tous
887 5635 967 5689 les
1002 5649 1162 5688 noms
1189 5635 1281 5703 qui
1315 5634 1549 5703 suivent,
1570 5640 1633 5703 et
1652 5630 1746 5702 qui
1773 5630 1915 5703 dans
1941 5628 1992 5703 le
2017 5625 2340 5703 manuscrit
2360 5632 2486 5678 sont
2516 5619 2867 5703 séparés'par
2891 5632 2965 5670 un
2997 5611 3294 5703 alineandes
3321 5612 3622 5703 nomqupi

531 5708 683 5774 dent,
720 5681 1549 5776 éégigiéi.i'BESBa'iiéniéhi’iéé’
1568 5681 2084 5772 boiirgeoisetablis
2106 5699 2138 5751 ε
2162 5681 2216 5751 la
2239 5681 3089 5817 Μειιοῐηρνὶε’Βοεῑὸὖὶριιτειιιεηῐ
3117 5684 3148 5736 :‘i
3174 5683 3398 5738 l‘année
3435 5683 3604 5745 H55,
3626 5691 3676 5733 et
3693 5681 3794 5732 dunt

535 5795 604 5817 nn
647 5779 832 5817 avia-nn
865 5779 911 5817 In
941 5778 1117 5817 mimus,
1138 5783 1396 5817 eprm'ent-
1479 5771 1572 5804 ³⁰³⁸
1635 5772 1696 5817 Α-
1730 5771 1769 5817 ΐυ
1803 5771 1929 5817 HI-
1968 5779 2055 5817 r°:
2124 5781 2362 5817 manuue
2398 5764 2537 5817 dans
2641 5803 2653 5817 .
2730 5760 2824 5794 ¹⁰³⁶
2874 5757 3131 5817 ΟΟΙὙῘΕΘΖ
3155 5755 3320 5817 par“-
3420 5754 3519 5786 "3’
3567 5755 3636 5817 Α.
3657 5749 3693 5807 ιδ
3720 5747 3790 5805 In

535 5795 606 5834 on
647 5764 911 5848 exigca‘ie
941 5764 1117 5848 meine
1138 5783 1397 5831 serm’ent.
1479 5771 1572 5804 ³⁰³⁵
1630 5764 1769 5840 Αξίύ
1803 5771 1930 5839 111,
1968 5779 2055 5838 r°;

2203 5781 2362 5838 mque
2398 5764 2537 5820 dans

534 5860 590 5904 νο
613 5838 849 5922 marique
883 5838 1020 5906 dans
1048 5845 1108 5900 B.

2730 5760 2824 5794 sou
2874 5757 3131 5826 Con-igez
3155 5755 3320 5824 parti.
3420 5754 3519 5786 "3’
3567 5755 3636 5824 Aa
3657 5749 3693 5807 θ
3720 5747 3813 5832 “‘1
