3824 6308
1137 342 1588 401 CARTULAIRE
1622 344 1714 401 DU
1752 344 1954 403 SAINT
1997 345 2379 405 SEPULCRE.

3236 356 3376 414 1226

90 455 259 511 illam
281 453 503 526 penitus
529 454 827 512 cassabunt
858 463 917 512 et
946 454 1330 527 paciﬁcabunt.
1363 457 1479 516 Hoc
1505 469 1686 514 autem
1717 467 1761 525 Α
1794 466 2049 532 totusque
2073 470 2372 518 conventus
2394 460 2708 520 hominibus
2727 463 2796 521 de
2818 464 3155 527 Mahumeria
3188 468 3374 535 vineas

86 546 557 618 approbaverunt
580 555 638 602 et
674 555 1065 604 concesserunt
1101 548 1306 621 Agnes,
1340 565 1483 606 uxor
1534 548 1695 606 Gihe-
1790 559 2029 620 nostras,
2052 551 2267 609 vineam
2290 553 2497 611 scilicet
2514 554 2718 611 domini
2744 554 2989 630 Hugonis
3011 560 3079 618 de
3095 559 3297 634 Horso,
3318 574 3378 624 et

86 636 225 701 lini,
248 650 305 693 et
344 637 491 694 ﬁlius
522 653 715 693 eorum
738 637 1037 695 Anselinus
1057 680 1075 707 ,
1098 639 1189 695 cui
1229 639 1497 696 dederunt
1529 655 1691 695 cano-
1790 642 2025 712 vineam,
2045 659 2151 716 que
2177 644 2379 702 dicitur
2397 646 2602 705 domini
2626 646 2841 706 Radulli
2861 648 3140 723 Parisiaci,
3166 655 3300 728 ipsis
3318 667 3377 717 et

85 728 217 784 ηἰεί
280 739 603 801 perpetuam
650 730 1065 787 concessionem
1117 748 1149 801 ις
1198 731 1575 788 hisanciorum
1633 741 1688 789 et
1788 734 2080 792 heredibus
2122 751 2311 792 eorum
2353 738 2632 796 habendas
2672 740 2729 797 in
2762 752 3081 815 perpetuum
3119 751 3376 809 concedi-

84 832 274 875 unum
298 836 512 877 ensem.
531 819 704 877 Huius
728 821 913 894 itaque
940 823 1272 880 venditionis
1311 832 1478 881 testes
1506 833 1637 881 sunt
1669 844 1681 879 :

240 910 533 981 Iohannes,
546 913 759 985 dapil'er
784 914 947 987 regis.
972 914 1294 985 Gaufridus,
1314 917 1573 978 dominus
1593 920 1685 955 ¹⁸³⁸

314 1006 644 1076 patriarcha.
678 1006 874 1064 Petrus
902 1007 970 1064 de
989 1007 1305 1079 Pctragorc.
1330 1008 1541 1083 Symon
1568 1011 1685 1069 Ru-

314 1097 424 1155 fus.
452 1098 675 1157 Britius.
706 1099 963 1158 Albertus
989 1100 1350 1159 Lombardus.
1382 1100 1683 1167 Balduinus

308 1191 376 1247 de
404 1190 639 1249 Tornac.
666 1191 940 1251 Robertus
964 1194 1031 1250 de
1047 1192 1323 1265 losapbat.

154 1279 559 1341 Coneessionis
580 1299 712 1341 vero
733 1283 978 1358 Agnetis,
1003 1287 1195 1343 uxoris
1216 1285 1475 1355 Gibelini,
1501 1296 1557 1344 et
1577 1286 1675 1343 ﬁlii

72 1386 291 1429 eorum
317 1374 563 1432 Anselini
593 1384 760 1434 testes
787 1386 919 1435 sunt
945 1397 960 1433 :

227 1463 492 1613 Brilaius.
520 1468 826 1527 Willelmus
863 1468 1097 1527 Beraldi.
1129 1469 1387 1529 Albertus
1408 1469 1676 1527 Lombar-

350 1573 437 1613 us.

350 1573 437 1615 08.

148 1648 226 1706 Et
246 1649 323 1706 de
345 1650 539 1707 iuratis
558 1650 854 1709 Ierusalem
894 1671 908 1708 :
1470 1726 1485 1737 ν

228 1742 446 1819 Symon
472 1745 671 1804 Rufus.
717 1745 1018 1804 Rainaldus
1053 1746 1360 1803 Sicherius.
1416 1746 1674 1805 Albertus

1786 841 1931 895 mus,
1952 827 2043 883 tali
2066 836 2253 886 tenore
2272 838 2333 885 ut
2352 833 2731 907 unusquisque
2748 849 2816 890 ex
2838 844 2992 906 parte
3010 853 3109 895 sua
3135 840 3375 903 mediam

1784 926 1994 986 partem
2036 917 2278 992 frugum,
2324 928 2433 976 tam
2478 922 2532 977 in
2565 923 2798 981 racemis
2826 941 2993 997 quam
3020 926 3073 983 in
3098 926 3371 991 fructibus

1783 1009 2065 1079 arborum,
2098 1019 2206 1069 tam
2242 1011 2299 1095 in
2336 1013 2637 1072 seminibus
2658 1030 2823 1087 quam
2863 1017 2920 1073 in
2955 1020 3374 1093 complantatio-

1782 1101 1974 1169 nibus,
2020 1111 2078 1160 et
2124 1102 2425 1174 decimam,
2470 1102 2735 1179 quantum
2777 1110 2847 1169 ad
2896 1110 3074 1185 ipsum
3113 1116 3368 1187 pertinet,

1780 1193 1940 1250 curie
1955 1192 2141 1251 Sancti
2171 1195 2418 1268 Sepulcri
2444 1199 2512 1256 de
2532 1199 2889 1272 Mahumeria,
2911 1205 2998 1262 vel
3025 1206 3079 1263 in
3101 1223 3368 1280 quocum-

1781 1300 1888 1357 que
1907 1285 2031 1343 loco
2069 1287 2123 1342 in
2153 1287 2493 1348 Mahumeria
2518 1291 2866 1366 dispensator
2894 1294 3232 1356 Mabumerie
3252 1301 3370 1360 ius-

1776 1378 1935 1446 serit,
1976 1377 2202 1436 deferat.
2251 1379 2321 1437 Et
2360 1383 2406 1438 si
2441 1384 2641 1457 aliquis
2678 1386 2896 1444 vineam
2935 1405 3092 1447 suam
3131 1392 3366 1450 vendere

1780 1467 2043 1537 voluerit,
2088 1484 2215 1528 cum
2262 1480 2451 1530 nostro
2495 1475 2725 1533 consilio
2766 1479 2992 1549 vendat,
3037 1490 3092 1538 et
3129 1483 3364 1540 mediam

1778 1570 1989 1631 partem
2016 1564 2185 1633 precii
2213 1565 2372 1623 nobis
2418 1568 2719 1637 persolvet;
2765 1585 2867 1628 nec
2895 1579 3080 1628 tamen
3109 1571 3365 1646 Templa-

1779 1652 1877 1708 riis
1901 1654 1986 1711 vel
2009 1653 2443 1726 Hospitalaribus
2463 1659 2579 1716 sive
2601 1656 2764 1717 alicui
2793 1662 3023 1721 ecclesie
3040 1666 3138 1721 'vel
3174 1666 3363 1722 militi-

1778 1742 1883 1800 bus
1925 1746 2010 1799 vel
2052 1745 2237 1815 alicui,
2279 1750 2422 1805 unde
2459 1749 2758 1822 dampnum
2805 1754 3034 1811 ecclesia
3084 1754 3365 1815 incurrere

309 1834 529 1893 Tortus.
560 1834 857 1894 Guibertus
892 1835 1109 1908 Papais.
1134 1837 1420 1905 Arnulfus,
1460 1837 1674 1895 iuratus
1704 1833 1750 1894 Β
1776 1837 1968 1906 possit.
1998 1838 2232 1894 vendere
2271 1840 2472 1896 licebit.
2523 1841 2591 1897 Et
2635 1843 2684 1898 si
2725 1843 2922 1916 aliquis
2963 1844 3161 1901 horum
3186 1846 3367 1904 homi-

305 1927 375 1983 de
398 1925 754 1983 Mabumeria.

676 2017 943 2075 CXXXIV
976 2020 1089 2077 ¹⁰⁸⁹.

182 2125 547 2166 ινιιγιιεοιωι
578 2127 810 2167 ιιοιιειιτι
841 2128 1087 2171 Ροιωιιιι
1136 2129 1204 2169 Μ
1232 2130 1564 2171 IAIIUIIEBIA.

138 2199 363 2258 Notum
394 2204 465 2261 sit
485 2205 766 2271 omnibus,
796 2213 912 2261 tam
944 2206 1295 2276 prcscntihus
1317 2223 1484 2278 quam
1524 2205 1673 2263 futu-

64 2293 171 2360 ris,
200 2295 367 2365 quod
411 2310 521 2367 ego
565 2293 838 2353 Robertus
880 2296 1176 2354 Porcarius
1212 2298 1281 2356 de
1335 2298 1671 2355 Mahumeria

61 2387 229 2445 dono
286 2404 375 2445 me
413 2388 592 2461 ipsum
640 2399 696 2446 et
741 2390 926 2446 inania
964 2407 1310 2465 quacumque
1357 2391 1534 2449 habeo
1586 2392 1670 2448 vel

64 2480 353 2552 deinceps
373 2481 576 2538 habere
598 2493 810 2555 potero,
838 2482 950 2540 Deo
998 2492 1053 2541 ct
1097 2483 1389 2542 conventui
1428 2482 1673 2541 Sanctis-

62 2574 199 2630 εἰηιί
238 2573 496 2647 Sepulcri
522 2591 625 2648 pro
653 2577 838 2633 anima
870 2592 991 2633 mea
1038 2587 1095 2633 et
1134 2576 1428 2633 animabus
1473 2592 1673 2649 paren-

64 2676 189 2723 tum
215 2682 501 2738 meorum,
528 2668 739 2737 vineas,
765 2678 964 2737 terras,
994 2670 1215 2737 domos,
1258 2679 1313 2729 et
1361 2686 1582 2737 aurum,
1617 2680 1672 2727 et

58 2768 398 2832 argentum,
421 2769 475 2817 et
499 2762 685 2819 omnia
710 2758 955 2829 inobilia,
971 2761 1209 2833 denique
1232 2777 1426 2821 omnes
1451 2776 1673 2834 posses-

62 2853 276 2910 siones
305 2853 630 2913 hereditatis
658 2855 779 2911 iure
804 2862 1069 2927 perpetuo
1104 2855 1455 2927 possidenda.

135 2943 325 3001 Facta
345 2954 430 3003 est
450 2954 603 3003 sarta
657 2947 765 3003 ista
813 2962 960 3002 anno
1005 2946 1077 3002 ab
1119 2945 1513 3003 incarnationis
1560 2944 1669 3002 Do~

62 3037 207 3092 mini
246 3053 412 3107 ncnv,
438 3037 741 3111 indictione
792 3053 875 3106 ιιι,
931 3036 1224 3093 Fulcherio
1279 3036 1336 3091 in
1376 3033 1669 3092 lerusalem

1773 1944 1905 1985 num
1928 1928 1995 1984 de
2022 1931 2353 2000 supradictis
2378 1932 2552 1990 vineis
2575 1943 2785 2006 partem
2811 1951 2970 1993 suam
3008 1936 3151 1993 male
3179 1939 3365 1996 colue-

1773 2019 1867 2087 rit,
1892 2019 2242 2091 dispensator
2278 2020 2635 2093 Mahumerie,
2678 2026 2951 2085 adiunctis
2992 2030 3096 2086 sibi
3126 2036 3366 2103 quatuor

1772 2111 1856 2165 vel
1880 2112 2124 2183 quinque
2147 2112 2359 2170 idoneis
2381 2115 2633 2184 testibus,
2659 2116 2725 2172 ad
2749 2133 2873 2175 eum
2917 2120 3116 2189 veniet,
3138 2130 3193 2179 et
3221 2122 3365 2181 male

1774 2203 1978 2260 cultam
2011 2204 2222 2260 vineam
2267 2206 2535 2272 ostendet,
2578 2215 2651 2273 et,
2686 2208 2731 2263 si
2771 2208 3063 2267 emendare
3102 2212 3362 2284 noluerit,

1773 2295 2055 2352 dimidiam
2085 2297 2365 2352 marcham
2408 2299 2617 2371 argenti
2657 2300 2864 2364 reddet.
2905 2311 2961 2357 et
3005 2303 3160 2360 alteri
3205 2305 3364 2362 vinea

1772 2388 2008 2446 dabitur.
2037 2389 2093 2444 Si
2120 2390 2318 2462 aliquis
2341 2400 2521 2447 autem
2543 2392 2785 2449 virorum
2810 2392 3038 2450 istorum
3068 2404 3266 2451 terram
3293 2396 3363 2455 ad

1772 2479 2122 2552 plantandum
2150 2481 2362 2537 vineam
2387 2482 2637 2554 accipere
2658 2484 2913 2553 voluerit,
2941 2485 3044 2542 nisi
3065 2486 3155 2520 ‘°“
3179 2486 3363 2546 licebit

1772 2573 2038 2645 plantare,
2064 2573 2170 2630 nisi
2215 2575 2268 2629 in
2312 2584 2455 2632 terra
2489 2576 2677 2632 Sancti
2702 2577 2971 2649 Sepulcri.
3016 2577 3268 2635 Prcterea
3311 2578 3373 2637 si'

1771 2668 2023 2723 canonici
2063 2667 2291 2747 prcdicti
2314 2668 2495 2722 villam
2528 2684 2683 2724 suam
2713 2668 3043 2741 ampliﬁcare
3067 2670 3360 2737 voluerint,

1772 2759 1828 2815 in
1857 2760 2034 2816 vineis
2060 2760 2394 2831 supradictis
2438 2760 2559 2817 sine
2594 2760 2976 2818 interdictione
3005 2771 3058 2818 et
3088 2772 3362 2820 restaura-

1768 2851 1919 2908 tione
1941 2851 2255 2907 mansiones
2277 2851 2486 2907 dabunt
2512 2851 2838 2924 cuicumque
2862 2853 3152 2909 voluerint.
3184 2851 3361 2909 liuius

1771 2942 1872 3011 rei,
1897 2942 2122 3001 domino
2163 2943 2462 3011 Amalrico,
2503 2941 2796 3001 Ierusalem
2822 2945 3151 3017 patriarcha,
3176 2945 3232 3001 in
3258 2963 3360 3002 cu-

1772 3034 1860 3093 ius
1878 3036 2150 3108 presentia
2172 3036 2278 3092 hoc
2301 3038 2505 3093 factum
2537 3045 2641 3105 est,
2673 3037 3020 3105 assentiente,
3045 3046 3211 3095 testrs
3231 3047 3363 3095 sunt

62 3129 397 3198 presidente
455 3130 754 3191 venerabili
811 3129 1125 3202 patriarcha
1148 3171 1164 3197 ,
1217 3143 1344 3201 rege
1400 3126 1668 3185 Balduino
1697 3177 1743 3202 η
1771 3126 2017 3187 eiusdem
2046 3128 2275 3187 ecclesie
2305 3128 2576 3197 canonici,
2600 3144 2837 3199 quorum
2864 3129 3086 3185 nomina
3116 3129 3361 3186 subscri-

1695 3177 1744 3244 C

62 3227 303 3288 quarto.
330 3216 505 3277 Huius
524 3229 708 3277 autem
734 3218 1057 3277 redditionis
1084 3228 1138 3276 et
1162 3217 1473 3275 donationis
1502 3225 1669 3276 testes
1696 3216 1744 3244 “
1769 3221 2015 3279 buntur:

62 3320 203 3368 sunt
238 3330 261 3367 ε

214 3403 558 3475 Amalricus,
584 3405 855 3463 Dominici
878 3404 1125 3476 Sepulcri
1154 3404 1327 3476 prior.
1369 3404 1669 3473 Arualdus,

295 3498 573 3570 subprior.
605 3497 881 3565 Ciraldus,
903 3506 1208 3567 precentor.
1240 3495 1512 3554 Radalfus
1556 3494 1669 3553 Pa-

295 3588 485 3646 risios.
532 3588 843 3647 Willelmus
884 3586 1255 3645 Nom-annus.
1313 3587 1668 3658 Godel'ridus,

296 3678 695 3736 tltesaurarius.
712 3677 1032 3747 Nicholaus,
1054 3677 1530 3736 helemosinarius.
1553 3677 1673 3736 Ste-

303 3771 542 3843 phanus,
598 3772 931 3844 prepositus.
987 3769 1184 3828 Petrus
1225 3769 1666 3843 Sepulchrarius.

290 3862 712 3933 Constantinus,
747 3864 1020 3921 cellarius.
1066 3863 1375 3921 Bertoldus.
1426 3861 1666 3921 Bernar-

292 3954 421 4023 dus,
447 3956 808 4013 camerarius.
839 3954 1161 4012 Balduinus.
1192 3952 1510 4012 Mainerius.
1561 3953 1666 4011 Pe-

293 4060 419 4105 trus
446 4048 721 4106 Clemens.

132 4137 227 4196 De
246 4137 575 4197 diaconibus
608 4160 623 4196 :

216 4226 537 4287 Willelmus
562 4230 749 4289 Beriti.
780 4229 1050 4288 lobannes
1068 4227 1451 4289 Pictavieusis.
1476 4228 1657 4311 Hugo.

295 4320 516 4380 Petrus.
1590 4318 1595 4324 ”

133 4415 220 4471 De
250 4414 687 4474 subdiaconibus
718 4433 731 4471 :

1911 3310 2195 3370 Predictus
2218 3311 2370 3383 prior
2392 3308 2688 3368 Arnaldus.
2728 3309 3045 3379 Nicholaus,
3080 3310 3356 3383 subprior.

1983 3403 2333 3473 Godel'ridus,
2360 3404 2760 3461 thesaurarius.
2784 3402 3066 3460 Gamaliel.
3103 3402 3357 3460 llhertus.

1983 3494 2178 3553 Petrus
2221 3494 2489 3567 Sepulcri.
2521 3496 2781 3552 Achilles.
2811 3493 3126 3550 Bemardus
3164 3493 3361 3550 Antio-

1979 3589 2125 3646 chie.
2156 3588 2350 3645 Petrus
2371 3587 2644 3646 Clemens.
2695 3587 2852 3660 Hngo
2890 3585 3116 3659 Nigelle.
3160 3585 3359 3643 Petrus

1986 3677 2200 3736 Latine.
2218 3678 2714 3736 PetrusLombarz.
2732 3677 3035 3736 Rainaldus
3046 3677 3114 3734 de
3131 3674 3355 3735 Lochis.

1986 3770 2257 3828 Robertus
2278 3770 2587 3828 Antiochie.

1842 3863 1921 3922 De
1938 3861 2259 3921 huminibus
2281 3860 2621 3917 Mahumerie
2648 3878 2663 3915 :

1912 3954 2104 4013 Frater
2119 3955 2376 4022 Pisanus,
2396 3952 2744 4024 dispensator
2771 3951 2991 4011 domus.
3022 3948 3217 4006 Frater
3238 3946 3356 4008 Un-

1982 4066 2168 4124 garus.
2193 4048 2485 4127 Robertus.
2534 4043 2817 4102 Arnulfus.
2841 4040 3114 4099 Iohannes
3135 4040 3356 4099 Guitar-

1981 4142 2105 4201 dus.
2137 4139 2333 4199 Petrus
2359 4136 2578 4195 ludens.
2608 4134 2856 4192 Andreas
2885 4133 2953 4191 de
2986 4131 3190 4189 Sancto
3223 4130 3359 4190 Gal-

1977 4232 2140 4307 terjo.
2182 4230 2338 4305 Hugo
2383 4229 2451 4287 de
2496 4226 2699 4285 Sancto
2746 4225 2920 4283 Helia.
2965 4223 3235 4282 Martinus
3281 4222 3353 4280 de

1984 4325 2169 4383 Monte
2211 4322 2429 4382 Gaudii.
2477 4319 2823 4378 Ambrosius.
2865 4316 3141 4374 Robertus
3178 4315 3352 4373 iners.

2361 4432 2629 4492 CXXXVI
2648 4432 2761 4489 ηδ’.

214 4505 532 4564 W5“de
570 4508 638 4563 de
666 4506 901 4579 ιεΡίιηῖίι·
954 4506 1259 4597 “illam”
1305 4508 1373 4567 de
1425 4506 1655 4569 Locms-
1690 4531 1838 4597 Das
1872 4490 2244 4591 comatum
2282 4490 2454 4584 neu
2500 4541 2609 4583 cun
2661 4538 2962 4590 annosum
3001 4534 3261 4580 mensis
3300 4533 3354 4574 ut

288 4597 510 4655 Petrus.
535 4597 809 4657 Bobertus
828 4599 899 4655 de
925 4596 1236 4657 Antiochia.

135 4691 221 4749 De
254 4689 525 4747 fratribus
556 4710 570 4746 :

219 4781 497 4840 Bobertus
533 4784 602 4841 de
643 4782 1001 4841 Mabumeria.
1036 4782 1229 4841 Frater
1266 4784 1558 4856 Henricus,
1612 4795 1668 4843 et

294 4888 489 4931 omnes
508 4874 622 4932 alii.

685 4964 1056 5037 cxxwi.
1380 5032 1389 5041 ο

136 5072 495 5116 ιίιιγιιεςιυι
518 5073 758 5116 11011801
782 5075 848 5115 DE
871 5075 1182 5117 IABUIERIA
1205 5074 1370 5119 SUPER
1392 5075 1586 5117 VINEIS.

136 5148 351 5206 Notum
396 5151 466 5206 sit
502 5151 779 5219 omnibus,
821 5160 934 5207 tam
973 5149 1175 5209 futuris
1199 5168 1363 5224 quam
1396 5152 1666 5227 presenti-

62 5238 198 5308 bus,
228 5240 378 5310 quod
399 5254 502 5312 ego
522 5241 817 5310 Arualdus,
842 5239 1188 5303 Sanctissimi
1218 5242 1464 5315 Sepulcri
1493 5243 1662 5315 prior,

2401 4610 2703 4653 MIA'I'BEB.

1838 4694 2029 4753 Pateat
2049 4692 2309 4751 omnibus
2344 4689 2452 4747 hoc
2481 4687 2831 4745 audientibus
2851 4685 2999 4759 quod
3023 4698 3125 4756 ego
3146 4680 3352 4739 Nicho-

1765 4790 1907 4858 laus,
1930 4787 2081 4861 prior
2111 4784 2301 4843 Sancti
2333 4780 2600 4856 Sepulcri,
2629 4787 2889 4851 totusque
2928 4784 3230 4834 conventus
3256 4774 3356 4831 da-

1766 4898 1893 4939 mus
1913 4879 2150 4938 Guidoni
2174 4875 2504 4944 Camelario,
2531 4872 2754 4931 Giraldo
2777 4869 3028 4943 Caprello
3053 4876 3109 4925 et
3134 4864 3352 4939 Hugonl

1767 4971 1837 5028 de
1864 4969 2048 5042 loppe,
2080 4978 2136 5026 et
2168 4966 2460 5025 heredibus
2499 4963 2615 5020 suis
2640 4961 2873 5032 aliisque
2910 4956 3254 5015 venientibus
3282 4952 3353 5012 ad

1771 5060 2102 5123 manendum
2144 5056 2289 5114 infra
2319 5055 2500 5114 casale
2530 5060 2784 5110 nostrum
2825 5050 2893 5106 de
2935 5045 3253 5112 hamathes,
3292 5044 3354 5100 in

1770 5151 1892 5207 loco
1920 5149 2013 5222 qui
2042 5146 2244 5205 dicitur
2282 5144 2432 5201 Nova
2459 5140 2617 5209 Villa,
2642 5140 2853 5214 plateas
2887 5137 2955 5194 ad
2986 5133 3352 5193 ediﬂcandum

1770 5241 1966 5298 domos
2010 5236 2179 5297 libere
2225 5236 2346 5295 sine
2386 5233 2631 5307 quolibet
2677 5245 2848 5289 censu
2895 5225 3254 5302 possidendas
3295 5224 3354 5280 et

146 5438 249 5471 ’⁸³⁸
288 5437 363 5512 Le
390 5446 505 5512 me}
526 5437 774 5512 dominus
812 5453 881 5494 ne
902 5437 1155 5512 presente
1188 5440 1261 5498 ici
1285 5456 1467 5512 aueun
1491 5456 1649 5505 sens;
1682 5439 1718 5497 il
1752 5438 1868 5496 (aut
1888 5414 2715 5512 vraisemblahlementcorriger
2741 5429 3072 5512 domesticus
3094 5443 3165 5481 ou
3179 5426 3351 5512 ganti-

288 5508 523 5585 Dansle
547 5509 783 5585 premier
808 5495 925 5585 gas,
954 5495 1351 5585 le‘Gaufridu‘s,
1372 5495 1511 5585 dont
1539 5512 1579 5567 il
1597 5495 2077 5585 iciquestion,
2106 5508 2273 5585 seruit
2311 5506 2361 5562 le
2396 5506 2573 5585 meme
2606 5495 2713 5573 que
2742 5498 3135 5585 le._Gt_zufridas
3154 5495 3351 5585 Iuro-

68 5581 277 5653 neiuis,
302 5579 523 5651 qualilié
546 5571 685 5653 dans
710 5579 770 5653 le_
791 5571 923 5650 dipl.
959 5580 1062 5653 lQO
1082 5571 1412 5637 senescaléus
1432 5583 1614 5636 domui
1640 5571 1979 5653 patriarcha;
2003 5571 2142 5653 dans
2167 5579 2359 5653 l‘autre
2388 5592 2503 5653 cas,
2538 5574 2575 5653 ini
2602 5571 2638 5645 ᾖ
2661 5571 2841 5653 aurait
2881 5571 3023 5653 deux
3047 5581 3340 5653 persona:-

226 5649 339 5706 l’uu
370 5649 593 5706 nommé
611 5649 959 5719 simplenient
993 5651 1072 5707 Ca

67 5653 341 5777 52’1";
611 5653 959 5719 δίωβίεηιθηι
993 5653 1309 5777 Congrum,
1350 5661 1406 5710 et
1448 5653 1644 5708 l'autre

78 5793 93 5797 _
118 5792 181 5797 __
246 5764 265 5788 ,
478 5763 495 5789 ,
528 5730 578 5777 1-⁸
609 5735 902 5797 ;_mangue
922 5723 1066 5781 dans
1136 5762 1150 5778 .
1226 5724 1319 5757 ’σεο
1348 5723 1415 5791 Α,
1441 5722 1481 5779 [ο
1506 5723 1630 5792 ιη,
1656 5738 1663 5759 ς

1804 5653 1994 5707 rinicus
2033 5653 2354 5705 Patriarcha
2404 5653 2498 5720 qui
2538 5653 2710 5714 ﬁgure
2757 5653 2897 5698 dans
2952 5653 3002 5723 te

1804 5736 2020 5779 nanoue
2058 5722 2197 5778 dans
2226 5719 2288 5775 Β,
2368 5720 2456 5751 ¹⁰⁸¹
2498 5713 2757 5797 Corrigez
2799 5728 2900 5766 non
2932 5727 3002 5779 et.

70 5792 204 5862 115,
232 5802 323 5860 v°;
355 5806 593 5862 manque
612 5791 752 5847 dans
793 5791 867 5855 B.

342 5905 347 5909 '
392 5886 668 5963 Ρλτιοι.
713 5880 893 5947 CLV.

1224 5634 1406 5739 mi
1443 5634 1661 5739 {satis
1680 5634 1994 5707 ῧδίέέίάίεὶιῖ
2012 5634 2900 5739 Ῥξιινίαεξίσα,θειί,,¹ἰξὶ¹,ἱθ,-δίὲξ¹ἓ
2936 5641 3003 5739 3.?
3047 5634 3178 5739 “211';
3215 5634 3344 5739 13%:

3208 5702 3347 5762 Af“

2954 5856 3034 5928 39'
3106 5886 3115 5894 .
