3832 6314
484 310 626 370 ΗὲἸ

483 438 682 484 terram
707 422 775 479 ad
798 422 1152 493 plantandum
1177 421 1362 475 vineas
1378 426 1431 474 et
1457 417 1698 484 arbores,
1723 417 1863 472 sicut
1890 425 2072 472 osten—
2098 420 2147 480 Α

485 535 608 577 sum
647 526 732 574 est
764 517 872 572 illis
899 532 994 587 per
1026 528 1250 569 manum
1283 511 1493 567 domini
1516 508 1662 564 Petri
1692 509 1759 564 de
1785 508 2069 580 Sepulcro.

484 613 690 668 Damus
715 612 883 666 etiam
911 608 1147 665 Guidoui
1180 590 1343 662 uuam
1390 614 1737 661 carrucatam
1767 614 1930 672 terre,
1965 603 2077 659 Hu-

482 706 612 778 goni
636 704 821 769 aliam,
849 701 1072 757 Giraldo
1093 700 1255 756 etiam
1277 700 1414 754 duas
1437 698 1505 753 ad
1532 699 1669 753 bene
1689 699 2071 765 laborandum,

482 800 555 852 ita
580 796 726 867 quod
750 795 815 850 de
838 792 1018 848 fructu
1043 801 1285 861 segetum
1306 800 1359 845 et
1384 788 1744 860 leguminum,
1762 805 1924 859 quem
1952 788 2075 842 inde

483 890 781 953 habebunt,
815 894 1071 956 quartum
1094 895 1146 938 et
1176 882 1446 937 decimam
1472 881 1705 954 singulis
1729 881 1889 937 annis
1914 880 2075 935 nobis

483 968 846 1046 donabit‘m;
895 978 961 1032 de
987 975 1165 1031 fructu
1199 990 1330 1031 vero
1366 975 1652 1030 vinearum
1679 983 1734 1030 et
1777 975 2071 1042 olivarum,

481 1080 620 1142 quas
663 1070 736 1125 ibi
776 1067 1120 1139 plantabuut,
1162 1050 1416 1135 quintum
1446 1073 1500 1120 et
1542 1064 1812 1119 decimam
1844 1064 2072 1119 habebi-

477 1181 624 1218 mus.
659 1161 862 1215 Damus
890 1160 1054 1215 etiam
1079 1156 1302 1213 Giraldo
1330 1167 1385 1213 et
1414 1156 1629 1229 Ilugoni
1661 1172 1912 1227 magnam
1932 1152 2071 1226 'par-

478 1267 588 1311 tem
618 1253 827 1318 oliveti,
852 1251 999 1322 quod
1031 1248 1339 1305 Willelmus
1373 1248 1670 1304 Beriteusis
1707 1249 1810 1303 sibi
1838 1249 2071 1319 plantari

478 1349 627 1411 iecit,
671 1347 738 1401 de
781 1345 940 1402 cuius
980 1342 1163 1399 fructu
1207 1350 1465 1414 quartum
1507 1350 1560 1396 et
1601 1340 1869 1396 decimam
1912 1341 2072 1396 nobis

479 1442 730 1497 reddent.
780 1437 1091 1494 Predictam
1127 1451 1255 1491 vero
1300 1443 1547 1490 nostram
1579 1443 1813 1504 partem,
1864 1432 2072 1488 scilicet

470 1537 755 1603 quartam,
794 1531 1044 1601 quintam
1072 1537 1127 1583 et
1152 1528 1446 1594 decimam,
1471 1527 1537 1581 ad
1560 1528 1734 1582 voltas
1763 1534 1981 1581 nostras
2005 1526 2072 1581 de

478 1622 630 1678 Nova
658 1623 800 1678 Villa
835 1622 1223 1692 adportabunt.
1270 1616 1515 1674 Furnum
1558 1633 1687 1673 vero
1717 1625 1771 1672 et
1799 1617 2067 1673 molendi-

481 1732 614 1771 num
644 1724 698 1771 et
725 1716 862 1769 alias
904 1711 1332 1768 consuetudines
1377 1708 1680 1764 secundum
1729 1704 2065 1763 Mahumerie

1052 304 1143 376 AD
1176 298 1623 363 GODEFRIDUM
1664 298 1955 357 APPEND.
1995 298 2060 355 II.
2101 330 2169 341 -—
2210 301 2478 359 MONUM.
2518 300 2608 356 DE
2646 298 2868 358 BELLO
2910 300 3135 359 SACRO

3589 311 3696 369 ms

2392 420 2548 492 gella.
2579 418 2773 475 Petrus
2792 420 2858 475 de
2880 420 3092 475 Latina.
3122 421 3413 479 Rainaluus
3434 426 3496 480 de
3517 426 3696 491 Lochis.

2389 511 2584 567 Petrus
2604 510 2965 568 Lombardus.
3000 512 3273 570 Robertus
3293 515 3646 576 Autiocheuus.

2734 624 3056 681 CXXXVIII
3076 628 3181 684 ‘°"‘.

2283 735 2351 774 DE
2401 732 2701 775 DONATIONE
2754 734 3018 774 CUIUSDAI
3061 736 3254 791 DOSII'S,
3304 738 3405 788 QUI-2
3448 740 3537 780 EST
3579 742 3622 781 ιι(

2807 806 3138 846 IAIIL'IEIIIA.

2244 879 2436 937 Pateat
2460 880 2718 937 omnibus
2747 880 2856 937 hoc
2886 881 3238 940 audientibus
3265 885 3408 955 quod
3437 902 3530 957 ego
3550 886 3705 945 Nieho-

2176 974 2315 1040 laus,
2347 974 2497 1045 prior
2524 972 2710 1029 Sancti
2737 972 3004 1045 Sepulcri,
3050 991 3280 1032 assensu
3330 980 3488 1035 totius
3528 984 3704 1052 capituli

2174 1067 2370 1135 nostri,
2401 1068 2598 1122 damus
2623 1066 2932 1136 Dominico,
2961 1068 3055 1138 qui
3084 1079 3313 1124 vocatur
3342 1069 3643 1139 Patriarcha,
3666 1085 3707 1129 et

2175 1156 2466 1211 heredibus
2492 1157 2612 1211 eius
2637 1173 2804 1212 uuam
2855 1157 3077 1213 domum
3124 1158 3177 1213 in
3210 1158 3536 1217 Mahumeria
3562 1163 3708 1230 sitam,

2173 1262 2338 1317 quam
2371 1247 2628 1303 dominus
2651 1247 2847 1303 Petrus
2873 1249 2940 1304 de
2973 1248 3240 1320 Sepulcro
3270 1253 3401 1307 emit
3427 1253 3491 1308 de
3517 1255 3708 1324 quadam

2174 1338 2397 1408 femina,
2426 1341 2648 1397 nomine
2672 1342 2994 1416 Armellina,
3017 1342 3137 1399 iure
3159 1354 3419 1415 perpetue
3447 1346 3713 1403 hereditatis

2174 1432 2582 1503 possidendam,
2617 1433 2711 1487 tali
2756 1442 2946 1488 tenore
2970 1443 3029 1488 ut
3060 1433 3385 1491 Dominicus
3410 1436 3651 1506 predietus
3671 1450 3713 1493 et

2173 1524 2400 1579 heredes
2429 1524 2604 1594 ipsius
2632 1524 2791 1580 nobis
2836 1526 3155 1596 nostrisque
3201 1528 3600 1584 successoribus
3633 1546 3712 1583 an-

2172 1614 2381 1669 nuatim
2413 1614 2466 1668 in
2493 1615 2871 1685 puriﬁcatione
2897 1615 3205 1673 Genetricis
3228 1616 3325 1673 Dei
3358 1634 3455 1673 sex
3480 1619 3716 1677 bisaucios

2172 1706 2499 1761 censualiter
2544 1707 2873 1777 persolvent.
2925 1705 3319 1763 Verumtamen
3368 1709 3415 1764 si
3455 1726 3574 1766 casu
3598 1713 3717 1767 acci-

479 1824 646 1863 usum
698 1807 807 1861 illis
836 1804 1097 1877 predietis
1137 1811 1191 1857 et
1218 1802 1341 1857 aliis
1366 1800 1714 1857 venientibus
1744 1800 1811 1855 ad
1840 1815 2066 1853 manen-
2100 1771 2142 1829 Β
2171 1795 2333 1851 dente
2360 1771 2648 1868 contigerit
2678 1798 2828 1869 quod
2872 1798 3099 1853 domum
3133 1798 3283 1855 illam
3315 1802 3541 1858 vendere
3565 1805 3720 1860 volue-

477 1898 616 1953 dum
647 1897 1021 1953 concedimus.
1070 1894 1203 1949 Item
1245 1893 1441 1947 damus
1479 1890 1703 1946 Giraldo
1735 1889 1986 1961 Caprello
2015 1898 2069 1945 ct

478 1988 699 2062 ﬂugoni
727 1990 793 2045 de
818 1988 979 2060 loppe
1008 1995 1062 2043 et
1092 1985 1386 2054 heredibus
1425 1984 1542 2040 suis
1572 1984 1789 2039 vineam
1821 1994 2066 2041 nostram

478 2081 872 2139 de'Ilamathes
900 2080 966 2136 ad
1002 2080 1139 2134 bene
1181 2076 1574 2143 laborandum;
1613 2075 1680 2131 de
1706 2076 1863 2131 cuius
1884 2074 2066 2130 fructu

480 2175 692 2232 dabunt
740 2173 898 2228 nobis
951 2170 1297 2226 medietatem
1340 2178 1393 2225 et
1438 2169 1732 2224 decimam.
1783 2167 1840 2222 Si
1880 2177 2058 2223 autem

436 2334 441 2337 _
479 2267 711 2340 quilibet
742 2283 933 2323 eorum
964 2265 1049 2321 vel
1079 2264 1341 2320 heredum
1374 2277 1603 2319 suorum
1635 2261 1841 2332 aliquid
1867 2262 1934 2316 de
1965 2276 2064 2316 sua

474 2361 830 2432 possessione
856 2360 1091 2415 vendere
1129 2356 1387 2422 voluerit,
1418 2357 1657 2427 primum
1690 2349 1849 2409 nobis
1875 2355 2066 2409 venale

478 2453 696 2520 ederet;
734 2452 880 2523 quod
907 2451 954 2507 si
981 2465 1165 2505 emere
1196 2449 1558 2513 uoluerimus,
1586 2447 1782 2502 deinde
1810 2445 1990 2501 licebit
2015 2444 2066 2499 ci

476 2545 711 2600 vendere
742 2541 1014 2598 consimili
1045 2557 1145 2597 suo
1172 2540 1432 2611 burgensi
1466 2540 1539 2593 ibi
1572 2554 1794 2593 manere
1823 2537 2062 2605 debenti,

477 2636 572 2707 qui
606 2635 764 2691 nobis
790 2634 1103 2705 supradicta
1131 2634 1376 2688 attendat
1402 2640 1457 2687 et
1486 2631 1776 2701 compleat.

548 2728 744 2783 Actum
772 2734 858 2783 est
900 2727 1004 2781 hoc
1046 2742 1144 2805 vui
1173 2724 1435 2780 kalendas
1464 2723 1674 2794 aprilis,
1707 2738 1854 2778 anno
1881 2722 1949 2779 ab
1981 2723 2064 2777 iu-

472 2818 794 2874 carnatione
827 2817 1040 2872 Domini
1072 2833 1230 2872 ωειλ.
1266 2814 1442 2887 Hujus
1472 2815 1549 2870 rei
1580 2823 1746 2870 testes
1775 2823 1902 2869 sunt
1930 2833 1942 2868 :

618 2908 934 2978 Niclzolaus,
965 2910 1132 2979 prior.
1183 2909 1469 2975 Aruulfus,
1500 2907 1774 2977 subprior.
1823 2904 2059 2961 Bernar-

685 3008 811 3072 dus,
842 3014 1050 3060 cantor.
1084 3002 1433 3069 Godefridus,
1466 3001 1865 3057 thesaurarius.
1894 2999 2059 3056 Ilber-

689 3106 797 3153 tus.
833 3095 1132 3152 Euraralus.
1166 3095 1360 3151 Petrus
1389 3095 1456 3150 de
1487 3094 1769 3164 Sepulcro.
1798 3092 2055 3148 Achilles.
2088 3119 2136 3181 ο

684 3189 883 3244 Petrus
909 3188 1181 3243 Clemens.
1215 3187 1525 3241 Rainerius.
1556 3184 1713 3256 Hugo
1740 3185 1806 3240 de
1830 3183 2057 3257 Nigella.

683 3280 882 3337 Petrus
911 3282 977 3337 de
1015 3280 1228 3336 Latina.
1283 3278 1603 3334 Rainaldus.
1655 3276 1849 3333 Petrus
1895 3275 2061 3332 Lom-

687 3374 910 3428 bardus.

1060 3481 1350 3538 CXXXVII
1363 3482 1477 3537 ωδ.

468 3590 817 3632 ιικιγιιιῑῦιωι
847 3590 1113 3630 CUIUSDAM
1157 3588 1352 3639 DOHUS,
1384 3587 1526 3636 QUAM
1556 3586 1870 3637 NICHOLAUS,
1898 3586 2058 3626 PRIOR

616 3662 803 3702 SANCTI
840 3660 1114 3711 SEPULCRI,
1158 3660 1321 3698 DEDIT
1369 3657 1641 3698 STEPHANI)
1672 3658 1910 3698 PASNAIE.

543 3738 731 3794 Pateat
758 3738 1015 3793 omnibus
1052 3738 1155 3792 hoc
1186 3736 1530 3791 audientibus
1557 3734 1703 3806 quod
1730 3749 1831 3805 ego
1857 3731 2059 3790 Nieho-

471 3833 617 3899 laus,
645 3832 803 3903 prior.
827 3829 1013 3884 Sancti
1044 3828 1312 3900 Sepulcr‘i,
1343 3844 1573 3884 assensu
1614 3827 1783 3882 totius
1830 3826 2057 3896 capituli

471 3925 666 3991 nostri,
701 3923 847 3978 illam
876 3921 1122 3988 domum,
1162 3936 1327 3991 quam
1355 3920 1613 3975 dominus
1636 3918 1832 3974 Petrus
1857 3918 1925 3973 de
1956 3915 2056 3972 Se-

462 4017 660 4086 ,pulero
706 4032 737 4070 a
784 4013 1047 4070 Nieholao
1088 4022 1135 4069 ei
1185 4013 1305 4069 eius
1334 4027 1505 4067 uxore
1528 4011 1723 4067 Pontia
1748 4011 1901 4078 emit,
1933 4008 2056 4065 Ste-

470 4108 653 4177 phano
682 4106 913 4161 Pasnaie
942 4115 996 4161 et
1025 4105 1318 4160 heredibus
1348 4103 1469 4158 eius
1516 4104 1633 4159 iure
1666 4112 1925 4174 perpetue
1957 4102 2054 4157 he-

459 4202 714 4258 reditatis
746 4202 1048 4256 habendam
1077 4199 1451 4267 concedimus,
1499 4198 1594 4254 tali
1622 4206 1807 4252 tenore
1837 4207 1898 4252 ut
1930 4195 2055 4252 Ste-

468 4294 683 4364 phanus
706 4300 758 4346 et
785 4294 904 4347 eius
936 4292 1161 4346 heredes
1191 4291 1349 4345 nobis
1376 4289 1692 4357 nostrisque
1720 4284 2056 4341 successori-

468 4386 572 4439 bus
597 4399 693 4455 per
720 4383 967 4453 singulos
993 4399 1166 4437 annos
1196 4383 1249 4436 in
1281 4380 1660 4451 puriﬁcatione
1703 4376 1859 4430 beate
1885 4375 2055 4430 Marie

2170 1890 2302 1957 rint,
2347 1889 2499 1945 salvo
2546 1891 2929 1961 prenominato
2978 1908 3148 1947 censu
3188 1901 3243 1948 et
3271 1903 3466 1951 nostro
3493 1895 3611 1964 iure,
3634 1914 3721 1953 suo

2170 1982 2445 2037 consimili
2478 1982 2737 2053 burgeusi
2767 1985 3004 2041 vendere
3031 1985 3245 2056 licebit;
3278 1988 3375 2043 sed
3397 1988 3614 2059 primum
3638 2008 3723 2046 no-

2169 2071 2254 2128 bis
2286 2073 2528 2128 venalem
2559 2072 2805 2129 oﬁ‘erent.

2241 2163 2436 2220 Actum
2464 2173 2549 2220 est
2594 2165 2699 2220 hoc
2731 2182 2791 2220 ιιι
2820 2180 2998 2220 nonas
3030 2166 3253 2237 aprilis,
3304 2184 3452 2224 anno
3480 2171 3544 2224 ab
3570 2171 3723 2228 incar—

2169 2262 2390 2317 natione
2420 2260 2636 2316 Domini
2666 2277 2825 2316 ucu.
2862 2260 3038 2332 Hujus
3066 2261 3145 2317 rei
3175 2272 3347 2318 testes
3376 2273 3504 2318 sunt
3530 2282 3543 2317 :

2310 2352 2628 2421 Nieholaus,
2657 2355 2828 2425 prior.
2875 2354 3160 2423 Arnulfus,
3195 2356 3472 2426 subprior.
3504 2356 3724 2412 Godefri-

2383 2449 2506 2514 dus,
2529 2448 2929 2503 thesaurarius.
2957 2447 3256 2504 Eurardus.
3289 2447 3537 2504 Ilbertus.
3562 2449 3726 2505 Petrus

2380 2540 2447 2595 de
2479 2538 2761 2610 Sepulcro.
2806 2538 3000 2595 Petrus
3025 2540 3303 2595 Clemens.
3337 2540 3589 2596 Achilles.
3619 2541 3728 2595 Ber-

2382 2632 2586 2687 nardus
2610 2631 2917 2687 Antiochie.
2936 2631 3248 2687 Rainerius.
3271 2631 3430 2704 Hugo
3448 2635 3512 2689 de
3530 2632 3724 2705 Nigella.

2378 2720 2575 2777 Petrus
2596 2720 2907 2808 deoLatina.
2950 2720 3252 2778 Rainaldus
3278 2724 3347 2779 de
3394 2723 3603 2781 Lochls.
3642 2719 3730 2779 Pe-

2377 2823 2495 2869 trus
2525 2813 2888 2870 Lombardus.
2918 2813 3190 2872 Robertus
3218 2817 3529 2874 Antiochie.

2756 2925 3022 2982 CXXXIX
3045 2922 3163 2983 ¹⁰’⁶.’

2163 3040 2233 3078 DI'.
2270 3036 2625 3079 CONCESSIONE
2678 3035 2943 3076 CUIL‘SDAI
2986 3036 3192 3089 DOIUS,
3246 3038 3351 3086 σεε
3404 3039 3524 3079 ειτι
3571 3040 3653 3079 EST
3684 3040 3734 3078 IN

2702 3107 2861 3146 VILLA
2890 3106 3221 3147 IIAHUIERIE.

2235 3184 2507 3242 Omnibus
2554 3196 2742 3242 sancte
2791 3187 2985 3242 matris
3031 3187 3266 3243 ecclesie
3313 3188 3446 3244 ﬁliis
3494 3192 3738 3260 liquescat
3830 3168 3832 3181 Ι

2164 3279 2311 3349 quod
2338 3277 2487 3351 e[g]o
2531 3275 2851 3345 Nicholaus,
2881 3276 3152 3334 Dominici
3182 3280 3337 3351 prior
3371 3279 3629 3350 Sepulcri,
3654 3291 3735 3335 to-

2165 3378 2364 3440 tusque
2405 3378 2709 3426 conventus
2738 3368 2957 3425 Suardo
2989 3367 3195 3426 eteius
3241 3371 3543 3427 heredibus
3587 3389 3736 3427 uuam

2163 3463 2387 3520 domum
2420 3479 2543 3519 cum
2576 3462 2835 3518 omnibus
2861 3462 3204 3533 pertinentiis
3235 3464 3377 3532 suis,
3409 3480 3520 3535 que
3544 3467 3734 3521 sitaest
3830 3520 3832 3525 .

2163 3555 2230 3612 in'
2265 3557 2390 3612 villa
2436 3555 2795 3624 Mahumerie,
2825 3571 2993 3626 quam
3039 3557 3300 3614 dominus
3340 3557 3540 3614 Petrus
3564 3560 3623 3614 de
3646 3556 3739 3614 εε-
3830 3536 3832 3575 i

2160 3638 2361 3720 pulcro'
2401 3648 2470 3704 ab
2514 3647 2730 3704 Aeardo
2776 3656 2831 3703 et
2871 3648 2993 3703 eius
3041 3664 3210 3704 uxore
3238 3691 3255 3716 ,
3319 3648 3471 3705 Bella
3511 3651 3739 3715 nomine.

2160 3742 2437 3812 emptione
2462 3741 2675 3806 habuit,
2706 3740 2825 3796 iure
2851 3750 3111 3811 perpetue
3141 3742 3456 3798 habendam
3484 3743 3743 3799 heredita.

2159 3833 2231 3889 tis
2261 3834 2633 3900 concedimus,
2669 3832 2759 3887 tali
2792 3840 2980 3888 tenore
3019 3834 3272 3889 videlicet
3309 3835 3463 3905 quod
3510 3834 3742 3891 Suardus

2159 3935 2214 3981 et
2239 3926 2358 3980 eius
2388 3924 2615 3980 heredes
2659 3924 2818 3979 nobis
2847 3926 3162 3996 nostrisque
3210 3928 3625 3984 successoribus
3648 3943 3747 3998 per

2161 4018 2408 4089 singulos
2457 4032 2634 4072 annos
2687 4017 2744 4072 in
2792 4017 3175 4087 puriﬁcatione
3222 4019 3385 4073 beate
3417 4018 3585 4075 Marie
3623 4029 3745 4075 octo

2158 4107 2433 4163 bisaucios
2481 4107 2809 4168 ceusualiter
2858 4110 3182 4178 persolvent.
3247 4109 3522 4164 Addimus
3585 4110 3747 4165 etiam

2158 4200 2305 4270 quod
2340 4201 2388 4256 si
2421 4198 2667 4256 Suardus
2696 4200 2781 4254 vel
2810 4199 2929 4256 eius
2958 4201 3184 4257 heredes
3213 4200 3445 4257 domum
3473 4203 3615 4258 illam
3642 4220 3746 4259 suo

2159 4293 2433 4351 consimili
2464 4292 2723 4364 burgeusi
2751 4293 2982 4348 vendere
3007 4293 3299 4361 voluerint,
3348 4296 3507 4350 salvo
3553 4312 3753 4368 preno-
3830 4300 3832 4351 Ι

2158 4386 2367 4440 minato
2394 4401 2565 4441 censu
2593 4393 2649 4440 et
2679 4393 2871 4440 nostro
2919 4385 3058 4454 iure,
3098 4401 3209 4441 non
3237 4387 3321 4441 eis
3347 4387 3422 4441 ab
3448 4388 3629 4459 aliquo
3654 4388 3749 4444 ﬁet

468 4478 713 4549 quinque
741 4475 1019 4530 bisancios
1048 4475 1378 4545 persolvent.
1413 4471 1679 4527 Addimus
1707 4469 1872 4523 etiam
1901 4468 2049 4546 quod
2078 4462 2127 4523 D
2154 4478 2625 4550 impedimentum,

468 4572 515 4629 si
543 4571 767 4626 domum
799 4569 947 4622 illam
979 4568 1214 4623 vendere
1261 4564 1557 4629 voluerint,
1605 4562 1841 4633 primum
1891 4561 2050 4618 nobis

465 4665 713 4720 venalem
760 4662 1027 4727 oll'erent;
1097 4674 1264 4730 quam
1328 4657 1375 4711 si
1442 4669 1623 4711 emere
1687 4654 2049 4720 uoluerimus,

466 4754 663 4811 deinde
691 4770 792 4810 suo
835 4751 1109 4808 consimili
1156 4748 1416 4819 burgensi
1463 4746 1538 4801 ibi
1577 4762 1799 4801 manere
1829 4745 2049 4801 debenti

463 4848 699 4902 vendere
726 4845 929 4911 licebit,
963 4844 1114 4899 salvo
1140 4839 1522 4912 prenominato
1568 4855 1738 4896 censu
1764 4848 1817 4895 et
1860 4846 2048 4894 nostra

465 4938 780 4993 donatieue.

536 5028 733 5084 Actum
756 5038 838 5082 est
864 5028 968 5081 hoc
998 5043 1051 5082 ιγ
1080 5041 1253 5081 nonas
1282 5024 1490 5096 aprilis,
1523 5039 1669 5081 anno
1698 5025 1767 5081 ab
1794 5024 2051 5080 incarna-

463 5119 614 5174 tione
643 5118 859 5173 Domini
888 5134 1045 5172 πρωί.
1080 5116 1255 5172 Huius
1286 5117 1364 5172 rei
1396 5125 1561 5173 testes
1587 5124 1716 5172 sunt
1749 5135 1762 5172 :

607 5206 925 5275 Nicholaus’,
956 5209 1122 5280 prior.
1152 5208 1434 5277 Aruull‘us,
1464 5208 1739 5279 subprior.
1790 5206 2045 5263 Godel‘rih

2228 4569 2422 4628 Actum
2469 4579 2555 4626 est
2584 4571 2686 4626 hoc
2730 4586 2806 4625 xu
2845 4568 3107 4626 kalendas
3136 4570 3351 4641 aprilis,
3382 4587 3535 4626 anno
3565 4573 3633 4627 ab
3656 4573 3749 4627 in—

2154 4662 2474 4720 carnatione
2500 4659 2719 4716 Domini
2749 4650 2909 4717 senx.
2938 4661 3114 4717 Huius
3139 4662 3217 4718 rei
3249 4671 3426 4718 testes
3451 4674 3581 4718 sunt
3604 4681 3619 4714 :
3830 4688 3832 4777 ι

2294 4752 2588 4777 ΜΣΑΙΑΑΙΑ---
2641 4754 2793 4777 --ῗρ-
2857 4755 2878 4777 Α
2894 4754 3107 4777 ....--1ε.--
3166 4756 3430 4777 ---ι.--ε....
3502 4755 3706 4777 n-j_f,1

2294 4752 2614 4821 Nicholaus,
2641 4754 2811 4825 prior.
2845 4754 3131 4822 Arnulfus,
3163 4756 3452 4826 subprior.
3502 4755 3757 4811 Godel'ri—

2371 4846 2491 4913 dus,
2521 4847 2916 4903 thesaurarius.
2948 4846 3244 4904 Ebrardus.
3277 4848 3536 4903 Ilbertus.
3557 4847 3759 4907 Petrus.

2371 4937 2437 4993 de
2468 4934 2750 5008 Sepulcro.
2782 4936 2978 4992 Petrus
3013 4936 3290 4993 Clemens-
3323 4939 3590 4995 Achilles.
3624 4938 3755 4993 Rei-—

2366 5029 2573 5087 uerius.
2624 5030 2780 5102 Hugo
2812 5031 2879 5087 de
2904 5029 3131 5103 Nigella.
3184 5030 3387 5088 Petrus
3417 5033 3489 5088 de
3534 5032 3749 5089 Latina.

2366 5080 2573 5087 πων--
2624 5080 2774 5102 --Ἶγ
2816 5080 2877 5087 η
3013 5080 3131 5086 ---ω
3184 5080 3207 5084 _
3234 5080 3386 5088 ---η
3421 5080 3487 5088 _-
3534 5080 3749 5089 ..μή

2364 5123 2685 5180 Rainaldus.
2721 5123 2917 5179 Petrus
2948 5080 3318 5179 fombardus.

2786 5234 2926 5293 CXL
2942 5237 3056 5292 ηδτ.

675 5302 801 5369 dus,
825 5302 1216 5358 thesaurarius.
1242 5303 1539 5359 Ebrardus.
1572 5302 1824 5358 Ilbertus.
1851 5301 2047 5359 Petrus
2148 5343 2499 5384 mmmam
2529 5343 2695 5382 mw
2734 5343 3097 5394 “summu,
3126 5343 3266 5391 Qus
3294 5345 3562 5384 “sum”
3598 5340 3753 5383 an,

675 5396 744 5452 de
775 5394 1053 5467 Sepulcro.
1086 5395 1280 5452 Petrus
1307 5396 1580 5452 Clemens.
1613 5394 1871 5452 Achilles.
1911 5394 2044 5451 Ber-

681 5492 886 5548 nardus
932 5491 1242 5548 Antiochie.
1293 5490 1603 5547 Rainerius.
1655 5488 1812 5561 Hugo
1840 5489 1906 5545 de
1950 5487 2046 5545 Ni-

2362 5414 2550 5453 SANCTI
2579 5414 2704 5453 SABE
2728 5414 3003 5453 CANONICIS
3029 5414 3221 5453 SANCTI
3251 5416 3541 5455 SEPULCBI.

522 5688 622 5766 {cf
675 5676 930 5766 (ξοςιξεερι
990 5691 1288 5746 (tonabant.
1322 5762 1334 5766 Α
1369 5693 1475 5766 ηιξ
1504 5695 1567 5762 A,
1640 5694 1681 5749 ρ»
1728 5696 1852 5761 lli,
1910 5706 1989 5762 r";
2035 5704 2272 5757 manune
2310 5688 2452 5766 dans
2492 5687 2552 5743 Β.
2585 5688 2719 5766 ,⁸⁸⁸⁸
2762 5686 2829 5759 Α.
2863 5687 2904 5744 1"
2951 5689 3077 5761 114»
3113 5701 3206 5762 *ος
3246 5708 3503 5766 manuue

465 5759 557 5793 ’Μ
587 5761 653 5830 A,
683 5761 723 5815 l'°
757 5733 880 5828 Illi,
912 5771 1000 5830 v";
1038 5777 1276 5833 mauque
1305 5762 1439 5819 dans
1462 5733 1567 5818 l3."
1596 5733 1687 5799 “IV
2030 5779 2113 5837 r°;

2217 5487 2417 5545 Notum
2448 5490 2520 5547 sit
2545 5489 2823 5555 omnibus,
2855 5499 2965 5545 tam
3013 5488 3223 5549 futuris
3269 5509 3448 5564 quam
3489 5476 3823 5603 pri-sm“

3531 5693 3679 5749 dans
3698 5606 3789 5811 4

3766 5830 3787 5871 1

2158 5776 2393 5831 manqu
2421 5759 2559 5817 dans
2585 5758 2628 5813 Β
2665 5803 2677 5808 -
