3824 6308
42 394 212 451 ηὲθ

1093 391 1540 449 CAR'I‘ULAIRE
1581 390 1672 448 DU
1714 390 1916 448 SAINT
1955 389 2344 450 SEPULCRE.

3204 401 3344 460 I250

37 510 189 576 bus,
238 507 382 580 quod
411 516 513 580 ego
535 503 772 576 Miletus,
824 505 915 565 Dei
963 509 1134 580 gratia
1181 510 1412 567 ecclesie
1456 509 1644 566 Sancti
1672 513 1720 574 Α
1750 511 2016 587 scriptum
2049 509 2248 582 duplex
2279 526 2375 582 per
2401 509 2751 583 alphabetum
2777 512 2870 547 “"
2908 515 3104 574 exinde
3134 515 3252 576 ﬁeri
3289 532 3348 580 et

39 599 212 656 Sabe
238 601 427 666 abbas,
461 611 517 655 et
561 600 1202 680 universuspconventus
1248 603 1645 657 monachorum

37 692 298 750 fratrum
331 701 640 749 nostrorum
674 702 873 749 terram
904 692 1073 762 illam,
1101 694 1353 751 videlicet
1399 704 1508 752 tres
1551 711 1648 750 va-

34 787 261 854 stinas,
289 783 550 841 Kafarrus
573 794 629 841 et
658 783 829 842 Vetus
855 784 1016 842 Betor
1038 795 1093 842 et
1115 785 1357 844 Deirfres
1389 788 1642 843 nomina-

35 888 160 947 tas,
201 895 372 953 quam
417 873 760 953 M[elisenda]
803 879 988 952 regina
1040 879 1202 951 digne
1231 881 1496 937 memorie
1541 895 1642 952 pro

33 974 362 1029 elemosina
389 988 516 1027 xxxv
541 987 746 1043 panum
788 980 1094 1043 emptorum
1121 1013 1136 1039 ,
1182 989 1350 1043 quam
1382 988 1556 1043 usque
1587 973 1642 1028 in

34 1076 388 1136 perpetuum
417 1079 516 1121 nos
539 1073 597 1121 et
622 1079 972 1123 successores
993 1065 1169 1121 nostri
1198 1065 1428 1137 singulis
1453 1065 1645 1122 sabba-

33 1162 116 1217 tis
143 1161 226 1217 ad
257 1159 685 1232 redemptionem
711 1158 894 1214 anime
933 1172 1030 1214 sue
1059 1158 1334 1215 celebrare
1361 1158 1647 1226 debemus,

34 1250 294 1306 ecclesie
323 1259 505 1306 nostre
528 1257 584 1304 et
613 1248 771 1305 nobis
799 1263 1055 1320 erogasse
1090 1247 1415 1316 dinoscitur,
1438 1245 1644 1304 Nicho—

33 1341 134 1396 lao
170 1341 352 1411 priori
381 1349 434 1396 et
458 1339 741 1396 canonicis
767 1338 978 1395 Latinis
1003 1339 1231 1396 ecclesie
1257 1339 1644 1412 gloriosissimi

33 1429 337 1487 Dominici
368 1429 636 1501 Sepulcri,
663 1428 944 1485 communi
972 1444 1200 1485 assensu
1232 1429 1400 1485 totius
1427 1428 1649 1500 capituli

31 1523 254 1588 nostri,
290 1537 389 1592 pro
413 1519 724 1592 quingentis
752 1518 1014 1575 bisanciis
1039 1519 1223 1576 minus
1251 1517 1443 1590 viginti
1469 1517 1652 1574 vendi-

33 1615 278 1682 dimus;
317 1615 383 1670 de
411 1613 614 1685 quibus
642 1611 908 1668 bisanciis
937 1611 1120 1668 statim
1147 1611 1217 1667 ab
1243 1610 1538 1678 Amalrico,
1567 1607 1650 1666 Ie-

31 1705 438 1762 rosolimitano
467 1719 614 1776 rege,
644 1703 921 1774 quandam
945 1711 1146 1758 terram
1170 1702 1330 1758 nobis
1351 1701 1646 1767 utiliorem,

32 1797 269 1854 scilicet
294 1795 474 1852 casale
497 1793 720 1850 nomine
748 1792 954 1862 Thora,
979 1793 1237 1850 emimus.
1275 1789 1530 1850 Preterea
1560 1792 1647 1847 in-

1750 616 1846 672 per
1878 601 2118 658 medium
2143 602 2337 674 partiri
2364 602 2627 671 fecimus,
2657 619 2828 661 unum
2852 623 3088 678 quorum
3118 613 3270 682 prior
3290 621 3348 672 et

1749 693 2046 763 capitulum
2095 693 2283 750 Sancti
2315 693 2563 766 Sepulcri
2599 697 2820 766 habent,
2868 700 3100 757 alterum
3141 719 3244 763 nos
3283 706 3344 764 in

1749 783 1965 855 signum
1990 793 2044 840 et
2064 787 2388 842 memoriam
2417 796 2570 859 geste
2592 789 2672 845 rei
2695 790 3042 852 retinuimus.
3065 793 3222 854 Unde
3250 798 3348 856 isti

1749 881 1880 928 sunt
1903 881 2068 930 testes
2095 894 2106 928 ζ

1821 961 2097 1034 Roardus,
2125 965 2460 1025 castellanus
2487 967 2804 1038 Ierusalem,
2826 987 2990 1030 socer
3015 991 3192 1032 meus.
3231 977 3346 1034 An-

1891 1055 2098 1114 selmus
2146 1058 2214 1115 de
2262 1058 2405 1126 Brie,
2443 1059 2647 1132 Symon
2675 1062 2743 1118 de
2771 1061 3069 1134 Bethleem,
3098 1065 3348 1128 Andreas

1891 1148 1960 1204 de
1999 1149 2251 1222 Caypba,
2293 1152 2513 1210 milites.
2551 1152 2850 1213 Gaufridus
2877 1155 3214 1217 Turonensis
3229 1162 3347 1230 ⁸⁸⁸⁸,

1893 1238 2164 1298 Robertus
2191 1243 2258 1298 de
2282 1241 2695 1321 Pinken[iaco],
2731 1245 3005 1307 Iohannes
3027 1249 3347 1322 Raimundi,

1895 1330 2205 1389 Willelmus
2226 1332 2528 1405 Patronus,
2560 1335 2901 1409 Radulphus,
2941 1341 3106 1399 frater
3137 1344 3350 1401 domini

1893 1420 2173 1492 Willelmi,
2223 1423 2484 1497 Tyrensis
2551 1428 2969 1503 archiepisc0pi.
3031 1433 3350 1494 Bernardus

1891 1513 2073 1583 Proet,
2102 1516 2408 1590 Burgenses
2432 1517 2757 1590 Jerusalem,
2783 1525 3046 1582 Arnulfns
3072 1527 3139 1584 de
3151 1526 3348 1585 Maha-

1895 1607 2088 1662 meria.
2123 1606 2190 1664 Et
2224 1607 2609 1668 Guarinus‘m
2639 1611 3030 1685 Neapolitanus
3067 1616 3135 1674 de
3177 1618 3344 1676 Tent-

1893 1697 2005 1770 plo,
2042 1699 2287 1757 serviens
2321 1701 2543 1760 domine
2568 1705 2756 1778 regine
2780 1706 2969 1764 Mai-ie.

1821 1790 2052 1849 Factum
2099 1803 2185 1851 est
2231 1795 2338 1852 hoc
2395 1812 2543 1853 anno
2611 1799 2887 1857 dominice
2952 1803 3348 1863 incarnationis

31 1898 309 1946 notescat
339 1888 595 1945 omnibus
645 1888 793 1958 quod
839 1904 963 1957 nos,
995 1895 1256 1945 statutam
1287 1887 1646 1944 elemosinam
1679 1865 1720 1924 Β
1749 1903 1985 1957 ucuxv,
2015 1889 2312 1946 indictione
2341 1907 2416 1959 vt,
2460 1908 2531 1947 xv
2549 1891 2814 1951 kalendas
2843 1895 3100 1952 ianuarii.

30 1996 141 2053 pro
181 1983 378 2037 anima
429 1987 731 2036 memorate
775 1980 962 2051 regine
1011 1980 1068 2036 in
1113 1990 1437 2052 perpetuum
1485 1980 1647 2036 solito

31 2086 202 2126 more
231 2069 588 2136 celebraturi,
619 2069 920 2141 predictam
947 2077 1149 2125 terram
1175 2069 1554 2136 elemosinam,
1587 2079 1647 2125 ut

31 2163 88 2216 in
124 2162 370 2234 longum
401 2171 456 2218 et
481 2163 651 2218 latum
679 2161 1012 2231 extenditur,
1051 2178 1218 2233 quam
1267 2163 1438 2234 priori
1468 2170 1521 2218 et
1549 2177 1643 2219 ca-

33 2252 269 2308 nonicis
301 2251 486 2308 Sancti
512 2250 759 2322 Sepulcri
789 2251 1026 2306 solutam
1057 2259 1111 2307 et
1144 2251 1374 2308 liberam
1404 2251 1647 2307 vendidi-

30 2360 190 2410 mus,
221 2345 441 2415 integre
469 2359 595 2400 cum
619 2343 836 2399 vilianis
863 2343 980 2400 suis
1000 2352 1054 2398 et
1080 2342 1424 2414 pertinentiis
1447 2351 1501 2399 et
1526 2359 1645 2399 om-

31 2435 232 2501 nibus,
290 2450 400 2506 que
442 2435 531 2492 sui
581 2435 720 2492 iuris
749 2451 874 2492 esse
922 2443 1245 2502 noscuntur,
1276 2435 1344 2491 ab
1369 2435 1520 2490 omni
1547 2451 1643 2491 ca-

30 2526 304 2598 Iumpnia
332 2527 416 2583 vel
447 2526 796 2599 aggressione
825 2525 1032 2582 iniusta
1077 2524 1136 2580 in
1183 2526 1334 2580 omni
1362 2526 1516 2584 curia
1545 2525 1644 2583 de-

31 2614 276 2673 fendere
305 2616 590 2673 debemus.

701 2706 862 2762 CXLI
875 2707 987 2762 ηδε.

29 2813 100 2853 ιε
135 2814 420 2855 EIP'I'IONB
454 2815 561 2855 CC!
597 2814 788 2855 PRIORE
822 2815 892 2854 ΕΤ
930 2812 1202 2854 CANONICIS
1234 2813 1420 2853 SANCTI
1455 2813 1646 2854 SEPUL-

102 2883 200 2925 ειιι
246 2885 423 2924 FACTA
459 2885 528 2924 ΕΤ
568 2885 852 2936 ιιιιωιιικο,
874 2884 1074 2924 DOIINO
1108 2884 1296 2924 SANC'I'I
1335 2884 1523 2937 EGIDII,
1553 2884 1644 2926 SU-

101 2955 214 2994 psn
257 2955 488 2996 DOIIBUS
523 2956 592 2995 ετ
631 2939 980 2996 csremsm’.

101 3053 162 3108 In
193 3053 432 3109 nomine
460 3052 674 3109 Domini
698 3052 872 3109 nostri
903 3051 1064 3109 Ihesu
1091 3051 1320 3121 Christi,
1353 3069 1532 3110 amen.

99 3168 322 3224 Notum
345 3168 416 3225 sit
445 3168 700 3225 omnibus
729 3167 830 3269 Dei
847 3168 1118 3238 ﬁdelibus,
1143 3177 1255 3269 tam
1297 3169 1642 3269 presentibus
1668 3209 1712 3269 ο

29 3278 201 3334 quam
241 3261 466 3328 futuris,
488 3262 636 3332 quod
662 3276 764 3334 ego
791 3260 1118 3332 Balduinus,
1143 3261 1240 3319 Dei
1262 3263 1434 3335 gratia
1458 3263 1638 3320 domi-

30 3369 137 3410 nus
174 3353 392 3410 casalis
421 3351 608 3409 Sancti
632 3353 828 3425 Egidii,
861 3371 970 3410 una
996 3371 1123 3411 cum
1149 3354 1474 3427 Stephania,
1507 3371 1641 3412 con-

29 3445 154 3515 iuge
183 3459 352 3512 mea,
381 3445 438 3500 in
465 3445 739 3515 presentia
767 3445 976 3500 domini
998 3445 1201 3503 Roardi
1219 3447 1332 3514 ¹⁰⁸⁰,
1357 3447 1641 3504 castellani

27 3535 366 3604 Ierusalem,
390 3537 567 3594 soceri
615 3537 743 3605 mei,
767 3546 823 3593 et
871 3539 1102 3595 aliorum
1154 3541 1451 3610 proborum
1494 3540 1642 3615 viro-

27 3641 178 3692 rum,
205 3641 454 3696 quorum
483 3627 707 3682 nomina
742 3626 974 3684 inferius
1020 3637 1148 3685 sunt
1184 3629 1385 3701 scripta
1402 3630 1516 3697 ¹⁰⁸¹,
1547 3646 1640 3686 as-

25 3732 271 3774 sensum
324 3717 576 3774 dedimus
613 3720 904 3790 emptioni,
936 3737 1104 3792 quam
1145 3721 1402 3777 dominus
1447 3721 1642 3779 Petrus

25 3810 185 3880 prior
213 3818 275 3864 et
293 3811 542 3866 canonici
557 3810 827 3868 Dominici
850 3811 1096 3884 Sepulcri
1121 3812 1366 3869 fecerunt
1385 3813 1451 3870 de
1465 3812 1642 3868 domi-

26 3899 134 3957 bus
159 3911 226 3958 et
245 3902 336 3937 ¹⁰⁵²
361 3903 582 3958 edititiis
604 3912 658 3959 et
676 3905 850 3961 vineis
865 3921 992 3960 eum
1014 3906 1273 3962 omnibus
1299 3905 1642 3977 pcrtinentiis

25 3997 172 4064 suis,
191 4011 311 4067 que
339 3996 507 4053 abbas
520 4005 574 4052 et
595 3997 849 4052 monachi
879 3997 1080 4054 Montis
1103 3998 1322 4055 Thahor
1345 3997 1639 4081 habebant,

28 4094 142 4143 tam
167 4104 252 4144 ex
274 4088 420 4144 dono
442 4088 890 4159 predecessorum
915 4104 1162 4145 meorum
1181 4105 1346 4160 quam
1367 4088 1642 4160 emptione

27 4180 115 4234 vel
160 4179 606 4248 conquisitione,
642 4177 700 4234 in
733 4179 978 4250 predicto
1005 4179 1206 4247 casali,
1242 4187 1304 4234 ut
1343 4195 1406 4234 ea
1454 4180 1641 4237 omnia

28 4272 213 4328 libere
249 4279 306 4326 et
340 4270 520 4340 quiete
546 4279 767 4328 teneant
800 4281 854 4328 et
888 4271 1204 4343 possideant
1235 4272 1290 4327 in
1317 4281 1640 4343 perpetuum

31 4365 156 4420 sine
216 4361 375 4417 omni
423 4362 756 4434 calumpnia,
783 4380 846 4421 ea
895 4364 1248 4420 frantitia‘m
1294 4374 1348 4421 et
1391 4365 1641 4420 libertate

29 4470 140 4525 qua
170 4455 410 4510 abbates
447 4464 502 4511 et
541 4456 796 4512 monachi
823 4456 1022 4514 Montis
1053 4456 1272 4512 Thabor
1305 4458 1640 4527 temporibus

2387 2001 2574 2058 CX
2586 2004 2680 2037 1088

1747 2101 2092 2144 Ρηιγιιεςιωι
2130 2106 2315 2147 ΒΟΠΙΜ
2350 2107 2588 2161 (ἰυΔΒΙΝΙ,
2615 2110 2840 2151 ΑΒΜ-[ιε
2877 2112 3074 2170 MONTIS
3113 2116 3346 2170 THABOR,

1956 2174 2028 2214 ετ
2067 2175 2249 2228 perm,
2278 2177 2488 2219 rmouts
2519 2179 2706 2220 sucu
2745 2181 2997 2223 SEPULCRI
3018 2169 3131 2224 ³⁸⁵⁸⁸.

1816 2247 1877 2304 In
1903 2250 2127 2306 nomine
2153 2245 2393 2323 Domini,
2419 2271 2601 2310 amen.

1816 2335 2017 2394 Notum
2063 2339 2135 2396 sit
2165 2341 2438 2399 universis
2472 2353 2661 2400 sancte
2697 2346 2888 2402 matris
2920 2348 3148 2406 ecclesie
3194 2351 3344 2420 filiis,

1745 2436 1858 2485 tam
1891 2433 2237 2502 presentibus
2270 2451 2438 2506 quam
2481 2435 2712 2507 futuris,
2743 2441 2888 2511 quod
2936 2457 3038 2515 ego
3083 2441 3344 2515 Garinus,

1744 2520 1946 2580 Montis
1969 2523 2410 2596 Thaborabbas,
2428 2543 2703 2588 consensu
2737 2531 2943 2588 domini
2973 2533 3214 2604 Letardi,
3237 2535 3346 2595 Na-

1745 2617 1930 2672 zareni
1961 2619 2382 2692 archiepiscopi,
2408 2622 2610 2693 prioris
2634 2622 2912 2681 Lancelini
2955 2636 3012 2682 et
3047 2629 3218 2686 totius
3248 2647 3344 2686 ec-

1743 2707 1908 2764 clesie
1930 2719 2118 2766 nostre
2145 2713 2370 2783 capituli
2399 2730 2631 2772 assensu
2653 2726 2706 2773 et
2741 2718 2858 2789 pari
2880 2721 3158 2778 voluntate
3175 2764 3189 2790 ,
3215 2739 3344 2780 cum

1745 2799 2030 2860 Dominice
2080 2803 2524 2864 Rcsurrcctionis
2572 2811 2800 2867 ecclesie
2845 2812 3030 2883 priore
3079 2813 3242 2871 Petro
3288 2822 3346 2872 et

1745 2893 2004 2951 universo
2057 2897 2304 2954 eiusdem
2359 2908 2631 2957 conventu
2691 2901 2785 2958 tali
2837 2905 3130 2962 concordie
3181 2916 3345 2978 pacto

1744 2988 2131 3058 convenimus,
2157 2992 2306 3062 quod
2337 2992 2626 3050 ecclesiam
2675 3002 2952 3063 nostram,
2995 3013 3164 3069 quam
3199 2999 3344 3070 apud

1743 3077 1928 3133 casale
1974 3077 2162 3136 Sancti
2195 3081 2372 3154 Egidii
2415 3099 2541 3140 cum
2573 3084 2946 3142 oblationibus
2976 3088 3094 3144 suis
3130 3096 3184 3145 et
3221 3090 3344 3148 iure

1744 3169 2072 3238 parrochiali
2089 3173 2432 3246 aliorumque
2447 3176 2695 3233 omnium
2715 3177 2785 3233 ad
2808 3192 2930 3234 eam
2951 3179 3341 3251 pertinentium

1742 3273 1797 3324 et
1831 3281 1958 3322 cum
1988 3269 2278 3326 medietate
2314 3271 2695 3329 universarum
2725 3273 3062 3330 decimarum
3093 3276 3342 3333 eiusdem

1742 3357 1941 3414 casalis
1979 3368 2034 3414 et
2075 3361 2311 3417 aliorum
2333 3363 2588 3432 duorum,
2617 3363 3054 3422 Turhasaimmo
3083 3366 3340 3424 videlicet

1741 3457 1796 3504 et
1818 3447 1978 3518 Dere,
2010 3466 2148 3522 quas
2174 3467 2242 3507 ex
2273 3454 2629 3510 concessione
2655 3453 2830 3511 felicis
2865 3457 3130 3512 memorie
3156 3457 3339 3512 domi-

1743 3539 1800 3595 ni
1815 3540 1908 3574 ¹⁰⁶¹
1932 3536 2241 3616 W[illelmi]
2279 3545 2590 3614 patriarche
2625 3545 2695 3600 ab
2718 3546 2923 3602 eisdem
2946 3547 3192 3604 censuali
3219 3548 3352 3606 iura'

1741 3649 1842 3706 pro
1866 3636 2031 3692 unius
2061 3645 2178 3692 rote
2219 3653 2377 3693 cereo
2412 3638 2753 3706 tenebamus,
2788 3639 3093 3696 remotione
3136 3640 3242 3698 loci
3283 3643 3339 3698 et

1743 3725 2118 3797 magnitudine
2147 3741 2512 3796 expensorum
2541 3727 2872 3798 pregravati,
2895 3727 3058 3785 Petro
3086 3729 3258 3801 priori
3283 3731 3340 3787 et

1743 3817 2024 3874 canonicis
2059 3817 2302 3874 eiusdem
2329 3819 2588 3884 ecclesie,
2613 3819 2680 3875 de
2709 3819 2868 3876 cuius
2911 3822 3030 3877 iure
3071 3821 3336 3893 procede-

1742 3907 1856 3977 bat,
1887 3909 2030 3964 bono
2063 3909 2249 3964 animo
2275 3919 2329 3966 et
2367 3909 2626 3966 concerdi
2655 3911 2935 3968 voluntate
2960 3913 3332 3980 reddidimus;

1741 3997 1930 4054 vineas
1959 4014 2088 4055 vero
2111 4007 2350 4069 nostras,
2372 3999 2567 4056 domos
2588 4001 2745 4056 et‘m
2771 4001 2976 4057 edititia
2992 4001 3085 4035 ⁸⁸⁸³
3109 4011 3164 4058 et
3185 4009 3335 4060 cete-

1742 4100 1805 4143 ra
1835 4089 2058 4144 mobilia
2101 4089 2285 4147 ucstra
2306 4133 2322 4159 ,
2351 4106 2459 4162 que
2489 4099 2597 4146 tam
2632 4091 2838 4148 laboris
2869 4093 3043 4148 nostri
3073 4095 3337 4151 exercitio

1743 4193 1906 4248 quam
1933 4179 2108 4248 pretio
2125 4179 2219 4211 ‘°“
2237 4180 2694 4253 conquisivimus,
2716 4182 2923 4238 eisdem
2949 4199 3048 4256 pro
3070 4183 3120 4239 Μ
3136 4185 3228 4217 ¹⁰⁸⁵
3252 4186 3336 4242 bi-

1743 4269 1947 4325 sanctis
1975 4269 2348 4339 vendidimus,
2377 4280 2430 4327 et
2466 4287 2566 4343 pro
2605 4273 2979 4346 recognitione
3017 4273 3334 4330 earumdem

1740 4357 2024 4413 vinearum
2043 4397 2060 4426 ,
2089 4359 2379 4415 domorum
2422 4369 2478 4416 et
2510 4361 2952 4418 ediﬁtioi'um‘m
2980 4363 3141 4420 nobis
3164 4372 3220 4420 et
3239 4379 3334 4421 ec-

1741 4449 1906 4506 clesie
1935 4459 2121 4506 nostra
2157 4452 2439 4507 annuatim
2473 4461 2584 4510 tres
2611 4463 2762 4511 rotas
2792 4455 3001 4512 incensi
3029 4463 3083 4511 et
3113 4471 3333 4513 cereum

29 4546 494 4614 predecessorum
521 4561 770 4602 meorum
799 4556 854 4602 et
879 4563 1000 4604 meo
1033 4549 1275 4605 tenuisse
1312 4557 1636 4604 noscuntur.
1671 4553 1717 4612 ι)
1743 4543 1908 4599 unius
1936 4551 2054 4599 rota
2081 4543 2137 4598 in
2172 4542 2312 4600 festo
2349 4545 2848 4618 transtigurationis
2877 4546 3094 4603 Domini
3132 4547 3334 4604 debent

29 4635 298 4693 Preterea
341 4637 730 4708 calumpniam,
773 4653 938 4708 quam
978 4637 1303 4697 fatiehamus
1328 4639 1420 4672 '°“
1448 4640 1633 4710 predi-

29 4728 134 4784 ctis
157 4727 449 4784 canonicis
473 4727 540 4784 de
572 4729 810 4799 quadam
838 4728 1026 4796 domo,
1060 4745 1226 4799 quam
1261 4740 1386 4787 ante
1408 4731 1636 4802 emptio-

27 4835 158 4877 nem
205 4822 365 4877 illam
406 4821 680 4878 habebant
717 4823 773 4877 in
802 4824 1044 4894 predicto
1073 4823 1260 4890 casali,
1288 4825 1504 4894 penitus
1547 4841 1634 4882 re-

29 4913 339 4979 mittimus,
363 4921 418 4968 et
444 4923 506 4968 ut
536 4931 658 4971 eam
684 4916 866 4985 quiete
890 4925 944 4972 et
972 4916 1091 4972 sine
1119 4916 1430 4988 calumpnia
1472 4917 1631 4973 dein-

27 5017 160 5072 ceps
209 5011 434 5059 teneant
471 5013 525 5059 et
568 5005 885 5074 possideant
920 5005 1291 5062 concedimus.
1325 5004 1396 5061 Ut
1448 5015 1630 5062 autem

27 5093 332 5150 concessio
355 5101 410 5149 et
436 5109 696 5150 assensus
730 5104 918 5150 noster
953 5095 1007 5149 in
1049 5104 1328 5167 posterum
1356 5112 1384 5151 a
1412 5099 1631 5155 nemine

29 5187 212 5254 possit
263 5186 496 5258 perverti
537 5203 638 5245 seu
688 5189 1100 5260 quomodolibet
1137 5189 1362 5256 violari,
1403 5205 1631 5260 presens

1735 4636 2044 4706 persolvere
2061 4635 2174 4690 ¹⁰⁶’.
2201 4635 2377 4694 Huius
2398 4639 2786 4696 transactionis
2811 4648 2977 4696 testes
3007 4649 3135 4696 sunt
3161 4658 3174 4694 :

1807 4728 2096 4796 Letardus,
2147 4725 2463 4786 Nazarenus
2509 4731 2972 4804 archiepiscopus.
3029 4730 3328 4801 Radulfus,

1879 4818 2226 4876 Sebastensis
2246 4820 2554 4893 episcopus.
2590 4822 2881 4894 Iohannes,
2902 4824 3054 4896 prior
3081 4825 3328 4882 eiusdem

1874 4913 2124 4970 ecclesie.
2155 4911 2372 4984 Petrus,
2401 4925 2594 4972 cantor
2628 4915 2888 4989 Tyrensis
2919 4918 3166 4975 ecclesie.

1808 5001 1886 5060 De
1914 5003 2195 5060 canonicis
2218 5013 2400 5061 autem
2435 5005 2620 5061 Sancti
2643 5005 2890 5077 Sepulcri
2925 5026 2939 5062 :

1807 5093 2076 5153 Iohannes
2104 5095 2460 5166 Pictavensis,
2498 5095 2725 5169 Ugo‘m
2754 5099 2822 5154 de
2842 5097 3068 5171 Nigella,
3105 5097 3326 5155 Rainal-

1879 5189 1984 5246 dus
2005 5189 2073 5248 de
2101 5188 2323 5261 Lochis,
2353 5189 2772 5260 Constantinus,
2797 5199 2852 5247 et
2870 5191 3084 5260 Petrus,
3108 5199 3324 5261 cantor,

107 5427 309 5501 usus,
340 5425 550 5501 enus,
584 5438 669 5495 v°;
696 5428 759 5496 Β,
798 5427 838 5483 ro
865 5430 955 5495 32,
980 5439 1049 5485 r°.
1130 5429 1222 5462 ιοιί
1251 5411 1399 5485 nan's
1441 5428 1560 5501 B_la
1586 5444 1644 5484 ru

1887 5438 1973 5487 est
2013 5430 2155 5490 ainsi
2189 5447 2441 5500 concue:
2487 5433 2752 5488 Assensit:
2789 5432 3070 5501 Baldtu'm’,
3119 5433 3318 5489 casulis

35 5495 229 5553 Sancti
256 5497 463 5568 Egidit',
492 5506 556 5555 de
582 5501 844 5568 emptione
868 5501 1013 5570 facta
1039 5517 1073 5554 α
1115 5501 1437 5556 monasterio
1467 5499 1666 5555 Montis
1699 5495 1928 5555 Tliabor.

36 5567 278 5604 “annuo
302 5571 436 5604 done
465 5569 507 5604 Ω
609 5571 703 5602 808³
728 5569 770 5604 n
828 5572 1082 5604 Γάιηημῖρὸιι
1201 5571 1292 5604 105's
1317 5569 1357 5604 Π
1415 5571 1735 5604 ΐηρὸοιιιηιηιι
1850 5571 1928 5603 UH!

36 5569 279 5651 Hanque
302 5571 440 5625 dans
465 5569 526 5624 Β.
609 5571 703 5602 ⁸³⁸³
728 5569 790 5636 Β,
825 5569 1127 5654 francicia..
1201 5571 1292 5604 “m
1316 5569 1378 5635 B,
1401 5571 1644 5674 [acieban

36 5655 195 5695 moui
225 5656 464 5711 manque
487 5641 624 5696 dans
645 5641 706 5694 Β.
782 5642 872 5673 ¹⁰⁵⁷
907 5641 968 5704 Β,
997 5640 1250 5696 Gurmus.
1329 5641 1396 5674 ¹⁰³
1450 5641 1516 5706 Α,
1550 5639 1592 5694 f’
1622 5641 1644 5694 I

1853 5571 1942 5603 “’"
1969 5571 2032 5638 Β,
2081 5573 2248 5644 αΙῙαὺε

1853 5688 1854 5697 χ
1887 5641 1948 5708 Β,
1980 5642 2021 5695 f°
2055 5643 2146 5710 55,
2175 5653 2248 5699 r°.

36 5725 250 5777 concue
283 5729 295 5764 :
328 5711 406 5765 De
433 5711 848 5780 possessionibus
881 5711 1076 5766 Montis
1109 5712 1339 5779 Thabor,
1365 5729 1463 5814 que
1497 5721 1620 5794 sunt
1657 5712 1800 5794 apud
1846 5711 2024 5766 casale
2073 5711 2262 5795 Sancti
2293 5712 2500 5786 Egidit'.

37 5778 278 5850 Manque
301 5783 438 5836 dans
461 5781 520 5834 Β.
621 5781 713 5812 ¹⁰⁶¹
744 5781 977 5850 Manque
1005 5784 1142 5838 dans
1167 5782 1224 5837 Β.
1303 5784 1372 5816 ¹⁰⁸
1423 5782 1483 5848 Β,
1514 5782 1746 5850 εάιρσια.
1843 5783 1936 5817 ⁸⁸⁵⁸
1970 5782 2030 5850 Β,
2059 5801 2255 5850 premo.
2335 5785 2434 5826 1°“
2467 5785 2500 5841 B

1469 5825 1483 5848 ,
1514 5799 1746 5848 eat/tcta.

35 5567 279 5651 Manque
302 5567 440 5625 dans
465 5569 526 5651 B_.
609 5567 703 5651 “:3
728 5567 1103 5651 B,_[fa_nci¢3ia.

37 5754 278 5853 ﬁantque
301 5754 520 5853 dansrB.
593 5781 713 5853 __‘°“
744 5781 977 5853 Manque
1005 5784 1142 5838 dans
1167 5782 1224 5837 Β.
1303 5754 1344 5816 ίῖν

35 5851 393 5908 edi/idenim.
474 5851 566 5885 ¹⁰⁶⁷
589 5851 648 5919 Β,
676 5851 966 5924 persolvere
996 5854 1199 5910 debent.
1282 5854 1373 5888 ³³⁸⁸
1397 5852 1458 5923 Β,
1491 5851 1643 5920 Huqo

2040 5502 2136 5576 “”_
2157 5501 2224 5576 Β,
2256 5503 2689 5576 Ιίἱεανάὶηυίῗί
2727 5503 2791 5576 Β,
2821 5505 3138 5576 conscripta.
3220 5504 3318 5576 “f‘

1850 5571 1942 5645 aut:
1969 5571 2032 5645 Β,
2059 5573 2432 5645 Admodum,”
2467 5573 2598 5645 _*°"
2623 5572 2701 5645 lia
2735 5571 3035 5645 signatute'
3053 5574 3121 5628 de
3146 5573 3318 5645 cete:

2343 5643 2438 5678 1°”
2463 5641 2610 5704 Dans
2635 5642 2677 5697 B
2699 5645 2750 5699 la
2771 5641 3035 5716 r'ubrique
3063 5651 3147 5699 est
3170 5641 3315 5697 ainsi

2343 5714 2500 5785 gidiz'.
2601 5713 2694 5748 m‘
2721 5713 2780 5781 Β,
2815 5710 3306 5785 Τανὸωυηῑεω¹Ϋ⁸

2765 5757 2780 5781 ,
2816 5731 2841 5768 ι
2858 5731 3132 5781 uroasgm.

1843 5783 1936 5862 test
1970 5782 2030 5852 Β,
2059 5786 2255 5856 prec“.
2335 5777 2434 5826 ἴση
2467 5785 2528 5853 Β,
2553 5802 2648 5858 pro
2697 5777 2902 5842 duabus
2937 5777 3047 5842 H:
3113 5780 3208 5816 um
3234 5777 3300 5850 Br
