3832 6314
606 364 739 420 ιὲὖί

760 475 1091 538 sacerdotes.
1135 470 1357 527 Odo‘m
1396 481 1452 526 et
1472 470 1797 536 Gaufridus,
1838 468 2074 525 diaconi.
2109 469 2205 526 Pc—
2240 478 2283 536 Α

752 578 873 623 trus
899 563 1342 621 Malmmarie'm
1365 572 1419 618 et
1458 562 1729 618 Rubcrtus
1756 561 1955 630 Rome,
1984 563 2207 618 subdia-

754 662 901 716 roni.
1702 656 1709 663 ’
1916 664 1921 669 ’

683 754 758 810 De
788 753 1074 810 monachis
1094 766 1224 805 vero
1244 748 1447 803 Montis
1473 746 1691 801 Thabor
1720 765 1732 799 :

679 845 1027 910 Lancelinus,
1055 842 1223 912 prior.
1255 838 1448 894 Petrus
1476 839 1542 892 de
1573 835 1741 890 Podio
1761 878 1775 902 ,
1801 835 2202 890 tlicsaurarius.

750 928 1037 995 Martinus.
1099 932 1370 1009 Iohannes
1426 929 1812 1001 Yspanus‘°”.
1864 927 2203 998 Stephanus,

747 1042 957 1089 cantor.
983 1027 1308 1083 Aimericus.
1334 1025 1672 1080 Dominicus.
1703 1023 1973 1079 Iohannes
2003 1021 2069 1075 de
2097 1019 2200 1076 Na-

746 1134 913 1179 zaret.
949 1121 1219 1176 Enardus.
1257 1118 1579 1174 Pandulfus.
1624 1117 1932 1173 Willelmus
1979 1115 2205 1171 Provin-

747 1218 894 1271 tialis
913 1217 1026 1270 "7'.
1061 1213 1431 1269 Marcellinus.

672 1308 748 1375 De
782 1309 997 1364 clericis
1026 1306 1295 1362 Nazareth
1319 1325 1331 1360 :
2044 1376 2047 1381 ι

598 1430 604 1436 ε
673 1401 959 1467 (leraldus,
992 1400 1414 1455 archidiaconus
1436 1395 1773 1452 Nazarcnus.
1799 1395 2086 1471 Tibaldus,
2109 1411 2204 1450 ca-

745 1491 978 1547 nonicus
1024 1488 1491 1562 Sydonensis‘m.
1557 1488 1851 1556 Iohannes,
1903 1488 2204 1544 canonicus

741 1583 1079 1639 Nazareuus.
1101 1580 1376 1637 Galterius
1398 1579 1464 1636 de
1488 1579 1728 1651 Capella.
1757 1579 2024 1637 Iohannes
2050 1579 2207 1635 Cori-

747 1675 959 1730 thensis
981 1674 1093 1727 “’7‘.
1129 1672 1408 1739 Gibertus,
1440 1672 1756 1743 capellanus
1781 1672 1986 1727 domini
2022 1673 2205 1729 archi~

746 1763 989 1836 episcopi
1016 1764 1307 1820 Nazareni.
1346 1763 1412 1819 Et
1439 1763 1703 1820 Iordanus
1732 1762 2020 1819 Mercator.

1172 359 1261 414 AD
1297 353 1746 415 GODEFRIDUM
1786 353 2077 411 APPEND.
2114 355 2181 412 11.
2223 388 2294 397 —
2331 356 2602 416 NONUM.
2642 356 2730 414 DE
2765 358 2989 418 BELLO
3030 359 3270 418 SACRO.
3642 386 3725 443 pm

2941 475 3029 531 CX
3040 474 3151 529 LIV
3170 477 3276 532 "7‘.

2316 617 2661 695 scivitscivit
2689 595 3157 674 insistentium
3174 628 3316 667 REGIS
3330 631 3729 695 tntuost'mrnoxo

2400 692 2472 733 ετ
2529 696 2832 736 uasa-rus
2884 696 3136 737 sccnssrs
3190 699 3361 740 saxc'rt
3398 702 3670 757 SEPCLCII‘m.

2382 833 2438 887 In
2473 834 2696 891 nomine
2725 846 2913 892 sancte
2944 846 2999 892 et
3032 836 3303 896 individue
3325 838 3552 904 Trinitatis
3569 849 3732 917 Parim

2312 926 2432 981 Filii
2453 937 2510 983 et
2539 927 2775 1000 Spiritus
2804 931 3012 999 Sancti,
3044 946 3225 987 amen.

2382 1039 2579 1097 Notum
2624 1043 2695 1099 sit
2736 1045 3015 1123 omnibus,
3048 1053 3159 1099 tam
3201 1044 3385 1105 futuris
3409 1066 3539 1122 quam
3564 1073 3731 1127 presenti-

2306 1134 2413 1191 bus
2432 1135 2547 1203 “7',
2579 1136 2726 1207 quod
2775 1152 2877 1208 ego
2920 1138 3249 1205 Amalricus,
3278 1150 3365 1211 per
3411 1147 3589 1215 gratiam
3619 1151 3679 1208 Dei
3701 1157 3735 1210 in

2308 1234 2497 1283 sancta
2542 1227 2763 1282 civitate
2806 1227 3099 1284 Ierusalem
3146 1229 3438 1289 Latinorum
3478 1253 3550 1292 rex
3583 1243 3733 1310 quintus,

2307 1320 2759 1390 prcdccessorum
2791 1336 3038 1376 meorum
3064 1320 3239 1378 felicis
3265 1327 3508 1395 memorie,
3529 1330 3738 1389 ducisduc-

2306 1411 2436 1467 licet
2474 1411 2755 1468 Godcfridi
2809 1413 3107 1484 fratrisque
3155 1415 3324 1486 ipsius
3346 1416 3739 1488 BalJuiniJerosoB-

2307 1518 2524 1559 morum
2548 1504 2691 1575 regis
2721 1505 2902 1575 primi,
2923 1503 3175 1560 Baiduini
3204 1506 3356 1561 etiam
3383 1510 3564 1565 secundi
3577 1514 3739 1584 regisnec

2308 1613 2420 1651 non
2440 1604 2494 1653 et
2510 1596 2771 1653 Fulconis
2795 1599 2969 1669 patris
2990 1600 3095 1654 mei
3129 1607 3183 1654 et
3207 1599 3340 1655 bone
3367 1605 3576 1658 memorie
3591 1604 3740 1661 Βικυίιὶ

2302 1686 2495 1744 fratris
2524 1689 2667 1756 mei,
2697 1690 2934 1745 civitatis
2963 1690 3213 1745 eiusdem
3253 1692 3389 1762 regis
3414 1695 3574 1763 quarti,
3594 1696 3743 1765 vestigia

2308 1780 2559 1835 inbererc
2589 1780 2928 1847 desiderans,
2959 1796 3061 1852 pro
3088 1780 3266 1836 salute
3287 1797 3396 1836 mea
3418 1798 3472 1837 ac
3489 1798 3659 1838 meorum
3678 1793 3741 1839 tam

674 1874 851 1934 Facta
866 1886 949 1933 est
989 1878 1088 1932 hec
1131 1876 1430 1933 transactio
1460 1890 1607 1931 anno
1633 1877 1906 1949 dominice
1937 1878 2194 1932 incarna-
2229 1867 2273 1922 Β
2298 1873 2549 1929 vivorum
2576 1890 2740 1944 quam
2772 1873 3184 1941 defunctorum,
3207 1874 3455 1929 conﬁrmo
3488 1884 3530 1929 et
3560 1878 3743 1932 currebam

602 1970 770 2025 tionis
792 1986 1029 2037 ucsxxv,
1046 1969 1342 2024 indictione
1370 1984 1445 2036 vi,
1465 1983 1553 2022 xvr
1583 1967 1845 2025 kalendas
1862 1969 2195 2039 novembris.

1231 2139 1439 2197 CXLIII
1458 2140 1568 2198 "7'.

598 2269 667 2309 DE
705 2270 918 2319 QUABAI
958 2269 1089 2309 PACE
1131 2270 1453 2311 RBFOBIATA
1492 2272 1652 2311 INTER
1689 2272 1979 2314 cmomcos
2011 2272 2199 2313 SANCTI

898 2341 1151 2380 SEPULCRI
1185 2341 1254 2380 ΕΤ
1296 2342 1534 2383 MONACOS
1570 2344 1637 2382 DE
1672 2343 1889 2382 LATINA.

669 2459 784 2532 Ego
834 2459 1168 2527 Willelmus,
1218 2460 1314 2516 Dei
1372 2461 1547 2533 gratia
1588 2461 1927 2518 Acconensis
1970 2463 2200 2519 ecclesie

599 2552 909 2622 episcopus,
958 2568 990 2608 a
1034 2552 1260 2609 domino
1310 2568 1447 2623 papa
1493 2551 1851 2625 Allexandro]
1893 2552 2198 2625 delegatus,

597 2645 677 2702 fui
704 2646 951 2717 cognitor
977 2644 1264 2703 cuiusdam
1307 2660 1507 2712 cause,
1541 2660 1648 2715 que
1695 2645 2012 2702 vertebatur
2058 2646 2201 2701 inter

600 2740 899 2797 canonicos
930 2736 1115 2793 Sancti
1142 2738 1387 2807 Sepulcri
1415 2750 1471 2794 et
1494 2753 1758 2794 monacos
1783 2738 1850 2795 de
1875 2738 2069 2794 Latina
2101 2755 2199 2794 su-

601 2848 696 2902 per
720 2832 965 2889 decimas
989 2831 1274 2888 cuiusdam
1308 2832 1530 2898 casalis,
1554 2832 1704 2903 quod
1726 2841 1955 2887 vocatur
1985 2830 2199 2887 Monto-

600 2924 706 2989 ule,
730 2939 897 2994 quam
922 2923 1178 2979 monachi
1203 2922 1459 2979 dicebant
1488 2939 1591 2978 suo
1627 2923 1731 2978 iuri
1775 2924 2048 2993 pertinere
2067 2964 2084 2990 ,
2108 2940 2202 2980 ca-

601 3014 785 3070 aonici
814 3029 945 3071 vero
964 3029 995 3074 θ
1015 3014 1295 3071 contrario
1316 3023 1626 3073 asserentes
1646 3015 1894 3071 eamdem
1918 3024 2199 3086 tamquam

601 3105 705 3162 sibi
735 3105 975 3165 debitam
1003 3105 1375 3175 possidebant.
1399 3104 1493 3159 Die
1514 3104 1700 3175 itaque
1718 3105 2033 3175 experiendi
2064 3106 2201 3160 utri-

588 3197 875 3268 ,queparti
908 3206 1135 3264 statuto,
1168 3198 1586 3269 allegationibus
1614 3198 1742 3255 hinc
1762 3197 1887 3253 inde
1915 3198 2201 3271 diligenter
2229 3215 2272 3274 ρ

592 3289 802 3346 auditis
821 3298 876 3344 et
896 3290 1155 3362 cognitis,
1172 3290 1408 3347 tamdem
1437 3306 1533 3360 per
1555 3289 1885 3345 sufﬁcientes
1909 3299 1963 3345 et
1989 3291 2199 3346 iuratos

597 3386 765 3439 testes
790 3380 958 3438 michi
987 3382 1122 3438 fides
1152 3382 1293 3437 facta
1314 3389 1401 3438 est
1420 3382 1567 3452 quod
1593 3382 1903 3452 precedenti
1932 3391 2199 3452 tempore,

598 3474 727 3531 dum
756 3474 859 3533 hec
886 3475 1075 3531 eadem
1105 3474 1323 3545 questio
1364 3475 1505 3530 inter
1543 3472 1783 3544 prefatas
1809 3474 2074 3529 ecclesias
2098 3489 2196 3529 co-

596 3580 716 3621 ram
761 3567 1071 3637 patriarcha
1099 3565 1390 3622 Fulcherio
1419 3574 1770 3634 tractaretur,
1799 3566 1969 3622 abbas
1995 3565 2199 3621 Ameli-

596 3666 702 3714 nu’s
723 3658 790 3713 de
812 3658 1006 3713 Latina
1033 3658 1207 3728 ipsam
1229 3657 1499 3714 decimam
1520 3657 1804 3714 canonicis
1832 3658 1885 3712 in
1909 3673 2043 3728 pace
2065 3672 2199 3713 con-

595 3750 756 3807 fitens
779 3748 909 3822 ei[s]
945 3750 1129 3807 deberi
1180 3749 1421 3820 reliquit,
1447 3763 1555 3805 una
1600 3751 1718 3806 vice
1757 3765 1944 3806 coram
1975 3750 2199 3805 domino

596 3843 908 3913 patriarcha
955 3842 1299 3911 presentibus
1342 3841 1673 3912 quibusdam
1708 3840 1971 3898 fratribus
2000 3842 2117 3898 suis
2143 3850 2200 3897 et

599 3949 705 3988 non
736 3933 1262 3999 contradicentibus,
1289 3935 1458 3991 altera
1482 3934 1602 3989 vice
1648 3934 1703 3988 in
1748 3935 1910 4004 pleno
1958 3934 2197 4004 capitulo

599 4023 793 4079 Latine
814 4024 967 4080 nullo
1000 4024 1068 4079 de
1097 4023 1357 4081 fratribus
1377 4024 1805 4101 contradicente.
1830 4023 2063 4096 COgnita
2094 4026 2197 4081 ita-

596 4130 705 4186 que
727 4125 835 4171 tam
867 4116 1151 4186 sollempni
1194 4117 1617 4193 renuntiatioue,
1666 4116 1965 4172 canonicos
2011 4115 2199 4172 Domi-

598 4207 707 4262 nici
738 4206 981 4279 Sepulcri
1008 4209 1078 4263 ab
1100 4208 1201 4264 ista
1229 4209 1568 4278 impetitione
1592 4208 1990 4265 monachorum
2014 4208 2198 4265 absol-

598 4307 755 4364 vo,et
774 4300 995 4355 eosdem
1020 4300 1319 4370 pre‘dictam
1346 4301 1617 4356 decimam
1639 4301 1783 4356 iuste
1802 4315 1979 4370 usque
2003 4300 2057 4356 in
2075 4315 2199 4371 per-

597 4396 820 4458 petuum
869 4391 1151 4461 possidere
1203 4392 1432 4448 iudico:
1458 4390 1828 4447 Interfuerunt
1873 4391 2001 4447 huic
2048 4401 2199 4449 earte

598 4486 766 4541 testt's
796 4502 813 4542 τ
1092 4488 1095 4491 λ

670 4618 967 4676 llerncsius
1007 4619 1295 4687 dominus,
1337 4618 1682 4674 Cesariensis
1729 4612 2195 4697 archiepiscopus.

744 4711 1010 4771 Dominus
1063 4710 1341 4776 Iubaidus,
1386 4709 1678 4765 Bibliensis
1716 4711 1941 4767 electus.
1989 4710 2200 4780 Daniel,

739 4814 949 4859 cantor.
994 4801 1263 4867 Rutinus,
1301 4801 1701 4857 thesaurarius.
1734 4801 1990 4875 Magister
2013 4804 2203 4860 Mona-

741 4897 898 4953 chus.
956 4894 1215 4966 Magister
1266 4894 1553 4969 Rogerius.
1614 4893 1825 4963 Guido,
1876 4897 2196 4952 canonicus.

740 4985 1074 5051 Willelmus,
1101 4983 1322 5051 Petrus,
1348 4985 1652 5056 prcsbitcri.
1676 4985 1959 5052 Girardus,
1989 4985 2198 5042 Rober-

749 5085 861 5144 tus,
902 5074 1227 5151 Bernoldus,
1276 5074 1465 5143 Fulco,
1510 5076 1745 5132 diaconi.
1784 5076 1963 5132 Guido
1992 5078 2056 5132 de
2085 5077 2197 5132 Me-

743 5169 911 5223 niers.
940 5167 1320 5238 ,Manesserius
1347 5168 1415 5224 de
1442 5168 1693 5225 Cesarea.
1741 5168 1957 5241 Rorgus
1982 5170 2049 5226 de
2080 5168 2192 5226 Na-

745 5260 951 5315 zareth.
984 5258 1327 5315 Godecallus.
1375 5260 1685 5316 Amalricus
1709 5260 1776 5315 de
1801 5259 2059 5315 Cesarea.
2095 5260 2193 5314 Ai-

741 5350 951 5409 caldus.
983 5349 1347 5413 Ra'ttnuudus.
1374 5349 1676 5419 Pandulfus
1698 5348 1966 5421 P—ysanus.

579 5584 591 5663 ς
620 5658 647 5663 ᾼ
676 5590 771 5626 ¹⁹⁶⁹
801 5591 865 5661 Β,
901 5592 1075 5650 Οάάο.
1142 5592 1253 5663 ’ΜΡ
1282 5591 1343 5659 Β,
1373 5592 1722 5648 Mahomarie.
1798 5590 1890 5623 ¹⁰⁷¹
1915 5588 2205 5663 BLHyspei

2304 5630 2320 5645 .
2343 5660 2357 5663 _
2398 5589 2492 5663 im
2523 5592 2583 5658 Β,
2614 5593 2989 5648 r’rooincialis.
3071 5593 3162 5625 ⁸⁸⁷³
3202 5593 3275 5659 Β,
3305 5588 3651 5663 Sydoniessis.

584 5656 915 5744 ‘Coritensis.
993 5666 1085 5702 ¹⁰¹¹⁸
1106 5663 1186 5731 ιΑ,
1219 5662 1261 5717 Ρ
1293 5656 1416 5731 117,
1445 5673 1522 5744 1:;
1546 5677 1796 5744 ,ιηςιηίιιιθ
1820 5656 2084 5744 ἀδβθνίξί
2121 5656 2205 5743 f0"

2302 5704 2306 5722 ’
2333 5660 2376 5716 Ρ
2402 5662 2524 5744 ‘3!)
2558 5656 2643 5744 v2;
2676 5663 3076 5744 Bz‘fo_{‘I7s_\'°o
3156 5656 3449 5744 ‘°""_D§us
3484 5662 3541 5725 Β,
3564 5661 3606 5711 la
3628 5668 3674 5744 re

981 5752 1090 5804 que
1118 5722 1211 5792 θέε
1239 5722 1821 5805 mqtsEuPi-ivifegium,
1872 5730 2143 5805 dmofrici.
2180 5722 2523 5805 regiam"?
2559 5722 2669 5805 _0n,
2703 5722 2765 5789 lit
2796 5736 2934 5790 dans
2954 5722 3004 5787 Ἀ
3046 5755 3057 5789 ε
3102 5744 3215 5805 tum
3261 5736 3476 5805 futuris
3506 5722 3677 5803 suam]

1760 5803 1849 5835 ¹⁰⁸¹
1888 5802 1951 5869 Β,
1980 5802 2261 5857 bizantiis.
2334 5804 2427 5836 ¹⁰⁸¹
2456 5803 2519 5871 Β,
2546 5803 2820 5865 Sabaltiet.
2900 5805 2992 5838 ¹⁰³³
3016 5804 3079 5871 Β,
3110 5802 3399 5875 sapuit-"ri-

586 5747 673 5789 me
694 5738 933 5791 contient

607 5804 699 5840 mo
731 5806 796 5875 Β,
819 5802 1117 5880 sepulchri,
1192 5805 1284 5838 *σεο
1316 5804 1381 5872 Β,
1413 5802 1673 5873 Kefredil.

2270 4813 2278 4818 ‘
2301 4804 2413 4872 sic;
2437 4788 2713 4860 secundus
2738 4813 2919 4858 autem
2942 4819 3038 4858 rex
3060 4802 3383 4858 Baldninus
3408 4817 3505 4872 pro
3523 4799 3597 4853 his
3613 4794 3665 4849 mi

2266 5180 2269 5183 '
2297 5169 2783 5227 lherosolimorum
2825 5184 2922 5224 rex
2954 5169 3205 5240 quintus,
3238 5182 3316 5225 ex
3346 5175 3502 5240 parte
3521 5175 3626 5219 mea

2302 1965 2533 2021 ecclesie
2562 1963 2834 2020 Dominici
2862 1964 3110 2037 Sepulcri
3129 1966 3225 1998 ¹⁶⁷⁹
3245 1965 3555 2038 eiusdemque
3572 1970 3746 2022 uncatis

2301 2068 2450 2110 nunc
2486 2054 2683 2109 ibidem
2717 2054 2830 2112 Deo
2858 2056 3226 2112 servientibus
3259 2067 3311 2112 et
3342 2057 3392 2111 in
3416 2067 3626 2127 posterum
3642 2061 3740 2113 servi.

2304 2145 2441 2201 turis
2470 2161 2816 2218 quecumque
2840 2148 2895 2201 in
2926 2156 3176 2218 tempore
3202 2158 3257 2203 et
3283 2164 3313 2203 a
3343 2156 3547 2219 tempore
3562 2150 3744 2204 ducian

2302 2236 2500 2292 defridi
2552 2238 2695 2294 iuste
2742 2254 2808 2293 ac
2858 2239 3258 2293 rationabiliter
3308 2238 3455 2305 dono,
3500 2240 3741 2299 commictae,

2302 2330 2734 2386 commutatione
2782 2331 2869 2386 vel
2915 2331 3197 2401 emptione
3251 2329 3385 2384 infra
3423 2331 3547 2401 regni
3574 2331 3747 2385 melius

2303 2437 2478 2492 usque
2514 2422 2567 2476 in
2598 2421 2924 2496 hodiernum
2957 2422 3102 2477 diem
3144 2422 3457 2493 impetravit.
3489 2421 3670 2477 Seriatin
3692 2422 3731 2490 igi

2303 2523 2392 2569 tur
2419 2529 2525 2585 que
2550 2515 2688 2569 vela
2710 2515 2911 2585 quibus
2934 2523 3221 2585 pretaxata
3244 2516 3457 2569 ecclesia
3477 2514 3602 2580 dono,
3618 2529 3750 2568 conas

2303 2604 2477 2670 sione,
2508 2604 2936 2659 commutatione
2965 2605 3079 2658 sive
3115 2604 3389 2674 emptione
3409 2605 3500 2658 huc
3536 2600 3749 2673 usqueopfr

2302 2696 2440 2761 nuit,
2473 2705 2533 2750 ut
2558 2697 2842 2766 sequentia
2885 2696 3192 2762 declarant,
3221 2710 3417 2766 ponere
3453 2696 3595 2752 libuit.
3624 2694 3753 2748 Primus

2303 2787 2487 2857 itaque
2530 2787 2640 2843 dux
2694 2785 3025 2842 Godcfridus
3062 2802 3155 2841 χχι
3189 2787 3388 2842 casalia
3410 2802 3515 2841 cum
3539 2784 3754 2855 pertinentis

2302 2880 2442 2945 suis,
2495 2879 2821 2949 subscriptis
2861 2878 3180 2953 nominibus
3226 2873 3758 2949 nuncupata,.liuquim.

2302 2967 2568 3035 Armotie,
2594 2967 2862 3033 Keil‘rcca,
2886 2966 3141 3023 Keﬂ'redil
3162 2968 3281 3036 “3°,
3302 2968 3577 3036 Bubin,que
3597 2965 3670 3017 duo
3684 2978 3754 3015 cum

2302 3058 2540 3131 quadam
2577 3059 2824 3129 gastina,
2859 3057 3249 3113 Bethchamzir
3287 3049 3765 3133 nuncupata,canouizi

2300 3153 2499 3224 prefati
2548 3151 2815 3208 militibus
2862 3150 3072 3221 Templi
3119 3168 3226 3221 pro
3254 3167 3318 3206 Cl.
3348 3142 3761 3212 bisanciis‘“',qnos

2304 3246 2589 3301 annuatim
2614 3244 2893 3299 solvebant
2924 3244 2991 3299 ad
3013 3241 3393 3298 defensionem
3417 3251 3558 3305 terre,
3583 3236 3764 3295 dedemlit

2304 3335 2504 3392 IIubim
2526 3380 2541 3398 .
2573 3335 2773 3391 Haram
2792 3379 2806 3402 ,
2838 3334 3131 3390 Kalend'rie
3147 3378 3162 3401 ,
3193 3333 3492 3404 Bentiligel,
3514 3331 3645 3387 Bim.
3662 3339 3762 3396 quc!

2302 3427 2582 3482 modernis
2610 3426 2946 3481 Mahomeria
2969 3424 3141 3479 Maior
3160 3432 3524 3496 nuncupatur,
3540 3416 3760 3479 Sabaei“

2302 3518 2654 3583 Ataraberet,
2696 3516 2918 3582 Uriuet,
2956 3516 3203 3585 Zenum,
3243 3516 3486 3581 Lemule,
3525 3512 3760 3572 Bentelamu,

2301 3610 2616 3677 Aincseins,
2664 3625 2773 3680 quc
2800 3610 2966 3664 modo
3024 3608 3330 3666 Valdecurs
3382 3608 3577 3673 dicitur,
3610 3600 3749 3687 Dauni

2300 3699 2624 3763 Bcituimcn,
2658 3700 2995 3770 Beitfoteire,
3023 3700 3347 3767 Betsurieh,
3365 3702 3418 3755 in
3447 3701 3583 3755 cuius
3602 3696 3689 3751 tet-ri

2300 3792 2525 3849 fundata
2548 3802 2633 3850 est
2652 3794 2776 3849 villa
2804 3811 2911 3865 que
2933 3794 3133 3850 dicitur
3156 3793 3344 3850 Parva
3369 3788 3664 3855 Mabomcria,

2301 3889 2399 3956 sie,
2424 3888 2491 3943 de
2516 3904 2623 3959 qua
2644 3888 2842 3960 agitur,
2864 3888 3034 3954 dedit,
3057 3897 3110 3943 et
3134 3887 3263 3944 iure
3298 3895 3547 3959 perpetuo
3566 3883 3673 3954 passi

2299 3981 2592 4035 concessit.
2629 3980 2786 4035 Dedit
2830 3981 3054 4051 insuper
3095 3981 3283 4036 eidem
3319 3979 3534 4035 ecclesie
3558 3987 3696 4029 omnes

2300 4086 2402 4126 nos
2437 4069 2757 4138 Ierusalem,
2788 4071 3029 4142 exceptis
3058 4071 3289 4126 duobus
3320 4079 3542 4133 tantum,
3565 4082 3651 4121 uno
3664 4064 3709 4115 de

2301 4165 2482 4236 spitali
2505 4174 2559 4221 ct
2592 4165 2766 4221 altero
2806 4165 2872 4221 de
2908 4163 3126 4219 Latina.
3149 4162 3224 4219 Et
3256 4164 3472 4235 primus
3492 4177 3572 4215 rex
3593 4155 3684 4211 Bait

2298 4254 2507 4327 prefate
2529 4255 2759 4312 ecclesie
2780 4255 2923 4326 apud
2950 4255 3217 4311 Sanctum
3239 4255 3509 4310 Iazarum
3530 4250 3701 4305 rillanos

2299 4346 2524 4403 familiis
2545 4348 2661 4404 suis
2680 4348 2828 4403 dedit
2854 4356 2905 4403 et
2931 4348 3176 4414 tradidit,
3200 4356 3262 4403 et
3289 4364 3349 4403 tv
3369 4345 3557 4401 casalia
3576 4353 3694 4409 super

2300 4448 2448 4495 ctum
2477 4439 2765 4506 Lazarum,
2788 4455 3023 4510 quorum
3057 4440 3294 4494 nomina
3330 4447 3459 4493 sunt
3492 4438 3579 4490 hec
3607 4452 3617 4485 :

2298 4530 2394 4597 tie,
2431 4528 2799 4597 Benehabcth,
2824 4529 3123 4601 Ragabam,
3162 4528 3386 4593 Roma;
3411 4536 3465 4582 et
3492 4527 3605 4580 item
3636 4521 3675 4573 in

2304 4622 2453 4677 torio
2467 4621 2826 4693 Neapolitano
2856 4620 3005 4676 mille
3039 4621 3265 4676 modios
3302 4621 3471 4676 tritici
3501 4612 3685 4685 singulis

2301 4713 2649 4783 accipiendos
2670 4713 2881 4784 primus
2902 4728 2998 4767 rex
3024 4711 3343 4767 Balduinus
3364 4711 3534 4766 eidem
3554 4703 3667 4760 dedit

3664 3602 3758 3845 ς,

3673 3845 3756 3998 θ’]

3687 4001 3696 4024 5

3706 4100 3709 4109 μ

3687 3998 3754 4276 j

3638 4276 3750 4481 El

3675 4481 3746 4733 si

3668 4733 3744 4824 vi]

3603 4824 3742 5025 ΞΗ

3647 5025 3693 5118 {.i

3651 5025 3740 6213 1

3647 5355 3679 5396 ἒ

3647 5625 3674 5705 ’u

3661 5722 3677 5791 ι

2299 4897 2406 4953 diis
2435 4899 2489 4952 in
2516 4897 2790 4952 territorio
2824 4895 3185 4967 Neapolitano
3229 4896 3447 4961 casaie,
3477 4890 3658 4947 nomine

2301 4989 2534 5055 melech,
2576 4986 2744 5044 dedit.
2775 4986 2893 5055 Que
2931 4989 3138 5055 omnia,
3193 4997 3265 5044 ut
3310 4987 3562 5058 superius

2300 5088 2452 5148 sunt,
2493 5080 2722 5134 ecclesie
2773 5077 2963 5133 Sancti
3008 5077 3269 5149 Sepulcri
3286 5079 3389 5112 ³⁸³³
3436 5090 3534 5147 ego
3575 5066 3693 5125 Annal

2296 5270 2352 5317 et
2407 5260 2758 5331 perhenniter
2824 5260 3073 5314 habenda
3120 5259 3398 5315 decerno.
3447 5257 3552 5310 Pro
3583 5265 3662 5306 con

2299 5348 2485 5408 Sancti
2509 5350 2704 5407 Lazari
2727 5350 2784 5406 in
2803 5349 3065 5406 Bethania
3090 5359 3144 5406 et
3166 5352 3556 5423 predictorum
3574 5360 3615 5399 iv
3632 5355 3679 5396 ca

2449 5452 2467 5497 \
