3832 6314
539 372 677 429 ίίὶῦθ

535 483 728 558 incipit
761 476 944 540 autem
970 500 1035 539 ex
1073 482 1240 538 altera
1275 486 1428 551 parte
1473 466 1672 533 divisio
1713 484 1856 531 terre
1888 461 2053 529 huius
2088 487 2118 528 a
2150 472 2197 537 Α

1147 368 1238 423 ΑΙ)
1274 362 1723 425 ceperamus
1762 358 2052 418 APPEND.
2094 356 2157 414 ιι.
2196 389 2266 399 -
2302 355 2572 415 ΜοΝυΜ.
2614 353 2701 411 ns
2738 353 2961 412 anno
3000 353 3249 412 saeuo.
3603 326 3681 430 im

2916 465 3124 524 CLVII.

534 578 645 645 via,
677 593 785 649 que
822 564 973 633 venit
1001 576 1068 632 de
1093 573 1341 629 Braicaet
1362 585 1555 626 versus
1576 569 1757 625 casale
1797 566 1985 622 Sancti
2024 565 2124 622 Se-
2226 578 2583 649 PRIVILEGIUIi
2601 576 2739 649 quon
2762 573 3431 649 parntancrrsaoirosstr
3451 577 3606 649 ricam
3630 588 3686 630 ιι.

533 668 739 741 pulcri,
761 676 816 724 et
836 669 982 724 vadit
1007 680 1199 722 versus
1219 664 1482 719 orientem
1512 675 1610 731 per
1634 675 1878 725 caveam,
1912 673 2019 730 que
2040 666 2125 713 est

536 762 681 819 inter
721 762 864 819 duos
911 766 1145 824 montes,
1174 773 1269 828 per
1308 744 1602 811 torrentem
1651 753 1923 820 videlicet,
1948 751 2042 822 qui
2066 751 2123 804 in

538 873 694 930 yeme
716 856 856 923 ﬁuit,
881 866 1169 926 quousque
1193 850 1409 905 venitur
1434 849 1500 903 ad
1523 862 1751 918 parvum
1781 853 2021 900 montem
2054 843 2125 899 si—

536 958 654 1005 tum
680 950 821 1004 inter
840 946 1079 1019 predicta
1096 950 1354 999 montana
1382 950 1435 996 et
1455 947 1717 995 montana
1739 938 1806 994 de
1828 936 2120 1007 Broiquet;

536 1050 592 1098 ct
622 1043 703 1098 sic
726 1041 795 1096 ab
823 1040 977 1096 alveo
1002 1036 1260 1093 torrentis
1282 1050 1476 1089 versus
1498 1048 1726 1104 parvum
1761 1039 2002 1085 montem
2030 1043 2125 1084 su-

532 1134 839 1204 pradictum
868 1139 923 1187 et
948 1146 1044 1202 per
1073 1128 1402 1200 crepidinem
1445 1126 1593 1182 illius
1635 1124 1786 1196 parvi
1813 1122 2035 1187 montis,
2066 1129 2126 1176 ut

536 1240 729 1280 cruces
756 1223 1065 1298 designant,
1091 1222 1240 1278 vadit
1284 1220 1595 1292 supradicta
1633 1216 1828 1274 divisio
1853 1230 2028 1286 usque
2055 1214 2123 1270 ad

532 1330 762 1385 parvum
797 1314 1180 1377 monticulum,
1213 1311 1307 1384 qui
1338 1311 1519 1367 Calcis
1543 1309 1762 1364 Fornax
1789 1306 2121 1380 appellatur;

530 1418 587 1463 et
614 1408 811 1467 exinde
835 1423 1031 1463 versus
1048 1405 1329 1462 meridiem
1363 1417 1539 1474 usque
1559 1400 1628 1456 ad
1655 1399 1824 1456 alium
1861 1398 2126 1452 monticu-

532 1497 649 1553 lum
698 1513 809 1553 non
862 1496 1025 1569 longe
1064 1496 1214 1565 hinc,
1262 1494 1356 1549 ubi
1405 1490 1666 1563 antiquus
1717 1487 1883 1545 calcis
1926 1486 2122 1542 fornax

530 1588 656 1659 fuit,
687 1589 884 1645 divisio
930 1589 1034 1643 ista
1080 1586 1428 1659 protenditur
1461 1602 1475 1652 ;
1515 1591 1571 1639 et
1618 1582 1697 1639 sic
1716 1596 1813 1653 per
1854 1579 2120 1635 devexum

532 1681 741 1736 montis
770 1687 917 1735 recta
943 1679 1085 1733 linea
1110 1693 1306 1733 versus
1330 1675 1544 1747 spinam
1581 1673 1633 1727 in
1676 1670 1903 1743 planitie
1933 1668 2119 1736 sitam,

530 1788 641 1843 que
665 1781 867 1827 terram
894 1771 1093 1826 casalis
1124 1768 1395 1825 Dominici
1444 1762 1691 1837 Sepulcri
1723 1763 1911 1819 Faisse
1937 1770 1991 1819 et
2022 1760 2123 1817 Sa-

528 1864 707 1919 barim
731 1862 1025 1935 Hospitalis
1057 1862 1269 1928 dividit,
1312 1861 1653 1917 terminatur.
1706 1856 1938 1928 Insuper
1978 1852 2109 1910 divi-

530 1955 765 2023 sionem,
813 1971 978 2027 quam
1012 1954 1280 2026 pretaxati
1337 1951 1589 2009 canonici
1641 1948 1828 2005 Sancti
1875 1948 2122 2020 Sepulcri

528 2062 656 2105 cum
682 2048 915 2121 Georgio
941 2056 994 2104 et
1015 2048 1127 2104 lilio
1148 2048 1268 2104 eius
1295 2046 1562 2103 Balduino
1588 2045 1855 2111 fecerunt,
1880 2042 2125 2099 concedo

506 2140 588 2194 'et
614 2138 902 2195 conﬁrmo.
947 2136 1201 2194 Preterca
1243 2136 1448 2194 donum
1493 2153 1580 2192 avi
1629 2136 1737 2192 mei
1761 2134 2042 2192 Eustachii
2070 2142 2126 2188 et

528 2230 704 2302 patris
728 2229 835 2286 mei
884 2229 1131 2297 Galterii,
1181 2230 1327 2302 quod
1379 2229 1638 2302 predictis
1671 2227 1956 2286 canonicis
1983 2226 2124 2284 fece-

526 2330 678 2391 runt,
707 2331 763 2378 et
799 2322 1122 2389 divisiones,
1173 2339 1312 2394 quas
1342 2322 1445 2393 ipsi
1491 2322 1956 2395 consiguaverunt
1989 2335 2124 2377 con-

528 2414 692 2471 ﬁrmo
720 2424 775 2472 et
804 2431 891 2471 me
914 2414 1267 2472 defensurum
1294 2415 1574 2486 promitto.
1598 2414 1829 2487 Insuper
1853 2414 2123 2470 adicimus

530 2506 599 2563 ad
628 2506 733 2564 hoc
772 2508 915 2564 hanc
963 2509 1268 2564 libertatem
1330 2508 1612 2565 canonicis
1649 2507 1882 2565 ecclesie
1933 2506 2121 2564 Sancti

530 2598 801 2671 Sepulcri,
833 2601 978 2671 quod
1012 2600 1117 2671 ipsi
1147 2600 1202 2655 in
1233 2608 1347 2657 tota
1373 2609 1519 2656 terra
1571 2616 1713 2667 mea,
1753 2609 1863 2656 tam
1898 2600 1952 2655 in
1985 2586 2122 2656 civi?

525 2700 643 2750 tate
668 2692 900 2750 Cesarea
931 2706 1097 2765 quam
1129 2702 1308 2763 extra,
1355 2695 1590 2750 vendere
1620 2694 1703 2750 vel
1746 2709 1948 2761 emere,
1985 2708 2124 2764 pon—

529 2783 722 2840 derare
750 2784 836 2839 vel
882 2793 1293 2841 mensurare‘et
1323 2785 1613 2856 deportare
1642 2795 1754 2841 tam
1786 2785 1922 2840 mari
1956 2799 2120 2856 quam

531 2881 679 2930 terra
708 2875 877 2930 libere
926 2885 981 2931 et
1013 2875 1195 2946 quiete
1232 2876 1300 2930 ab
1323 2876 1473 2931 omni
1503 2876 1716 2932 usatico
1757 2884 1810 2931 et
1836 2876 2124 2931 exactione

531 2968 771 3039 possint.
800 2966 909 3038 Ipsi
940 2983 1067 3023 vero
1116 2968 1365 3024 canonici
1412 2984 1510 3039 pro
1546 2968 1754 3039 prefate
1785 2976 1926 3023 terre
1947 2967 2121 3022 dona-

527 3060 681 3116 tione
710 3069 765 3116 et
788 3060 1119 3117 divisionum
1152 3061 1571 3116 conﬁrmatione
1618 3070 1673 3116 et
1696 3061 1938 3132 predicta
1961 3060 2124 3116 liber-

2526 648 2767 699 NONICOS,
2795 646 2900 687 NISI
2937 645 3261 685 VOLUNTATE
3285 646 3491 687 PRIOBIS.

2456 726 2623 797 (Vide
2648 728 2705 781 in
2728 724 3034 781 Alexandro
3062 720 3165 776 111
3187 723 3257 777 ad
3284 740 3369 777 an.
3396 724 3551 798 1181.)

2899 816 3126 873 CLVIII.

2225 926 2569 970 ριιγιιεοιωι
2625 926 2764 977 quon
2816 923 3151 966 unaunam
3203 898 3327 963 non”
3350 922 3530 963 nmen
3562 927 3688 974 llum

2294 1001 2399 1041 NISI
2448 1000 2691 1040 TERTIA.
2734 997 2950 1039 PARTE)!
3001 995 3138 1035 CERE

3196 993 3434 1034 schesn:
3484 996 3621 1040 smn
3636 1004 3691 1043 ss.

2297 1071 2511 1111 PULCRI.
3692 1079 3703 1092 -

2754 1125 2773 1194 (
2790 1122 2922 1179 Vide
2954 1121 3045 1178 ubi
3074 1120 3286 1193 supra.)

2936 1213 3121 1271 CLIX.

2225 1328 2291 1367 DE
2321 1325 2554 1377 υεοιιιιε,
2581 1324 2716 1376 quas
2756 1321 3085 1367 IIOSPITALES
3128 1320 3407 1361 reserva-ua
3434 1321 3619 1363 BEDMIE
3638 1325 3695 1365 tc-

2671 1395 2854 1436 CLESIE
2878 1394 3067 1435 SANCTI
3092 1392 3364 1431 SEPULCRI.

2501 1473 2665 1546 (Vide
2694 1474 2749 1527 in
2780 1469 3087 1526 Alexandro
3110 1464 3212 1522 III
3241 1462 3331 1522 ubi
3349 1468 3532 1539 supra.)

2879 1562 3020 1619 CLX.
3050 1561 3166 1616 ¹¹⁵¹.

2285 1674 2630 1715 ιιιιινιιεοιωι
2651 1674 2719 1713 DE
2742 1670 3014 1722 εεειεειλ,
3045 1669 3148 1718 ουε
3180 1668 3281 1708 EST
3311 1667 3437 1707 AI‘UD
3455 1667 3665 1709 NEAPOLII.

2301 1771 2357 1828 In
2390 1771 2611 1829 nomine
2657 1779 2847 1827 sancte
2887 1779 2942 1825 et
2995 1766 3275 1824 individue
3306 1764 3559 1822 Trinitatis
3588 1765 3707 1826 Patris

2229 1876 2284 1922 et
2305 1865 2428 1921 Filii
2455 1874 2509 1921 et
2541 1863 2780 1936 Spiritus
2806 1862 3015 1928 Sancti,
3047 1875 3230 1916 amen.

2300 1956 2682 2033 A[malricus],
2740 1956 2836 2012 Dei
2887 1956 3064 2028 gratia
3111 1952 3312 2009 Sancte
3374 1949 3712 2007 Rcsurrectionis

2225 2050 2431 2107 Christi
2453 2050 2783 2123 patriarcha,
2821 2047 3056 2121 P[etro],
3093 2045 3341 2102 eiusdem
3369 2043 3567 2100 ecclesie
3582 2044 3711 2114 priori,

2224 2150 2279 2197 et
2314 2139 2591 2201 universis
2619 2139 2929 2205 canonicis,
2952 2146 3063 2194 tam
3089 2135 3432 2207 presentibus
3448 2149 3587 2205 quam
3614 2132 3717 2188 huu-

2225 2232 2323 2301 ris,
2371 2233 2427 2289 in
2459 2240 2805 2303 perpetuum.
2839 2228 3113 2298 Quoniam
3151 2232 3490 2283 sacrosancta
3517 2222 3717 2279 Demades

2226 2322 2664 2381 Resurrectionis
2684 2321 2913 2378 ecclesia
2942 2319 3182 2391 quadam
3225 2314 3721 2389 specialiprerogativt

2227 2414 2537 2471 sanctitatis
2582 2412 2780 2468 merito
2804 2411 2873 2468 ab
2901 2410 3054 2467 omni
3079 2409 3285 2481 popqu
3310 2406 3591 2463 Christiano
3609 2407 3722 2460 devc-

2228 2508 2438 2565 tissime
2468 2515 2784 2571 veneratur,
2806 2513 2860 2562 et
2879 2504 2968 2575 pio
2992 2503 3194 2558 intuitu
3235 2501 3465 2556 humane
3503 2499 3726 2569 reparata:~

2225 2603 2314 2657 nis
2341 2601 2410 2656 ab
2438 2599 2711 2657 universis
2737 2598 2909 2655 Deum
2942 2594 3252 2653 colentibus
3280 2591 3405 2648 fons
3431 2601 3480 2646 et
3503 2590 3628 2661 origo
3645 2589 3727 2643 uni.

2223 2693 2453 2750 versalis
2481 2693 2713 2749 ecclesie
2752 2689 3021 2747 veraciter
3048 2686 3391 2759 .predicatur,
3429 2682 3639 2759 ηοξ,ςηὶ
3667 2697 3729 2736 su-

2224 2786 2469 2857 pradiete
2504 2785 2754 2851 ecclesie,
2789 2782 2901 2839 Deo
2942 2789 3240 2846 annuente,
3292 2777 3619 2849 presidcmus,
3647 2788 3734 2829 eam

2224 2878 2553 2950 propensius
2576 2878 2848 2933 honorare
2872 2875 3004 2931 etin
3033 2871 3455 2944 ampliﬁcatione
3477 2884 3631 2925 rerum
3644 2882 3735 2923 sua-

2225 2986 2350 3027 rum
2396 2969 2675 3027 voluimus
2724 2968 3028 3025 studiosius
3071 2965 3353 3021 insudare.
3402 2962 3575 3019 Dilecti
3611 2963 3743 3031 itaque

2186 3096 2193 3103 ο
2226 3063 2402 3120 nostri
2441 3062 2538 3118 ﬁlii
2580 3061 2863 3129 Amalrici,
2916 3059 3148 3116 illustris
3180 3057 3600 3113 leresolimarum
3623 3053 3744 3123 regis,

530 3160 643 3234 tate
664 3153 1095 3226 quadringentos
1116 3154 1394 3210 bisancios
1416 3153 1581 3211 michi
1609 3154 1893 3209 caritative
1919 3154 2126 3225 impen-
2152 3174 2200 3238 α
2229 3155 2484 3227 precibus
2507 3154 2774 3222 inclinati,
2801 3154 3110 3224 vestrisque
3151 3151 3319 3206 iustis
3354 3160 3407 3207 et
3451 3148 3555 3205 Deo
3589 3144 3749 3218 placitis

530 3226 689 3300 dunt.
722 3243 973 3302 Preterea
1009 3245 1115 3301 hoc
1164 3245 1385 3311 retinui,
1434 3253 1513 3312 ut,
1542 3245 1591 3301 si
1628 3245 1821 3318 aliquo
1876 3254 2122 3317 tempore

530 3337 819 3410 antiquum
862 3338 1196 3394 conductum
1245 3337 1474 3409 predicti
1532 3336 1700 3394 fontis
1744 3339 1968 3394 reﬁcere
2019 3354 2123 3407 vo-

529 3429 684 3487 luero
707 3439 763 3487 et
791 3432 967 3503 ipsum
997 3430 1202 3487 fontem
1234 3431 1302 3487 ad
1328 3433 1511 3487 casale
1556 3430 1889 3487 Bubalorum
1923 3433 2125 3489 ducere

530 3523 601 3578 ad
622 3524 957 3581 canamellas
983 3523 1274 3591 fatiendas,
1302 3524 1511 3595 absque
1542 3523 1971 3581 contradictione
1996 3541 2123 3597 prc-

526 3613 800 3671 dictorum
828 3615 1221 3671 canonicorum
1270 3614 1438 3670 michi
1486 3615 1649 3673 liceat
1678 3635 1691 3683 ;
1718 3618 1792 3671 ita
1842 3625 2028 3673 tamen
2065 3624 2128 3672 ut

529 3705 600 3762 de
629 3722 737 3762 una
786 3723 1003 3764 macera
1053 3706 1285 3779 singulis
1333 3709 1493 3764 annis
1536 3709 1823 3765 dimidium
1857 3709 2123 3781 quintale,

528 3804 605 3863 et,
629 3795 677 3851 si
723 3796 980 3868 amplius,
1034 3795 1241 3867 prefate
1282 3797 1511 3854 ecclesie
1563 3798 1837 3870 integrum
1880 3798 2127 3870 quintale

528 3893 859 3960 persolvant.
894 3888 962 3945 Ut
987 3890 1089 3946 hec
1111 3889 1275 3962 igitur
1302 3891 1511 3960 omnia,
1540 3908 1646 3962 que
1692 3892 2123 3964 prcnotavimus,

528 3995 599 4038 eo
629 3983 840 4057 ordine,
889 3998 1002 4055 quo
1046 3984 1456 4056 proposuimus,
1501 3984 1658 4041 ﬁrma
1696 3995 1750 4041 et
1799 3986 2125 4042 inconcussa

529 4084 905 4145 permaneant,
936 4077 1280 4147 appositione
1301 4078 1465 4149 sigilli
1494 4078 1601 4133 mei
1624 4078 1942 4133 corroboro.

602 4166 771 4224 Facta
796 4178 881 4224 est
909 4169 1011 4226 hec
1040 4178 1188 4226 carta
1213 4186 1360 4227 anno
1390 4171 1459 4227 ab
1493 4171 1874 4227 incarnatione
1906 4170 2125 4226 Domini

532 4272 751 4326 Icuvt,
782 4259 1079 4317 indictione
1100 4277 1190 4316 xv.

606 4347 782 4407 Huius
813 4351 889 4407 rei
913 4360 1077 4409 testes
1114 4352 1407 4418 habentur,
1453 4366 1691 4422 quorum
1743 4354 1964 4410 nomina
1997 4354 2128 4409 sub—

532 4440 739 4512 scripta
770 4441 1023 4498 videntur
1050 4461 1063 4497 :

2227 3248 2694 3321 postulationibus
2743 3245 3140 3304 nichilominus
3188 3251 3530 3308 annuentes,
3578 3251 3749 3294 asseras

2228 3345 2435 3416 pariter
2479 3351 2534 3399 et
2561 3341 2795 3399 consilio
2829 3338 3161 3396 venerabilis
3206 3336 3396 3392 fratris
3436 3334 3600 3389 nostri
3622 3329 3755 3399 [Iugo-

2228 3438 2336 3502 nis,
2374 3435 2585 3506 Templi
2615 3434 2834 3491 Domini
2859 3432 3101 3499 abbatis,
3125 3429 3487 3487 concedimus
3526 3422 3756 3490 titillare

2228 3529 2399 3600 prior,
2451 3538 2505 3583 et
2563 3525 2981 3583 successoribus
3018 3524 3131 3579 tuis
3179 3536 3401 3578 necnon
3449 3528 3505 3575 et
3544 3513 3762 3573 canonicis

2231 3620 2419 3677 Sancti
2464 3619 2735 3691 Sepulcri,
2765 3629 2875 3675 tam
2903 3616 3257 3689 presentibus
3298 3629 3468 3686 quam
3511 3625 3677 3667 eorum
3698 3621 3762 3679 pe-

2229 3714 2388 3770 steris
2427 3713 2695 3769 canonice
2751 3708 3232 3783 substit[u]endis,
3285 3706 3605 3771 ecclesiam,
3648 3715 3768 3773 quam

2229 3806 2374 3877 apud
2402 3805 2698 3878 Neapolym
2725 3805 2780 3860 in
2822 3814 2988 3870 terra,
3014 3818 3178 3875 quam
3204 3801 3462 3873 prefatus
3486 3814 3576 3855 rex
3612 3797 3668 3851 ad
3698 3795 3771 3848 hac

2230 3896 2441 3953 scilicet
2470 3897 2626 3953 vobis
2665 3896 2909 3959 dederat,
2957 3894 3254 3961 fundastis,
3306 3910 3441 3949 cum
3482 3890 3625 3947 omni
3646 3886 3775 3946 pleni.

2227 3989 2418 4047 tudine
2443 3990 2583 4045 iuris
2608 3988 2992 4061 parrochialis,
3025 3997 3078 4043 et
3108 3986 3477 4058 patriarcbali
3516 3980 3776 4039 auctoritate

2229 4084 2392 4140 nobis
2434 4098 2465 4138 a
2515 4082 2626 4138 Deo
2648 4096 2910 4138 concessa
2942 4081 3047 4136 hoc
3072 4078 3517 4142 conﬁrmamus;
3543 4081 3782 4131 statuaries

2231 4184 2291 4230 ut
2331 4216 2347 4243 ,
2373 4175 2504 4246 quia
2534 4173 2767 4230 ecclesia
2812 4172 2903 4227 illa
2943 4173 3011 4227 ad
3043 4171 3263 4227 titulum
3300 4169 3598 4225 Dominice
3619 4163 3784 4219 Passio-

2229 4268 2316 4323 nis
2340 4268 2696 4338 eiusdemque
2742 4264 3186 4322 Ilesurrcctionis
3231 4262 3483 4318 fundata
3517 4257 3803 4338 dinoscitur.}

2228 4358 2530 4431 plenariam
2571 4358 2770 4414 habeat
2807 4365 3133 4429 potestatem
3172 4355 3495 4426 baptisare,
3524 4349 3745 4407 mulieres
3767 4357 3789 4395 ι

2230 4460 2391 4522 partu
2424 4449 2535 4506 Deo
2564 4458 2619 4505 et
2662 4448 2897 4505 ecclesie
2933 4447 3319 4513 reconciliare,
3369 4445 3629 4501 inﬁrmos
3652 4434 3795 4512 perci-

678 4532 988 4597 Rainerius.
1016 4534 1312 4605 episcopus
1347 4531 1712 4589 Sebastensis.
1748 4532 1815 4589 Et
1838 4534 2129 4603 Radull‘us,
2161 4536 2208 4595 D
2234 4543 2455 4598 vitatem
2493 4542 2824 4598 ahsolvendo
2875 4540 3323 4605 communicare,
3385 4545 3642 4593 mortuos
3685 4543 3793 4598 sert-

750 4626 1079 4699 prepositus.
1110 4624 1364 4692 Ioannes,
1412 4634 1605 4680 cantor
1647 4624 1986 4684 Cesarensis.
2021 4628 2126 4701 Sy-

747 4734 899 4786 mon,
929 4717 1250 4773 canonicus.
1301 4714 1586 4783 Amulius,
1630 4719 1905 4790 subprior.
1932 4719 2128 4779 Petrus

752 4809 1119 4866 Lombardus.
1173 4807 1365 4863 Frater
1420 4808 1614 4865 Adam.
1662 4810 1855 4867 Frater
1910 4811 2124 4870 Vitalis.

751 4900 952 4958 Petrus
980 4900 1049 4956 de
1085 4899 1443 4956 Mahumeria.
1472 4900 1668 4959 Petrus
1699 4902 1887 4971 Costa,
1912 4905 2128 4962 viceco-

748 5007 887 5048 mes.
916 4990 1264 5062 Engilbertus
1310 4991 1378 5048 de
1423 4992 1572 5050 Aria.
1617 4994 1849 5052 Carolus
1884 4995 2127 5054 Hameli-

748 5095 873 5141 aus.
899 5082 1208 5140 Rodbertus
1231 5083 1300 5140 de
1330 5084 1544 5143 Cassia.
1581 5086 1868 5160 Georgius.
1903 5088 2127 5147 Baldui-

751 5189 879 5243 nus,
906 5174 1053 5233 illius
1080 5176 1220 5233 eius.

609 5266 670 5324 Si
694 5282 826 5324 vero
849 5269 1018 5325 alium
1073 5270 1405 5328 conductum
1448 5272 1584 5330 mihi
1635 5274 1851 5331 libuerit
1872 5274 2129 5333 facereet

534 5358 651 5417 alio
696 5360 861 5416 modo
908 5360 1116 5418 fontem
1173 5364 1241 5420 ad
1290 5366 1591 5436 predictum
1639 5368 1823 5425 casale
1870 5369 2125 5438 educere,

542 5452 711 5510 michi
735 5469 843 5511 non
873 5455 1303 5513 contradicatur.

1233 5549 1413 5615 CL“.

716 5650 1057 5691 rmvrcactuu
1096 5631 1349 5691 accessu:
1388 5653 1627 5695 oonmcr
1665 5655 1942 5699 εειιυιειι.

773 5727 934 5797 (Vide
959 5728 1017 5782 in
1038 5726 1348 5782 Alexandro
1387 5728 1487 5783 111
1508 5732 1579 5786 ad
1597 5749 1685 5788 an.
1717 5732 1901 5792 ΗΜΛ

610 5837 703 5882 ⁸³⁸⁸
741 5844 808 5905 Α.
839 5844 879 5901 l"
904 5845 1026 5916 156,
1055 5857 1137 5916 r°;
1167 5860 1403 5919 manque
1427 5844 1564 5902 dans
1588 5844 1650 5902 B.

2232 4632 2354 4699 lire,
2380 4642 2435 4688 et
2455 4632 2701 4687 omnium
2735 4647 2800 4686 ex
2834 4630 3073 4700 propriis
3101 4629 3378 4699 expensis
3408 4628 3661 4682 laborum
3696 4618 3795 4675 deti-

2233 4725 2504 4781 mationes
2541 4740 2667 4780 cum
2712 4724 2862 4780 omni
2907 4721 3215 4794 integritate
3246 4721 3472 4777 usibus
3503 4716 3691 4775 vestris
3716 4710 3797 4766 ὼε

2233 4816 2387 4872 omni
2409 4817 2725 4888 calumpnia
2756 4814 2810 4871 in
2842 4824 3167 4887 perpetuum
3192 4816 3485 4869 retinere.
3508 4811 3568 4868 Si
3590 4825 3687 4882 qua
3705 4818 3797 4860 γεω

2231 4908 2605 4966 ecclesiastica
2650 4909 2985 4965 secularisve
3020 4920 3260 4978 persona
3313 4906 3437 4962 hoc
3491 4900 3797 4977 privilegium.

2232 5012 2425 5058 contra
2462 5002 2596 5057 illud
2632 5009 2837 5057 temere
2856 5000 3148 5065 veniendo,
3182 4998 3418 5055 violare
3441 4990 3799 5071 presumtrsﬁii.

2232 5111 2264 5151 a
2290 5110 2520 5167 corpore
2551 5110 2616 5151 ac
2644 5093 2917 5166 sanguine
2944 5092 3162 5149 Domini
3186 5095 3407 5150 nostri
3458 5092 3619 5148 Ibcsn
3648 5082 3795 5143 Christi

2231 5186 2408 5243 aliena
2433 5186 2655 5255 existat,
2690 5193 2750 5242 et
2773 5186 2849 5241 illi
2881 5200 3040 5257 pene,
3068 5198 3238 5256 quam
3285 5183 3583 5250 Dominus
3607 5179 3793 5239 omniin

2232 5277 2537 5335 maledictis
2583 5278 2847 5343 minatur,
2900 5275 3007 5331 nisi
3061 5274 3405 5345 resipuerit,
3450 5286 3511 5331 et
3560 5275 3626 5329 ad
3668 5282 3792 5326 em

2230 5372 2507 5428 (lationem
2569 5370 2784 5426 venerit
2813 5412 2829 5437 ,
2901 5367 3261 5440 perheuniter
3335 5369 3654 5434 subiaceat;
3710 5376 3790 5418 cus-

2238 5466 2343 5523 ctis
2409 5472 2590 5521 autem
2644 5463 2779 5520 illud
2829 5460 3174 5519 servantibus
3234 5462 3323 5517 sit
3386 5479 3500 5534 pax
3561 5469 3611 5516 et
3645 5452 3784 5513 missa

2236 5557 2424 5615 cordia
2453 5574 2485 5614 a
2514 5556 2750 5614 Domino
2792 5553 2955 5612 Ihesu
3001 5553 3231 5609 Christo
3265 5553 3332 5610 in
3380 5556 3498 5614 hoc
3517 5552 3686 5615 seculo
3709 5544 3782 5606 eti

2236 5648 2423 5706 futuro
3127 5682 3132 5686 -

2309 5739 2382 5798 Ut
2408 5749 2591 5800 autem
2635 5743 2742 5800 hoc
2791 5728 3138 5814 privilegium
3190 5749 3477 5799 nostrum
3528 5729 3777 5806 ﬁrmum!
