3832 6314
139 413 229 477 mg
742 394 747 395 ί
1041 398 1491 458 CAR'I‘ULAIRE
1531 398 1621 455 DU
1663 395 1864 453 SAINT
1905 396 2287 457 SEPULCRE.
3156 406 3303 467 ηις

134 533 241 594 tum,
261 518 416 580 stabile
444 522 495 571 et
527 513 915 571 inconvulsum
946 523 1281 585 permaneat,
1308 514 1514 585 placuit
1541 513 1611 568 il-
1640 520 1685 577 Α
1715 511 1823 568 nisi
1871 512 2177 582 resipuerit,
2212 522 2267 567 et
2300 513 2367 566 ad
2410 514 2843 571 emendationem
2885 520 3115 587 venerit,
3168 538 3301 592 per-

130 623 193 681 lud
210 601 396 690 plumbei
431 605 589 677 sigilli
641 605 818 662 nostri
858 605 1213 676 impressione
1246 606 1611 673 communire,
1710 602 1963 659 benniter
1986 603 2311 671 subiaceat;
2330 604 2546 661 cunctis
2577 615 2757 661 autem
2791 607 2921 663 illud
2952 613 3300 673 servantibus

130 720 167 767 ει
196 699 559 769 subscriptam!!!
600 695 825 752 testium
848 696 1098 752 veredico
1141 696 1455 754 testimonio
1478 713 1612 753 con-
1708 694 1784 750 sit
1807 708 1911 765 pax
1948 703 2005 750 et
2024 694 2402 751 misericordia
2433 711 2465 751 a
2500 696 2732 753 Domino
2774 697 2934 755 lhesu
2973 702 3196 759 Christo
3239 705 3297 761 in

126 803 301 859 ﬁrmate,
322 790 485 847 Testes
512 801 647 843 vero
680 785 844 843 huius
866 786 944 842 rei
974 796 1144 843 sunt:
1708 788 1815 844 hoc
1874 788 2059 844 seculo
2110 795 2167 843 et
2226 787 2281 843 in
2336 786 2540 844 futuro.
2580 787 2653 845 Ut
2698 799 2880 846 autem
2933 792 3037 849 hoc
3073 796 3300 864 priviles

222 882 439 941 Dominus
496 877 730 935 illustris
792 891 887 935 rex
934 878 1261 937 Amalricus.
1321 880 1608 947 Badulfus,
1707 877 1857 945 gium
1907 887 2161 963 nostrum
2221 879 2462 948 ﬁrmum,
2519 882 2710 948 ﬁxum,
2761 884 2955 939 stabile
2998 893 3055 940 et
3100 886 3298 943 incon-

270 969 614 1039 Bethleemita,
640 969 1605 1041 Rainerius,Liddensis,Rainerius,
1705 965 1929 1022 “Illum
1989 978 2328 1040 permaneat,
2395 972 2599 1042 placuit
2649 973 2784 1029 illud
2841 974 3082 1045 plumbei
3133 976 3299 1048 sigilli

275 1062 604 1132 Sehstensis,
635 1063 896 1137 episcopi.
934 1064 1223 1134 Rodull'us,
1251 1066 1403 1136 prior
1439 1063 1608 1121 Seba.
1707 1054 2073 1128 impressione
2101 1061 2317 1118 munire
2349 1072 2406 1118 et
2451 1065 2885 1137 subscriptorum
2935 1069 3155 1125 testium
3198 1085 3297 1126 ve-

272 1158 458 1218 stensis.
514 1155 840 1214 Hamericus
865 1200 880 1225 ,
931 1158 1086 1230 prior
1137 1157 1337 1215 Montis
1385 1157 1602 1217 Oliveti.
1705 1149 1880 1207 ι’ῖάίοο
1961 1151 2277 1209 “alimonio
2330 1155 2673 1214 conﬁrmare.
2737 1157 2915 1215 Huius
2980 1161 3059 1217 rei
3127 1164 3305 1219 testes

270 1249 536 1317 Guilricus,
572 1250 815 1309 decanus
861 1248 1137 1322 Neapolis.
1189 1248 1477 1321 Bodull‘us,
1517 1269 1607 1310 ar-
1706 1249 1873 1298 sunt:

268 1342 613 1401 cbidiaeonus.
661 1342 973 1399 Amalricus
998 1385 1014 1411 ,
1060 1345 1441 1402 cancellarius.
1486 1344 1595 1402 Ma-

1849 1332 2139 1403 Radull‘us,
2190 1336 2576 1407 Bethleemita;
2628 1338 2941 1411 Rainerius,
2974 1342 3292 1412 Liddensis;

262 1436 406 1509 gistcr
432 1432 703 1493 Eraelius.
735 1434 1007 1492 Robertus
1027 1436 1095 1492 de
1114 1435 1429 1493 Pinchinec.
1459 1437 1595 1494 Gau-

1920 1426 2231 1495 Rainerius,
2284 1430 2651 1500 Sehastensis,
2702 1436 2964 1508 episcopi.
3003 1435 3293 1504 Radull‘us,

260 1525 410 1581 {fidus
454 1523 815 1582 Turonensis.
878 1526 1196 1583 Balduimus
1222 1570 1237 1594 ,
1302 1529 1603 1586 vicecomes
1927 1520 2081 1591 prior
2104 1518 2473 1578 Sebastensis.
2526 1522 2889 1596 ﬂaimerieus,
2934 1529 3135 1585 Montis
3181 1527 3298 1584 Oli-

256 1616 514 1689 Neapolys.
546 1616 804 1688 Magister
826 1616 1156 1688 Stephanus.

150 1710 253 1766 Data
287 1709 587 1776 Ierusalem,
633 1725 782 1766 anno
836 1711 904 1765 ah
950 1711 1326 1768 incarnatione
1382 1711 1600 1769 Domini

100 1816 296 1866 ωηιι,
318 1815 346 1855 a
379 1798 630 1870 captione
654 1798 947 1856 Ierusalem
980 1816 1128 1855 ωαχ.

655 1889 819 1947 CLXI
854 1893 966 1947 ¹¹⁸¹.

94 1997 365 2040 »ιεαῑιεειλ
395 1996 585 2039 “NCT!
628 1999 896 2050 Μειιοιλι,
929 2001 1029 2049 QUB
1067 2000 1167 2043 EST
1210 2001 1384 2041 ελτιη
1426 1996 1602 2042 111103

700 2071 904 2111 IOPPISN.

136 2145 178 2200 ln
198 2145 386 2202 nomine
410 2155 600 2203 sancte
623 2155 679 2202 et
716 2147 993 2204 individue
1023 2147 1307 2207 Trinitatis
1341 2148 1521 2208 Patris
1547 2159 1607 2209 et

89 2238 175 2294 Filii
191 2249 235 2295 et
253 2237 469 2309 Spiritus
493 2239 708 2307 Sancti,
737 2257 920 2299 amen.

1632 1871 1679 1929 Β

1916 1612 2028 1669 veli
2063 1612 2234 1684 prior.
2272 1611 2560 1680 Radult‘us,
2591 1618 3029 1676 archidiaconus.
3054 1620 3295 1677 Amalri-

1918 1717 2045 1771 cus,
2092 1705 2474 1762 macellarios.
2522 1706 2779 1779 Magister
2816 1709 3082 1767 Eraclius.
3110 1710 3295 1783 ’Hugo

1918 1795 1988 1853 de
2011 1794 2369 1854 Hierusalem.
2409 1797 2683 1856 Robertus
2710 1799 2777 1857 de
2806 1800 3120 1859 Pinchinec.
3148 1803 3298 1859 Gau-

1914 1886 2094 1945 fridus
2124 1889 2489 1948 Turonensis.

1779 1979 1918 2038 Data
1965 1981 2283 2051 Ierusalem,
2348 2000 2494 2040 anno
2537 1985 2608 2041 ab
2658 1984 3038 2043 incarnatione
3079 1985 3297 2044 Domini

1708 2084 1977 2141 ICLXVIII,
2010 2088 2042 2129 a
2070 2075 2322 2145 captione
2351 2083 2541 2131 sancte
2569 2076 2809 2132 civitatis
2834 2092 2980 2133 uix.

2378 2164 2582 2221 CLXII.

2027 2272 2374 2315 PIIIVILEGIUI
2406 2273 2674 2315 IOPPENSIS
2702 2274 2973 2316 ιαιεεῐιε.

132 2332 408 2397 Amalricus,
439 2331 531 2387 Dei
557 2334 734 2404 gratia
763 2332 959 2393 Sancte
982 2335 1418 2394 Resurrectionis
1438 2336 1603 2394 Chri-

85 2422 133 2477 sti
151 2424 339 2480 ecelesie
377 2425 714 2495 patriarcha,
759 2426 973 2483 dilectis
1014 2427 1141 2485 ﬁliis
1182 2426 1417 2502 P[etro],
1451 2430 1603 2487 eius.

81 2521 167 2570 dem
187 2516 386 2574 ecclesie
410 2517 606 2588 priori,
634 2528 687 2574 ct
712 2519 983 2577 universis
1012 2522 1317 2590 canunicis,
1337 2531 1447 2578 tam
1470 2538 1598 2595 pre-

81 2609 270 2665 sentibus
286 2626 441 2680 quam
467 2610 696 2679 futuris,
725 2611 780 2666 in
819 2622 1164 2687 perpetuum.
1203 2615 1475 2683 Quoniam
1510 2632 1599 2673 sa-

79 2709 295 2755 crosancta
320 2700 601 2757 Dominice
624 2702 1064 2762 Resurrectionis
1092 2706 1321 2764 ecclesia
1358 2708 1598 2779 quadam

76 2791 253 2858 speciali
279 2794 614 2865 prerogativa
648 2796 957 2853 sanctitatis
986 2797 1182 2853 merito
1210 2798 1280 2853 ab
1308 2799 1460 2854 omni
1492 2814 1595 2870 po-

73 2880 166 2949 pulo
182 2880 466 2939 Christiano
485 2887 844 2943 devotissime
882 2889 1162 2957 adoratur,
1185 2898 1243 2947 ct
1276 2891 1368 2961 pio
1397 2891 1595 2947 intuitu

73 2970 254 3029 humane
276 2978 638 3046 reparationis
678 2980 751 3035 ab
775 2981 1044 3037 universis
1083 2980 1254 3037 Deum
1291 2982 1597 3039 colentibus

70 3061 158 3118 lous
178 3073 222 3121 et
248 3067 392 3140 origo
419 3071 756 3127 universalis
776 3072 1006 3128 ecclesie
1046 3073 1317 3129 veraciter
1342 3074 1595 3145 predica-

69 3164 145 3222 tur,
181 3173 285 3226 nos,
337 3162 430 3233 qui
479 3163 802 3233 supradicto
846 3166 1096 3232 eeclesie,
1136 3165 1249 3222 Deo
1297 3175 1593 3234 annuente,

65 3251 361 3322 presidemus,
390 3270 513 3311 eam
543 3258 881 3328 propensius
930 3258 1200 3315 honorare
1224 3260 1357 3315 etin
1391 3260 1591 3330 ampli-

63 3340 261 3401 ﬁcatione
294 3360 473 3403 rerum
518 3360 753 3406 suarum
797 3350 1054 3408 volumus
1090 3351 1393 3408 studiosius
1440 3352 1594 3407 insu-

62 3431 171 3489 dare.
195 3434 385 3493 Vestris
412 3439 607 3510 itaque
632 3440 791 3497 iustis
817 3449 873 3496 et
891 3440 1002 3497 Deo
1027 3441 1242 3511 placitis
1266 3443 1594 3512 postulatio-

58 3525 180 3582 nibus
198 3539 506 3598 annuentes,
533 3532 896 3588 concedimus
920 3533 1037 3599 tibi,
1068 3532 1225 3589 Petre
1262 3533 1433 3604 prior,
1461 3549 1593 3591 suc-

58 3619 542 3692 cessoribusquetuis
570 3638 784 3679 necnon
809 3633 864 3679 et
890 3624 1171 3681 canonicis
1197 3623 1385 3683 Sancti
1408 3626 1596 3697 SepuL

53 3708 126 3773 eri,
146 3719 236 3765 tam
261 3715 616 3782 presentibus
643 3730 810 3786 quam
847 3730 1039 3771 eorum
1070 3718 1304 3786 posteris
1330 3719 1595 3776 canonice

54 3799 461 3874 su[b]stituendis,
492 3807 793 3864 ecclesiam
835 3806 1021 3867 Sancti
1048 3808 1316 3878 Nicholai,
1348 3826 1456 3882 que
1498 3827 1594 3866 ex-

50 3898 108 3944 tra
140 3910 305 3952 muros
329 3898 486 3955 urbis
515 3898 748 3969 Ioppen,
800 3914 832 3954 a
880 3908 1034 3970 parte
1076 3901 1509 3971 septentrionali,
1535 3902 1590 3957 in

49 3996 196 4053 aggere
219 3986 393 4046 Sancti
436 3989 699 4047 Nicholai
748 4006 912 4062 supra
971 4007 1123 4047 mare
1145 4001 1459 4048 constructa
1485 3986 1591 4061 est,

1950 2346 2117 2417 (Vide
2136 2349 2192 2402 in
2206 2348 2517 2403 Alexandro
2534 2348 2635 2404 111
2652 2351 2723 2406 ad
2738 2359 2828 2407 tm.
2860 2353 3046 2425 1181.)

2315 2439 2527 2498 CLXIII
2564 2442 2677 2497 “”.

1701 2548 1773 2593 η
1801 2542 2104 2589 LIBIITATB
2141 2548 2393 2590 εςειεειε
2440 2550 2631 2592 δηστι
2673 2550 2948 2605 εενιιιειιι,
2989 2552 3093 2601 οιτε
3125 2553 3289 2597 ’1⁵8011

2357 2622 2480 2662 ειτΑ
2509 2622 2632 2662 EST.

1777 2698 1835 2757 In
1862 2699 2086 2759 nomine
2130 2698 2311 2758 Patris
2354 2709 2410 2757 et
2446 2700 2573 2757 Filii
2620 2710 2678 2759 et
2729 2700 2969 2774 Spiritus
3029 2702 3289 2777 [Sancti],

1698 2809 1858 2851 amen
1867 2835 1881 2849 .

1772 2884 1931 2943 Anno
1958 2886 2236 2943 dominice
2272 2886 2670 2945 incarnationis
2712 2904 2933 2954 ιειιιι,
2980 2903 3169 2945 mense
3210 2887 3295 2945 fe-

1697 2975 1929 3044 bruarii,
1952 2976 2250 3034 indictione
2279 2993 2353 3046 tv,
2377 2978 2707 3047 Wiﬂelmus,
2735 2977 2829 3034 Dei
2854 2980 3029 3053 gratia
3054 2978 3295 3036 Troiane

1698 3072 1930 3128 ecclesie
1987 3072 2211 3129 humilis
2262 3073 2574 3146 episcopus.
2622 3072 2820 3129 Sancta
2876 3080 2931 3128 et
2957 3071 3295 3128 venerabilia

1699 3165 1841 3234 loca,
1870 3175 2078 3237 quanto
2109 3166 2252 3237 apud
2291 3165 2460 3222 Deum
2504 3174 2560 3222 et
2584 3164 2729 3237 apud
2760 3164 3012 3221 homines
3041 3163 3294 3237 digniora

1699 3267 1755 3318 ct
1797 3259 2010 3315 cariora
2058 3274 2183 3315 esse
2211 3259 2597 3325 dinoscuntur,
2629 3266 2783 3313 tanto
2813 3273 2844 3312 a
2887 3256 3137 3330 ﬁdelibus
3171 3272 3291 3312 ma-

1698 3349 1801 3405 tris
1825 3349 2056 3406 ccclesie
2095 3349 2265 3406 Deum
2303 3350 2624 3405 timentibus
2662 3349 2857 3404 maiori
2905 3348 3156 3405 karitatis
3204 3348 3293 3403 af-

1696 3438 1841 3495 fectu
1865 3443 2174 3498 veneranda
2195 3457 2317 3498 esse
2344 3450 2400 3497 et
2419 3440 2751 3513 protegenda
2775 3450 2829 3495 et
2852 3440 2922 3495 ah
2950 3455 3119 3496 onere
3144 3449 3287 3495 tem-

1694 3533 1903 3603 poralis
1951 3534 2259 3600 servitutis,
2311 3533 2357 3589 si
2400 3533 2687 3599 insisterit,
2744 3532 3034 3589 rclevanda
3098 3540 3289 3587 aucto-

1693 3625 1857 3681 ritate
1893 3635 2001 3681 tam
2030 3626 2229 3682 veteris
2250 3641 2417 3696 quam
2449 3625 2578 3679 novi
2622 3624 2928 3680 testamenti
2960 3624 3288 3694 comproba—

1694 3728 1805 3777 tur.
1840 3719 1972 3777 Inde
2008 3730 2093 3777 est
2121 3719 2267 3790 quod
2316 3728 2509 3775 sancto
2554 3716 2728 3789 Moysi
2768 3734 2798 3772 a
2832 3716 3067 3772 Domino
3097 3732 3289 3787 prece-

1692 3818 1847 3881 ptum
1885 3820 1970 3867 est
2006 3812 2152 3883 quod
2184 3810 2408 3866 nonnisi
2450 3808 2777 3865 discaltiatis
2811 3808 3042 3880 pedibus
3082 3808 3150 3863 ad
3194 3824 3291 3862 ru-

1691 3903 1823 3959 bum
1864 3918 2192 3960 succensum
2219 3903 2526 3969 accederet,
2562 3910 2617 3958 et
2644 3899 2798 3956 Helie
2825 3900 3116 3972 magniﬁco
3160 3915 3291 3970 pro-

1694 3994 1856 4064 phete
1915 3993 2389 4065 quadragesimale
2454 3993 2720 4050 ieiunium
2776 3991 3045 4048 indictum
3101 4001 3202 4057 est,
3226 4000 3289 4046 ut

1692 4086 2069 4143 sanctiﬁcatus
2097 4086 2163 4141 ad
2195 4095 2439 4141 montem
2481 4084 2575 4139 Dei
2619 4082 2763 4140 Oreb
2793 4082 3030 4139 transire
3076 4090 3282 4152 posset.

1694 4177 1811 4236 Hoc
1864 4178 2034 4234 David
2064 4195 2161 4245 rex
2204 4188 2259 4234 et
2303 4178 2569 4250 propheta
2616 4176 3020 4243 considerabat,
3065 4174 3290 4246 quando

1694 4272 1949 4329 diccbat:
1984 4270 2226 4338 Domine,
2261 4271 2427 4325 dilexi
2470 4270 2709 4325 decorem
2756 4270 2943 4324 domus
2976 4277 3065 4323 tua
3103 4277 3155 4322 et
3208 4266 3290 4321 lo-

42 4361 89 4402 ex
127 4351 272 4409 domo
316 4365 367 4411 ct
430 4358 797 4414 concessione
856 4359 1197 4414 dilectissimi
1262 4360 1358 4415 ﬁlii
1418 4361 1593 4417 nostri
1696 4379 1817 4417 cum
1839 4361 2190 4419 habitationis
2214 4361 2381 4433 gloria
2407 4369 2512 4415 tue.
2546 4358 2686 4415 Huic
2709 4360 2875 4416 etiam
2912 4358 2992 4415 rei
3032 4357 3291 4416 Christus

39 4435 270 4513 Amalrici,
311 4447 552 4505 illostris
578 4448 1026 4505 Ierosolimorum
1056 4449 1221 4521 regis,
1260 4450 1327 4506 ad
1372 4452 1590 4507 titulum
1696 4452 1984 4521 Dominus,
2024 4453 2335 4525 evangelice
2386 4451 2962 4524 gratiepromulgator
2992 4460 3049 4525 et
3103 4461 3293 4509 nostro

40 4526 270 4627 Dominice
300 4536 601 4596 Passionis
625 4540 980 4612 eiusdemque
1009 4541 1446 4599 Resurrectionis
1464 4560 1591 4615 per-
1627 4577 1673 4634 Β
1698 4546 2095 4617 redemptionis
2121 4555 2336 4612 auctor,
2376 4552 2672 4603 attestatus
2703 4552 2808 4611 est,
2841 4560 2967 4601 cum
3004 4542 3149 4599 facto
3190 4542 3290 4597 lla-

39 4617 171 4680 linere
192 4626 518 4700 dinoscitur,
547 4632 853 4702 plenariam
882 4633 1083 4689 habeat
1125 4643 1448 4705 potestatem
1495 4636 1593 4691 ha-
1628 4617 1669 4634 υ
1694 4638 1835 4708 gello
1866 4638 1934 4693 de
1966 4638 2237 4694 resticulis
2256 4638 2556 4692 vendentes
2598 4645 2654 4691 et
2689 4643 2935 4691 ementes
2972 4634 3040 4689 de
3084 4632 3291 4702 templo

39 4715 216 4785 βίαι-ε,
249 4738 279 4777 a
309 4735 474 4794 partu
517 4725 639 4795 Deo
668 4735 724 4781 et
745 4726 976 4783 ecclesie
1012 4727 1384 4796 reconciliare,
1434 4728 1601 4785 inﬁr-'

39 4817 125 4863 mos
149 4824 236 4880 per
265 4814 551 4873 civitatem
600 4816 933 4875 absolvenda
965 4820 1396 4887 communicare,
1441 4834 1591 4875 mor-

39 4904 385 4976 tuossepelire,
419 4920 481 4964 et
510 4908 770 4964 omnium
809 4925 995 4967 rerum
1038 4924 1287 4977 suarum,
1318 4921 1587 4967 terrarum

39 4993 369 5067 Divinarum,
394 5017 547 5072 quas
576 5001 745 5059 modo
774 5002 937 5059 habet
968 5003 1052 5061 vel
1089 5004 1142 5065 in
1166 5004 1447 5071 'futurum,
1477 5003 1591 5061 Deo

45 4091 135 4130 cum
157 4082 289 4136 omni
311 4083 664 4152 plenitudine
705 4083 842 4140 iuris
872 4085 1252 4154 parrochialis,
1279 4095 1330 4141 et
1356 4087 1593 4157 patriar-

45 4166 151 4221 chali
170 4173 483 4238 auctoritate
509 4174 678 4231 nobis
705 4191 737 4230 a
762 4175 873 4233 Deo
894 4191 1155 4232 concessa
1178 4179 1590 4247 conlirmamus,

42 4267 291 4321 statuentes
315 4276 393 4335 ut,
422 4268 562 4340 quia
603 4268 811 4340 prefata
856 4269 1041 4325 Sancti
1083 4268 1329 4325 Nicholai
1361 4272 1592 4327 ecclesia

1695 4738 1885 4789 saneto
1930 4746 2033 4789 suo
2058 4729 2238 4791 eiecit,
2287 4729 2475 4784 dicens
2504 4745 2518 4780 :
2551 4726 2751 4791 Domus
2803 4742 2916 4779 mea
2950 4724 3137 4777 domus
3162 4737 3292 4775 ora-

1695 4820 1856 4877 tionis
1895 4820 2189 4875 vocabitur.
2244 4818 2418 4874 Iluius
2464 4818 2649 4888 itaque
2695 4812 3149 4872 considerationis
3187 4827 3286 4866 su-

1692 4913 1900 4983 gillatio
1950 4921 2161 4968 mentes
2215 4910 2534 4966 sublimium
2588 4915 2917 4977 potestatum
2970 4900 3289 4975 frequenter

1694 5006 1948 5061 humiliat
1967 5014 2022 5060 et
2041 5003 2316 5074 compellit
2348 5010 2410 5057 ut
2430 5001 2485 5055 in
2513 4999 2621 5054 hiis
2648 4997 2787 5052 locis
2817 5003 3036 5051 sanctas
3066 4992 3288 5047 animas

39 5088 305 5160 quiliante,
331 5094 552 5155 habere
604 5096 825 5165 poterit,
864 5097 1259 5154 deeimationes
1283 5112 1411 5154 cum
1438 5098 1589 5155 omni
1696 5099 1920 5155 servitio
1946 5097 2041 5152 Dei
2074 5097 2356 5154 dedicatas
2397 5102 2455 5148 et
2496 5089 2839 5159 maneipatas
2886 5084 3182 5156 plurimum
3210 5084 3271 5139 ti-

40 5174 292 5250 maritate
339 5187 549 5245 usibus
596 5188 798 5247 Vestris
840 5190 961 5248 sine
986 5191 1137 5246 omni
1184 5191 1495 5262 calumpnia
1535 5191 1589 5246 in
1697 5200 1881 5246 meant
1913 5201 1968 5245 et
2009 5189 2301 5253 honorent,
2326 5192 2383 5241 et
2410 5182 2571 5241 iustis
2601 5196 2791 5237 earum
2825 5174 3289 5251 postulationibus

39 5278 309 5339 manum
337 5279 615 5334 retinere.
645 5276 702 5334 Si
731 5295 839 5350 qua
868 5296 999 5337 vero
1014 5281 1390 5338 "ecclesiastica
1432 5296 1582 5336 seen.
1695 5281 1982 5352 diligenter
2019 5279 2326 5335 intendant.
2364 5276 2685 5346 Propterea,
2717 5272 2801 5326 vir
2834 5268 3160 5326 venerabilis
3186 5266 3291 5322 Pe-

39 5358 191 5418 arisve
212 5380 454 5436 persona
479 5369 599 5425 hoc
635 5369 973 5442 privilegium
1016 5381 1265 5428 nostrum
1300 5381 1489 5428 contra
1526 5373 1593 5426 ib-
1695 5380 1797 5438 tre,
1831 5378 2020 5427 sancte
2041 5367 2480 5440 congregationis
2524 5363 2795 5435 Dominici
2825 5361 3071 5434 Sepuleri
3112 5359 3286 5431 prior,

40 5451 97 5515 δά
114 5457 371 5517 veniendo
394 5460 619 5518 violare
646 5463 1054 5533 presumpserit,
1082 5479 1113 5519 a
1134 5442 1363 5534 corpore
1390 5472 1444 5519 et
1463 5479 1593 5519 sau—
1695 5462 1999 5517 honestatis
2020 5470 2075 5516 et
2096 5460 2382 5532 prudentie
2411 5468 2504 5515 tue
2544 5457 2891 5527 fratrumque
2937 5463 3158 5509 tuorum
3201 5451 3287 5506 di-

39 5540 156 5611 tuine
185 5544 402 5606 Domini
427 5549 621 5608 nostri
647 5549 805 5617 Ihesu
841 5549 1044 5608 Christi
1074 5552 1251 5609 aliena
1289 5553 1507 5621 existat,
1540 5562 1598 5607 et
1694 5553 1816 5624 gnis
1863 5553 2221 5625 petitionibus
2251 5566 2494 5609 annuere
2527 5549 2891 5616 decrevimus,
2922 5560 3097 5618 eoque
3146 5542 3286 5625 faci-

39 5627 87 5686 lli
112 5650 257 5707 pene,
282 5657 465 5712 quam
498 5640 662 5696 Deus
695 5642 949 5700 omniims
989 5644 1294 5701 maledictis
1328 5644 1597 5711 minatur,
1695 5645 1862 5702 liores
1895 5645 2095 5701 vestris
2141 5643 2431 5702 desideriis
2487 5657 2595 5700 nos
2638 5640 2982 5707 exhibemus,
3028 5634 3176 5711 quod
3230 5639 3289 5690 et

78 5842 156 5877 ω’
191 5846 253 5912 A,
288 5847 331 5902 t‘“
361 5848 489 5918 l37,
522 5857 602 5915 r°;
636 5862 872 5922 manque
897 5849 1034 5907 dans
1060 5850 1121 5908 Β.
1202 5849 1372 5919 ³⁸⁸³Α,
1406 5849 1446 5905 f"
1474 5850 1595 5920 159:

1757 5865 1948 5923 ianque
1972 5849 2111 5908 dans
2131 5848 2192 5906 Β.
