3832 6314
525 354 664 410 12125

1092 353 1185 408 AD
1220 353 1670 413 GODEFRIDUM
1710 357 2003 413 APPEND.
2046 357 2110 412 II.
2148 392 2210 400 —
2251 359 2522 418 MONUM.
2563 362 2650 417 DE
2687 364 2910 423 BELLO
2947 366 3192 426 SACRO.

3617 382 3714 446 1211

518 469 641 524 loco
669 467 1044 534 sanctissimo,
1073 484 1102 522 a
1128 485 1242 538 quo
1263 470 1563 525 christiano
1589 471 1869 542 religionis
1899 471 2105 527 sancti-
2137 478 2180 533 Α
2212 471 2412 528 intuitu
2437 483 2492 530 et
2520 491 2620 545 pro
2646 479 2972 535 remissione
3001 491 3349 550 peccatorum
3381 502 3596 547 meorum
3627 511 3716 556 ante

518 571 602 617 tas
638 577 737 632 per
775 578 968 617 omnes
1023 562 1212 616 mundi
1262 561 1529 618 terminos
1577 563 1862 618 exordium
1917 563 2103 630 traxit,

516 670 613 709 vos
641 653 921 710 deservire
945 652 1348 724 cognoscimus,
1389 653 1534 708 sicut
1568 653 1834 723 scriptum
1867 662 1955 710 est
1985 673 1999 710 :
2033 654 2106 710 De

520 744 665 815 Syon
696 745 864 800 exibit
906 745 991 798 lea:
1039 752 1088 797 et
1139 743 1416 797 verbum...
1464 742 1884 800 Commuuicato
1921 743 2106 816 itaque

516 839 776 894 iniiverso
797 837 1018 907 capituli
1062 836 1236 891 nostri
1257 836 1510 904 consilio,
1536 838 1827 892 annualem
1853 855 2102 906 censum,

513 930 768 985 videlicet
794 945 957 984 unam
994 929 1202 982 untiam
1232 928 1376 994 auri,
1418 945 1582 999 quam
1616 930 1847 986 ecclesia
1899 941 2100 998 vestra,

515 1037 622 1090 que
650 1021 794 1092 apud
834 1020 1052 1075 Troiam
1083 1020 1188 1075 sita
1219 1019 1480 1076 Sanctum
1525 1021 1884 1092 Sepulchrum
1921 1025 2104 1094 appel-

514 1113 677 1180 latur,
711 1113 991 1166 annuatim
1035 1111 1341 1182 quatbedre
1383 1122 1570 1169 nostre
1604 1115 1816 1171 solvere
1850 1115 2099 1184 debebat,

513 1220 698 1258 coram
725 1202 986 1260 fratribus
1012 1205 1216 1260 nostris
1257 1207 1687 1264 assentientibus
1709 1217 1762 1264 et
1786 1209 2104 1265 collaudan-

511 1296 658 1352 tibus
698 1296 752 1350 in
795 1305 1120 1376 perpetuum
1159 1299 1496 1368 remisimus,
1541 1301 1646 1357 hoc
1683 1310 1866 1358 autem
1913 1304 2102 1358 condi-

509 1387 675 1444 tionis
703 1389 886 1445 dcbito
910 1401 1208 1460 reservato,
1241 1403 1299 1448 ut
1336 1394 1564 1466 singulis
1607 1397 1768 1452 anuis
1812 1412 1976 1452 unam
2031 1397 2099 1450 li-

505 1479 659 1534 bram
685 1497 808 1537 cere
847 1492 901 1538 et
937 1483 1103 1538 aliam
1132 1485 1343 1542 incensi
1377 1497 1564 1544 nostre
1605 1487 1722 1544 sedi
1759 1488 2014 1555 solvatis;
2046 1497 2102 1544 et

505 1571 553 1627 si
585 1573 710 1643 quis
747 1574 876 1631 huic
917 1585 1103 1631 nostre
1144 1577 1456 1633 remissioni
1487 1579 1708 1634 obviare
1745 1596 2098 1650 presumpse-

505 1663 597 1728 rit,
629 1663 809 1734 gladio
850 1667 1217 1723 auathematis
1260 1669 1435 1724 nostri
1472 1667 1723 1725 feriatur.
1761 1670 1829 1725 Ut
1879 1671 1980 1726 hec
2007 1687 2101 1726 au-

505 1764 611 1809 tem
644 1766 831 1814 nostra
881 1760 1137 1815 remissio
1177 1761 1231 1816 in
1265 1771 1587 1833 perpetuum
1645 1764 1858 1820 stabilis
1878 1779 2096 1834 perma-

504 1859 652 1915 neat,
688 1858 758 1918 te,
803 1850 1089 1908 Guillelme
1126 1854 1192 1910 de
1223 1853 1460 1922 Baiocis,
1504 1857 1782 1912 notarium
1821 1867 2095 1926 nostrum,

506 1940 612 1994 hoc
633 1941 796 1997 breve
826 1943 1066 2000 scribere
1102 1947 1468 2016 precepimus,
1501 1957 1556 2004 et
1600 1949 1704 2005 hoc
1731 1949 1888 2022 signo
1917 1951 2098 2006 crucis

504 2043 693 2088 nostra
722 2036 939 2105 propria
971 2035 1182 2110 [manu]
1216 2037 1360 2095 facto
1411 2041 1766 2107 munivimus,
1818 2051 1874 2097 et
1918 2043 2098 2114 sigillo

503 2134 694 2180 nostro
752 2127 1155 2196 roboravimus,
1206 2131 1536 2204 subscriptis
1584 2132 1786 2190 nostris
1817 2135 2096 2193 canonicis

501 2218 753 2284 testibus,
779 2219 831 2274 in
857 2221 992 2276 urbe
1021 2221 1184 2278 Troia
1213 2223 1463 2285 feliciter.

642 2309 756 2382 Ego
813 2310 1146 2381 Willelmus,
1208 2316 1401 2372 tertius
1457 2317 1730 2375 Troianus
1781 2320 2092 2390 episcopus.

712 2401 826 2474 Ego
867 2404 1196 2474 Willelmus,
1223 2407 1495 2466 Troianus
1527 2411 1789 2467 decanos.
1837 2411 1951 2481 Ego
1985 2412 2096 2484 My-

711 2497 937 2565 sandus,
987 2499 1410 2566 archidiaconus
1446 2502 1625 2559 Troie.
1670 2503 1782 2576 Ego
1823 2505 2094 2562 Iohannes

718 2589 989 2661 Landulfi,
1039 2592 1274 2650 Troiane
1333 2598 1562 2653 ecclesie
1608 2609 1917 2668 precentor.
1978 2599 2094 2671 Ego

714 2681 978 2752 Thomas,
1011 2688 1435 2758 arebipresbiter
1462 2689 1662 2746 Montis
1698 2700 1750 2745 et
1792 2693 2093 2750 canonicus

711 2775 893 2832 Troie.
943 2778 1057 2850 Ego
1103 2779 1375 2836 Iohannes
1412 2781 1665 2848 Mannus,
1709 2786 2009 2841 canonicus
2038 2795 2093 2842 et

709 2870 987 2925 sacerdos.
1044 2871 1156 2942 Ego
1198 2873 1506 2942 Castorius,
1551 2874 1822 2934 Troianus
1865 2879 2093 2934 canoni-

709 2975 828 3015 cus.
878 2960 993 3032 Ego
1036 2961 1405 3032 Theobaldus,
1469 2969 1790 3024 canonicus.
1840 2968 1954 3042 Ego
2004 2970 2090 3028 Io-

721 3052 931 3108 hannes
957 3053 1164 3110 Rao....
1200 3055 1315 3128 Ego
1361 3057 1584 3127 Gar....,
1634 3063 1935 3118 canonicus
1966 3064 2088 3119 dia-

710 3159 904 3202 conus.
935 3145 1049 3218 Ego
1099 3149 1391 3218 Alfericus,
1428 3154 1725 3210 canonicus
1765 3163 1818 3209 et
1866 3157 2091 3211 thesau—
2117 3189 2160 3246 ε

711 3238 912 3295 rarius.
944 3239 1054 3310 Ego
1096 3240 1415 3312 Nicholaus,
1461 3247 1762 3303 canonicus
1802 3256 1856 3304 ct
1905 3264 2088 3304 sacer-

710 3329 831 3384 dos.

1108 3426 1319 3483 CLXIV
1353 3429 1465 3485 ””.

495 3527 840 3569 PRIVILEGIUM
868 3520 1117 3572 ECCLESIE
1157 3535 1342 3576 SANCTI
1390 3539 1664 3592 SEPULCRI,
1692 3541 1793 3588 QUE
1834 3541 1954 3581 SITA
1986 3543 2084 3582 EST

1085 3605 1221 3644 APUD
1263 3608 1486 3648 τιιοιυι.

562 3693 722 3750 Almo
752 3695 1025 3754 dominice
1046 3699 1440 3760 incarnationis
1463 3721 1683 3774 meum,
1713 3723 1903 3764 mense
1939 3726 2086 3766 mar-

493 3783 576 3852 tii,
602 3785 899 3846 indictione
929 3807 1001 3860 iv,
1033 3808 1085 3847 vr
1123 3793 1210 3849 die
1237 3797 1443 3852 mensis
1485 3797 1744 3867 intrante,
1786 3817 1886 3873 ego
1920 3802 2085 3874 Bagi-

495 3875 712 3947 naldus,
747 3882 1063 3951 capellanus
1091 3883 1372 3956 Willclmi,
1405 3891 1549 3946 tertii
1571 3889 1794 3947 Troiani
1817 3894 2080 3966 episcOpi,

492 3970 885 4029 abrenunciavi
932 3974 1180 4032 incensui
1210 3981 1370 4036 uncie
1405 3982 1526 4036 auri
1559 3984 1743 4052 unius,
1785 4002 1950 4055 quam
1985 3989 2084 4043 ha-

494 4060 690 4116 bebam
736 4062 789 4116 in
830 4064 1059 4122 ecclesia
1109 4066 1295 4124 Sancti
1349 4069 1616 4142 Sepulcri,
1661 4091 1768 4144 que
1793 4075 1954 4132 Troie
1978 4078 2081 4134 sita

490 4161 594 4217 est,
638 4153 693 4206 in
720 4155 974 4212 manibus
1017 4162 1381 4228 prenominati
1436 4165 1697 4236 episcopi.
1744 4166 1920 4236 Unde,
1964 4171 2080 4226 sola

490 4244 664 4314 gratia
687 4245 982 4316 mediante,
1018 4247 1232 4319 Petrus,
1273 4254 1425 4323 prior
1470 4255 1668 4313 Sancte
1698 4258 2080 4316 Resurrectio-

492 4334 599 4400 nis,
626 4351 752 4390 cum
795 4336 1057 4395 fratribus
1093 4343 1210 4398 suis
1233 4344 1379 4400 dedit
1415 4347 1549 4401 mihi
1583 4348 1776 4404 uncias
1809 4351 1929 4404 auri
1964 4368 1996 4406 v
2026 4360 2080 4406 et

491 4423 802 4494 dimidiam,
833 4430 1176 4497 presentibus
1210 4453 1222 4488 :

637 4517 930 4588 Willelmo,
989 4522 1229 4581 Troiano
1268 4527 1496 4581 decano.
1540 4527 1608 4583 Et
1652 4529 1919 4588 Musando
1979 4551 2070 4589 ar-
2105 4533 2152 4594 D

704 4612 1046 4670 chidiacono.
1096 4615 1162 4670 Et
1213 4616 1454 4672 Iohanne
1494 4620 1584 4652 ¹¹⁵⁵
1622 4620 1891 4689 Landulli,
1944 4641 2078 4680 ean-

712 4711 847 4760 tore.
901 4704 968 4759 Et
1016 4707 1281 4778 magistro
1331 4708 1562 4776 Thoma,
1619 4713 2074 4782 archipresbitero

699 4794 921 4853 Montis.
956 4797 1020 4852 Et
1048 4798 1284 4855 Iohanne
1315 4800 1520 4867 Manni,
1552 4813 1604 4858 et
1630 4805 1750 4861 aliis
1783 4807 1942 4864 bonis
1973 4810 2074 4865 ho-

698 4889 964 4944 minibus.
1122 4959 1305 5016 CLXV
1335 4963 1446 5018 mc.

540 5062 720 5106 DONUII
749 5067 1014 5120 CUIUSDAM
1036 5067 1211 5116 DOMUS
1238 5071 1486 5112 ECCLESIE
1522 5073 1709 5115 SANCTI
1742 5077 2015 5118 SEPULCRI.

558 5163 715 5219 Anno
746 5163 1019 5220 dominice
1040 5165 1430 5225 incarnationis
1453 5187 1672 5240 IICLXXI,
1701 5190 1889 5230 mense
1919 5176 2068 5245 apri-

485 5253 577 5319 Iis,
616 5255 933 5310 indictionie
973 5273 1046 5325 tv,
1089 5270 1350 5330 regnante
1382 5263 1605 5319 domino
1645 5276 1834 5322 nostro
1861 5267 2068 5338 glorio—

486 5347 710 5404 sissimo
756 5346 1030 5408 Willelmo
1087 5356 1348 5423 secundo,
1406 5373 1534 5428 rege
1580 5355 1786 5423 Sicilie,
1833 5359 2069 5416 ducatus

485 5436 681 5507 Apulie
700 5447 754 5495 et
786 5441 1123 5514 principatus
1148 5444 1354 5516 Capue,
1377 5463 1523 5504 anno
1545 5464 1579 5503 v
1613 5448 1859 5517 feliciter,
1884 5466 2065 5507 amen.

487 5525 601 5599 Ego
629 5529 921 5602 Ansaldus,
949 5536 1092 5592 sacri
1120 5537 1308 5608 palatii
1335 5540 1688 5608 castellanus,
1721 5543 2068 5600 sanctissime

485 5619 633 5692 regie
672 5623 975 5683 maiestatis
1017 5629 1192 5700 gratia
1243 5632 1592 5699 concedente,
1640 5633 1808 5688 divini
1862 5636 2066 5692 amoris

555 5736 751 5816 παι-Α,
841 5741 973 5816 140,
1034 5756 1109 5816 νος
1150 5763 1388 5816 manque
1425 5746 1562 5801 dans
1595 5747 1656 5803 B.

1736 5749 1826 5781 ¹⁸⁸³
1866 5749 1940 5804 Le
1966 5767 2050 5805 ms
2087 5749 2266 5821 répéte
2296 5753 2376 5806 les
2403 5761 2546 5808 mots
2564 5761 2614 5807 et
2647 5751 2899 5808 Iohanne.

487 5807 625 5866 dans
651 5807 745 5880 n.‘
791 5813 883 5847 ιιετ
919 5807 987 5902 Α,
1049 5807 1106 5869 το·
1148 5807 1346 5884 um;
1397 5817 1454 5885 Β,
1507 5817 1583 5871 τοι
1616 5819 1706 5885 29,
1741 5826 1810 5888 νο,
1843 5830 1894 5875 et
1931 5807 2157 5888 123,v°.'

2209 568 2540 635 presentiam
2574 586 2729 625 sacre
2757 573 2908 627 curie
2932 575 3076 645 regie
3111 592 3231 630 mea
3273 590 3554 647 spontanea
3577 590 3716 646 volun-

2207 665 2316 713 tate
2342 658 2564 726 donavi,
2597 661 2792 716 tradidi
2815 674 2870 719 et
2905 668 3154 722 concessi
3188 668 3242 721 in
3270 682 3571 740 perpetuum
3593 683 3717 736 eccle-

2206 749 2285 804 sie
2313 749 2584 808 Dominici
2633 752 2879 825 Sepulcri
2931 758 3155 814 domum
3205 778 3404 830 meam,
3450 783 3592 836 quam
3615 772 3716 828 Mes-

2206 853 2340 895 sane
2384 841 2570 909 habui,
2599 860 2724 899 cum
2771 849 3030 904 omnibus
3076 853 3420 920 pertinentiis
3467 859 3591 925 suis,
3620 864 3718 918 sicut

2203 947 2324 987 eam
2355 936 2527 1003 tenui,
2556 947 2611 992 et
2654 938 2722 994 de
2773 943 3010 1011 propriis
3060 947 3318 1014 expensis
3371 964 3488 1003 eam
3531 954 3717 1013 ediﬁcare

2205 1025 2330 1082 feci.
2363 1026 2429 1082 Et
2477 1040 2560 1086 est
2612 1033 2867 1104 contigua
2926 1053 3088 1092 muro
3116 1039 3355 1095 civitatis
3407 1052 3548 1096 extra
3596 1052 3717 1119 magi.

2205 1127 2374 1173 stram
2431 1129 2677 1190 portam,
2728 1141 2836 1194 que
2882 1126 3034 1182 ducit
3056 1128 3124 1182 ad
3175 1129 3437 1186 Sanctum
3492 1133 3716 1194 Iohannem

2203 1209 2520 1282 Hospitalis.
2581 1214 2698 1282 Que
2738 1217 2937 1274 domus
2983 1230 3200 1276 constat
3240 1223 3382 1277 inter
3419 1225 3617 1282 domum
3651 1231 3720 1284 tin-

2203 1305 2392 1371 ctoris,
2430 1306 2654 1363 domum
2684 1325 2791 1379 que
2823 1309 2926 1366 fuit
2963 1313 3093 1366 olim
3125 1313 3262 1368 Boni
3291 1314 3541 1388 Prolupo,
3562 1337 3718 1379 murum

2204 1396 2438 1454 civitatis
2482 1407 2537 1454 et
2584 1400 2726 1455 viam
2765 1403 3063 1472 publicam.
3113 1405 3294 1477 Ipsam
3343 1409 3522 1480 itaque
3556 1413 3719 1472 domum

2203 1503 2327 1542 cum
2360 1488 2584 1545 introitu
2608 1500 2662 1546 et
2687 1493 2834 1547 exitu
2868 1504 2924 1550 et
2953 1499 3213 1554 omnibus
3248 1501 3592 1570 pertinentiis,
3623 1507 3720 1564 sicut

2202 1594 2324 1632 eam
2351 1581 2524 1647 tenui,
2559 1583 2842 1654 assignare
2878 1585 2978 1641 feci
3017 1589 3243 1644 domino
3282 1591 3463 1661 Petro,
3492 1601 3719 1655 venerabili

2200 1673 2370 1741 priori
2401 1674 2576 1744 ipsius
2600 1678 2828 1734 ecclesie
2876 1679 3143 1737 Dominici
3173 1682 3444 1754 Sepulcri,
3478 1697 3528 1742 et
3562 1689 3721 1749 duobus

2203 1767 2592 1823 concanonicis
2638 1771 2756 1825 suis
2799 1771 2953 1826 fratri
2990 1773 3188 1829 Achilli
3215 1786 3272 1831 et
3300 1775 3453 1832 fratri
3496 1780 3721 1850 Balduino,

2202 1857 2592 1926 recipientibus
2625 1876 2745 1916 eam
2781 1863 2848 1917 ad
2883 1879 3022 1934 opus
3043 1866 3274 1922 ecclesie
3317 1869 3488 1939 ipsius
3515 1871 3721 1930 Dominici

2203 1944 2469 2016 Sepulcri.
2532 1947 2604 2004 Ut
2657 1961 2839 2007 autem
2899 1954 3000 2010 hec
3035 1972 3157 2010 mea
3205 1957 3433 2014 donatio
3473 1961 3523 2015 in
3574 1979 3722 2032 perpe-

2201 2043 2354 2091 tuum
2389 2037 2718 2096 inviolabilis
2766 2043 3032 2099 habeatur
3073 2057 3127 2101 et
3182 2047 3364 2114 firma,
3414 2051 3544 2107 hanc
3565 2065 3721 2109 certam

2197 2143 2295 2198 per
2328 2145 2522 2188 manus
2574 2133 2816 2202 ltoberti,
2863 2137 2970 2191 mei
3027 2141 3256 2208 notarii,
3312 2143 3476 2198 scribi
3528 2144 3661 2212 iussi,
3687 2159 3726 2202 et

2197 2223 2356 2294 signo
2396 2235 2584 2282 sancte
2631 2229 2813 2285 crucis
2851 2232 3088 2300 propriis
3129 2235 3386 2290 manibus
3429 2237 3726 2304 roboran,et

2198 2314 2538 2386 subscriptos
2563 2327 2730 2375 testes
2759 2329 2819 2376 ut
2861 2338 2920 2378 se
2955 2322 3010 2377 in
3051 2323 3241 2379 eadem
3279 2341 3430 2382 carta
3455 2339 3727 2386 testarentur

2196 2407 2406 2476 rogavL

2336 2496 2452 2569 Ego
2476 2499 2793 2571 Nicholaus,
2829 2502 2924 2559 Dei
2948 2507 3121 2576 gratia
3155 2509 3371 2578 primus
3416 2510 3730 2569 Messanensis

2415 2593 2897 2667 archiepiscopus,
2939 2599 3163 2654 interfui
3211 2611 3267 2656 et
3318 2605 3550 2659 concedo
3591 2616 3638 2660 et
3672 2607 3730 2660 af-

2407 2683 2594 2741 firmo.

2339 2773 2453 2846 Ego
2481 2775 2742 2846 Thomas,
2789 2779 3152 2840 Cassanensis
3197 2785 3504 2857 episcopus,
3554 2790 3732 2843 interfui

2406 2878 2461 2924 et
2487 2871 2810 2942 subscripsi.

2340 2961 2568 3033 Signum
2616 2980 2813 3020 manus
2850 2965 3268 3043 Barth[olomei]
3301 2972 3369 3027 de
3409 2972 3607 3038 Placza,
3645 2991 3736 3027 ma-

2413 3070 2516 3126 gne
2544 3057 2686 3125 regis
2714 3057 2866 3112 curie
2892 3061 3139 3128 magistri
3167 3059 3446 3127 iustitiari,
3480 3065 3636 3118 testis.

2339 3146 2452 3216 Ego
2478 3148 2769 3204 Gualterus
2793 3151 2860 3206 de
2897 3150 3073 3219 Meae,
3114 3155 3261 3225 regie
3293 3156 3499 3224 privata
3521 3158 3737 3211 masuede

2405 3241 2664 3311 magister
2686 3244 3180 3312 conestabularius,
3215 3248 3371 3303 testis
3399 3265 3537 3304 sum.

2240 3404 2244 3408 '
2335 3331 2562 3404 Signum
2590 3350 2754 3389 manu
2783 3334 3042 3392 Iohannis
3075 3336 3420 3412 Burd[onis],
3454 3353 3634 3412 magne
3664 3355 3744 3395 cc-

2401 3425 2482 3480 rie
2510 3425 2756 3497 magistri
2783 3427 3081 3484 iustitiarii.

2332 3515 2447 3588 Ego
2468 3516 2743 3585 Persicus,
2766 3520 2910 3576 filius
2937 3519 3182 3590 Saducti,
3211 3523 3440 3579 maioris
3463 3525 3604 3597 regie
3620 3526 3746 3580 carie

2407 3611 2668 3681 magister
2691 3613 2994 3669 iustiarius.

2333 3701 2447 3774 Ego
2490 3703 2762 3760 Robertus
2788 3747 2803 3771 ,
2863 3705 3008 3761 filius
3053 3706 3281 3776 predieti
3334 3707 3542 3763 domini
3581 3707 3750 3762 Ansalo

2399 3795 2494 3861 di,
2538 3797 2681 3852 sacri
2724 3799 2909 3869 palatii
2953 3799 3276 3868 castellani,
3316 3802 3421 3857 hec
3449 3802 3676 3858 concedo
3708 3809 3750 3854 et

2400 3887 2632 3943 allirmo.

2857 3999 3090 4058 CLXVI.

2433 4108 2780 4148 PBIVILEGIUII
2807 4111 3111 4150 ALEXAND!“
3148 4113 3280 4152 ΡΑΡΕ
3310 4114 3528 4153 τειιτιι.

2327 4182 2497 4255 (Vide
2546 4186 2602 4238 in
2655 4183 2960 4240 Alexandro
3009 4185 3102 4240 111
3166 4187 3236 4241 ad
3283 4205 3375 4242 an.
3438 4189 3633 4260 II8I.)

2777 4297 3013 4354 CLXVII
3042 4299 3156 4355 ³³⁸⁷.

2185 4404 2552 4456 PBIVILEGIUM,
2591 4404 2726 4452 QUOD
2769 4406 2924 4445 FECIT
2969 4407 3289 4459 AIIALRICUS,
3323 4411 3666 4454 PATBIABCHA
3695 4413 3762 4451 IE-

2256 4475 2848 4563 ausarenhgmomms
2889 4477 3076 4516 SANC'I'I
3116 4462 3451 4538 [seruem],
3502 4485 3573 4524 »ε
3621 4486 3764 4525 oau-

2250 4547 2282 4584 T
2292 4546 2497 4585 IONIBUS
2520 4546 2534 4563 ³
2545 4546 2633 4586 ⁸⁸⁵.

2250 4620 2310 4675 1η
2343 4622 2565 4676 nomine
2595 4631 2783 4678 sancte
2807 4632 2861 4678 et
2883 4622 3161 4680 individue
3191 4622 3485 4684 Trinitatis
3517 4628 3698 4686 Patris
3718 4639 3763 4686 ct

2177 4713 2304 4769 Filii
2333 4723 2388 4770 et
2421 4714 2658 4785 Spiritus
2688 4715 2892 4784 Sancti,
2918 4733 3098 4772 amen.

2249 4805 2626 4880 [A]malricus,
2659 4809 2752 4864 Dei
2781 4810 2954 4880 gratia
2990 4809 3188 4867 Sancte
3209 4810 3665 4872 Resurrectionis
3683 4831 3762 4871 ec-

2171 4896 2337 4952 clesie
2363 4897 2696 4968 patriarcha,
2725 4898 2937 4955 dilectis
2976 4899 3102 4955 ﬁliis
3133 4899 3300 4957 Petro
3342 4905 3523 4974 priori
3554 4918 3612 4962 et
3652 4907 3763 4960 uni—

2169 4989 2343 5044 versis
2381 4989 2626 5044 eiusdcm
2666 4991 2898 5046 ecclesie
2939 4992 3240 5059 canonicis,
3270 5003 3382 5049 tam
3420 4998 3769 5066 presentilms

2169 5097 2335 5151 quam
2367 5079 2586 5149 futuris,
2613 5082 2668 5137 in
2717 5091 3060 5154 perpetuum.
3096 5083 3369 5152 Quoniam
3411 5103 3770 5146 sacrosancta

2170 5173 2454 5230 Dominice
2500 5173 2940 5232 Resurrectionis
2983 5178 3214 5234 ecclesia
3254 5181 3503 5250 quadam
3553 5186 3768 5256 speciali

2169 5267 2479 5324 sanctitatis
2502 5270 2844 5341 prerogativa
2867 5271 3065 5327 merito
3089 5272 3161 5328 ab
3191 5274 3344 5328 omni
3375 5278 3601 5346 populo
3623 5279 3773 5334 Chri-

2171 5355 2354 5412 stiano
2381 5356 2736 5414 devotissime
2758 5368 3072 5428 veneratur,
3098 5370 3152 5417 et
3180 5362 3271 5433 pio
3295 5363 3511 5422 intuitu
3541 5368 3773 5424 humane

2172 5450 2538 5520 reparationis
2581 5451 2651 5506 ab
2685 5452 2958 5508 universis
2994 5453 3166 5510 Deum
3196 5457 3519 5516 colentibus
3566 5463 3696 5519 fons
3730 5474 3775 5518 et

2173 5544 2328 5614 origo
2368 5544 2537 5600 totius
2573 5546 2803 5602 ecclesie
2843 5548 3112 5604 veraciter
3141 5551 3485 5621 predicatur,
3525 5571 3657 5625 nos,
3691 5558 3776 5627 qui

2172 5636 2485 5706 supradicte
2505 5638 2756 5707 ecclesie,
2783 5638 2895 5695 Deo
2916 5649 3213 5708 annuente,
3242 5643 3634 5715 presidemus,
3665 5666 3775 5703 eam

2979 5755 3072 5788 ¹¹⁸⁶
3089 5757 3173 5839 ‘A,
3197 5755 3285 5839 ΡΑ
3298 5758 3390 5826 10,
3416 5771 3502 5829 V‘;
3543 5780 3780 5839 [nanque

2241 5823 2330 5859 ’³⁸⁸
2371 5821 2447 5878 La
2488 5824 2753 5896 rubrique
2795 5842 3032 5898 manqne
3072 5827 3210 5883 dans
3244 5826 3305 5887 Β.
