3824 6308
115 351 268 426 tals

1119 355 1568 416 CARTULAIRE
1607 355 1696 412 DU
1739 352 1940 411 SAINT
1983 351 2364 410 SEPULCRE.

3253 353 3398 410 ηιθ

112 479 455 552 propensius
481 477 755 536 honorare
797 482 852 530 et
895 489 1018 542 vos,
1051 474 1147 545 qui
1183 475 1238 529 in
1275 472 1466 529 eadem
1508 467 1708 526 divinis
1738 472 1782 531 A
1811 477 1866 525 et
1887 475 2082 536 terras,
2107 484 2245 539 quas
2275 466 2416 524 intra
2447 465 2740 524 Ierusalem
2769 469 2854 525 vel
2882 477 3037 526 extra
3070 469 3399 542 possidetis;

110 570 444 627 insistentes
484 565 765 637 obsequiis
810 564 1132 638 regulariter
1169 563 1404 622 Domino
1443 561 1709 631 militatis,

112 672 355 734 paterno
398 659 594 716 affectu
629 669 889 729 tauquam
928 657 1194 729 speciales
1230 657 1373 712 ﬁlios
1406 655 1632 727 diligere
1659 661 1714 708 et

113 750 436 808 Intuitionis
490 749 580 781 “”
627 757 813 804 nostre
846 748 1053 820 gremio
1107 743 1399 804 confovere
1452 755 1617 816 atque
1657 744 1712 798 in

113 841 551 913 ampliﬁcatione
572 855 756 895 rerum
780 848 1088 895 vestrarum
1110 840 1388 905 volumus,
1412 837 1524 893 Deo
1558 835 1716 892 auxi-

113 931 316 998 liante,
357 931 659 986 studiosius
685 929 962 986 insudare.
998 929 1206 986 Vestris
1229 930 1416 1000 itaque
1445 929 1628 985 dilecti
1657 928 1713 983 in

112 1022 364 1077 Domino
394 1022 511 1090 lilii,
561 1022 722 1078 iustis
763 1031 818 1078 et
847 1021 958 1077 Deo
996 1022 1212 1094 placitis
1255 1021 1714 1094 postulationibus

112 1113 425 1170 clementer
451 1123 778 1183 annuentes,
817 1123 874 1171 et
920 1113 1369 1185 predecessorum
1399 1122 1714 1169 nostrorum

113 1205 308 1262 felicis
361 1206 655 1276 memorie,
696 1205 885 1262 domui
927 1205 1193 1277 Aruulphi
1239 1215 1294 1262 et
1339 1204 1528 1262 domui
1577 1203 1738 1260 Wil—'

113 1299 280 1353 lclmi‘
302 1299 738 1370 patriarcharum
770 1299 1017 1370 vestigiis
1054 1300 1386 1369 inherentes,
1414 1313 1716 1371 eorumque

112 1398 353 1456 statuta,
377 1391 506 1461 quia
533 1399 589 1446 et
628 1391 772 1446 iusta
802 1398 856 1446 et
892 1389 1190 1461 apostolice
1228 1390 1571 1446 auctoritatis
1597 1391 1713 1462 pri-

111 1478 342 1549 vilegiis
365 1478 520 1535 vobis
557 1475 800 1535 sanccita
827 1494 950 1535 esse
975 1487 1299 1547 noscuntur,
1328 1481 1417 1552 pia
1460 1483 1716 1538 aviditate

111 1581 438 1641 sequentes,
488 1587 680 1628 omnes
732 1571 1112 1643 possessiones
1149 1580 1205 1628 et
1249 1574 1505 1630 universa
1539 1558 1712 1644 bona,

111 1677 234 1733 que
267 1671 376 1718 tam
416 1678 484 1718 ex
514 1663 834 1719 eorumdem
864 1663 1011 1718 dono
1047 1673 1102 1720 et
1145 1665 1503 1721 concessione
1547 1681 1714 1738 quam

110 1755 294 1810 etiam
339 1771 526 1826 regum
573 1757 657 1812 vel
699 1759 1006 1832 principum
1045 1759 1371 1816 liberalitate
1413 1761 1715 1817 aliorumve

112 1847 369 1903 ﬁdelium
402 1849 689 1922 largitione
718 1867 816 1908 seu
853 1853 1017 1908 etiam
1041 1838 1315 1924 emptione
1342 1863 1438 1910 aut
1467 1872 1716 1912 commu-

113 1941 338 1996 tatione
369 1941 456 1995 vel
501 1941 624 1997 aliis
659 1942 994 2014 quibuslibet
1033 1945 1211 2002 modis
1248 1947 1386 2002 citra
1431 1963 1581 2002 mare
1626 1956 1721 2002 aut

113 2031 274 2086 uitra
304 2031 358 2086 iu
398 2033 794 2104 prcsentiarum
833 2035 1150 2105 possidetis,
1199 2045 1294 2092 aut
1337 2037 1392 2092 in
1436 2045 1718 2107 posterum

114 2119 273 2176 iuste
294 2129 349 2175 et
373 2122 655 2189 canonice,
689 2131 966 2194 prestante
1015 2123 1270 2192 Domino,
1303 2125 1532 2195 adipisci
1566 2133 1720 2195 pote-

115 2213 272 2282 ritis,
302 2217 627 2270 auctoritate
657 2217 818 2272 nobis
840 2233 871 2272 a
897 2216 1007 2272 Deo
1030 2233 1294 2274 concessa
1315 2219 1473 2275 vobis
1496 2219 1720 2274 vestris-

113 2319 235 2375 que
281 2307 694 2363 successoribus
731 2309 996 2365 canonice
1027 2309 1080 2364 in
1121 2319 1404 2382 pretaxata
1446 2311 1719 2368 Dominici

117 2396 378 2467 Sepulcri
419 2399 646 2456 ecclesia
683 2400 1079 2459 substituendis
1107 2402 1260 2459 ﬁrma
1300 2404 1357 2459 in
1397 2414 1718 2476 perpetuum

112 2497 175 2544 et
195 2490 411 2546 illibata
440 2507 660 2548 manere
689 2496 1021 2562 sanccimus,
1054 2497 1408 2554 concedimus
1429 2508 1483 2554 et
1518 2497 1720 2554 conﬁr-

113 2597 372 2650 mamus,
394 2599 461 2641 ac
481 2586 750 2655 prcsentis
772 2588 960 2659 scripti
983 2589 1268 2662 privilegio
1286 2592 1714 2648 communimus.

114 2675 596 2748 Quoiumquiuem
644 2681 744 2737 hec
786 2685 1026 2754 propriis
1065 2686 1324 2744 duximus
1365 2689 1718 2760 exprimenda

112 2767 453 2823 vocabulis:
504 2768 757 2839 inprimis
789 2772 1135 2829 medietatem
1183 2777 1433 2832 omnium
1478 2779 1718 2834 oblatio-

111 2874 283 2926 nem,
313 2875 422 2930 que
451 2860 520 2916 ad
543 2859 866 2934 Sepulcrum
894 2865 984 2898 ¹¹⁶⁰
1008 2865 1226 2923 Domini
1259 2870 1608 2940 pertinebunt
1635 2871 1720 2927 vel

109 2948 443 3006 deferentur
473 2951 600 3021 ¹¹⁶¹;
627 2955 722 3010 sed
744 2956 810 3011 de
831 2971 956 3012 cera
983 2956 1122 3014 duas
1149 2968 1332 3031 partes
1356 2961 1587 3018 ecclesia
1607 2963 1717 3031 ηδ’,

107 3058 292 3098 uuam
343 3042 410 3098 ad
452 3043 745 3102 luminaria
780 3049 1178 3118 concinnauda,
1223 3052 1451 3108 alteram
1485 3069 1618 3111 vero
1651 3056 1720 3112 ad

1813 561 1946 616 item
1993 576 2186 617 omnes
2231 559 2427 617 furnos
2477 559 2804 628 Ierusalem,
2859 563 3103 634 exceptis
3146 563 3401 628 duobus,

1814 668 1986 709 unum
2006 651 2302 725 Hospitalis
2319 661 2376 708 et
2398 669 2570 708 unum
2593 652 2661 708 de
2677 651 2891 721 Latina,
2913 663 2966 710 et
2986 655 3284 726 spetialiter
3306 654 3404 688 ¹¹⁶⁸

1814 749 1966 804 illum
2009 748 2254 815 furnum,
2300 763 2464 820 quem
2505 748 2662 804 vobis
2695 746 3083 820 redtli[di]mus
3110 747 3202 780 “”
3247 748 3402 803 testi-

1814 839 2001 894 monio
2024 838 2213 894 domui
2243 837 2411 906 Petri,
2438 838 2700 912 Tyrensis
2728 837 3144 909 archiepiscopi,
3177 853 3340 908 quem
3367 853 3400 892 a

1813 931 1970 988 vobis
1999 931 2406 988 commodatum
2431 941 2815 999 tenueramus;
2841 940 3085 1001 preterea
3111 931 3400 986 ecclesiam

1815 1035 1871 1082 et
1911 1025 2242 1082 cimiterium
2273 1025 2363 1058 ¹¹⁷⁰
2399 1034 2554 1081 extra
2584 1032 2800 1096 portam
2837 1024 3008 1080 David
3051 1024 3202 1080 iuxta
3231 1024 3400 1090 viam,

1815 1131 1925 1188 qua
1965 1116 2074 1171 itur
2117 1113 2422 1185 Bethleem;
2462 1117 2745 1172 dimidiam
2787 1116 2953 1172 etiam
2998 1123 3208 1186 partem
3255 1114 3402 1172 illius

1815 1207 2208 1279 possessionis,
2253 1223 2419 1278 quam
2463 1207 2676 1278 primus
2698 1223 2792 1263 rex
2837 1205 3138 1262 Balduinus
3180 1204 3269 1236 ¹¹¹¹¹
3302 1219 3404 1274 pro

1816 1297 2126 1354 excambitu
2155 1297 2508 1368 episcopatus
2547 1296 2939 1352 Bethleemitici
2964 1294 3172 1366 prefate
3212 1293 3403 1350 Domi-

1816 1389 1928 1444 nici
1955 1387 2200 1459 Sepulcri
2225 1389 2456 1444 ecclesie
2477 1388 2652 1456 dedit;
2682 1403 2875 1443 omnes
2900 1386 3142 1443 decimas
3169 1385 3408 1441 civitatis

1816 1480 2110 1538 Ierusalem
2133 1489 2188 1536 et
2210 1481 2376 1536 totius
2399 1481 2492 1512 “7’
2507 1479 2855 1550 episcopatus
2875 1477 3142 1546 eiusdem,
3164 1476 3407 1548 exceptis

1816 1573 2045 1630 decimis
2089 1571 2284 1639 funde;
2325 1573 2519 1643 viginti
2563 1581 2620 1628 et
2666 1588 2838 1627 unum
2875 1571 3098 1638 casalia,
3145 1586 3253 1641 que
3294 1570 3406 1625 dux

1819 1664 2146 1722 Godefridus
2168 1680 2291 1720 cum
2323 1663 2666 1734 pertinentiis
2695 1663 2812 1718 suis
2844 1663 3072 1718 ecclesie
3100 1670 3278 1717 vestre
3312 1661 3408 1716 de-

1818 1757 1926 1821 dit;
1951 1758 2108 1814 villas
2135 1757 2322 1823 etiam,
2347 1774 2487 1828 quas
2507 1757 2828 1823 ediﬁcaStis,
2859 1765 2919 1811 ut
2940 1755 3190 1826 Magnam
3220 1753 3410 1808 Malie-

1772 1819 1791 1871 ι
1819 1851 2050 1907 meriam
2079 1851 2169 1882 “7‘
2197 1861 2251 1905 et
2283 1849 2513 1904 Parvam
2543 1858 2596 1904 et
2625 1848 2900 1914 Bethsuri,
2933 1856 2988 1902 et
3027 1847 3164 1902 alias
3193 1860 3408 1911 omnes,

1818 1959 1959 2013 quas
1991 1943 2298 1999 ediﬁcaturi
2347 1943 2501 2008 estis,
2542 1942 2634 1996 ubi
2683 1940 2862 1996 Latini
2896 1940 3243 2006 habitabunt,
3281 1954 3428 1994 cum;

1819 2035 2133 2106 integritate
2176 2034 2386 2090 iustitie
2428 2034 2522 2066 ⁸³⁷⁸
2559 2042 2615 2089 et
2657 2033 2794 2088 iuris
2844 2031 3239 2103 parrochialis;
3279 2029 3408 2084 item

1820 2126 2000 2184 Tecue
2025 2143 2149 2183 cum
2193 2125 2451 2182 omnibus
2487 2125 2832 2196 pertinentiis
2874 2124 3011 2191 suis,
3041 2131 3096 2178 et
3121 2121 3410 2178 ecclesiam

1819 2218 2169 2288 Quarautene
2213 2233 2337 2272 cum
2379 2217 2528 2281 suis;
2562 2215 2864 2280 Gcladiam,
2893 2223 2948 2269 et
2976 2222 3198 2279 terram,
3243 2225 3410 2282 quam

1817 2312 2030 2369 emistis
2060 2328 2091 2366 a
2129 2309 2368 2366 Iohanne
2397 2308 2705 2373 Gomanno,
2739 2317 2792 2364 et
2821 2306 3007 2362 omnia
3034 2304 3236 2360 casalia
3283 2318 3410 2359 cum

1817 2401 2164 2474 pertinentiis
2203 2415 2417 2466 eorum,
2453 2414 2559 2470 que
2596 2399 2809 2454 emistis
2845 2397 2914 2452 ab
2956 2395 3182 2465 IIugone
3207 2395 3274 2450 de
3303 2391 3416 2465 Ily-

1817 2497 2002 2553 belino
2027 2496 2155 2562 “7";
2197 2494 2486 2550 ectlcsiam
2536 2492 2722 2547 Sancti
2762 2491 2912 2546 Petri
2955 2489 3010 2544 iu
3040 2488 3242 2559 Ioppen
3282 2502 3410 2542 cum

1817 2588 2047 2663 honoris
2086 2596 2143 2644 et
2181 2585 2466 2658 dignitatis
2515 2599 2614 2640 sue
2663 2582 2992 2652 integritate,
3033 2589 3088 2636 et
3117 2579 3414 2644 decimam,

1817 2697 1984 2755 quam
2011 2681 2256 2752 recipitis
2279 2679 2334 2734 in
2361 2688 2477 2734 toto
2517 2677 2781 2738 comitatu
2807 2675 2899 2730 illo
2919 2690 2950 2729 a
2977 2687 3104 2744 rege
3137 2682 3192 2726 et
3218 2687 3248 2726 a
3280 2670 3411 2726 reli-

1819 2773 1989 2845 giosis
2028 2770 2347 2828 hominibus
2393 2769 2568 2842 [etab
2611 2763 2891 2836 omnibus]
2927 2764 3020 2798 “'-"
3053 2761 3412 2830 Christianis;

1819 2863 2079 2935 quicquid
2113 2861 2406 2933 possidetis
2447 2860 2590 2931 apud
2635 2859 2962 2914 Ascalonam
2987 2865 3040 2912 et
3085 2855 3142 2910 in
3164 2853 3414 2912 conﬁnio

1819 2953 1962 3020 eius,
1999 2951 2144 3022 apud
2187 2949 2473 3022 Neapolim
2510 2958 2566 3005 et
2609 2948 2662 3002 in
2717 2947 2974 3004 omnibus
3016 2943 3218 3000 ﬁnibus
3257 2943 3413 3008 eius;

1821 3045 2083 3116 quicquid
2107 3043 2402 3115 possidetis
2425 3043 2528 3098 sub
2554 3048 2820 3112 potestate
2851 3048 2905 3095 et
2929 3036 3176 3094 dominio
3203 3033 3415 3091 domini

106 3133 412 3189 servitium
445 3137 856 3208 canonicorum,
899 3157 1118 3212 semper
1154 3142 1394 3212 habebit,
1435 3146 1593 3200 tertia

1830 3139 1890 3192 de
1931 3139 2108 3193 Assur
2145 3138 2259 3202 “"7,
2302 3137 2444 3206 apud
2475 3134 2766 3190 Cesaream
2805 3141 2861 3188 et
2895 3131 2950 3185 in
2983 3139 3097 3186 toto
3137 3128 3414 3200 archiepi-

106 3237 257 3277 vero
309 3232 520 3278 tantum
591 3228 796 3282 DOSII'IS
854 3244 1348 3302 succcssorumque
1399 3241 1718 3288 IlOSlI‘OI‘UIIl

107 3313 324 3368 usibus
355 3315 527 3369 cedet.
560 3314 784 3373 V'ivitice
815 3319 1205 3378 nichilominus
1233 3321 1576 3396 Crucis,que
1597 3326 1720 3396 qui-

108 3403 247 3458 dem
278 3405 528 3461 custodie
575 3416 754 3464 vestre
796 3409 1114 3480 deputatur,
1161 3413 1464 3472 oblationes
1504 3432 1716 3484 omnes,

108 3505 357 3566 excepta
386 3498 498 3552 sola
521 3498 608 3555 die
635 3515 948 3571 parascevc,
987 3511 1081 3558 aut.
1104 3521 1229 3560 cum
1254 3523 1354 3563 nos
1383 3507 1466 3564 vel
1493 3524 1718 3564 succos-

107 3603 279 3644 sorcs
310 3597 532 3645 nostros
579 3593 909 3650 necccssitas
942 3594 1036 3626 ““
1058 3611 1178 3651 eam
1225 3597 1278 3652 iu
1319 3599 1719 3668 expeditionem

107 3681 418 3751 deportare
465 3684 824 3755 compulerit;
877 3701 1090 3743 necnon
1123 3697 1179 3744 ct
1224 3705 1483 3761 maguum
1524 3691 1715 3759 altare,

107 3773 272 3843 quod
296 3783 382 3828 est
406 3773 459 3828 in
489 3775 659 3831 choro
681 3787 884 3840 vestro.
913 3794 1038 3834 cum
1063 3782 1320 3837 omnibus
1348 3784 1718 3841 oblationibus

108 3862 302 3918 eidem
326 3865 777 3933 provenicntibus
804 3869 958 3926 vobis
983 3870 1396 3928 conﬁrmamus.
1427 3873 1716 3932 Carcercm

109 3971 351 4025 quoque
379 3965 432 4010 et
456 3957 629 4014 altare
651 3975 776 4015 cum
804 3961 1081 4030 omnibus,
1108 3979 1216 4034 que
1249 3963 1449 4020 ibidem
1480 3964 1717 4021 oﬁ‘eren—

111 4056 245 4112 tur;
277 4047 449 4104 altare
480 4049 667 4106 Sancti
697 4051 845 4110 Petri
871 4063 925 4110 et
950 4053 1136 4111 Sancti
1164 4055 1424 4128 Stephani
1447 4065 1502 4114 et
1527 4057 1718 4114 iuven—

105 4141 333 4196 tiouem
369 4156 495 4196 cum
537 4143 804 4200 altaribus
851 4154 907 4201 et
940 4147 1310 4204 oblationibus
1349 4151 1592 4218 cunctis;
1633 4153 1716 4206 al-

106 4241 262 4298 tare,
307 4233 456 4303 quod
490 4242 579 4290 est
621 4235 688 4291 ad
735 4238 912 4307 capud
957 4237 1047 4271 ¹¹⁶⁵
1087 4238 1272 4296 Sancti
1327 4240 1575 4314 Sepulcri
1602 4243 1714 4312 ¹¹⁸⁸,

106 4326 469 4397 parrochiale
491 4342 616 4384 cum
645 4328 1036 4402 [oblationibus
1061 4331 1175 4406 ηδτ]
1202 4335 1348 4402 suis';
1374 4335 1714 4404 cathedram,

107 4434 234 4489 que
251 4428 339 4474 est
363 4435 508 4490 pone
531 4438 791 4494 maguum
819 4424 1012 4491 altare,
1043 4434 1097 4481 et
1131 4428 1337 4495 omnia,
1373 4443 1481 4500 que
1509 4431 1712 4488 ibidem

1822 3239 2048 3310 scopatu
2079 3229 2218 3295 eius,
2259 3239 2504 3286 castrum
2537 3227 2805 3293 FeuicuIi,
2838 3225 3064 3281 domum
3104 3224 3252 3278 iuxta
3288 3223 3418 3278 (Zai-

1825 3324 1966 3395 piias
1997 3323 2108 3390 ηπ,
2131 3322 2326 3388 Gebui,
2359 3322 2598 3388 Lecara;
2635 3329 2831 3376 cuncta
2871 3320 3058 3383 etiam,
3087 3332 3194 3388 que
3218 3317 3273 3372 in
3301 3326 3416 3372 toto

1821 3417 2294 3487 archiepiscopatu
2345 3414 2630 3470 Nazarene
2676 3422 2730 3468 et
2772 3413 2826 3466 iu
2869 3411 3187 3482 episcopatu
3232 3408 3412 3463 Acco-

1821 3507 1978 3564 neusi
2014 3507 2106 3540 ¹¹⁷³
2130 3516 2293 3575 atque
2336 3505 2390 3560 in
2417 3513 2534 3559 toto
2575 3501 2803 3574 Tyrensi
2836 3499 3330 3570 archiepiscopatu,
3360 3505 3417 3553 et

1818 3599 2004 3654 omnia
2052 3595 2468 3662 nichilominus,
2518 3610 2625 3666 que
2657 3594 2712 3648 in
2738 3594 2830 3626 “8°
2877 3593 3138 3647 universo
3181 3591 3417 3662 patriar-

1819 3693 1984 3750 chatu
2031 3699 2086 3746 et
2119 3704 2289 3760 regno
2319 3686 2795 3744 Iherosolimitano
2831 3684 3144 3755 possidetis,
3173 3683 3258 3738 vel
3283 3697 3416 3754 pos-

1818 3782 2028 3841 sessuri
2072 3783 2242 3848 estis;
2276 3781 2404 3835 item
2435 3780 2696 3851 quicquid
2727 3777 2871 3849 apud
2896 3777 3134 3832 Montem
3166 3775 3415 3847 Peregri-

1817 3891 1951 3933 num
1977 3883 2033 3930 et
2061 3874 2115 3929 in
2145 3883 2260 3929 toto
2297 3873 2612 3943 episcOpatu
2647 3871 3009 3941 Tripolitano,
3041 3869 3096 3924 in
3120 3867 3412 3923 Antiochia

1816 3979 1871 4025 et
1898 3969 1953 4023 in
1977 3975 2094 4022 toto
2117 3964 2490 4037 patriarchatu
2517 3972 2571 4019 et
2597 3964 2652 4018 in
2690 3962 3000 4034 principatu
3032 3961 3152 4016 eius
3176 3958 3410 4028 habetis,

1816 4063 1903 4118 vel
1942 4061 1998 4116 in
2033 4059 2304 4125 futurum,
2343 4057 2456 4114 Deo
2493 4058 2752 4124 donante,
2796 4055 3086 4126 adquirere
3127 4052 3410 4124 poteritis;

1817 4165 2067 4228 preterea
2113 4168 2307 4209 omnes
2333 4151 2737 4222 possessiones,
2771 4165 2910 4220 quas
2947 4148 3091 4203 ultra
3134 4161 3285 4200 mare
3313 4145 3414 4200 ha-

1774 4306 1776 4308 ,
1817 4245 1981 4315 betis,
2005 4253 2066 4301 ut
2094 4245 2148 4300 in
2193 4257 2364 4314 regno
2387 4241 2534 4312 regis
2563 4241 2769 4306 Sicilie,
2794 4239 3046 4295 videlicet
3073 4237 3129 4292 iu
3161 4237 3278 4308 ipsa
3321 4234 3411 4291 Si-

1819 4338 1964 4406 cilia,
1992 4337 2046 4392 in
2069 4335 2346 4402 Calabria,
2370 4333 2427 4388 in
2455 4341 2569 4388 tota
2595 4333 2791 4402 Apulia
2823 4350 2835 4385 :
2863 4331 3102 4400 primum
3124 4327 3412 4384 ecclesiam

1822 4427 2009 4484 Sancti
2067 4425 2314 4498 Sepulcri
2366 4423 2509 4495 apud
2561 4421 2937 4478 Brundusium
2981 4437 3105 4476 cum
3154 4418 3412 4475 omnibus

107 4511 211 4566 vel
240 4512 296 4566 in
328 4529 678 4585 quocumque
721 4518 1153 4588 prescriptorum
1194 4520 1447 4577 altarium
1488 4523 1715 4582 missam
1751 4527 1795 4583 D
1819 4519 2164 4592 pertinentiis
2199 4519 2337 4583 suis,
2391 4517 2533 4587 apud
2583 4515 2839 4571 Barolum
2885 4513 3172 4569 ecclesiam
3226 4509 3410 4566 Sancti

107 4603 439 4676 patriarcha
470 4605 846 4673 celebraverit,
895 4609 963 4663 ad
1007 4625 1231 4664 manum
1269 4628 1426 4666 suam
1471 4613 1587 4670 sive
1619 4631 1717 4686 pe-

111 4696 252 4752 dem
282 4695 611 4766 oﬁ‘erentur;
643 4713 838 4754 omnes
873 4699 1038 4755 etiam
1075 4701 1381 4760 oblationes
1421 4705 1718 4776 compassi,

112 4786 278 4858 quod
311 4788 365 4844 in
406 4789 588 4846 medio
629 4790 784 4848 chori
825 4792 992 4848 vestri
1020 4801 1138 4860 est;
1169 4795 1402 4864 plateam
1431 4813 1580 4864 vero,
1613 4813 1721 4869 que

107 4887 212 4936 est
245 4879 389 4935 inter
436 4890 652 4952 portam
686 4883 918 4940 ecclesie
967 4892 1024 4939 et
1065 4885 1409 4957 eolumpnas,
1451 4895 1506 4942 et
1553 4888 1716 4943 aliam

111 4972 364 5043 plateam
388 4971 529 5029 inter
557 4975 779 5031 easdem
806 4977 1128 5047 eolumpnas
1151 4985 1207 5032 et
1231 4975 1508 5048 Hospitale
1533 4979 1719 5036 Sancti

115 5062 411 5133 Iohannis,
443 5067 586 5123 sicut
607 5068 663 5122 in
683 5067 907 5142 longum
935 5077 990 5125 et
1017 5069 1187 5124 latum
1223 5072 1591 5141 protenditur;
1621 5073 1721 5129 do-

113 5170 250 5211 mos
274 5155 518 5228 insuper,
547 5160 835 5229 stationes,
858 5170 1034 5218 terras
1053 5171 1107 5219 et
1132 5162 1443 5237 qui[c]quid
1465 5165 1519 5219 in
1547 5181 1718 5236 quar-

114 5247 270 5302 terio
301 5250 532 5307 ecclesie
577 5260 634 5306 et
662 5265 852 5308 nostro
887 5254 1120 5321 habetis,
1156 5265 1212 5312 et
1248 5257 1315 5312 de
1357 5265 1539 5313 cetero
1574 5256 1718 5313 iuste

115 5339 414 5411 acquirere
450 5345 721 5416 poteritis,
745 5353 799 5402 et
823 5361 1016 5405 omnes
1045 5349 1180 5405 alias
1206 5349 1422 5419 domos,
1452 5350 1717 5406 stationes

1824 4610 2070 4682 Sepulcri
2097 4610 2186 4642 “3‘
2219 4624 2345 4664 cum
2387 4607 2648 4662 omnibus
2687 4604 3032 4676 pertinentiis
3070 4602 3208 4668 suis,
3235 4602 3410 4656 eccle-

1821 4703 1960 4760 siam
1985 4701 2148 4758 Troie
2170 4717 2295 4758 cum
2317 4699 2576 4755 omnibus
2602 4697 2948 4769 pertinentiis
2969 4696 3118 4761 suis;
3151 4693 3411 4765 quicquid

1823 4795 1996 4851 Rome
2039 4803 2095 4851 et
2142 4794 2197 4848 in
2234 4793 2490 4848 omnibus
2521 4790 2724 4847 tinibus
2761 4789 2899 4855 eius,
2928 4788 2984 4843 iu
3021 4785 3221 4842 Tuscia
3246 4786 3408 4840 etiam

1825 4888 1923 4964 [et]
1954 4889 2046 4920 ¹¹⁸¹
2096 4894 2209 4942 tota
2254 4885 2407 4941 Italia
2454 4884 2546 4918 ⁸⁸⁸³
2588 4882 2822 4949 habetis,
2862 4880 2946 4934 vel
2980 4878 3218 4934 habituri
3247 4879 3408 4945 estis;

1829 4981 2015 5040 omnia
2049 4981 2293 5051 insuper,
2337 4993 2445 5048 que
2479 4977 2536 5031 in
2573 4984 2686 5031 toto
2711 4987 2880 5045 regno
2903 4970 3150 5041 _Francie
3193 4978 3247 5025 et
3288 4970 3412 5025 uni-

1827 5075 2002 5132 versis
2029 5075 2208 5129 eidem
2242 5073 2360 5127 iure
2387 5069 2798 5126 subiacentibus
2825 5064 3114 5136 provintiis
3139 5064 3250 5130 ωδ,
3279 5079 3410 5117 nec-

1829 5184 1939 5224 non
1971 5175 2026 5222 et
2052 5164 2106 5220 in
2148 5163 2364 5218 cunctis
2406 5161 2591 5232 regnis
2619 5168 2674 5216 et
2716 5157 3069 5214 comitatibus
3111 5154 3413 5228 Hyspauia-

1825 5273 1969 5323 rum,
1994 5273 2089 5312 seu
2119 5255 2323 5325 ubique
2347 5253 2594 5309 locorum
2624 5251 2679 5306 in
2709 5251 2960 5322 partibus
2990 5249 3412 5306 ultramontauis

1823 5347 2099 5418 sepedicta
2138 5343 2410 5399 Dominici
2441 5341 2685 5414 Sepulcri
2730 5339 2961 5398 ecclesia
3000 5339 3280 5412 possidere
3322 5339 3410 5395 di-

195 5495 292 5531 ¹¹⁵⁹
329 5495 392 5566 Β,
408 5498 754 5574 _intm‘cionis.
833 5503 926 5537 ¹¹⁶⁰
963 5503 1025 5570 Β,
1059 5501 1426 5574 Sepulchrum.
1507 5504 1596 5538 ¹¹⁶¹

1830 5509 2068 5574 arentur._
2121 5497 2213 5574 ff“
2228 5498 2287 5574 Β,
2315 5495 2755 5574 eglesiqyartes.
2963 5494 3024 5562 Β,
3055 5495 3274 5574 teretia.“
3319 5492 3412 5574 “f‘

117 5567 533 5650 Βηνιιίςεδεεςαεζ
590 5573 798 5650 93-81
836 5567 1020 5650 caput.
1086 5567 1187 5650 fi“
1221 5573 1605 5650 B,__Se_pulch_ri.

124 5638 220 5718 tué
247 5638 476 5718 _djaprés
596 5638 825 5718 _“'_°LB,
855 5638 1211 5718 cymiterium.

122 5709 361 5782 iustitie.
463 5713 555 5746 ⁸³⁷⁵
593 5715 656 5782 Β,
688 5709 923 5772 Υὺειίηᾶ.

123 5780 454 5850 episcopatu.

128 5851 434 5910 eroct'nciis.

1705 5574 1795 5607 “"
1837 5573 1988 5643 Supp

1292 5647 1307 5677 ι
1319 5647 1382 5680 ’τι
1422 5646 1484 5710 Β,
1516 5645 1878 5700 Baldewinus.

562 5787 655 5821 mo
693 5787 929 5862 Manque
965 5789 1105 5844 dans
1149 5786 1206 5842 Β.
1239 5786 1250 5788 ⁷
1278 5786 1374 5818 ί¹¹⁸¹
1422 5787 1480 5857 Β,
1513 5786 1808 5858 Sepulchri.

1992 5571 2073 5627 léé
2106 5562 2322 5640 d‘aprés
2349 5567 2410 5623 Β.
2493 5566 2584 5640 Ἶῗῗ
2619 5566 2678 5640 ἓ.
2705 5566 3027 5640 specialiter.
3105 5565 3196 5598 “"
3216 5562 3412 5640 _ﬂesti-

1991 5644 2082 5676 ⁸¹⁷²
2122 5633 2408 5706 Β,ἐοεὶαδ.
2489 5638 2582 5670 ¹¹⁷²
2620 5637 2682 5704 Β,
2725 5633 3137 5706 Μαιιοηιανὶαγηι.
3176 5635 3308 5706 _‘m
3344 5633 3409 5706 Β,

1023 5716 1115 5750 ¹¹¹¹⁶
1152 5715 1447 5788 Suppléési
1469 5704 1605 5788 d‘api

1846 5716 1948 5788 “77-
1978 5713 2051 5788 8..
2088 5704 2278 5788 Ατξιςτ·
2317 5708 2856 5788 --“".B’.C“9.Pl'."{:
2914 5705 3118 5788 3.3"..3.
3152 5704 3412 5788 Αςρῖξενῑεί

1888 5787 1978 5818 “3'
2020 5775 2256 5855 Supple’é
2301 5779 2516 5853 d‘aprés
2541 5778 2601 5834 Β.
2663 5775 2778 5813 ’(³⁸³
2817 5779 2878 5846 Β,
2914 5776 3111 5832 I'talia.
3211 5775 3300 5809 ““
3345 5775 3388 5830 Ii
