3832 6314
499 284 667 349 12η

1097 288 1189 342 AI)
1222 285 1671 344 GODEFRIDUM‘
1707 283 1996 340 APPEND.
2037 283 2071 338 II

2196 312 2210 322 -
2247 282 2518 340 nonum.
2561 281 2650 339 ne
2685 281 2910 338 BELLO
2950 281 3196 338 saeuo.
3389 252 3395 257 ⁷
3582 291 3673 348 ius

497 404 765 470 noscitur,
791 402 872 458 vel
906 400 969 456 in.
1008 398 1278 468 futurum,
1306 401 1570 473 largiente
1595 399 1849 466 Domino,
1891 399 2086 469 adqui-
2114 400 2166 458 Α
2258 395 2460 453 Notum
2497 396 2570 451 sit
2613 395 2871 451 omnibus
2894 395 3233 462 hominibus,
3275 401 3674 482 tam‘presentibus

494 510 618 552 rere
647 494 875 565 poterit;
919 494 1018 550 hec
1046 502 1101 549 et
1133 492 1261 548 alia
1280 502 1498 560 cuncta,
1541 508 1651 564 que
1674 492 1731 548 in
1763 492 2081 563 prescriptis

492 585 976 659 patriarchatibus,
1029 584 1454 655 episcopatibus,
1506 583 1714 655 regnis,
1769 583 1932 640 terris
1984 599 2081 640 seu

494 674 787 748 provintiis
811 676 905 708 ¹¹⁸⁵
931 676 1011 732 cis
1040 690 1195 730 mare
1213 684 1308 730 aut
1346 675 1491 730 ultra
1510 689 1640 744 sepe
1665 674 1775 731 iam
1801 674 2083 731 nominate

497 765 851 827 Sanctissimi
875 765 1120 836 Sepulcri
1153 765 1386 822 ecclesie
1427 774 1483 822 et
1508 765 1665 822 vobis
1702 765 1943 822 fidelium
1981 766 2082 822 de-

495 861 647 916 votio
676 862 770 894 ¹³⁸⁸
791 860 1026 917 contulit
1056 869 1111 916 et
1136 858 1381 916 conferet
1417 860 1617 916 intuitu
1658 859 1865 927 divino,
1892 867 1946 916 et
1972 872 2081 930 que

494 953 661 1008 etiam
708 951 980 1022 emptione
1031 951 1118 1006 vel
1151 952 1330 1019 aliter,
1379 959 1445 1007 ut
1482 950 1843 1022 prediximus,
1898 951 2080 1020 adepti

490 1043 647 1109 estis,
672 1050 767 1097 aut
793 1043 861 1097 de
881 1050 1064 1097 cetero
1086 1043 1244 1099 iustis
1272 1043 1473 1111 modis,
1501 1042 1801 1113 opitulante
1823 1040 2076 1109 Domino,

491 1121 721 1201 adipisci
764 1131 1034 1202 poteritis,
1069 1142 1352 1190 etomnes
1385 1132 1776 1189 nichilominus
1810 1133 1984 1188 bonas
2025 1140 2081 1188 et

489 1223 745 1292 antiquas
767 1224 998 1281 ecclesie
1020 1232 1202 1282 vestre
1231 1226 1655 1283 consuetudines
1679 1227 1836 1283 vobis
1860 1227 2083 1283 vestris—

488 1327 597 1382 que
641 1316 1060 1372 successoribus
1106 1319 1497 1388 perpetualitcr
1537 1326 1593 1373 et
1648 1318 2099 1374 irrevocabiliter-

486 1406 607 1461 sine
634 1406 821 1477 aliquo
861 1411 1076 1465 retentu
1119 1411 1510 1466 conﬁrmamus
1538 1419 1590 1466 et
1631 1411 2076 1476 corroboramus,

486 1494 637 1550 salva
663 1496 922 1553 nimirum
951 1501 1263 1570 patriarche
1288 1501 1706 1558 Ierosolimitani
1736 1501 1917 1557 debita
1942 1503 2075 1558 obc-

485 1585 689 1641 dientia
711 1597 765 1643 et
786 1586 1115 1646 reverentia.
1150 1590 1295 1647 Sane
1324 1592 1392 1647 de
1423 1591 1509 1648 his
1537 1601 1592 1648 et
1613 1592 1736 1647 aliis
1764 1593 2074 1663 possessio-

486 1678 650 1734 nibus
670 1689 727 1735 et
751 1682 912 1737 bonis
939 1685 1135 1740 vestris
1156 1683 1386 1740 liberam
1415 1684 1762 1755 disponendi,
1791 1686 2071 1741 communi

2184 504 2350 559 quam
2367 488 2590 555 futuris,
2604 488 2751 559 quod
2771 503 2876 559 ego
2893 486 3225 554 Amalricus,
3248 486 3341 542 Dei
3364 489 3515 559 gratia
3539 488 3677 548 Sancte

2183 578 2624 637 Resurrectionis
2669 579 2899 634 ecclesie
2929 579 3264 649 patriarcha,
3311 578 3493 634 intuitu
3524 581 3677 650 pietatis

2180 679 2237 729 et
2280 672 2641 737 belemosine,
2661 687 2762 742 pro
2782 671 2956 727 salute
2980 671 3166 726 anime
3212 686 3329 727 mee
3350 670 3483 727 dono
3502 681 3546 728 et
3563 673 3678 729 tinni-

2182 772 2263 820 ter
2289 765 2530 821 concedo
2577 764 2695 831 tibi,
2741 762 2921 827 Petra.
2973 763 3144 835 prior.
3169 762 3431 818 Dominici
3482 763 3677 834 Sepulcri,

2179 856 2539 927 eiusdemque
2563 856 2805 927 capitqu
2829 871 2894 911 ac
2915 855 3146 911 ecclesie
3165 865 3328 926 atque
3350 858 3679 914 successoribus

2179 946 2380 1002 vestris
2403 946 2455 1001 in
2472 954 2803 1017 perpetuum
2823 946 3279 1013 iurisdictionem,
3303 961 3458 1016 quam
3488 947 3680 1006 habebam

2181 1037 2235 1093 in
2256 1038 2435 1105 vinea,
2463 1054 2572 1108 que
2593 1035 2701 1092 fuit
2722 1036 2875 1092 Petri
2896 1037 2962 1093 de
2987 1037 3190 1093 Sancto
3213 1036 3426 1104 Iacobo,
3455 1038 3586 1093 cuius
3602 1056 3681 1109 por-

2181 1128 2406 1197 tionem,
2429 1145 2594 1200 quam
2627 1130 2770 1185 idem
2804 1127 3001 1186 Petrus
3048 1130 3106 1184 in
3145 1129 3265 1200 ipsa
3309 1130 3460 1185 vinea
3499 1130 3680 1201 habebat,

2180 1238 2280 1279 vos
2301 1230 2516 1278 constat
2538 1223 2606 1278 ab
2635 1239 2701 1280 eo
2722 1224 2953 1290 emisse;
2985 1239 3091 1293 que
3114 1223 3364 1278 videlicet
3401 1223 3542 1277 vinea
3576 1225 3683 1282 habet

2180 1314 2251 1369 ab
2271 1314 2479 1370 oriente
2501 1324 2556 1370 et
2577 1316 2947 1385 septentrione
2970 1314 3185 1369 vineam
3209 1314 3277 1369 de
3300 1312 3502 1380 Latina,
3523 1316 3577 1368 ab
3592 1319 3683 1370 oeci.

2178 1408 2341 1463 dente
2361 1416 2589 1463 stratam
2615 1408 2843 1479 regiam,
2872 1423 2981 1478 que
3008 1407 3161 1463 ducit
3180 1423 3212 1463 a
3234 1408 3399 1462 domo
3420 1408 3681 1478 leprosorum

2181 1496 2368 1555 Sancti
2390 1499 2583 1555 Lazari
2613 1516 2805 1557 versus
2826 1500 3004 1555 lacum
3032 1499 3269 1575 Legerii,
3294 1516 3325 1554 a
3348 1501 3555 1555 meridie
3570 1502 3682 1567 riam,

2178 1605 2286 1660 que
2326 1589 2490 1650 ducit.
2523 1590 2593 1645 ab
2617 1589 2849 1645 ecclesia
2877 1588 3065 1644 Sancti
3118 1588 3384 1661 Stephani
3408 1590 3473 1645 ad
3504 1591 3684 1647 eamdem

2178 1689 2441 1749 stratam;
2466 1682 2634 1737 libere
2655 1690 2710 1738 et
2730 1681 2913 1752 quiete
2950 1682 3239 1738 tenendam
3259 1690 3315 1737 et
3336 1682 3621 1751 habendam,
3638 1687 3682 1739 ad

485 1778 670 1826 tamen
692 1774 926 1829 consilio
948 1783 1004 1831 et
1033 1775 1101 1830 ad
1132 1775 1516 1832 honorechi
1546 1785 1601 1832 et
1631 1777 1861 1834 ecclesie
1896 1786 2076 1832 vestre
2110 1756 2152 1811 Β
2178 1774 2391 1831 libitum
2423 1785 2663 1847 vestrum
2696 1783 2805 1830 tam
2833 1775 2899 1831 de
2945 1783 3246 1831 memorata
3304 1776 3454 1830 vinea
3494 1792 3622 1846 quam
3642 1777 3687 1832 de

483 1864 814 1934 profectum,
859 1867 1130 1923 habebitis
1168 1867 1504 1924 facultatem.
1554 1866 1803 1925 Obeunte
1827 1885 1959 1925 vezo
1991 1870 2076 1926 vel
2177 1875 2320 1923 terra
2355 1876 2410 1923 et
2438 1868 2563 1924 aliis
2588 1868 2934 1939 pertinentiis
2959 1867 3075 1923 suis
3104 1866 3439 1933 fatiendum;
3476 1868 3538 1923 ita
3558 1877 3685 1924 tamen

485 1954 877 2012 transfretante
906 1959 1217 2027 patriarcha
1244 1958 1698 2027 lerosolimitano,
1727 1962 1881 2031 prior
1902 1970 1960 2016 et
1983 1979 2078 2018 ca—
2173 1960 2322 2031 quod
2352 1969 2463 2016 tam
2490 1977 2593 2016 vos
2634 1977 2802 2032 quam
2846 1976 3197 2017 successores
3249 1961 3416 2016 vestri
3461 1977 3591 2017 versa
3608 1962 3689 2016 rice

487 2046 695 2114 nonici,
740 2049 834 2118 qui
873 2064 972 2117 pro
1000 2058 1244 2120 tempore
1275 2052 1330 2106 in
1362 2055 1549 2107 eadem
1585 2054 1815 2109 ecclesia
1847 2053 2073 2122 fuerint,
2174 2053 2375 2108 intuitu
2398 2053 2615 2124 pietatis
2644 2054 2732 2108 die
2751 2054 2935 2109 obitus
2962 2054 3067 2108 mei
3091 2068 3191 2124 pro
3228 2054 3336 2108 mei
3362 2070 3688 2109 commemora-

484 2136 729 2205 domum,
762 2148 823 2194 ut
864 2141 1068 2196 iustum
1102 2151 1207 2209 est,
1256 2153 1311 2198 et
1352 2142 1617 2200 familiam
1652 2146 1981 2215 patriarche,
2021 2158 2075 2201 et
2171 2144 2323 2201 tione
2344 2145 2689 2200 introducere
2735 2145 2944 2201 debetis
2973 2146 3041 2199 ad
3090 2144 3443 2201 refectionem
3485 2146 3686 2200 tredecim

482 2231 689 2299 omnia,
712 2248 820 2302 que
840 2233 908 2289 ad
936 2233 1023 2290 ius
1049 2234 1169 2291 eius
1197 2243 1464 2306 spectant,
1498 2237 1647 2292 intus
1669 2247 1723 2293 et
1753 2247 1907 2294 extra
1937 2240 2072 2295 lide-
2172 2252 2439 2307 pauperes
2465 2245 2519 2292 et
2541 2236 2803 2292 tredecim
2828 2237 3059 2292 clericos
3092 2237 3253 2305 alios,
3280 2237 3374 2309 qui
3396 2239 3603 2308 psalmos
3620 2254 3689 2308 pro

480 2321 606 2378 liter
656 2318 969 2381 custodierit
1025 2336 1080 2383 et
1120 2336 1330 2399 regent,
1376 2329 1551 2385 donec
1596 2330 1735 2385 alter
1768 2331 2070 2387 secundum

2196 2342 2294 2381 nea
2319 2327 2510 2398 requie
2536 2327 2920 2395 decantarent;
2945 2327 3204 2399 deinceps
3234 2345 3365 2384 vero
3387 2330 3629 2383 annuatim
3652 2330 3693 2381 in

483 2411 654 2468 Deum
687 2416 1016 2473 substitutus
1054 2418 1240 2487 fuerit,
1268 2429 1365 2475 aut
1392 2421 1569 2476 donec
1597 2421 1713 2491 ipse
1752 2423 1994 2489 redierit,
2023 2423 2072 2479 si
2171 2426 2493 2489 perpetuum
2518 2418 2606 2474 dic
2635 2419 3000 2474 anniversarii
3048 2420 3156 2474 mei
3213 2419 3465 2475 tredctim
3484 2434 3692 2489 pauperes

480 2501 933 2563 transfretaverit.
994 2509 1173 2567 Perro'
1216 2512 1565 2567 medietatem
1630 2514 2067 2583 possessionum,

2196 2508 2439 2577 reﬁtietis,
2459 2518 2514 2564 et
2534 2509 2620 2565 die
2639 2508 2824 2565 Sancti
2849 2508 3132 2566 Michaelis
3146 2510 3215 2566 ad
3228 2511 3483 2585 capellam
3494 2498 3695 2566 nostram

482 2612 591 2668 que
629 2599 770 2655 inter
796 2616 898 2657 nos
927 2618 1270 2671 communes,
1298 2612 1358 2659 ut
1385 2604 1438 2658 in
1468 2604 1685 2676 Anglia,
1716 2606 1769 2660 in
1798 2605 1976 2674 Datin,
2013 2607 2069 2663 in
2169 2608 2219 2654 et
2269 2599 2678 2655 succedentium
2719 2600 2775 2655 in
2826 2601 3263 2670 patriarchatum
3296 2600 3514 2671 singulis
3544 2599 3694 2670 iugiter

479 2686 834 2759 Alemannia,
886 2690 1145 2762 Polonia,
1189 2693 1444 2763 Rutenia,
1489 2694 1733 2767 Avagla,
1768 2695 2067 2768 IIungaria,
2169 2694 2329 2750 annis
2352 2694 2491 2749 duos
2519 2710 2709 2750 cereos
2733 2695 2900 2764 precii
2926 2695 3089 2751 unius
3112 2695 3348 2751 bisancii
3376 2693 3556 2750 deferri
3574 2693 3696 2748 fatie—

474 2780 971 2855 Constantine];on
997 2784 1086 2817 “"
1117 2794 1173 2840 et
1202 2786 1258 2840 in
1302 2788 1559 2843 omnibus
1594 2788 1796 2845 ﬁnibus
1828 2789 1971 2857 eius,
2010 2790 2068 2845 in
2168 2784 2241 2861 tis
2264 2785 2319 2839 in
2346 2785 2536 2840 eadem
2565 2785 2962 2841 accendendos.
2990 2785 3061 2842 Ut
3090 2795 3275 2843 autem
3301 2787 3404 2843 ista
3425 2786 3694 2857 compacto,

480 2873 683 2943 quibus
724 2875 1071 2931 medietatem
1112 2892 1477 2949 expensarum
1524 2895 1728 2951 ponere
1779 2881 2064 2959 debemus,
2167 2856 2411 2943 donatio,
2439 2877 2604 2932 etiam
2632 2877 2914 2934 concessio
2944 2892 3012 2933 ex
3055 2886 3293 2949 utraque
3332 2888 3477 2949 parte
3524 2856 3623 2932 rate
3658 2887 3701 2931 et
3798 2856 3799 2933 Ῐ

480 2965 827 3021 medietatem
850 2968 1009 3025 vobis
1044 2970 1455 3027 confirmamus.
1498 2971 1556 3027 Si
1594 2972 1718 3042 quis
1743 2980 1927 3027 autem
1961 2974 2068 3030 hoc
2167 2968 2509 3025 inviolabiles
2530 2969 2679 3025 omni
2700 2978 2942 3039 tempore
2970 2979 3350 3040 permaneant,
3368 2984 3573 3040 presens
3594 2983 3700 3024 con—

478 3057 825 3128 privilegium
854 3069 1102 3116 nostrum
1134 3063 1339 3118 violare
1360 3065 1780 3134 presumpserit,
1818 3064 1894 3119 illi
1928 3080 2067 3135 pene
2094 3112 2138 3135 η
2169 3063 2435 3134 scriptum
2488 3063 2543 3117 in
2618 3062 2937 3118 mcmoriale
2992 3064 3388 3133 sempiternum
3424 3060 3572 3134 sigilli
3618 3060 3705 3115 mei
3798 3048 3799 3093 ἶ

481 3148 783 3217 subiaceat,
815 3168 979 3222 quam
1005 3153 1148 3209 Deus
1167 3155 1423 3211 omnibus
1444 3157 1749 3213 maledictis
1789 3158 2063 3229 promisit,
2092 3148 2139 3175 “¹
2170 3155 2515 3227 appositionc
2541 3154 2871 3211 communiri
2895 3171 2959 3211 ac
2980 3155 3231 3210 rohorari
3252 3155 3518 3210 mandavi.
3798 3148 3799 3211 Ῑ

475 3238 583 3295 nisi
611 3255 640 3293 a
664 3257 761 3295 sua
794 3245 1101 3302 temeritate
1127 3248 1452 3318 resipuerit;
1483 3249 1656 3319 gratia
1679 3259 1860 3305 autem
1883 3260 1938 3305 et
1959 3238 2065 3327 pair

479 3344 508 3382 a
548 3328 660 3385 Deo
682 3340 834 3401 patre
859 3343 913 3390 et
953 3334 1187 3392 Domino
1211 3338 1372 3395 lhesu
1394 3340 1616 3397 Christo
1644 3343 1715 3398 sit
1742 3343 1846 3400 ista
1875 3353 2064 3400 custo-

474 3419 642 3474 dienti
696 3431 751 3476 et
792 3434 983 3487 sancte
1025 3426 1469 3496 lerosolimitane'
1501 3430 1779 3505 {ecclesie}
1810 3433 1900 3499 ¹ῗ⁸⁸
1937 3433 2063 3504 jura

473 3512 666 3566 tuenti.
695 3512 765 3568 Ut
799 3525 982 3571 autem
1026 3519 1132 3574 hoc
1162 3521 1507 3593 privilegium
1534 3531 1788 3579 nostrum
1818 3524 2065 3591 firmum,

472 3601 661 3670 (intra,
714 3608 908 3663 stabile
953 3617 1007 3665 et
1038 3611 1421 3669 inconvulsum
1473 3624 1812 3685 permaneat,
1859 3617 2064 3686 placuit

472 3696 603 3751 illud
646 3699 887 3767 plumbei
935 3701 1099 3771 sigilli
1132 3706 1307 3760 nostri
1357 3706 1717 3778 impressione
1759 3709 1979 3764 munire
2006 3718 2064 3765 et

470 3788 907 3860 subscriptorum
953 3796 1174 3851 testium
1214 3798 1453 3869 veridica
1499 3799 1883 3857 testiﬁcatione
1928 3816 2061 3859 con-

468 3880 704 3939 ﬁrmare.
728 3883 902 3942 Huius
926 3888 1005 3943 rei
1032 3897 1199 3949 testes
1223 3900 1353 3946 sunt
1381 3910 1394 3946 :

612 3975 898 4046 Lctartlus,
928 3979 1279 4050 Nazarenus;
1312 3981 1611 4039 Ilernesius
1639 3983 2060 4052 “",Cesareen-

682 4070 794 4136 sis,
849 4073 1269 4144 archiepiscopi.
1333 4075 1713 4148 W[illelrnus],
1771 4077 2058 4133 Acconcn-

679 4163 761 4220 sis
776 4166 896 4233 “"°;
928 4165 1258 4235 Bernartius,
1274 4167 1583 4236 Liddensis,
1608 4170 1869 4239 Absalon,
1884 4188 2058 4242 quon-

680 4257 804 4311 dam
834 4258 1251 4327 Ascalonensis,
1271 4261 1534 4331 episcopi.
1565 4261 1865 4327 ﬂenaldus,
1883 4264 2055 4321 abbas

678 4346 878 4405 Montis
907 4348 1074 4421 Syon.
1109 4352 1473 4420 Raimundus,
1506 4352 1676 4407 abbas
1703 4351 1911 4425 Templi
1945 4355 2053 4413 Do-

676 4438 833 4494 mini.
868 4438 1067 4510 Guido,
1091 4444 1263 4517 abbas
1306 4444 1505 4499 Sancte
1535 4442 1703 4501 Mario
1733 4445 1801 4500 de
1829 4445 2042 4505 Latina.
2076 4454 2126 4515 ι)

682 4526 1016 4601 Bernardus,
1056 4534 1208 4603 prior
1262 4533 1462 4590 Montis
1503 4533 1720 4591 Oliveti.
1772 4535 2045 4608 Eraclius,

673 4622 1093 4682 archidiaconus
1134 4626 1485 4682 lherusalem.
1515 4627 1780 4686 Arnulfus
1809 4630 1921 4698 “",
1952 4648 2047 4689 ca-

669 4714 940 4785 pellanus.
1001 4717 1318 4786 Gaufridus,
1365 4717 1595 4789 dapifer.
1654 4720 1927 4781 Robertus
1975 4725 2045 4781 de

660 4802 958 4877 .Pinkegni.
1054 4850 1061 4857 .
1276 4852 1280 4856 Α

529 4890 665 4948 Data
692 4893 1036 4952 Eihrusalem
1068 4897 1182 4964 “",
1210 4912 1359 4954 anno
1386 4900 1473 4956 ’ab
1504 4901 1890 4971 incarnatione
1934 4906 2041 4966 Do-

457 4979 591 5035 mini
615 4994 836 5036 licunt.
898 5034 903 5037 .

2186 3297 2192 3301 .
2239 3246 2467 3303 Factum
2511 3255 2595 3303 est
2640 3247 2747 3302 hoc
2782 3263 2928 3326 anno
2981 3248 3051 3303 ab
3107 3247 3477 3303 incarnatione
3524 3245 3710 3302 Domini
3798 3258 3799 3269 ‘

2168 3355 2446 3409 ncuxvn,
2475 3340 2771 3399 indictione
2800 3357 2922 3410 vui,
2964 3348 3227 3416 regnante
3249 3341 3308 3400 in
3331 3338 3710 3401 sartrlalewsa-
3798 3366 3799 3403 γ

2166 3431 2581 3501 lem‘BaItluino,
2597 3433 2691 3490 Dei
2707 3436 2883 3507 gratia
2900 3436 3222 3492 Latinorum
3247 3455 3373 3510 rege
3389 3450 3555 3495 sexto.
3570 3437 3712 3493 [Iulus
3798 3438 3799 3511 Τ

2165 3522 2244 3583 rei
2266 3534 2434 3582 testes
2457 3536 2585 3582 sunt
2611 3545 2625 3580 :
3798 3548 3799 3565 ξ

2238 3617 2311 3674 De
2340 3619 2621 3675 canonicis
2650 3618 2836 3675 Sancti
2861 3618 3113 3690 Sepulcri
3146 3622 3521 3678 sacerdotibus
3546 3642 3560 3677 :

2304 3709 2461 3782 [Iugo
2481 3711 2548 3768 de
2588 3710 2813 3783 Nigella.
2839 3711 3259 3782 Constantinus,
3300 3716 3579 3772 diaconus.
3601 3712 3716 3768 Otia.

2374 3801 2668 3874 Rogerius,
2699 3803 3092 3861 subdiaconus.
3148 3805 3425 3863 Robertus
3448 3808 3515 3863 de
3546 3805 3715 3859 Roma.
3798 3838 3799 3847 η

2373 3890 2568 3947 Petrus
2590 3891 3059 3949 Barchilonensis.

2230 3983 2307 4040 De
2330 3983 2536 4040 familia
2558 4000 2680 4040 mea
2708 4003 2722 4040 :
3052 4010 3055 4011 ν
3570 4010 3571 4015 η
3798 3984 3799 4059 Ϊ

2300 4060 2617 4143 Galfredus,
2653 4075 2883 4146 dapifcr.
2930 4076 3216 4146 Girardus,
3259 4080 3598 4151 cape-lienus.
3639 4078 3726 4133 Ps—
3798 4076 3799 4105 ³

2376 4176 2515 4235 trus,
2566 4168 2819 4223 clericus.
2865 4168 3195 4237 Wlllclmus,
3237 4173 3499 4239 crucifer,
3522 4173 3614 4243 qui
3646 4172 3728 4224 hcc
3798 4176 3799 4247 ξ

2368 4261 2712 4331 conscripsit.
2746 4261 3089 4330 Aldcbcrtus,
3132 4266 3420 4334 pinccrna,
3446 4275 3585 4321 tunc
3606 4276 3726 4319 tem-

2368 4352 2522 4422 poris
2574 4361 2861 4423 preceptor
2905 4353 3106 4410 domus
3154 4371 3293 4411 mee.
3348 4355 3550 4412 Petrus
3583 4356 3731 4410 ιω,

2363 4444 2588 4499 bardus.
3798 4460 3799 4527 ξ

2163 4588 2167 4593 .
2219 4536 2417 4592 Datum
2459 4552 2557 4608 per
2580 4553 2805 4594 manum
2836 4539 3084 4611 magistri
3126 4539 3382 4597 Monachi
3407 4540 3732 4605 cancellarii,
3798 4530 3799 4567 ἦ

2145 4646 2335 4687 mense
2366 4629 2540 4687 iunio.
3798 4620 3799 4657 ῖ

2742 4745 2954 4801 CLXIX
3000 4747 3103 4803 ¹¹⁹⁶.

2157 4848 2227 4889 DE
2262 4849 2469 4890 DUOBUS
2525 4851 2834 4899 QUINTARIIS
2878 4852 3223 4904 RACEIORUI,
3280 4854 3389 4903 QUB
3429 4856 3739 4901 BALDCI‘SFS.
3798 4878 3799 4917 χ

2230 4920 2335 4960 REX
2374 4921 2580 4962 SEXTUS
2618 4922 2819 4961 SANCTE
2862 4923 3141 4965 CIVITATIS
3175 4925 3495 4968 ιειιυδιιεκ
3522 4955 3540 4977 ,
3593 4926 3737 4967 DEDIT

2219 4991 2475 5031 ECCLESIE
2512 4992 2698 5031 SANCTI
2736 4993 3006 5033 SEPULCRI.

2221 5065 2280 5121 In
2313 5068 2537 5123 nomine
2573 5077 2761 5123 sancte
2786 5077 2839 5123 et
2864 5069 3145 5125 individue
3168 5070 3469 5131 Trinitatis
3498 5075 3677 5131 Patris
3701 5086 3744 5128 et

2148 5156 2273 5211 Filii
2296 5166 2350 5212 et
2379 5154 2616 5228 Spiritus
2646 5156 2855 5227 Sancti,
2881 5175 3060 5215 amen.

2218 5249 2421 5307 Notum
2467 5252 2539 5307 sit
2578 5250 2856 5319 omnibus,
2886 5260 2995 5307 tam
3025 5251 3228 5309 futuris
3259 5270 3438 5326 quam
3485 5265 3747 5328 presum-

2144 5345 2272 5412 ltus,
2296 5344 2443 5416 quod
2464 5360 2565 5416 ego
2596 5342 2919 5410 Balduinns,
2946 5360 3040 5414 per
3064 5344 3159 5400 Dei
3188 5348 3433 5418 gratiam
3486 5351 3548 5406 in
3575 5354 3745 5407 saan

2146 5436 2365 5492 civitate
2408 5434 2702 5493 Ierusalem
2745 5435 3068 5493 Latinorum
3117 5453 3217 5494 rex
3255 5449 3489 5508 sextus,
3534 5444 3748 5499 donoet

1018 5126 1019 5129 η
1038 5072 1296 5131 CLXVIII
1336 5076 1446 5134 ιη’.

455 5175 633 5216 οοκυιι
672 5176 883 5218 FACTUI
917 5180 1165 5223 ECCLESIE
1201 5181 1387 5226 SANCTI
1428 5188 1681 5237 δερυιιωιι
1718 5192 1786 5231 DE
1821 5191 2036 5240 QUADAI

403 5269 417 5297 ,
1149 5256 1326 5296 VINBA.

525 5318 584 5374 In
616 5323 838 5380 nomine
861 5337 1048 5384 sancte
1072 5339 1127 5385 et
1150 5331 1428 5391 individue
1470 5334 1755 5396 Trinitatis
1783 5338 2039 5399 Patris'et

454 5406 579 5466 Filii
599 5421 655 5468 et
678 5412 912 5486 Spiritus
941 5417 1145 5490 Sancti,
1172 5436 1351 5480 amen.

382 5528 405 5583 ’³
460 5640 506 5659 ..
556 5566 749 5657 “"‘.B»
800 5576 1104 5659 resistet
1145 5650 1156 5659 .
1350 5569 1412 5659 Β,
1463 5582 1698 5659 dendo;
1782 5585 1888 5659 7'."
1921 5584 2014 5659 -8.
2070 5612 2071 5627 ι

2196 5588 2554 5659 ιιαηιὶηορριὶ.

451 5640 833 5726 ῌενηςςὶαδειξι
874 5647 993 5726 ¹Α¹⁹⁰Δ
1113 5640 1430 5726 βοοηειιεὶἐ.
1532 5652 1621 5726 mf
1661 5640 2086 5726 BLAritulphits.

449 5712 586 5770 dans
609 5714 668 5769 B.
750 5716 840 5750 “’1'
868 5716 913 5770 Α
969 5717 1010 5772 Ρ
1041 5720 1163 5788 1.8,
1196 5732 1269 5789 v°;
1302 5736 1539 5792 marique
1579 5712 1722 5783 dans
1739 5725 1796 5782 Β.

2662 5588 2753 5621 ¹¹⁸⁸
2794 5587 3028 5662 ευρνιέύ
3092 5588 3316 5662 sl‘aprés
3372 5593 3443 5649 Β-
3533 5600 3630 5635 ⁸³⁸⁸
3696 5600 3746 5662 [ὲ

2198 5658 2294 5693 tm
2328 5658 2391 5720 Β,
2426 5657 2759 5739 Jerusalem.
2837 5657 2930 5693 ‘m
2966 5659 3036 5727 A,
3093 5660 3136 5715 Ρ
3184 5657 3316 5727 147,
3377 5678 3469 5734 v';
3521 5657 3749 5740 marique
