3832 6314
176 384 277 445 1249

90 612 103 621 ~
167 588 252 642 Deo
269 572 523 635 ctocclesie
548 569 743 627 Sancte
771 566 1207 623 Resurrectionis
1228 580 1443 623 necnon
1470 575 1526 622 et
1558 566 1653 625 Pc-

166 687 244 740 ιτο,
265 666 469 726 eiusdem
483 660 775 717 venerabili
795 659 980 729 priori,
1005 658 1276 715 universis
1296 659 1462 723 etiam
1486 674 1653 715 cano—

164 765 270 822 nicis
292 758 461 814 ibidem
486 752 596 808 Deo
620 751 976 809 servientibus
1008 759 1064 807 et
1108 751 1164 806 in
1189 760 1512 822 perpetuum
1536 766 1654 808 δον.

161 854 311 913 vituris
325 851 446 908 duos
477 844 779 917 quintarios
809 858 1155 900 racemorum
1200 844 1257 898 in
1283 843 1457 903 vineis
1493 844 1650 912 meis,

161 963 242 1020 quc
259 951 363 1001 sunt
379 953 531 1011 prope
552 937 834 995 ecclesiam
859 935 1059 993 Sancte
1086 935 1299 1004 Crucis,
1324 938 1654 1007 perpetuali.

155 1049 218 1095 ter
234 1031 429 1105 singulis
450 1028 602 1085 annis
617 1028 976 1098 recipiendos,
1001 1028 1284 1095 habendos
1304 1037 1360 1086 et
1377 1030 1655 1100 possiden-

155 1131 245 1194 dos,
266 1127 312 1180 in
335 1121 582 1179 cambium
609 1119 815 1176 scilicet
839 1118 1075 1186 decime,
1101 1135 1270 1190 quam
1299 1120 1576 1176 habebant
1595 1121 1652 1181 in

150 1221 287 1284 vinea,
307 1230 400 1286 que
418 1221 498 1268 est
513 1210 671 1281 juxta
691 1210 994 1267 secundum
1026 1211 1120 1243 “"
1142 1210 1461 1283 Procopius,
1484 1229 1652 1284 quam

149 1309 352 1367 dominus
372 1313 422 1360 et
445 1311 589 1374 pater
615 1317 772 1359 meus
794 1301 881 1372 pie
901 1302 1318 1370 recordationis,
1334 1320 1444 1360 rex
1465 1306 1654 1361 Amal-

144 1400 276 1464 ricus,
301 1393 502 1452 donavit
525 1390 750 1457 ecclesie
799 1391 1001 1448 Montis
1046 1390 1193 1465 Syon
1237 1409 1339 1465 pro
1361 1394 1483 1451 lacu
1517 1395 1652 1458 Gerg-

142 1489 275 1555 mani,
301 1485 384 1557 qui
429 1483 729 1541 communis
775 1490 861 1541 est
888 1485 1082 1542 usibus
1109 1486 1364 1542 universe
1392 1487 1647 1545 civitatis.

140 1580 193 1637 Ut
217 1579 355 1651 igitur
376 1577 472 1633 hec
492 1591 620 1657 mea.
652 1576 881 1659 donatio
902 1587 1024 1633 rata
1061 1588 1380 1648 permaneat
1424 1580 1477 1635 in
1508 1590 1651 1637 cter-

138 1689 237 1728 num
262 1669 651 1737 etindissoluta,
673 1679 986 1740 presentem
1017 1679 1226 1726 cartam
1250 1673 1484 1733 testibus
1514 1676 1649 1731 sub-

133 1764 308 1834 scriptis
326 1763 494 1835 sigillo
512 1762 857 1821 meomuniri
885 1772 939 1820 ct
959 1765 1306 1820 corroborari
1338 1767 1574 1837 prccepi.

1073 364 1521 424 CARTULAIRE
1559 367 1651 426 DU
1691 368 1894 427 SAINT
1935 367 2315 426 SEPULCRE.

172 489 373 555 concedo,
410 480 661 553 regioque
688 476 979 535 maiestatis
1025 477 1351 534 auctoritate
1393 480 1659 537 conﬁrmo
1687 487 1735 543 Α

3204 375 3344 433 1250

2364 477 2575 535 CLXXI
2607 479 2716 534 "".

1794 576 2135 631 PRIVILEGRII
2162 587 2352 633 DOIINI
2391 570 2733 644 WIILLELII],
2771 587 2930 632 necte
2960 590 3156 634 SICILIE
3188 578 3300 633 ωε.

1826 661 1887 718 In
1931 664 2153 723 nomine
2194 663 2289 720 Dei
2339 663 2516 720 etcrni
2543 672 2601 721 et
2644 664 2937 726 salvatoris
2980 669 3160 729 nostri
3214 669 3336 728 Iesu

1755 753 1982 823 Christi,
2012 771 2193 813 amen.

1833 867 2203 941 W[illelmus],
2247 867 2431 924 divina
2457 867 2675 927 favente
2697 869 2985 926 clementia
3033 887 3130 927 rex
3156 870 3341 931 Sicilie

1756 958 1870 1025 ω’,
1899 959 2132 1016 ducatus
2169 961 2362 1030 Apulic
2391 970 2447 1016 et
2473 960 2815 1032 principatus
2830 960 3039 1034 Capue.
3070 961 3341 1020 Omnibus

1753 1051 2002 1108 ccclesiis
2045 1068 2110 1108 ac
2142 1052 2281 1107 Iocis
2308 1053 2558 1125 religioni
2588 1054 2788 1110 deditis
2821 1055 3022 1127 dignus
3047 1055 3228 1111 honor
3256 1063 3343 1113 est

1754 1143 2129 1212 exhibendas;
2158 1144 2281 1214 plus
2311 1151 2493 1201 tamen
2514 1160 2579 1201 ea
2601 1147 2905 1203 reverentic
2933 1157 3340 1219 promerentur,

1754 1250 1862 1306 que
1888 1236 2149 1291 maiorem
2184 1237 2412 1308 gloriam
2442 1238 2625 1294 divine
2653 1239 2872 1296 virtutis
2900 1240 3186 1313 privilegio
3221 1256 3341 1297 sor-

1755 1327 1984 1383 tiuntur.
2042 1327 2101 1383 In
2141 1329 2342 1400 quibus
2387 1330 2579 1401 utique
2609 1329 2932 1402 Sepulcrum
2966 1333 3059 1366 “‘0
3089 1332 3343 1389 Domini-

1753 1435 1902 1487 cum,
1950 1420 2097 1476 sicut
2121 1420 2280 1477 titulo
2307 1422 2526 1478 elariori
2555 1424 2845 1497 preminct.
2874 1425 2969 1482 sic
2997 1426 3162 1482 etiam
3194 1426 3342 1485 chrij

1751 1513 1930 1567 stianc
1973 1513 2280 1570 devotionis
2315 1514 2514 1571 intuitu
2540 1515 2695 1570 cultu
2719 1518 3090 1585 venerandum
3125 1527 3211 1575 est
3256 1519 3340 1574 di—

1748 1604 1952 1676 gniori.
2013 1602 2291 1671 Undead
2358 1607 2683 1663 venerabilis
2729 1618 3035 1665 conventus
3091 1610 3337 1667 eiusdem

1749 1695 1980 1751 ecclesie
2006 1710 2194 1765 preces
2219 1712 2382 1753 aures
2412 1705 2597 1753 nostrc
2621 1698 2907 1755 clementie
2927 1708 3083 1755 tanto
3105 1716 3342 1772 pI'Open-

1750 1786 1869 1843 sius
1918 1786 2268 1854 inclinamus,
2322 1798 2528 1857 quanto
2581 1790 2834 1846 devotius
2883 1792 3081 1846 celebr.
3101 1800 3216 1847 tum
3269 1792 3341 1847 ibi

185 1878 375 1934 Facutm
417 1885 500 1933 cst
545 1878 649 1933 hoc
692 1893 839 1934 anno
883 1878 954 1934 ab
997 1878 1378 1935 incarnatione
1432 1879 1648 1935 Domini
1681 1889 1724 1950 Β
1751 1892 1874 1933 esse
1903 1878 2295 1948 redemptionis
2322 1888 2510 1935 nostre
2553 1881 2863 1935 misterium
2903 1882 2994 1913 ¹²⁰¹
3024 1883 3259 1937 colimus
3290 1890 3345 1936 it

128 1987 352 2038 return,
378 1970 664 2026 indictione
690 1986 749 2025 ι.
777 1969 954 2027 Huius
982 1971 1060 2026 rei
1087 1979 1254 2027 testes
1277 1979 1405 2027 sunt
1435 1989 1449 2025 :

236 2083 521 2139 Willelmus
542 2082 890 2152 Marcbisius,
923 2083 1314 2140 Ascalonensis
1342 2092 1396 2139 et
1422 2082 1650 2155 Inppen-

290 2177 361 2233 sis
380 2190 579 2232 comes.
610 2175 883 2233 Iohannes
911 2177 981 2232 de
1007 2176 1204 2233 Assur.
1257 2177 1552 2233 Anselmus
1581 2177 1648 2232 de

288 2268 424 2324 Bria.
450 2267 720 2337 Roardus,
746 2269 1082 2325 castellanos
1105 2268 1421 2325 Ierusalem.
1446 2267 1647 2323 Petrus

287 2361 349 2416 dc
388 2360 636 2418 Creseca.
692 2362 987 2419 Anselmus
1050 2361 1285 2418 d‘Abim.
1340 2360 1646 2417 Willclmus

282 2452 521 2508 Patrum.

164 2567 332 2625 Datum
371 2567 685 2637 Ierusalem,
731 2584 828 2642 per
853 2584 1050 2625 manus
1099 2567 1398 2634 Lambcrti,
1436 2567 1651 2647 domini

116 2657 519 2733 regisrcapellani.
1499 2670 1503 2675 '

686 2788 874 2846 CLXX
916 2789 1029 2845 “".

106 2920 247 2962 DONUI
294 2921 559 2962 CUIUSD‘AI
610 2920 790 2971 “N38,
849 2920 951 2969 ρυε
986 2919 1108 2959 ειτΑ
1144 2917 1245 2958 EST
1295 2918 1432 2957 APUD
1470 2916 1644 2957 PBDEI

659 2992 856 3034 IONTIS
893 2990 1043 3032 SYON.

151 3104 201 3163 In
219 3109 430 3164 nomine
449 3107 632 3163 Patris
652 3117 705 3163 et
724 3104 847 3162 Filii
872 3114 926 3163 et
949 3104 1187 3177 Spiritus
1207 3104 1416 3174 Sancti,
1442 3121 1602 3162 amen
1624 3124 1641 3173 ;

102 3198 182 3272 [in]
210 3202 403 3257 unitate
431 3201 740 3270 Trinitatis,
772 3216 953 3256 amen.

1750 1982 2096 2023 veneramur.
2140 1968 2223 2024 Ad
2254 1968 2571 2038 petitionem
2618 1971 2788 2041 igitur
2817 1970 2984 2039 Petri,
3017 1973 3293 2028 venerabil
3315 1988 3344 2028 s

1746 2058 1970 2128 prioris,
2014 2068 2067 2114 et
2092 2070 2395 2116 conventus
2422 2061 2594 2131 ipsius
2632 2064 2859 2119 ecclesie
2887 2065 3240 2120 concedimus
3260 2064 3345 2119 ci-

1746 2147 1869 2202 dem
1907 2148 2135 2203 ccclesic
2186 2148 2375 2204 Sancti
2425 2148 2695 2220 Scpulcri,
2727 2160 2783 2206 et
2815 2152 3344 2223 regie'auctoritatis

1747 2238 2051 2293 munimine
2075 2236 2468 2293 conﬁrmamus
2492 2253 2684 2293 omnes
2713 2235 3091 2309 possessiones
3117 2250 3171 2295 et
3197 2240 3341 2294 teni-

1746 2339 1952 2396 mcnta,
1980 2344 2088 2400 quc
2117 2329 2174 2384 in
2205 2346 2375 2401 regno
2424 2339 2615 2386 nostro
2646 2332 2876 2387 ecclesia
2932 2333 3035 2387 ista
3070 2333 3161 2363 ¹’⁰³
3192 2333 3341 2390 iusto

1745 2420 1905 2476 titulo
1948 2421 2003 2475 in
2025 2421 2426 2490 presentiarum
2461 2421 2706 2477 noscitur
2735 2421 3035 2492 possidere.
3063 2421 3143 2477 Ad
3174 2423 3342 2482 huius

1747 2521 1930 2581 autem
1959 2512 2334 2569 concessionis
2360 2524 2413 2568 et
2437 2513 2873 2570 conﬁrmationis
2913 2524 3100 2570 nostrc
3126 2531 3339 2570 memo-

1742 2605 1885 2661 riam
1921 2614 1976 2660 ct
2022 2604 2335 2677 inviolabile
2386 2607 2792 2660 ﬁrmamentum
2842 2620 3069 2676 presens
3112 2607 3338 2677 privile-

1744 2696 1897 2768 gium
1927 2705 2180 2752 nostrum
2223 2712 2319 2767 per
2364 2712 2560 2755 manus
2597 2696 2917 2765 Alexandri,
2954 2700 3131 2754 nostri
3177 2708 3336 2765 nota,-

1740 2790 1834 2857 rii,
1869 2790 2036 2846 scribi
2077 2799 2131 2847 et
2171 2790 2425 2860 plumbea
2475 2790 2622 2844 bulla
2655 2789 2747 2821 ¹²⁰³
2775 2800 2966 2848 nostro
2991 2792 3202 2864 typario
3228 2793 3337 2847 im-

1738 2898 1935 2953 pressa
1989 2882 2259 2938 iussimus
2291 2882 2564 2950 roborari,
2594 2898 2762 2951 anno,
2793 2898 3004 2951 mense,
3038 2884 3337 2941 indictione

1740 2976 2073 3047 subscriptis

1820 3088 1953 3146 Data
1988 3090 2046 3144 in
2080 3090 2216 3146 urbe
2243 3088 2504 3145 Panormi
2543 3087 2711 3158 felici,
2762 3106 2860 3161 per
2890 3107 3090 3149 manus
3116 3090 3338 3149 Gualtc—

1749 3182 1840 3249 rii,
1871 3182 2201 3239 venerabilis
2242 3182 2617 3238 Panormitam
2650 3183 3083 3256 archiepiscopi,
3118 3193 3173 3240 et
3219 3184 3337 3241 Ma-

148 3257 323 3350 ᾐοηηη
351 3295 425 3351 εει
454 3257 739 3360 omnibus;
771 3303 879 3349 tam
905 3293 1252 3365 presenlibus
1274 3306 1442 3362 quam
1489 3290 1642 3347 τοίη..
1669 3257 1716 3318 c
1748 3274 1944 3364 th[aei1,
1976 3275 2580 3348 regiivicecancellarii,
2604 3284 2658 3332 ct
2685 3274 2979 3348 Ric[ardi],
3005 3277 3335 3335 venerabilis

97 3382 170 3448 ris,
190 3384 321 3455 quod
360 3396 463 3456 ego
509 3384 834 3451 Rainaldus,
865 3381 959 3438 Dei
984 3382 1158 3454 gratia
1204 3389 1557 3438 sacrosancte
1581 3397 1647 3438 ac

94 3474 325 3543 primitivc
373 3475 611 3532 ecclesie
658 3474 859 3530 Montis
904 3473 1052 3546 Syon
1105 3472 1329 3528 humilis
1372 3473 1642 3541 minister,

93 3569 328 3622 communi
354 3585 595 3625 assensu
616 3577 669 3624 ct
692 3569 974 3624 voluntate
1004 3567 1228 3638 capituli
1272 3567 1470 3634 nostri,
1497 3568 1645 3623 dono

87 3668 128 3711 ct
150 3662 370 3717 concedo
397 3663 646 3730 vincam,
675 3677 841 3733 quam
896 3662 1314 3731 possidebamns
1356 3661 1423 3715 ad
1451 3661 1643 3731 pedem

87 3750 252 3807 Hontis
284 3753 431 3826 Syon
465 3756 573 3811 sub
614 3756 801 3821 domo,
855 3768 962 3825 quc
1008 3754 1211 3809 dicitur
1248 3752 1530 3820 Germani,
1577 3755 1646 3810 ad

82 3838 343 3901 faticndum
383 3845 571 3901 lacum
603 3845 670 3900 ad
701 3859 1047 3901 communem
1092 3860 1253 3900 usum
1296 3843 1645 3900 Christiano-

82 3947 198 4000 rum,
222 3936 273 3989 in
301 3937 636 3992 concambio
662 3937 812 3992 illius
849 3936 1027 4003 vince,
1054 3951 1220 4007 quam
1264 3936 1522 3991 dominus
1549 3938 1642 3992 rex

77 4019 350 4082 Amalricus
377 4027 537 4083 dedit
589 4028 747 4082 nobis
781 4027 930 4081 iuxta
964 4027 1252 4082 ecclesiam
1296 4024 1483 4081 Sancti
1507 4025 1645 4080 Pro-

77 4129 261 4185 copeos.
297 4118 697 4187 Concessimus
724 4120 886 4176 etiam
919 4120 1024 4190 ipsi
1056 4119 1349 4191 quamdam
1373 4120 1644 4176 vincolam

73 4205 209 4262 aliam
252 4225 523 4279 parvam,
582 4227 689 4283 quc
738 4211 819 4266 illi
876 4210 1088 4282 prefate
1114 4212 1273 4267 vince
1319 4213 1646 4269 collatcralis

70 4299 271 4369 aliacct,
295 4317 327 4357 a
363 4304 623 4372 meridie,
651 4305 707 4359 in
740 4304 890 4359 bivio
917 4305 1068 4359 iuxta
1098 4304 1323 4359 domum
1356 4306 1502 4361 illius
1529 4322 1647 4377 pre-

69 4385 146 4443 fati
173 4391 449 4448 Germani.
474 4392 549 4449 Ut
565 4394 733 4465 igitur
760 4393 967 4465 prefata
1000 4395 1295 4451 conventio
1314 4404 1430 4450 rata
1462 4405 1645 4451 tenea-

68 4496 138 4538 tur
170 4496 219 4542 et
283 4490 449 4547 ﬁrma
497 4499 556 4546 et
598 4492 980 4547 concambium
1030 4501 1084 4547 et
1134 4492 1299 4548 huius
1330 4491 1538 4563 prefatc
1566 4494 1645 4549 vi-

1749 3366 2066 3423 Siracusani
2100 3370 2195 3401 ¹²⁰⁸
2219 3368 2481 3440 episeopi,
2527 3369 2738 3424 domini
2784 3369 2928 3439 regis
2957 3368 3336 3440 familiarium,

1745 3454 1891 3514 anno
1929 3461 2205 3517 dominice
2230 3457 2628 3518 incarnationis
2655 3478 2954 3531 ucuxvm,
2980 3479 3167 3519 mense
3189 3465 3338 3535 apri-

1743 3553 1835 3621 lis,
1871 3553 2170 3611 indictione
2195 3572 2271 3623 xx,
2297 3556 2449 3627 regni
2470 3570 2601 3610 vero
2622 3555 2831 3611 domini
2855 3557 3027 3611 nostri
3052 3555 3337 3625 Willelmi,

1732 3642 1838 3699 .Dci
1870 3644 2042 3717 gratia
2075 3644 2351 3716 magniﬁci
2391 3653 2447 3701 et
2492 3643 2927 3717 glorio[si]ssimi
2959 3645 3103 3716 regis
3150 3644 3337 3702 Sicilie

1747 3737 1860 3803 ηπ,
1896 3737 2127 3793 ducatus
2153 3738 2347 3808 Apulie
2383 3746 2437 3793 et
2466 3737 2808 3807 principatus
2838 3735 3044 3808 Capue,
3081 3753 3228 3794 anno
3256 3755 3334 3794 xu

1743 3826 1993 3897 feliciter,
2024 3844 2206 3884 amen.

2336 3918 2573 3976 CLXXII
2606 3920 2719 3975 ¹¹⁶⁶.

2131 4047 2366 4087 ιιττειιε
2408 4046 2559 4087 usus
2594 4045 2785 4087 SICILIB
2823 4029 2936 4085 ω’,

1821 4123 2193 4199 W[illclmus],
2251 4123 2347 4180 Dei
2385 4124 2558 4197 gratia
2586 4138 2683 4179 rex
2715 4121 2903 4178 Sicilie
2924 4123 3045 4193 “",
3097 4123 3337 4182 ducatus

1743 4215 1936 4287 Apulie
1976 4226 2032 4272 et
2061 4216 2401 4288 principatus
2432 4213 2639 4286 Capue,
2671 4214 2895 4285 prclatis
2947 4216 3331 4283 ecclesiarum,

1743 4309 2057 4377 comitibus,
2094 4308 2435 4387 iusticiariis,
2461 4308 2786 4377 baron'rhus,
2812 4307 3153 4375 camerariis,
3184 4307 3341 4363 baiu-

1729 4400 1812 4457 lis
1859 4410 1913 4457 et
1961 4403 2254 4470 universis,
2286 4403 2489 4473 quibus
2537 4410 2819 4472 prcsentcs
2878 4401 3057 4456 littere
3112 4408 3338 4456 ostense

1745 4491 1967 4560 fuerint,
1992 4492 2242 4549 ﬁdelibus
2264 4494 2380 4549 suis
2411 4484 2642 4549 salutem
2670 4501 2725 4548 ct
2745 4492 3116 4548 dilectionem.
3142 4490 3340 4545 Divine

64 4576 198 4631 neole
221 4580 541 4645 concessio,
578 4588 632 4635 et
660 4588 721 4634 ut
748 4580 1025 4650 predictus
1071 4581 1225 4636 lacus
1253 4582 1643 4638 communibus
1674 4613 1720 4672 ο
1745 4586 2047 4641 maiestatis
2068 4586 2294 4653 intuitu,
2312 4586 2367 4640 in
2397 4586 2556 4642 cuius
2584 4586 2807 4641 nomine
2830 4597 2957 4641 vota
2982 4591 3171 4640 nostra
3201 4583 3339 4638 diri-

63 4664 489 4728 Christianorum
524 4673 716 4728 usibus
761 4673 930 4729 libere
955 4675 1246 4742 deserviat,
1282 4685 1489 4731 cartam
1513 4693 1642 4747 pre-
1674 4664 1711 4672 ⁷
1744 4680 1943 4752 gimus,
1993 4687 2050 4735 ct
2106 4694 2325 4735 omnem
2366 4679 2573 4752 regiam
2626 4666 3043 4748 dispositionem
3103 4675 3337 4732 feliciter

63 4770 240 4817 sentem
291 4765 487 4837 sigillo
547 4773 851 4822 conventus
900 4775 954 4822 et
1001 4767 1232 4823 ecclesie
1283 4769 1644 4826 corroborare

63 4858 370 4914 curavimus.

111 4946 296 5004 Actum
354 4958 447 5005 cst
524 4950 631 5006 hoc
675 4965 822 5005 anno
873 4950 943 5006 ab
998 4951 1375 5009 incarnatione
1424 4952 1644 5010 Domini

63 5054 281 5097 tcuxvl.
313 5041 512 5099 Huius
530 5041 614 5098 rei
645 5050 812 5098 testes
842 5052 1009 5098 sunt:

169 5129 389 5200 Petrus,
425 5132 609 5188 abbas
633 5120 907 5203 Iosaphat.
933 5132 1201 5190 Dominus
1222 5132 1509 5204 Ribaldus,
1537 5137 1635 5192 ab-

232 5227 337 5283 bas
360 5226 593 5281 Latine.
616 5223 882 5281 Dominus
904 5224 1192 5297 Rogerius,
1212 5227 1380 5285 abbas
1403 5227 1634 5300 Templi.

235 5318 588 5386 Rohardus,
639 5319 991 5374 castellanus.
1037 5317 1330 5376 Ansclmus
1376 5320 1446 5377 de
1492 5319 1633 5377 Bric.

230 5413 554 5468 Ansclmus
582 5409 765 5467 Bahic.

1743 4770 2134 4826 conmunimus
2152 4812 2167 4837 ,
2192 4780 2574 4827 sacrosanctas
2597 4769 2879 4835 ecclesias,
2914 4768 3249 4823 monasteria
3277 4776 3337 4823 ct

1741 4863 1862 4920 loca
1888 4864 2218 4919 venerabilia
2243 4879 2342 4935 per
2367 4856 2595 4934 regnum
2632 4870 2883 4916 nostrum
2929 4860 3172 4929 nudique
3192 4874 3331 4915 cono

1743 4957 1935 5013 stituta
1962 4956 2188 5028 dignum
2213 4956 2470 5012 ducimus
2515 4961 2829 5009 reverenter
2856 4952 3056 5019 colere,
3082 4951 3335 5008 rationes

1742 5062 1933 5103 carum
1975 5045 2294 5111 defendere,
2328 5045 2447 5099 iura
2489 5043 2693 5110 fovere,
2738 5050 2795 5098 et
2826 5043 3069 5113 ipsarum
3106 5042 3227 5113 paci
3274 5050 3335 5098 et

1740 5136 1910 5209 quieti
1959 5134 2389 5193 misericorditer
2429 5133 2733 5204 providere.
2763 5130 2893 5189 Inde
2934 5139 3020 5189 est
3050 5133 3197 5205 quod
3232 5149 3334 5205 per

1742 5229 1846 5285 hoc
1876 5244 2105 5301 presens
2133 5226 2397 5297 scriptum
2423 5225 2767 5281 universitati
2798 5234 2977 5283 vestrc
3002 5228 3337 5284 mandamus

1744 5330 1907 5391 atque
1938 5318 2291 5391 precipimus‘
2323 5319 2584 5389 quatinus
2610 5318 2886 5387 domibus,
2921 5335 3061 5391 quas
3097 5320 3330 5378 ecclesia

1749 5411 1935 5468 Sancti
1966 5411 2404 5483 Sepulcri’habct
2431 5411 2488 5466 in
2518 5410 2736 5482 Apulia,
2761 5412 3081 5470 hominibus
3108 5427 3332 5486 quoque

102 5614 189 5685 'f"
228 5614 272 5669 Il
304 5614 437 5669 faut
472 5612 1049 5685 vraisemblahlemcnt
1068 5614 1311 5685 corriger
1349 5634 1362 5670 :
1399 5613 1656 5685 Sanctum

1769 5613 1944 5685 ""A,
1970 5612 2014 5685 [δ
2048 5614 2171 5685 149,
2204 5623 2271 5678 r“;
2301 5630 2537 5685 malaque
2558 5615 2695 5670 dans
2720 5614 2780 5670 Β.
2861 5616 2952 5648 ¹¹⁹¹¹
2988 5614 3055 5680 Α,
3087 5614 3162 5669 fol
3200 5613 3327 5680 “9.

63 5692 99 5763 ;°;
128 5684 186 5751 Br
211 5685 254 5740 Ρ
415 5694 504 5763 1°“

63 5772 176 5811 tum.

64 5834 84 5889 ὲ,
118 5828 154 5879 f"
183 5829 278 5895 54,
342 5837 422 5881 r".
514 5825 558 5857 ⁸²

279 5748 392 5838 υθέ
423 5753 685 5838 Βηξξξεαίζ
728 5756 852 5838 ῌ¹¹⁰³
887 5748 1141 5838 lin-bulla
1170 5748 1435 5838 plumbea.
1510 5756 1602 5838 “1‘
1640 5754 1661 5809 Ι

1769 5748 2070 5838 vectat-suist:

648 5824 797 5883 Cette
828 5826 1089 5896 rubrique
1128 5824 1522 5895 manquedans
1540 5824 1601 5879 Β.
1680 5824 1776 5860 ¹¹⁰⁸
1808 5825 1869 5895 Β,
1900 5825 2116 5897 Sycilie.

587 5684 676 5716 “”
709 5684 862 5757 Cettc
888 5685 1149 5757 rubrique
1176 5683 1414 5757 tri—anque
1434 5686 1575 5741 dans
1600 5684 1671 5757 Bl
1731 5684 1833 5757 _“”
1856 5684 1915 5750 ll,
1955 5683 2334 5757 Sycilieaf":
2372 5683 2842 5757 B,_Sepulchrum.
2872 5755 2877 5757 Α
2904 5686 2995 5757 ¹²⁰ξ
3035 5685 3328 5757 Βληινειε-

2176 5752 2267 5835 ’Ψ
2302 5754 2363 5823 Β,
2403 5752 2620 5827 Syciiie.
2724 5757 2816 5789 ⁸²⁰⁴
2853 5755 2920 5825 Α,
2972 5754 3015 5811 f°
3065 5752 3200 5822 15οξ
3249 5761 3325 5822 ι·⁶;
