3832 6314
502 352 635 408 1251

499 557 821 615 tenimentis
850 557 1096 627 ipsarum
1117 555 1327 611 nullum
1359 554 1621 610 iniustum
1652 555 1736 610 vel
1766 552 2094 611 iniustitiam

490 649 599 683 "m
627 648 898 716 inferatis,
926 648 1010 704 vel
1031 648 1379 719 aliquatenus
1405 644 1593 703 inferri
1619 647 1970 717 permittatis,
1997 662 2098 704 nec

511 758 609 799 eas
638 742 692 797 in
723 742 841 797 iure
878 739 959 795 vel
986 739 1293 795 rationibus
1315 738 1432 794 suis
1475 737 1694 794 iniustis
1715 739 2097 796 vexationibus

505 835 769 906 fatigatis,
793 833 982 890 scituri
1018 831 1187 903 quod,
1214 832 1261 887 si
1292 832 1417 902 quis
1442 830 1572 887 huic
1611 832 1874 888 mandato
1905 841 2097 890 nostro

501 928 828 983 temerarius
856 926 1102 983 obviamr
1125 925 1393 992 extiterit,
1430 925 1607 980 nostri
1632 925 1901 982 culminis
1951 925 2098 982 indi-

499 1019 818 1089 gnationem
842 1019 1107 1073 incurret.

573 1108 705 1165 Data
752 1109 1031 1179 Panormi,
1063 1125 1172 1165 xxv
1196 1109 1285 1165 die
1333 1108 1541 1165 mensis
1575 1108 1796 1181 aprilis,
1831 1107 2087 1165 indictio-

501 1201 591 1258 nis
622 1218 696 1257 xi.
1566 1185 1573 1194 ’

1090 1295 1349 1355 CLXXIII
1378 1296 1495 1352 ¹¹¹⁰.

498 1425 677 1467 υοκωι
715 1427 965 1467 nxnnum
996 1428 1119 1467 nun
1160 1428 1228 1466 ετ
1268 1408 1507 1483 uxoni[s]
1531 1425 1627 1466 sue
1652 1424 1947 1464 surculus
1973 1409 2088 1466 "".

569 1501 843 1571 Quoniam
872 1513 1165 1570 vetustate,
1189 1519 1298 1574 que
1333 1513 1508 1558 mater
1532 1512 1617 1557 est
1643 1500 1957 1568 oblivionis,
1988 1501 2093 1556 ho-

498 1597 713 1653 minum
752 1596 895 1653 facta
935 1614 1030 1653 seu
1069 1597 1214 1653 dicta
1245 1595 1413 1652 deleri
1448 1595 1533 1651 vel
1579 1595 1727 1649 nulla
1783 1608 1906 1650 esse
1942 1592 2093 1649 credi

500 1701 753 1763 possunt,
785 1692 892 1755 nisi
924 1691 1121 1746 litteris
1148 1688 1622 1754 commendcntur,
1661 1701 1762 1759 ego
1788 1684 2091 1742 Balduinus

501 1782 683 1839 Rufus
712 1793 766 1839 et
796 1798 896 1853 ego
925 1781 1229 1848 Artemilia,
1256 1782 1377 1836 eius
1403 1795 1565 1845 uxor,
1592 1779 1797 1849 scripto
1827 1779 2090 1835 memorie

1111 348 1203 403 AD
1240 343 1694 406 GODEFRIDUM
1729 344 2022 404 APPEND.
2061 345 2126 403 Il.
2164 377 2234 387 -—
2273 345 2545 405 NONUM.
2586 347 2675 405 DE
2709 348 2932 409 [κει.ιο
2968 351 3214 411 SACRO.

498 482 697 524 earum
726 475 822 521 aut
863 463 1192 521 obcdicntiis
1238 461 1322 518 vel
1366 462 1528 520 iustis
1557 463 2006 534 possessionibus
2046 471 2101 519 et
2128 465 2176 534 Α
2200 461 2406 520 sahnas
2428 464 2749 520 victualium
2780 466 2923 523 inter
2948 466 3288 526 frumentum
3307 471 3571 534 etordeum

3602 370 3685 434 I133

2203 500 2406 520 "unum
2437 500 2749 520 νιιιιυιιιιυιιι
2780 500 2912 523 nunc:
2948 500 2991 524 ιι
3004 500 3288 526 ululantum
3307 500 3360 527 Ct
3375 500 3686 557 crucum,

2202 555 2321 650 ipsa
2345 555 2577 650 ecclesia
2606 557 2674 612 de
2699 559 2908 615 cabella
2930 560 3370 618 molendinorum
3406 555 3687 650 suorum—que

2200 648 2365 708 habet
2390 649 2447 705 in
2486 650 2788 709 tenimento
2831 652 3073 728 Pla[tie],
3109 658 3390 714 annuatim
3415 663 3549 719 curie
3570 648 3688 733 nosne

2199 739 2412 797 solvere
2439 742 2749 799 tenebatur.
2786 744 2869 800 Ad
2911 746 3079 802 huius
3126 755 3310 803 autem
3357 758 3530 808 nostre
3558 764 3686 819 remis.

2197 829 2375 888 sionis
2410 839 2466 887 et
2510 833 2867 891 relaxationis
2894 836 3219 893 memoriam
3261 846 3317 894 et
3336 840 3496 896 robur
3514 859 3688 917 perpetuo

2196 921 2495 978 valiturum
2539 939 2769 995 presens
2800 925 3148 999 privilegium
3177 943 3277 1000 per
3299 944 3490 987 manus
3523 931 3686 997 Nicbolai

2196 1014 2266 1071 de
2311 1013 2532 1084 Petrali,
2564 1017 2765 1073 notarii
2791 1026 2846 1074 et
2892 1017 3070 1075 fidelis
3088 1020 3284 1088 nostri,
3314 1021 3474 1077 scribi
3495 1033 3537 1080 et
3562 1031 3691 1089 maies-

2196 1107 2327 1163 tatis
2379 1117 2569 1165 nostre
2597 1109 2778 1180 sigillo
2819 1113 3168 1183 precepimus
3217 1117 3543 1187 communiri,
3574 1138 3685 1195 anno,

2198 1213 2386 1255 mense
2422 1208 2478 1256 et
2507 1199 2809 1258 indictione
2836 1203 3183 1274 subscriptis.

2268 1290 2465 1347 Datum
2493 1291 2737 1366 Pla[tie],
2755 1309 2904 1350 anno
2918 1294 3195 1352 dominico
3215 1296 3575 1359 incarnationis
3586 1322 3687 1375 Icci,

2196 1398 2386 1440 mense
2414 1386 2760 1456 septembris,
2793 1403 2885 1443 xxv
2915 1387 3232 1456 indictione,
3253 1390 3408 1462 regni
3429 1407 3540 1448 vero
3553 1396 3692 1455 domini

2197 1475 2374 1531 nostri
2400 1474 2697 1545 Frederiei,
2743 1476 2839 1533 Dei
2892 1479 3068 1551 gratia
3114 1479 3344 1552 gloriosi
3389 1483 3517 1553 regis
3554 1484 3689 1557 Sidiie,

2196 1570 2430 1627 ducatus
2466 1569 2663 1643 Apulie
2690 1581 2746 1629 et
2769 1573 3113 1646 principatus
3132 1573 3341 1646 Capue,
3371 1590 3504 1633 anno
3524 1595 3598 1637 xui
3615 1582 3696 1638 feli-

2196 1664 2354 1733 citer,
2381 1678 2562 1721 amen.

2815 1755 3055 1814 CLXXV
3088 1758 3205 1813 “".
3232 1810 3239 1813 _

501 1846 952 1930 commendamus
1005 1872 1151 1944 quod
1203 1846 1257 1926 in
1305 1868 1576 1941 presentia
1624 1846 2091 1945 dominiP[etri],

2197 1886 2542 1927 PRIVILEGIUII
2573 1886 2805 1926 TROIANE
2835 1887 3086 1926 ECCLESIB
3113 1887 3184 1926 ετ
3206 1886 3551 1935 CAKONICOIIII
3571 1890 3694 1931 ωετι

504 1963 853 2019 Sanctissimi
880 1961 1127 2033 Sepulcri
1156 1960 1484 2016 venerabilis
1513 1958 1734 2030 prioris,
1763 1966 1818 2013 et
1841 1959 2092 2030 magistri

502 2054 750 2122 Roberti,
782 2054 1141 2111 concanoniei
1170 2052 1276 2120 sui,
1302 2062 1356 2108 et
1393 2052 1628 2107 aliorum
1660 2048 1894 2107 fratrum
1917 2051 2096 2108 eccle-

503 2146 585 2202 sie
614 2144 799 2201 Sancti
824 2144 1072 2216 Sepulcri
1102 2144 1446 2199 medietatem
1471 2143 1642 2199 totius
1666 2144 1865 2200 domus
1886 2150 2092 2212 nostre,

503 2238 666 2293 sicuti
693 2246 778 2293 est
809 2252 876 2292 ex
909 2244 1063 2307 parte
1086 2234 1274 2290 Sancti
1303 2233 1567 2291 Iohannis
1595 2235 1853 2307 superius
1878 2244 1932 2291 et
1954 2233 2096 2291 infe-

499 2330 652 2396 rius,
692 2330 1046 2400 perhenniter
1092 2327 1411 2394 tribuimus,
1442 2335 1504 2383 ut
1559 2344 1660 2384 nos
1695 2326 2001 2385 eonfratres
2041 2337 2097 2383 et

500 2421 813 2475 orationum
847 2435 912 2475 ac
969 2419 1351 2474 benefitiorum
1398 2418 1488 2450 ¹¹¹¹
1544 2433 1770 2474 suorum
1801 2417 2095 2488 participes

500 2509 660 2566 fatiat
689 2511 816 2578 “";
851 2511 924 2566 ita
952 2510 1098 2582 quod
1131 2509 1307 2580 ipsam
1333 2509 1581 2575 domum,
1605 2507 1867 2579 quamdiu
1895 2506 2098 2563 vixeri-

503 2618 649 2670 mus,
684 2602 843 2659 nobis
889 2603 1007 2659 sine
1049 2601 1420 2657 invadiatione
1451 2609 1547 2656 aut
1578 2599 1888 2655 venditione
1933 2598 2097 2654 liceat

426 2750 433 2755 ,
501 2693 787 2759 obtinere;
835 2693 883 2749 si
935 2708 1066 2748 vero
1110 2708 1254 2747 unus
1283 2708 1350 2746 ex
1386 2691 1546 2746 nobis
1573 2690 1792 2758 obierit,
1843 2690 1986 2746 alius
2038 2689 2094 2744 in

500 2787 901 2844 fraternitatem
953 2785 1265 2849 supradicte
1293 2784 1527 2841 ecclesie
1562 2799 1629 2840 ex
1654 2792 1769 2839 toto
1795 2782 1954 2839 debet
2003 2796 2096 2838 re-

501 2879 632 2949 cipi,
681 2877 728 2933 si
777 2875 1046 2944 voluerit;
1099 2876 1185 2931 sin
1221 2885 1425 2944 autem,
1477 2890 1603 2932 cum
1655 2873 1837 2930 fructu
1868 2873 2092 2929 domum

502 2974 779 3038 obtineat,
830 2969 1093 3042 quamdiu
1123 2969 1339 3036 vixerit,
1372 2978 1426 3025 et
1478 2976 1604 3039 post
1645 2976 1879 3022 mortem
1934 2981 2093 3024 suam

504 3067 677 3123 libere
706 3074 761 3121 et
783 3063 1031 3119 absolute
1054 3062 1229 3119 eidem
1255 3060 1486 3117 ecclesie
1517 3069 1839 3115 revertatur.

573 3155 686 3212 llec
714 3164 895 3210 autem
926 3152 1151 3208 donatio
1180 3152 1323 3206 facta
1348 3160 1433 3206 est
1460 3158 1516 3205 et
1554 3163 1819 3204 concessa
1849 3160 1993 3204 anno
2023 3146 2093 3204 ab

502 3247 882 3305 incarnatione
909 3243 1175 3319 [Domini]
1207 3243 1299 3276 m‘
1329 3258 1639 3309 ucexxvut,
1670 3238 1970 3298 indictione
2014 3257 2091 3296 χι.
2121 3209 2167 3273 C

501 3340 680 3399 liuius
707 3340 786 3396 rei
824 3347 989 3395 testes
1022 3347 1153 3395 sunt
1182 3338 1273 3393 isti
1304 3356 1316 3392 :

646 3433 940 3499 Henricus,
992 3431 1269 3487 sacerdos.
1319 3428 1509 3485 Frater
1558 3426 1922 3484 Raimundus.
1961 3425 2095 3483 Ber-

712 3528 920 3583 nardus
954 3524 1246 3580 Mercator.
1279 3520 1589 3593 Stephanus
1615 3519 1995 3576 Corvesarius.
2026 3518 2094 3575 Et

710 3618 971 3675 dominus
1017 3616 1181 3670 Saxo.
1215 3612 1556 3669 llaimundus
1584 3611 1939 3668 Provintialis
1979 3610 2091 3664 ⁸³⁸⁸.

706 3710 1012 3768 Bollandus
1041 3708 1155 3765 "".
1178 3706 1451 3763 Gcrbinus
1483 3704 1738 3762 Pisanus.
1767 3703 1834 3760 Et
1870 3703 2095 3760 domina

709 3803 897 3861 Calva.

1093 3889 1353 3949 CLXXIV
1387 3890 1500 3946 "".

590 4004 938 4047 TRIVILEGIUSI
977 4003 1299 4042 LIBEI'I'I'ATIS
1337 3999 1752 4042 NOLENDINORUM
1790 3997 2004 4038 SICILIE.

572 4080 920 4148 Fredcricus,
956 4078 1141 4136 divina
1171 4076 1386 4134 favente
1421 4075 1853 4133 clementia'rex
1884 4070 2091 4139 Sicilie,

502 4171 735 4227 ducatus
762 4171 954 4242 Apulie
977 4179 1033 4226 et
1056 4170 1397 4241 principatus
1432 4166 1639 4239 Capue.
1669 4165 1788 4233 Que
1812 4178 2096 4221 sacrosan-

503 4264 611 4320 etis
636 4264 883 4319 ecclesiis
936 4272 991 4317 et
1023 4263 1161 4318 locis
1213 4260 1622 4316 venerabilibus
1674 4258 2008 4327 largiuntur,
2040 4262 2096 4310 et

503 4355 821 4411 hominibus
848 4363 978 4411 sunt
1005 4362 1249 4424 accepta,
1278 4359 1334 4406 et
1367 4350 1531 4406 saluti
1569 4347 1853 4420 protitiunt
1878 4348 2093 4401 anima-

502 4462 648 4501 rum.
673 4444 781 4502 Nos
811 4447 993 4516 itaque
1022 4444 1361 4500 attendentes
1382 4438 1747 4494 venerandam
1774 4435 2092 4507 religionem

504 4535 735 4594 fratrum
783 4536 1057 4592 Dominici
1112 4531 1398 4605 Sepulcri,
1433 4532 1489 4586 in
1527 4545 1638 4602 quo
1668 4545 1763 4585 rex
1797 4545 1988 4600 regum
2039 4537 2094 4584 et

504 4631 745 4687 salvator
778 4629 833 4685 in
861 4645 921 4685 se
945 4628 1283 4699 sperantium
1314 4639 1514 4695 corpus
1548 4638 1712 4691 suum
1748 4621 1951 4693 placuit
1989 4621 2093 4676 hu-

502 4723 746 4779 manitus
780 4721 1019 4791 sepeliri,
1069 4719 1141 4775 ob
1184 4716 1546 4771 reverentiam
1589 4714 1711 4771 eius
1739 4725 1793 4772 et
1834 4713 2092 4769 meritum

503 4816 809 4873 honestatis
837 4814 1155 4871 eorumdem
1184 4808 1436 4877 fratrum,
1467 4825 1565 4881 pro
1612 4810 1853 4866 remedio
1875 4824 2094 4881 quoque

501 4909 813 4965 animarum
837 4907 1066 4963 felitium
1083 4910 1442 4975 augustorum
1466 4911 1751 4974 parentum
1773 4913 2093 4958 nostrorum

484 5001 646 5063 .bone
688 4999 951 5057 memorie
979 5007 1033 5053 et
1061 4996 1239 5052 salute
1283 5003 1472 5051 nostra
1518 5011 1620 5052 nec
1649 5004 1839 5051 nonet
1886 4994 2090 5049 intuitu

501 5093 794 5165 probitatis
835 5090 1021 5146 fratris
1063 5089 1376 5156 Alexandri,
1406 5088 1608 5160 prioris
1634 5088 1863 5144 ecclesie
1902 5085 2089 5145 Sancti

500 5184 721 5263 Audree
749 5184 816 5239 de
844 5180 1092 5254 Pla[tia],
1122 5196 1230 5252 que
1255 5189 1341 5237 est
1372 5180 1678 5236 obedientia
1711 5179 1942 5250 predieti
1980 5179 2089 5235 Do--

502 5275 692 5332 miniei
745 5272 1012 5345 Sepulcri,
1064 5274 1132 5330 de
1181 5283 1440 5330 consueta
1509 5279 1697 5326 nostre
1750 5270 2092 5328 liberalitatis

503 5366 678 5438 gratia
713 5365 1062 5434 remittimus,
1085 5374 1139 5423 et
1159 5375 1421 5437 perpetuo
1450 5364 1763 5419 relaxamus
1795 5363 1972 5418 eidem
1996 5379 2089 5419 ee-

502 5458 669 5516 clesie
707 5457 893 5517 Sancti
943 5459 1158 5516 Andree
1205 5459 1272 5514 de
1330 5454 1553 5529 Pla[tia]
1603 5455 1824 5528 triginta
1868 5465 1925 5512 et
1965 5465 2090 5512 octo

1244 5618 1337 5650 "‘°
1372 5616 1436 5682 Α,
1460 5615 1502 5670 f“
1537 5615 1655 5681 I50,
1688 5633 1740 5682 v;
1775 5614 1836 5681 Β,
1874 5614 1923 5669 ἷσ
1948 5616 2018 5671 5-4
2041 5624 2096 5670 V°

580 5623 672 5657 ⁸⁸⁸⁸
706 5622 769 5690 Β,
796 5624 1145 5679 iniusliciam.
1244 5622 1337 5650 ""
1372 5622 1436 5682 A,
1460 5622 1502 5670 f“
1537 5622 1655 5681 150,
1688 5633 1740 5682 v;
1777 5622 1836 5681 Β,
1874 5622 1923 5669 f‘
1949 5622 2018 5671 5-1
2041 5624 2089 5670 νο

580 5696 767 5750 iurum.
866 5695 959 5727 ¹¹¹³
988 5693 1050 5757 Β,
1099 5690 1285 5759 faciat.
1388 5686 1755 5759 "‘V‘VSuppléé
1793 5687 2007 5757 d'aprcs
2029 5685 2089 5740 Β.

866 5695 959 5727 ¹¹¹³
988 5693 1050 5757 Β,
1099 5690 1285 5761 faciat.

501 5681 767 5822 ﬁciorum:
866 5695 959 5727 ¹¹¹³
988 5693 1050 5757 Β,
1099 5690 1285 5761 faciat.
1388 5688 1480 5720 ¹²¹⁵
1520 5686 1755 5759 Suppléé
1793 5687 2007 5757 d'aprcs
2029 5685 2089 5740 Β.
2148 5730 2154 5736 .
2195 5686 2287 5719 ¹¹¹³
2335 5685 2397 5750 Β,
2453 5681 2827 5741 Ρνοιιὶηεῗηιὶε.
2906 5681 2998 5717 ¹²¹⁶
3035 5682 3096 5751 Β,
3146 5681 3500 5740 Rodlandus.

577 5768 674 5822 151
711 5777 779 5822 r':
803 5777 1040 5822 manuue
1059 5762 1198 5818 dans
1233 5759 1293 5813 Β.
1374 5758 1549 5822 ¹²¹⁸Α,
1583 5758 1625 5815 f°
1656 5759 1778 5819 151.
1814 5767 1900 5819 v°;
1934 5770 2173 5822 manque
2200 5756 2337 5813 dans
2377 5755 2428 5810 Β.

404 5844 409 5855 ι
501 5755 546 5822 I"
577 5768 674 5826 151
711 5777 779 5836 r’;
803 5755 1198 5835 manquedans
1233 5759 1293 5813 Β.
1374 5758 1549 5825 ¹²¹⁸Α,
1583 5755 1778 5819 F151.
1814 5755 1900 5819 ναξ
1934 5772 2091 5827 manq

2200 5756 2337 5813 dans
2377 5755 2428 5810 Β.

2235 1957 2491 1998 εειιυιοιιι
2523 1958 2556 1997 Α
2587 1957 2894 2009 ψιιιειιιο,
2920 1958 3168 2007 ΩΒΟΝΒΑΙ
3193 1958 3468 1998 PONTIFICB
3491 1960 3676 2003 nemo.

2268 2053 2328 2109 In
2359 2053 2583 2110 nomine
2610 2053 2829 2109 Domini
2859 2054 3032 2110 nostri
3063 2053 3184 2111 Iesu
3215 2053 3440 2109 Christi.

2268 2145 2427 2202 Anno
2480 2145 2552 2202 ab
2600 2146 2978 2203 incarnatione
3022 2145 3271 2202 eiusdem
3322 2157 3701 2206 lunulam

2196 2252 2343 2293 anno
2382 2245 2643 2309 regnante
2667 2237 2891 2294 domino
2918 2246 3111 2294 nostro
3140 2236 3450 2305 Guillelmo,
3476 2240 3613 2309 gratia
3637 2240 3699 2297 Dei

2199 2327 2385 2385 Sicilie
2406 2339 2462 2385 et
2493 2327 2646 2385 ltalie
2691 2344 2816 2401 rege
2844 2329 3228 2400 invictissime,
3267 2329 3449 2386 inclite
3472 2341 3520 2386 et
3536 2332 3704 2402 gloriose

2197 2421 2459 2477 memorie
2488 2421 2764 2493 quondam
2805 2421 3144 2478 sanctissimi
3173 2422 3324 2495 regis,
3348 2422 3581 2480 Willelmi
3612 2425 3701 2492 filio,

2195 2511 2462 2567 vicesimo
2485 2513 2694 2568 mensis
2718 2513 2836 2569 iulii
2863 2531 2935 2569 xv
2962 2514 3302 2584 indictionis,
3324 2515 3626 2585 Guillehnns,
3640 2516 3706 2573 Dei

2196 2602 2371 2675 gratia
2392 2612 2626 2674 quartus
2653 2602 2927 2661 Troianus
2956 2605 3269 2678 episcopus,
3297 2606 3450 2662 fratri
3474 2607 3703 2673 Guillclmo,

2195 2696 2495 2753 venerabili
2521 2697 2792 2754 canonico
2831 2696 3077 2770 Sepulcri
3109 2697 3350 2768 Domini,
3379 2701 3536 2771 priori
3576 2700 3706 2756 Sancti

2197 2785 2446 2859 Sepulcri
2472 2789 2527 2844 in
2556 2789 2775 2846 civitate
2804 2787 2990 2857 Troia,
3020 2800 3075 2846 et
3101 2790 3300 2848 Sancte
3351 2789 3709 2848 Resurrectionis

2193 2880 2428 2937 ecclesie
2451 2881 2876 2952 inperpetuum.
2907 2880 3047 2938 Cum
3078 2881 3358 2941 universis
3407 2882 3531 2940 locis
3547 2898 3709 2939 veneta-

2194 2972 2397 3029 bilibus
2418 2987 2484 3030 ex
2511 2975 2747 3045 generali
2783 2973 2967 3030 debito
2995 2974 3298 3031 christiaue
3325 2976 3654 3046 professionis,
3674 2976 3712 3032 in

2192 3065 2396 3137 quibus
2419 3080 2737 3136 possumus,
2756 3072 3040 3121 teneamur
3061 3063 3275 3132 adesse,
3291 3065 3562 3122 ecclesiam
3580 3062 3711 3118 Sancti

2200 3155 2447 3229 Sepulcri
2501 3156 2773 3212 Dominici
2819 3156 3083 3212 debemus
3119 3156 3351 3225 diligere
3402 3155 3648 3227 specialius
3677 3162 3714 3207 et

2197 3249 2403 3317 fovere,
2434 3248 2528 3305 ubi
2571 3249 2682 3305 vita
2728 3256 2916 3305 nostra
2958 3257 3044 3304 est
3088 3248 3144 3303 in
3174 3246 3402 3304 Christo
3449 3244 3713 3308 abscondita.

2198 3342 2345 3399 unde
2373 3349 2580 3398 etcum
2613 3342 2733 3412 ipso
2768 3349 3089 3413 resurgente
3118 3341 3173 3396 in
3219 3340 3395 3412 gloria
3448 3338 3716 3399 resurrexit;

2196 3444 2253 3492 et
2275 3435 2330 3490 in
2348 3434 2471 3490 aliis
2492 3434 2715 3505 quidem
2739 3433 2874 3489 locis
2893 3432 3299 3489 venerabilibus
3320 3433 3553 3488 membra
3570 3428 3715 3486 Christi

2196 3527 2285 3599 pie
2311 3525 2616 3583 devotionis
2641 3526 2907 3597 obsequio
2930 3541 3278 3593 veneramur,
3316 3526 3379 3581 in
3406 3524 3611 3581 ecclesia
3629 3536 3717 3577 vero

2199 3618 2446 3691 Sepulcri
2476 3619 2696 3675 Domini
2736 3619 2917 3690 ipsum
2973 3626 3140 3688 caput
3179 3617 3509 3673 universalis
3552 3613 3719 3670 ecclesie

2195 3711 2476 3768 Christum
2522 3711 2786 3785 singulari
2829 3711 3180 3766 veneratione
3221 3710 3611 3781 prosequimur,
3633 3722 3722 3777 pas-

2197 3803 2370 3861 sienis
2419 3803 2560 3870 eius,
2588 3818 2695 3874 qua
2742 3801 3009 3872 redempti
3055 3816 3270 3870 sumus,
3299 3801 3620 3867 alebramus
3642 3810 3722 3850 me-

2196 3896 2451 3962 moriam,
2487 3905 2541 3952 et
2588 3893 3008 3951 resurrectionis
3051 3894 3324 3961 eiusdem,
3362 3909 3473 3964 qua
3512 3890 3599 3962 ipsi
3633 3904 3726 3943 eon-

2196 3989 2477 4061 regnaturi
2509 4005 2723 4055 sumus,
2748 3988 2977 4060 gloriam
3006 3987 3382 4058 predicamus.
3408 3984 3571 4039 liuius
3595 3977 3724 4035 exesi.

2195 4081 2360 4138 lentie
2383 4081 2659 4152 specialis,
2691 4096 2800 4152 qua
2835 4078 3049 4151 prefata
3071 4079 3305 4135 ecclesia
3352 4070 3729 4133 Resurrectionis

2195 4172 2481 4229 Dominice
2508 4172 2778 4243 preminet
2812 4171 3106 4239 universis,
3138 4169 3305 4242 digna
3358 4164 3727 4226 consideratione

2195 4268 2427 4336 inducti,
2470 4268 2723 4323 volumus
2751 4266 2956 4337 aliquid
2983 4266 3041 4321 in
3065 4266 3186 4321 eius
3212 4264 3519 4336 temporale
3545 4272 3731 4318 commo-

2194 4361 2326 4418 dum
2354 4360 2660 4430 providere,
2694 4359 2852 4415 cuius
2889 4373 3106 4430 semper
3138 4357 3473 4413 beneficium
3511 4349 3731 4424 spirith

2195 4454 2485 4512 sentimus.
2509 4451 2705 4508 Nostra
2731 4451 2897 4524 igitur
2920 4451 3064 4507 bona
3094 4460 3148 4506 et
3178 4459 3491 4522 spontanea
3518 4445 3733 4503 voluntate

2126 4558 2171 4614 Ι)
2197 4548 2473 4619 simulque
2517 4547 2843 4603 dilectorum
2898 4546 3130 4602 fratrum
3186 4557 3534 4610 nostrorum,
3560 4538 3731 4599 canoni-

2195 4658 2388 4699 corum
2424 4640 2660 4696 Troiane
2697 4639 2948 4706 ecclesie,
2995 4639 3250 4710 precibus
3285 4646 3348 4693 et
3383 4651 3602 4694 assensu
3637 4648 3733 4687 eon-

2196 4731 2469 4798 cedimus,
2489 4739 2545 4787 et
2562 4731 2833 4786 donamus
2857 4730 2953 4785 tibi
2977 4730 3296 4801 supradicto
3316 4729 3480 4786 fratri
3500 4723 3730 4781 WillelmO.

2195 4824 2366 4897 priori
2390 4822 2577 4879 Sancti
2602 4821 2851 4893 Sepulcri
2872 4821 2940 4877 de
2961 4820 3144 4888 Troia,
3167 4830 3221 4876 et
3245 4837 3352 4892 per
3369 4830 3426 4876 te
3452 4822 3733 4877 saetosum
3768 4862 3769 4869 η

2195 4914 2425 4972 ecclesie
2478 4912 2726 4984 Sepulcri
2779 4911 3051 4968 Dominici
3091 4911 3148 4966 in
3207 4922 3542 4982 perpetuum
3583 4916 3732 4961 terram

2199 5021 2387 5072 unam,
2437 5020 2545 5076 que
2595 5013 2823 5060 actenus
2878 5001 2982 5059 fuit
3023 5011 3210 5059 nostre
3257 5002 3509 5060 Troiane
3546 4995 3736 5055 ecclesit.

2198 5095 2350 5150 iuxta
2381 5092 2617 5150 civitatis
2657 5102 2842 5148 nostre
2891 5092 3158 5148 ambitum
3211 5094 3734 5156 eonstitutam,quam
3766 5110 3767 5129 ι

2178 5186 2293 5259 tibi
2343 5194 2398 5242 et
2444 5186 2752 5242 venerande
2804 5184 3034 5240 ecclesie
3094 5182 3299 5239 Sancte
3356 5174 3767 5239 Resurrectionisw

2194 5272 2477 5334 Dominice
2503 5293 2613 5332 una
2638 5292 2765 5333 cum
2804 5276 3011 5333 eisdem
3038 5274 3298 5331 Troianis
3350 5273 3620 5332 canonicis
3661 5269 3738 5321 fra-

2195 5367 2374 5422 tribus
2399 5365 2625 5433 nostris,
2654 5366 2923 5421 existente
2946 5364 3232 5419 nobiscum
3280 5365 3555 5437 magistro
3594 5358 3737 5430 legi“!

2196 5457 2254 5511 in
2276 5458 2382 5512 hoc
2405 5456 2625 5530 negotio
2641 5465 2831 5513 nostro
2851 5457 3136 5523 advocato,
3156 5464 3353 5512 tecum
3378 5472 3508 5512 vero
3528 5453 3737 5510 existente

2196 5616 2286 5697 fit:
2322 5614 2780 5697 Ectlaruhnqus
2803 5612 3208 5697 ιιιθῑιειειθηάειξθ
3249 5612 3329 5697 .1?-
3542 5607 3737 5697 m-

3586 5674 3659 5713 im
3686 5674 3733 5737 Α.

3748 5758 3763 5805 1
