3824 6308
47 360 176 420 I253

44 568 258 624 ecclesie
296 565 483 621 Sancti
541 564 808 635 Sepulcri,
837 563 1212 632 concedimus,
1243 562 1516 619 donamus
1561 572 1617 618 et

43 660 302 716 tradimus
350 657 468 712 iure
517 665 777 728 perpetuo
821 655 942 712 sine
976 663 1166 711 nostra
1222 662 1618 725 notrorumque

41 765 416 808 successorum
444 749 871 805 contradictione
891 749 976 804 vel
992 747 1304 818 calumpnia
1328 747 1615 818 possiden~

40 846 179 910 dam,
235 843 462 898 liberam
521 841 773 897 similiter
819 849 873 896 et
931 840 1222 912 integram,
1258 839 1485 895 ecclesie
1527 838 1614 893 cui

40 935 352 992 cOuceditur
381 933 708 989 utilitatibus
753 933 930 988 modis
969 933 1225 988 omnibus
1248 930 1615 1002 profuturam,

38 1025 495 1096 quemadmodum
543 1023 870 1094 subscriptis
923 1023 1124 1078 finibus
1179 1023 1499 1094 designatur
1538 1040 1550 1076 :
1585 1037 1618 1076 a

39 1120 204 1189 prima
236 1127 392 1188 parte
415 1119 650 1187 desuper
676 1125 760 1172 est
782 1131 940 1172 secus
969 1123 1115 1170 terra
1156 1113 1522 1170 Bartholomei
1551 1113 1619 1170 de

40 1209 310 1281 lludingo,
359 1225 388 1264 a
442 1209 684 1265 secunda
732 1224 864 1263 vero
927 1215 1080 1278 parte
1134 1205 1516 1262 descendendo
1565 1213 1621 1260 et

38 1303 180 1357 iuxta
207 1303 502 1369 vallonem,
531 1302 625 1372 qui
645 1311 728 1356 est
755 1302 895 1356 inter
925 1301 1067 1356 hanc
1093 1307 1293 1355 terram
1321 1307 1375 1354 et
1419 1307 1618 1353 terram

36 1395 271 1463 predicte
301 1394 529 1449 ecclesie
561 1393 746 1447 Sancti
781 1390 1049 1462 Sepulcri,
1080 1407 1109 1446 a
1157 1397 1356 1461 quarta
1387 1389 1620 1458 denique

34 1493 177 1553 parte
200 1483 550 1539 ascendendo
578 1493 662 1538 est
681 1482 767 1537 via
792 1482 1030 1553 publica,
1055 1497 1164 1552 qua
1201 1481 1312 1536 itur
1339 1496 1370 1535 a
1402 1479 1621 1534 civitate

35 1578 94 1630 ad
121 1577 327 1632 ﬂumen
358 1577 576 1649 Aceloy.
611 1575 681 1631 Ut
709 1585 892 1632 autem
917 1576 1017 1630 hee
1045 1586 1231 1630 ucstra
1256 1573 1543 1629 concessio
1567 1579 1622 1627 et

33 1667 255 1722 donatio
317 1679 634 1739 perpetuam
685 1678 740 1723 et
786 1667 1153 1724 inviolabilem
1216 1665 1460 1738 optineat
1523 1663 1621 1718 lir-
1713 1713 1718 1718 .

35 1760 299 1825 mitatem,
332 1767 638 1829 presentem
671 1759 724 1813 in
753 1759 1006 1830 paginam
1033 1774 1130 1829 per
1156 1773 1352 1812 manus
1394 1753 1621 1810 Maraldi

33 1852 200 1906 nostri
227 1852 455 1918 notarii,
487 1851 683 1908 confici
709 1851 994 1917 iussimus,
1027 1850 1189 1920 sigilli
1229 1849 1406 1904 nostri
1452 1861 1623 1918 appo-
1657 1849 1700 1904 Β

34 1943 225 1998 εειίοιιε
274 1960 343 1999 ac
390 1943 618 2000 fratrum
682 1951 996 2000 nostrorum
1050 1941 1444 1998 canonicorum
1490 1939 1621 1994 sub-

32 2037 425 2106 scriptionibus
479 2038 909 2093 oorroboratam.
952 2036 1128 2102 Quam
1176 2033 1525 2090 traditionem
1568 2041 1622 2088 et

32 2129 388 2184 donationem
415 2130 462 2184 si
494 2145 601 2200 qua
631 2129 683 2183 in
711 2138 988 2200 posterum
1010 2125 1380 2183 ecclesiastica
1411 2125 1624 2180 secula-

28 2221 166 2272 risve
202 2233 442 2288 persona
477 2229 702 2274 'temere
751 2219 1071 2289 perturbare
1126 2214 1538 2288 presumpserit,
1570 2222 1624 2270 et

33 2309 272 2365 secondo
306 2309 562 2365 terciove.
602 2349 618 2364 .
663 2351 676 2364 .
722 2350 736 2365 .
781 2349 796 2364 .
839 2309 952 2367 ¹²¹⁹.

632 2441 892 2499 CLXXVI
923 2443 1034 2497 ¹²¹⁰.

314 2571 660 2612 ιιιιιγιιεςιυκ
690 2572 757 2610 ne
789 2569 1051 2610 LAClllDON
1079 2543 1338 2610 uvcrrno.

93 2669 149 2725 lu
176 2670 409 2725 nomine
433 2668 616 2725 Patris
637 2678 692 2725 et
717 2669 842 2724 Filii
863 2677 917 2724 et
945 2668 1180 2740 Spiritus
1204 2665 1409 2731 Sancti,
1441 2680 1620 2718 amen.

91 2758 304 2814 Notum
326 2759 688 2826 sitomnibus,
708 2768 818 2814 tam
843 2759 1186 2830 presentibus
1205 2772 1370 2827 quam
1401 2754 1623 2821 futuris,

27 2856 167 2925 quod
202 2870 318 2926 ego
344 2853 522 2926 llugo,
543 2855 636 2911 Dei
666 2855 840 2927 gratia
861 2869 958 2910 rex
983 2853 1170 2925 Cypri,
1193 2853 1359 2919 dono,
1384 2851 1625 2906 concedo

27 2959 75 3002 et
98 2945 380 3003 conﬁrmo
416 2947 527 3003 Deo
559 2961 612 3004 et
649 2947 880 3003 ecclesie
922 2944 1190 3001 Dominici
1228 2942 1494 3013 Sepulcri,
1528 2957 1624 2997 ca-

27 3041 244 3096 nonicis
277 3039 531 3096 videlicet
567 3039 816 3094 eiusdem
857 3035 1199 3108 presentibus
1230 3042 1284 3090 et
1317 3031 1540 3099 futuris,
1566 3030 1622 3085 in

27 3141 354 3201 perpetuam
389 3131 747 3187 elemosinam
799 3144 898 3200 pro
953 3125 1244 3182 animabus
1293 3123 1466 3195 patris
1515 3123 1621 3178 mei

24 3231 74 3276 et
95 3223 302 3278 matris
327 3237 445 3278 mee
470 3221 828 3291 omniumque
846 3226 1259 3273 antecessorum
1285 3229 1534 3271 meorum
1565 3213 1620 3288 in
1649 3204 1693 3261 C

26 3315 313 3371 territorio
328 3313 496 3384 Paphi
519 3313 802 3384 prastiam,
825 3326 933 3382 que
953 3310 1155 3365 dicitur
1177 3307 1466 3373 Lacridon,
1495 3321 1622 3362 cum

25 3408 298 3462 omnibus
320 3407 436 3462 suis
459 3405 804 3476 pertinentiis
831 3404 886 3458 in
914 3402 1094 3470 terris,
1121 3401 1281 3472 aquis
1301 3409 1356 3455 et
1382 3399 1622 3465 villanis,

25 3509 240 3555 etcum
276 3499 534 3554 omnibus
563 3497 777 3552 iuribus
817 3505 872 3552 et
915 3492 1403 3551 consuetudinibus
1444 3492 1624 3548 eidem

25 3591 230 3662 prastie
255 3591 677 3662 pertinentibus,
697 3598 751 3645 et
769 3589 1010 3660 quinque
1031 3587 1264 3642 villanos
1284 3600 1410 3640 cum
1432 3599 1625 3639 eorum

25 3685 304 3738 uxoribus
331 3691 386 3737 et
411 3681 600 3738 liberis
625 3682 827 3737 habitis
850 3689 904 3735 et
934 3678 1222 3744 habendis,
1252 3686 1307 3732 et
1341 3691 1467 3732 cum
1506 3691 1626 3732 om-

23 3775 188 3830 nibus
211 3789 412 3829 eorum
439 3775 625 3838 rebus,
659 3789 784 3828 cum
806 3761 1024 3842 'stagiis
1057 3786 1250 3827 eorum
1289 3778 1452 3840 atque
1492 3769 1627 3825 che-

24 3867 199 3933 vagiis
219 3883 236 3933 ;
259 3866 486 3920 nomina
507 3880 637 3919 vero
649 3864 1016 3934 predictorum
1035 3862 1277 3933 quinque
1297 3860 1625 3931 villanorum

25 3959 121 4013 hec
162 3965 334 4014 sunt:
369 3955 638 4011 Vassilius
692 3955 760 4010 de
800 3954 1129 4025 Liquetima,
1159 3951 1428 4008 Vassilius
1479 3950 1626 4007 filius

22 4050 219 4104 uxoris
281 4045 503 4103 Vassilii
542 4047 610 4102 de
659 4045 985 4118 Liquetima.
1034 4043 1106 4101 Ut
1158 4053 1340 4100 autem
1371 4043 1472 4098 hec
1503 4058 1626 4098 mea

23 4141 262 4196 donatio
294 4148 410 4195 rata
439 4149 495 4195 et
523 4140 850 4194 inconcussa
873 4137 991 4192 iure
1013 4145 1273 4208 perpetuo
1289 4143 1626 4205 permaneat,

22 4238 345 4301 presentem
373 4229 626 4300 paginam
671 4228 848 4300 sigillo
889 4242 1011 4282 meo
1039 4226 1293 4297 plumbeo
1326 4225 1528 4280 muniri
1575 4233 1629 4298 et

21 4323 473 4393 subscriptorum
505 4322 746 4377 virorum
779 4320 1092 4376 testimonio
1134 4317 1478 4374 corroborari
1502 4315 1627 4388 feci,

19 4429 279 4486 quorum
329 4413 431 4468 hec
487 4421 617 4468 sunt
665 4410 923 4465 nomina:

171 4503 460 4560 Galterius
480 4501 820 4568 Cesareusis,
841 4499 1230 4556 couestabulus
1243 4498 1414 4569 Cipri.
1438 4496 1632 4570 Ayme—

253 4595 406 4650 ricus
435 4593 504 4649 de
537 4591 714 4658 Rivet,
741 4591 1090 4648 senescalcus
1123 4589 1292 4661 Cipri.
1328 4588 1628 4644 Rainaldus

260 4685 699 4753 Sucssionensis,
735 4683 1102 4740 marescalcus
1133 4682 1303 4752 Cipri.
1355 4681 1630 4737 Galterius

255 4779 325 4836 de
340 4777 598 4834 Bethsau.
623 4776 973 4833 Gormundus
992 4776 1058 4831 de
1077 4774 1333 4830 Bethsan.
1359 4772 1632 4829 Galterius

257 4872 326 4928 de
354 4870 556 4928 Sancto
589 4869 829 4925 Bertino.
863 4867 1055 4924 Simon
1082 4866 1404 4939 Paphensis.
1435 4865 1630 4923 Petrus

264 4964 472 5036 Chape.
497 4963 771 5023 Galterius
799 4962 1032 5019 iuvenis.
1595 5025 1600 5030 ὑ

100 5061 348 5117 Factum
392 5067 479 5114 est
521 5072 668 5112 anno
696 5055 766 5112 ab
792 5053 1168 5112 incarnatione
1202 5052 1422 5110 Domini
1468 5067 1628 5117 Iccx,

27 5169 234 5213 mense
258 5149 592 5207 novembris.

1027 355 1476 414 CARTULMRE
1516 356 1606 414 DU
1643 354 1845 412 SAINT
1885 354 2270 412 SEPULCRE.

48 477 322 541 Nicholao,
371 472 535 530 Troie
576 471 745 545 regali
804 470 1002 541 iudice,
1041 471 1288 528 eiusdem
1350 472 1615 528 advocato
1647 476 1694 534 Α

3173 360 3307 418 nat
3370 333 3374 338 ’

2311 467 2594 524 CLXXVII
2628 470 2734 528 "".

2212 595 2279 635 DE
2313 596 2499 636 εΑεΑιι
2523 596 2803 636 νεκυεκιο.

1796 691 1854 748 In
1881 693 2102 748 nomine
2123 701 2310 749 sancte
2331 702 2384 750 et
2411 693 2692 751 individue
2733 693 3016 754 Trinitatis
3055 695 3235 756 Patris
3258 712 3311 756 et

1723 784 1845 839 Filii
1871 794 1923 840 et
1950 783 2186 856 Spiritus
2209 785 2418 852 Sancti,
2449 802 2628 843 amen.

1792 898 1993 956 Notum
2021 903 2094 958 sit
2125 903 2403 971 omnibus,
2433 904 2780 974 presentibus
2808 914 2862 961 et
2892 905 3110 973 futuris,
3161 907 3306 977 quod

1723 1007 1824 1065 ego
1846 991 2188 1064 Aymericus,
2220 993 2316 1048 Dei
2341 996 2515 1065 gratia
2545 994 2864 1052 Latinorum
2895 995 3186 1052 Ierusalem
3216 1014 3309 1053 rex

1723 1099 1906 1140 nonus
1931 1094 1985 1140 et
2007 1101 2103 1140 rex
2129 1085 2299 1157 Cipri,
2333 1087 2499 1155 dono,
2534 1089 2774 1144 concedo
2803 1097 2857 1144 et
2891 1085 3166 1145 confirmo
3200 1087 3310 1144 Deo

1724 1185 1780 1232 et
1806 1175 1903 1232 tibi
1931 1175 2219 1244 Monacho,
2248 1179 2543 1233 venerabili
2585 1177 2854 1236 Dominici
2915 1179 3161 1251 Sepulcri
3210 1197 3310 1251 pa~

1723 1269 1984 1336 triarche,
2011 1269 2232 1339 tuisque
2258 1272 2672 1327 successoribus
2693 1272 3047 1343 eiusdemque
3071 1273 3310 1344 capitulo

1727 1362 1782 1416 in
1817 1360 1997 1435 Cypro
2018 1361 2198 1417 casale
2223 1363 2430 1418 dictum
2481 1363 2768 1420 Pendache
2798 1381 2923 1421 cum
2974 1367 3124 1420 omni
3170 1367 3308 1431 iure,

1725 1454 1872 1524 quod
1913 1454 1970 1508 in
2027 1470 2092 1509 eo
2118 1455 2283 1510 casali
2315 1455 2610 1511 habueram
2653 1466 2707 1512 et
2748 1457 2948 1513 habere
2993 1459 3307 1522 debueram,

1726 1545 1782 1599 in
1810 1553 2124 1616 perpetuam
2151 1547 2554 1616 possessionem
2579 1549 2747 1604 libere
2772 1558 2826 1604 et
2846 1550 3028 1620 quiete
3055 1551 3173 1605 sine
3199 1552 3311 1605 ullo

1727 1638 1948 1693 servitio
1977 1637 2310 1704 habendum,
2339 1640 2628 1694 tenendum
2660 1650 2716 1696 et
2748 1642 3161 1712 possidendum,
3183 1659 3309 1698 cum

1727 1729 1985 1784 omnibus
2012 1729 2127 1784 suis
2150 1729 2490 1798 pertinentiis
2513 1729 2567 1784 in
2597 1731 2778 1798 terris,
2805 1733 2963 1801 aquis
2990 1741 3043 1787 et
3071 1733 3310 1798 villauis,

1727 1831 1779 1877 et
1803 1838 1928 1878 cum
1953 1821 2102 1876 omni
2131 1820 2249 1876 iure
2278 1837 2401 1888 suo,
2429 1831 2484 1876 et
2517 1838 2641 1878 cum
2665 1824 2921 1878 omnibus
2960 1824 3313 1879 consuetudi—

1725 1914 1887 1969 nibus
1937 1915 2116 1970 eidem
2181 1915 2346 1971 casali
2413 1915 2835 1986 pertinentibus,
2883 1927 3108 1988 excepto
3164 1917 3313 1973 fonte

1726 2004 1913 2060 Sancti
1939 2005 2159 2078 Georgii
2190 2022 2314 2062 cum
2343 2007 2528 2062 decem
2558 2007 3072 2063 circumiacentibus
3119 2023 3311 2063 carru-

1723 2099 1862 2154 catis
1895 2107 2057 2166 terre,
2083 2114 2224 2169 quas
2256 2097 2519 2169 Hospitali
2553 2098 2981 2154 Alamannorum
3012 2100 3164 2168 prius
3209 2099 3309 2153 do-

1724 2206 2004 2257 naveram,
2033 2199 2088 2245 et
2109 2190 2350 2261 exceptis
2377 2191 2556 2274 donis,
2587 2206 2693 2261 que
2727 2205 2828 2261 ego
2863 2199 2918 2244 et
2956 2188 3122 2244 frater
3154 2205 3312 2248 meus

1724 2300 1819 2340 rex
1847 2283 2024 2339 Guido
2049 2284 2362 2340 hominibus
2399 2288 2600 2340 nostris
2642 2284 2968 2340 donavimus
3017 2282 3087 2338 Ut
3127 2293 3308 2340 autem

1727 2377 1828 2432 hec
1852 2391 1972 2431 mea
2008 2377 2234 2431 donatio
2261 2386 2378 2431 rata
2417 2386 2473 2432 et
2517 2377 2842 2432 inconcussa
2891 2376 3010 2431 iure
3049 2386 3311 2448 perpetuo

1726 2475 2065 2536 permaneat,
2090 2474 2396 2537 presentem
2426 2467 2676 2538 paginam
2701 2467 2866 2522 scribi
2889 2482 2953 2522 ac
2981 2467 3158 2538 sigillo
3188 2483 3312 2523 meo

1726 2557 1981 2628 plumbeo
2031 2558 2237 2612 muniri
2295 2558 2840 2629 subscriptorumque
2868 2558 3111 2613 virorum
3157 2560 3312 2615 testi-

1726 2651 1914 2704 mouio
1979 2651 2329 2707 corroborari
2397 2652 2636 2722 preeepi,
2695 2667 2928 2723 quorum
3001 2653 3101 2709 hec
3179 2663 3310 2710 sunt

1727 2759 1950 2797 nomina
1971 2763 1982 2797 ζ

1875 2857 2189 2928 Aymericus
2209 2857 2276 2913 de
2298 2856 2476 2924 Rivet,
2504 2858 2850 2914 senescalcus
2875 2857 3060 2930 Cypri.
3106 2857 3301 2914 Ilaine-

1945 2948 2082 3015 rius,
2139 2948 2569 3005 bibliotecarius.
2632 2947 2946 3021 Raynaldus
3015 2949 3308 3006 Suession-

1943 3038 2152 3093 nensis.
2223 3036 2505 3094 Rustanus
2567 3039 2790 3110 Aymar.
2867 3037 3183 3111 Raynaldus
3243 3040 3312 3094 de

1946 3129 2153 3188 Balma.
2211 3129 2538 3186 Guillelmus
2583 3130 2650 3186 de
2705 3131 2913 3196 Balma,
2959 3131 3128 3187 frater
3169 3131 3308 3202 ejus.

1942 3219 2147 3294 Symon
2173 3221 2497 3294 Paphensis.
2527 3222 2824 3279 Balduiuus
2855 3221 3134 3280 Usserius.

1797 3335 2022 3392 Factum
2049 3337 2259 3392 esthoc
2281 3350 2428 3391 anno
2454 3335 2727 3392 dominice
2754 3336 3145 3392 incarnationis
3167 3350 3313 3402 κατι,

1728 3444 1918 3485 mense
1947 3432 2166 3485 martio.

1800 3544 1998 3599 Datum
2035 3543 2302 3614 Nicossie,
2331 3562 2428 3616 per
2470 3561 2693 3600 manum
2752 3543 3079 3600 venerabilis
3132 3541 3311 3608 Alani,

1727 3634 2073 3693 Nicossensis
2096 3636 2493 3708 archiepiscopi
2510 3636 2739 3709 etCypri
2762 3635 3094 3702 cancellarii,
3117 3633 3309 3689 eodem

1730 3743 1876 3786 anno
1897 3737 1952 3784 et
1973 3729 2166 3786 eodem
2193 3745 2404 3787 mense.

2295 3888 2600 3947 CLXXVIII
2623 3890 2744 3973 f‘".

1768 4013 2000 4056 LITTEBE
2030 4016 2216 4057 DOIINI
2255 4017 2307 4058 ο.
2348 4042 2364 4057 ο
2403 4042 2418 4056 ο
2459 4017 2793 4057 PATRIARCIIE
2823 4015 3274 4057 IEROSOIJHITANI.

1803 4133 1867 4189 G.
1911 4173 1927 4188 .
1970 4173 1986 4190 .
2029 4173 2047 4190 .
2089 4135 2182 4166 ¹²¹³
2210 4135 2560 4190 miseratione
2586 4135 2769 4192 divina
2814 4135 3120 4206 patriarcha
3167 4135 3313 4193 Iero—

1733 4226 2081 4282 solimitauus
2103 4227 2330 4283 humilis
2351 4236 2406 4282 et
2437 4228 2693 4300 indignus
2721 4228 3014 4298 apostolice
3043 4229 3187 4284 sedis
3235 4231 3312 4284 le--

1731 4327 1910 4389 gatus,
1937 4319 2086 4374 clero
2113 4327 2165 4374 et
2199 4320 2402 4391 popqu
2433 4320 2485 4374 in
2515 4319 2808 4375 Ierusalem
2848 4321 3315 4376 commoranubus

1733 4411 1963 4466 salutem
1999 4410 2055 4465 in
2078 4409 2332 4467 Domino.
2387 4410 2860 4484 Uni[versi]tatem
2906 4420 3142 4468 vestram
3175 4414 3316 4468 scire

1731 4503 1987 4559 volumus
2008 4504 2156 4574 quod
2200 4518 2302 4559 nos
2344 4503 2572 4559 dilectos
2621 4503 2782 4571 ﬁlios,
2818 4503 3068 4558 abbatem
3118 4503 3315 4558 Montis

1734 4595 1929 4652 Oliveti
1951 4604 2006 4652 et
2024 4597 2287 4652 decanum
2311 4594 2652 4666 Ioppcnsem,
2677 4595 2730 4649 in
2755 4593 3044 4664 Ierusalem
3063 4594 3315 4649 misimus

1736 4703 1836 4759 pro
1863 4687 2070 4744 nostris
2104 4687 2337 4759 negotiis
2363 4687 2713 4758 expediendis
2757 4703 2821 4742 ac
2873 4686 3078 4741 nostris
3129 4687 3314 4755 requi-

1737 4779 1926 4835 rendis
1951 4779 2162 4835 iuribus
2183 4789 2238 4834 et
2273 4779 2575 4846 servandis,
2605 4778 2867 4849 quicquid
2905 4793 3000 4848 per
3043 4777 3192 4846 ipsos
3229 4776 3314 4831 vel

1739 4869 1971 4926 alterum
2000 4869 2247 4941 ipsorum
2273 4877 2455 4924 actum
2479 4867 2644 4922 fuerit
2667 4876 2846 4922 ratum
2874 4865 3135 4932 habituri,
3167 4881 3318 4920 mau-

1736 4961 1930 5018 dantes
1955 4969 2011 5018 et
2035 4970 2291 5036 rogantes
2325 4969 2598 5032 quatenus
2623 4974 2718 5015 eos
2741 4957 2918 5014 velitis
2941 4957 3181 5029 recipere
3200 4957 3318 5012 vice

1735 5062 1952 5110 nostra.

1807 5144 2004 5200 Datum
2033 5143 2256 5215 loppen,
2277 5141 2526 5199 kalendis
2546 5141 2803 5198 ianuarii.

2015 5297 2018 5302 .
2055 5307 2058 5310 .
2146 5282 2202 5314 λ-ἱξ

1995 5301 2075 5350 ἐκέκ

103 5384 209 5417 ’³η
235 5380 314 5437 Le
335 5390 480 5437 reste
501 5395 739 5452 manque
774 5379 921 5452 dans
959 5377 1011 5452 le
1053 5372 1399 5452 manuscrit.
1459 5371 1552 5404 ¹²²⁰
1610 5407 1619 5424 ι

1745 5370 1808 5452 ν’.
1841 5325 2114 5452 ’δαν
2173 5325 2592 5452 eameam?
2630 5365 2740 5452 ,βπ
2826 5364 2919 5400 ¹¹⁸¹
2962 5363 3030 5452 ιβ’
3072 5360 3320 5452 ,¹ἷ,,ἓέἶίῖ’;

31 5463 131 5536 εξιὶ
189 5455 639 5536 ῳωᾳυθηόεηε,
661 5452 722 5506 Β.

33 5521 353 5591 Gibelinus,

832 5450 926 5483 η’·
973 5448 1038 5513 Α,
1089 5445 1132 5500 ιδ
1182 5446 1304 5509 155,
1353 5451 1430 5509 νο;
1475 5458 1715 5512 manque
1777 5442 1916 5498 dans
1982 5441 2043 5498 Β.

433 5521 726 5592 Soﬁ‘redus,
790 5519 980 5592 appelé
1017 5517 1170 5592 aussi
1218 5513 1535 5592 ροῇνςιζιιε,
1579 5529 1652 5592 ou
1700 5513 1848 5592 enliu
1913 5513 2210 5592 Qiraldlu,

2182 5442 2276 5474 ⁸³³³
2323 5438 2490 5497 Cette
2570 5438 2777 5494 iuitiale

2258 5442 2276 5473 '
2323 5431 2490 5524 ’ρθιιθ
2570 5438 2777 5521 initiale
2855 5431 3022 5524 petit
3063 5431 3319 5516 désiguer

2258 5528 2352 5582 qui
2423 5520 2547 5582 tous
2620 5519 2758 5582 trois
2819 5512 3125 5582 reunirent.
3167 5517 3199 5555 a
3269 5499 3319 5553 la

2819 5499 3104 5565 réunirent
3167 5499 3208 5555 Ξῖ
3269 5499 3320 5553 la

33 5572 353 5668 ξιξιῖἰῶἶᾷ
382 5572 1132 5668 ρεῇᾗδῖἶιὶῖᾗῖξῖμξΪἕῇιιὲθὶεξῃ]
1155 5572 1376 5668 cellcﬁe
1401 5572 1576 5668 légats
1601 5585 1675 5639 du
1704 5585 1846 5642 saint
1884 5582 2168 5668 s_iége_.uE.n
2197 5572 2466 5668 Pabsence
2484 5581 2561 5668 Ade
2579 5579 3049 5668 touteindicatiop

34 5654 292 5750 ιῖξείτιιιεν
317 5654 518 5750 ξείβυίε
541 5664 693 5750 per"?
728 5661 965 5750 toros?
990 5659 1135 5750 ειΗῖῖὶ
1168 5654 1419 5750 sagit}?

325 5735 336 5748 Ι

1485 5669 1516 5708 e
1537 5640 1834 5726 Omnbus,
1869 5640 2083 5726 etq’u‘il
2121 5653 2239 5726 faut
2280 5660 2566 5726 rapporter
2601 5651 2651 5726 le
2679 5652 2975 5726 documen}!
3005 5649 3035 5701 ἐι
3062 5640 3319 5726 Χέρὲψὲ

35 5708 878 5804 iis"Eé"i}éia{,"iﬁ&66ieﬁfdé
888 5708 968 5785 "1;
993 5708 1147 5804 dsit
1171 5708 1404 5804 conche
1430 5708 1586 5782 entre
1617 5708 1937 5784 Frederic'll
1957 5708 2021 5782 et
2047 5708 2144 5783 fles
2175 5708 2487 5792 Sarrasins,
2516 5723 2662 5779 avait
2704 5721 2887 5780 refuse
2914 5721 2980 5776 dc
3016 5708 3244 5773 rétablil'
3267 5708 3320 5762 ιθ

37 5805 199 5877 siege
230 5795 525 5877 patriarcal
553 5807 690 5863 dans
711 5805 790 5862 lcs
814 5817 966 5860 murs
997 5800 1064 5856 de
1090 5795 1414 5855 Jerusalem.
