  <div class='ocr_page' id='page_1' title='image "/cluster/home/n/w/nwhite01/storage/ocr_20150623/155/hvd.32044015473838/633.png"; bbox 0 0 3832 6314; ppageno 0'>
   <div class='ocr_carea' id='block_1_1' title="bbox 539 278 679 335">
    <p class='ocr_par' dir='ltr' id='par_1_1' title="bbox 539 278 679 335">
     <span class='ocr_line' id='line_1_1' title="bbox 539 278 679 335; baseline -0.014 0"><span class='ocrx_word' id='word_1_1' title='bbox 539 278 679 335; x_wconf 69' lang='lat' dir='ltr'><strong>H55</strong></span> 
     </span>
    </p>
   </div>
   <div class='ocr_carea' id='block_1_2' title="bbox 1138 384 1535 443">
    <p class='ocr_par' dir='ltr' id='par_1_2' title="bbox 1138 384 1535 443">
     <span class='ocr_line' id='line_1_2' title="bbox 1138 384 1535 443; baseline -0.01 -1"><span class='ocrx_word' id='word_1_2' title='bbox 1138 385 1397 443; x_wconf 77' lang='lat' dir='ltr'><strong>CLXXIX</strong></span> <span class='ocrx_word' id='word_1_3' title='bbox 1424 384 1535 438; x_wconf 72' lang='lat'><strong>“&quot;.</strong></span> 
     </span>
    </p>
   </div>
   <div class='ocr_carea' id='block_1_3' title="bbox 606 488 2057 542">
    <p class='ocr_par' dir='ltr' id='par_1_3' title="bbox 606 488 2057 542">
     <span class='ocr_line' id='line_1_3' title="bbox 606 488 2057 542; baseline -0.009 -1"><span class='ocrx_word' id='word_1_4' title='bbox 606 500 954 542; x_wconf 70' lang='lat' dir='ltr'><strong>PRlVlLl-ZGIUM</strong></span> <span class='ocrx_word' id='word_1_5' title='bbox 1000 500 1067 539; x_wconf 79' lang='lat' dir='ltr'><strong>DE</strong></span> <span class='ocrx_word' id='word_1_6' title='bbox 1112 494 1521 539; x_wconf 65' lang='lat' dir='ltr'><strong>PALAFWLLO</strong></span> <span class='ocrx_word' id='word_1_7' title='bbox 1553 492 1621 532; x_wconf 70' lang='lat' dir='ltr'><strong>ET</strong></span> <span class='ocrx_word' id='word_1_8' title='bbox 1657 490 1954 531; x_wconf 70' lang='lat' dir='ltr'><strong>TURICELLA</strong></span> <span class='ocrx_word' id='word_1_9' title='bbox 1989 488 2057 529; x_wconf 72' lang='lat' dir='ltr'><strong>DE</strong></span> 
     </span>
    </p>
   </div>
   <div class='ocr_carea' id='block_1_4' title="bbox 1167 585 1519 630">
    <p class='ocr_par' dir='ltr' id='par_1_4' title="bbox 1167 585 1519 630">
     <span class='ocr_line' id='line_1_4' title="bbox 1167 585 1519 630; baseline -0.014 0"><span class='ocrx_word' id='word_1_10' title='bbox 1167 588 1344 630; x_wconf 68' lang='lat' dir='ltr'><strong>IlONTE</strong></span> <span class='ocrx_word' id='word_1_11' title='bbox 1368 585 1519 626; x_wconf 75' lang='lat' dir='ltr'><strong>RASO.</strong></span> 
     </span>
    </p>
   </div>
   <div class='ocr_carea' id='block_1_5' title="bbox 608 654 2132 733">
    <p class='ocr_par' dir='ltr' id='par_1_5' title="bbox 608 654 2132 733">
     <span class='ocr_line' id='line_1_5' title="bbox 608 654 2132 733; baseline -0.009 -10"><span class='ocrx_word' id='word_1_12' title='bbox 608 669 726 725; x_wconf 82' lang='lat' dir='ltr'><strong>Hoc</strong></span> <span class='ocrx_word' id='word_1_13' title='bbox 754 679 838 725; x_wconf 90' lang='lat' dir='ltr'><strong>est</strong></span> <span class='ocrx_word' id='word_1_14' title='bbox 865 667 1190 723; x_wconf 88' lang='lat' dir='ltr'><strong>translatum</strong></span> <span class='ocrx_word' id='word_1_15' title='bbox 1224 659 1455 724; x_wconf 74' lang='lat' dir='ltr'><strong>ﬁdeliter</strong></span> <span class='ocrx_word' id='word_1_16' title='bbox 1499 657 1909 733; x_wconf 76' lang='lat' dir='ltr'><strong>transcriptum.</strong></span> <span class='ocrx_word' id='word_1_17' title='bbox 1939 654 2132 728; x_wconf 79' lang='lat' dir='ltr'><strong>Mani-</strong></span> 
     </span>
    </p>
   </div>
   <div class='ocr_carea' id='block_1_6' title="bbox 540 743 2131 825">
    <p class='ocr_par' dir='ltr' id='par_1_6' title="bbox 540 743 2131 825">
     <span class='ocr_line' id='line_1_6' title="bbox 540 743 2131 825; baseline -0.01 -8"><span class='ocrx_word' id='word_1_18' title='bbox 540 760 740 817; x_wconf 82' lang='lat' dir='ltr'><strong>festum</strong></span> <span class='ocrx_word' id='word_1_19' title='bbox 769 759 841 815; x_wconf 85' lang='lat' dir='ltr'><strong>sit</strong></span> <span class='ocrx_word' id='word_1_20' title='bbox 874 757 1131 813; x_wconf 91' lang='lat' dir='ltr'><strong>omnibus</strong></span> <span class='ocrx_word' id='word_1_21' title='bbox 1161 754 1305 825; x_wconf 87' lang='lat' dir='ltr'><strong>quod</strong></span> <span class='ocrx_word' id='word_1_22' title='bbox 1346 767 1447 807; x_wconf 90' lang='lat' dir='ltr'><strong>nos</strong></span> <span class='ocrx_word' id='word_1_23' title='bbox 1478 743 1762 824; x_wconf 57' lang='lat' dir='ltr'><strong>&#39;P[etrus],</strong></span> <span class='ocrx_word' id='word_1_24' title='bbox 1819 747 1914 803; x_wconf 92' lang='lat' dir='ltr'><strong>Dei</strong></span> <span class='ocrx_word' id='word_1_25' title='bbox 1957 747 2131 819; x_wconf 80' lang='lat' dir='ltr'><strong>gratia</strong></span> 
     </span>
    </p>
   </div>
   <div class='ocr_carea' id='block_1_7' title="bbox 537 837 2131 921">
    <p class='ocr_par' dir='ltr' id='par_1_7' title="bbox 537 837 2131 921">
     <span class='ocr_line' id='line_1_7' title="bbox 537 837 2131 921; baseline -0.009 -14"><span class='ocrx_word' id='word_1_26' title='bbox 537 867 633 907; x_wconf 88' lang='lat' dir='ltr'><strong>rex</strong></span> <span class='ocrx_word' id='word_1_27' title='bbox 665 850 979 921; x_wconf 81' lang='lat' dir='ltr'><strong>Aragonum</strong></span> <span class='ocrx_word' id='word_1_28' title='bbox 1000 855 1252 902; x_wconf 89' lang='lat' dir='ltr'><strong>etcomes</strong></span> <span class='ocrx_word' id='word_1_29' title='bbox 1274 839 1757 905; x_wconf 83' lang='lat' dir='ltr'><strong>Barchinouensis,</strong></span> <span class='ocrx_word' id='word_1_30' title='bbox 1779 838 1925 894; x_wconf 89' lang='lat' dir='ltr'><strong>bono</strong></span> <span class='ocrx_word' id='word_1_31' title='bbox 1947 837 2131 893; x_wconf 92' lang='lat' dir='ltr'><strong>animo</strong></span> 
     </span>
    </p>
   </div>
   <div class='ocr_carea' id='block_1_8' title="bbox 537 930 2131 1011">
    <p class='ocr_par' dir='ltr' id='par_1_8' title="bbox 537 930 2131 1011">
     <span class='ocr_line' id='line_1_8' title="bbox 537 930 2131 1011; baseline -0.007 -14"><span class='ocrx_word' id='word_1_32' title='bbox 537 951 591 997; x_wconf 91' lang='lat' dir='ltr'><strong>et</strong></span> <span class='ocrx_word' id='word_1_33' title='bbox 612 950 912 1011; x_wconf 88' lang='lat' dir='ltr'><strong>spontanea</strong></span> <span class='ocrx_word' id='word_1_34' title='bbox 929 939 1210 994; x_wconf 74' lang='lat' dir='ltr'><strong>voluntate</strong></span> <span class='ocrx_word' id='word_1_35' title='bbox 1232 933 1514 1005; x_wconf 88' lang='lat' dir='ltr'><strong>cupientes</strong></span> <span class='ocrx_word' id='word_1_36' title='bbox 1536 931 1843 988; x_wconf 86' lang='lat' dir='ltr'><strong>executioni</strong></span> <span class='ocrx_word' id='word_1_37' title='bbox 1871 930 2131 986; x_wconf 84' lang='lat' dir='ltr'><strong>mandare</strong></span> 
     </span>
    </p>
   </div>
   <div class='ocr_carea' id='block_1_9' title="bbox 536 1025 2130 1106">
    <p class='ocr_par' dir='ltr' id='par_1_9' title="bbox 536 1025 2130 1106">
     <span class='ocr_line' id='line_1_9' title="bbox 536 1025 2130 1106; baseline -0.006 -18"><span class='ocrx_word' id='word_1_38' title='bbox 536 1036 682 1106; x_wconf 87' lang='lat' dir='ltr'><strong>quod</strong></span> <span class='ocrx_word' id='word_1_39' title='bbox 711 1034 967 1089; x_wconf 88' lang='lat' dir='ltr'><strong>dominus</strong></span> <span class='ocrx_word' id='word_1_40' title='bbox 1002 1027 1309 1105; x_wconf 79' lang='lat' dir='ltr'><strong>[Alfonsus]</strong></span> <span class='ocrx_word' id='word_1_41' title='bbox 1344 1028 1492 1084; x_wconf 90' lang='lat' dir='ltr'><strong>clare</strong></span> <span class='ocrx_word' id='word_1_42' title='bbox 1522 1025 1787 1081; x_wconf 84' lang='lat' dir='ltr'><strong>memorie</strong></span> <span class='ocrx_word' id='word_1_43' title='bbox 1822 1040 1939 1092; x_wconf 93' lang='lat' dir='ltr'><strong>rex,</strong></span> <span class='ocrx_word' id='word_1_44' title='bbox 1976 1033 2130 1096; x_wconf 84' lang='lat' dir='ltr'><strong>pater</strong></span> 
     </span>
    </p>
   </div>
   <div class='ocr_carea' id='block_1_10' title="bbox 535 1113 2128 1190">
    <p class='ocr_par' dir='ltr' id='par_1_10' title="bbox 535 1113 2128 1190">
     <span class='ocr_line' id='line_1_10' title="bbox 535 1113 2128 1190; baseline -0.006 -11"><span class='ocrx_word' id='word_1_45' title='bbox 535 1132 741 1190; x_wconf 90' lang='lat' dir='ltr'><strong>noster,</strong></span> <span class='ocrx_word' id='word_1_46' title='bbox 770 1124 842 1177; x_wconf 91' lang='lat' dir='ltr'><strong>ob</strong></span> <span class='ocrx_word' id='word_1_47' title='bbox 868 1122 1169 1177; x_wconf 77' lang='lat' dir='ltr'><strong>remedium</strong></span> <span class='ocrx_word' id='word_1_48' title='bbox 1211 1120 1392 1175; x_wconf 90' lang='lat' dir='ltr'><strong>anime</strong></span> <span class='ocrx_word' id='word_1_49' title='bbox 1433 1133 1531 1173; x_wconf 92' lang='lat' dir='ltr'><strong>sue</strong></span> <span class='ocrx_word' id='word_1_50' title='bbox 1582 1115 1983 1188; x_wconf 79' lang='lat' dir='ltr'><strong>gloriosissimo</strong></span> <span class='ocrx_word' id='word_1_51' title='bbox 2026 1113 2128 1171; x_wconf 86' lang='lat' dir='ltr'><strong>Se-</strong></span> 
     </span>
    </p>
   </div>
   <div class='ocr_carea' id='block_1_11' title="bbox 532 1208 2125 1287">
    <p class='ocr_par' dir='ltr' id='par_1_11' title="bbox 532 1208 2125 1287">
     <span class='ocr_line' id='line_1_11' title="bbox 532 1208 2125 1287; baseline -0.004 -17"><span class='ocrx_word' id='word_1_52' title='bbox 532 1217 723 1287; x_wconf 88' lang='lat' dir='ltr'><strong>pulcro</strong></span> <span class='ocrx_word' id='word_1_53' title='bbox 754 1215 971 1271; x_wconf 89' lang='lat' dir='ltr'><strong>Domini</strong></span> <span class='ocrx_word' id='word_1_54' title='bbox 1003 1216 1057 1269; x_wconf 91' lang='lat' dir='ltr'><strong>in</strong></span> <span class='ocrx_word' id='word_1_55' title='bbox 1084 1230 1186 1270; x_wconf 89' lang='lat' dir='ltr'><strong>suo</strong></span> <span class='ocrx_word' id='word_1_56' title='bbox 1211 1220 1539 1269; x_wconf 87' lang='lat' dir='ltr'><strong>testamento</strong></span> <span class='ocrx_word' id='word_1_57' title='bbox 1569 1210 1790 1281; x_wconf 81' lang='lat' dir='ltr'><strong>legavit,</strong></span> <span class='ocrx_word' id='word_1_58' title='bbox 1814 1208 2125 1275; x_wconf 82' lang='lat' dir='ltr'><strong>laudamus,</strong></span> 
     </span>
    </p>
   </div>
   <div class='ocr_carea' id='block_1_12' title="bbox 528 1304 2126 1374">
    <p class='ocr_par' dir='ltr' id='par_1_12' title="bbox 528 1304 2126 1374">
     <span class='ocr_line' id='line_1_12' title="bbox 528 1304 2126 1374; baseline -0.004 -11"><span class='ocrx_word' id='word_1_59' title='bbox 528 1310 886 1365; x_wconf 84' lang='lat' dir='ltr'><strong>concedimus</strong></span> <span class='ocrx_word' id='word_1_60' title='bbox 914 1317 967 1363; x_wconf 91' lang='lat' dir='ltr'><strong>et</strong></span> <span class='ocrx_word' id='word_1_61' title='bbox 989 1309 1260 1364; x_wconf 85' lang='lat' dir='ltr'><strong>donamus</strong></span> <span class='ocrx_word' id='word_1_62' title='bbox 1299 1318 1364 1362; x_wconf 87' lang='lat' dir='ltr'><strong>ac</strong></span> <span class='ocrx_word' id='word_1_63' title='bbox 1394 1305 1665 1360; x_wconf 78' lang='lat' dir='ltr'><strong>tradimus</strong></span> <span class='ocrx_word' id='word_1_64' title='bbox 1711 1304 1767 1358; x_wconf 89' lang='lat' dir='ltr'><strong>in</strong></span> <span class='ocrx_word' id='word_1_65' title='bbox 1804 1312 2126 1374; x_wconf 89' lang='lat' dir='ltr'><strong>perpetuum</strong></span> 
     </span>
    </p>
   </div>
   <div class='ocr_carea' id='block_1_13' title="bbox 530 1393 2132 1471">
    <p class='ocr_par' dir='ltr' id='par_1_13' title="bbox 530 1393 2132 1471">
     <span class='ocr_line' id='line_1_13' title="bbox 530 1393 2132 1471; baseline -0.005 -14"><span class='ocrx_word' id='word_1_66' title='bbox 530 1416 657 1457; x_wconf 91' lang='lat' dir='ltr'><strong>cum</strong></span> <span class='ocrx_word' id='word_1_67' title='bbox 682 1402 786 1456; x_wconf 86' lang='lat' dir='ltr'><strong>hac</strong></span> <span class='ocrx_word' id='word_1_68' title='bbox 812 1400 1084 1471; x_wconf 88' lang='lat' dir='ltr'><strong>scriptura</strong></span> <span class='ocrx_word' id='word_1_69' title='bbox 1113 1408 1376 1471; x_wconf 85' lang='lat' dir='ltr'><strong>perpetuo</strong></span> <span class='ocrx_word' id='word_1_70' title='bbox 1409 1397 1638 1452; x_wconf 88' lang='lat' dir='ltr'><strong>valitura</strong></span> <span class='ocrx_word' id='word_1_71' title='bbox 1664 1395 1899 1449; x_wconf 85' lang='lat' dir='ltr'><strong>Domino</strong></span> <span class='ocrx_word' id='word_1_72' title='bbox 1940 1393 2049 1449; x_wconf 89' lang='lat' dir='ltr'><strong>Deo</strong></span> <span class='ocrx_word' id='word_1_73' title='bbox 2076 1402 2132 1449; x_wconf 90' lang='lat' dir='ltr'><strong>et</strong></span> 
     </span>
    </p>
   </div>
   <div class='ocr_carea' id='block_1_14' title="bbox 529 1486 2128 1563">
    <p class='ocr_par' dir='ltr' id='par_1_14' title="bbox 529 1486 2128 1563">
     <span class='ocr_line' id='line_1_14' title="bbox 529 1486 2128 1563; baseline -0.003 -16"><span class='ocrx_word' id='word_1_74' title='bbox 529 1491 707 1547; x_wconf 88' lang='lat' dir='ltr'><strong>eidem</strong></span> <span class='ocrx_word' id='word_1_75' title='bbox 748 1490 1015 1563; x_wconf 90' lang='lat' dir='ltr'><strong>Sepulcro</strong></span> <span class='ocrx_word' id='word_1_76' title='bbox 1050 1490 1269 1546; x_wconf 85' lang='lat' dir='ltr'><strong>Domini</strong></span> <span class='ocrx_word' id='word_1_77' title='bbox 1299 1499 1353 1545; x_wconf 91' lang='lat' dir='ltr'><strong>et</strong></span> <span class='ocrx_word' id='word_1_78' title='bbox 1380 1489 1536 1545; x_wconf 83' lang='lat' dir='ltr'><strong>vobis</strong></span> <span class='ocrx_word' id='word_1_79' title='bbox 1562 1487 1818 1544; x_wconf 84' lang='lat' dir='ltr'><strong>omnibus</strong></span> <span class='ocrx_word' id='word_1_80' title='bbox 1847 1486 2128 1543; x_wconf 75' lang='lat' dir='ltr'><strong>canonicis</strong></span> 
     </span>
    </p>
   </div>
   <div class='ocr_carea' id='block_1_15' title="bbox 530 1578 2124 1656">
    <p class='ocr_par' dir='ltr' id='par_1_15' title="bbox 530 1578 2124 1656">
     <span class='ocr_line' id='line_1_15' title="bbox 530 1578 2124 1656; baseline -0.005 -15"><span class='ocrx_word' id='word_1_81' title='bbox 530 1594 585 1641; x_wconf 89' lang='lat' dir='ltr'><strong>et</strong></span> <span class='ocrx_word' id='word_1_82' title='bbox 618 1584 881 1641; x_wconf 81' lang='lat' dir='ltr'><strong>fratribus</strong></span> <span class='ocrx_word' id='word_1_83' title='bbox 927 1584 1173 1640; x_wconf 90' lang='lat' dir='ltr'><strong>eiusdem</strong></span> <span class='ocrx_word' id='word_1_84' title='bbox 1233 1582 1362 1649; x_wconf 91' lang='lat' dir='ltr'><strong>loci,</strong></span> <span class='ocrx_word' id='word_1_85' title='bbox 1419 1581 1767 1656; x_wconf 88' lang='lat' dir='ltr'><strong>presentibus</strong></span> <span class='ocrx_word' id='word_1_86' title='bbox 1809 1592 1862 1635; x_wconf 93' lang='lat' dir='ltr'><strong>et</strong></span> <span class='ocrx_word' id='word_1_87' title='bbox 1904 1578 2124 1647; x_wconf 81' lang='lat' dir='ltr'><strong>futuris,</strong></span> 
     </span>
    </p>
   </div>
   <div class='ocr_carea' id='block_1_16' title="bbox 530 1670 2124 1749">
    <p class='ocr_par' dir='ltr' id='par_1_16' title="bbox 530 1670 2124 1749">
     <span class='ocr_line' id='line_1_16' title="bbox 530 1670 2124 1749; baseline -0.002 -19"><span class='ocrx_word' id='word_1_88' title='bbox 530 1676 956 1749; x_wconf 80' lang='lat' dir='ltr'><strong>Palat‘rugellum</strong></span> <span class='ocrx_word' id='word_1_89' title='bbox 990 1686 1045 1732; x_wconf 92' lang='lat' dir='ltr'><strong>et</strong></span> <span class='ocrx_word' id='word_1_90' title='bbox 1070 1676 1373 1732; x_wconf 89' lang='lat' dir='ltr'><strong>turicellam</strong></span> <span class='ocrx_word' id='word_1_91' title='bbox 1406 1675 1472 1730; x_wconf 92' lang='lat' dir='ltr'><strong>de</strong></span> <span class='ocrx_word' id='word_1_92' title='bbox 1507 1673 1690 1730; x_wconf 81' lang='lat' dir='ltr'><strong>Monte</strong></span> <span class='ocrx_word' id='word_1_93' title='bbox 1716 1673 1863 1729; x_wconf 79' lang='lat' dir='ltr'><strong>Raso</strong></span> <span class='ocrx_word' id='word_1_94' title='bbox 1892 1682 1945 1729; x_wconf 90' lang='lat' dir='ltr'><strong>et</strong></span> <span class='ocrx_word' id='word_1_95' title='bbox 1976 1670 2124 1727; x_wconf 88' lang='lat' dir='ltr'><strong>Lau-</strong></span> 
     </span>
    </p>
   </div>
   <div class='ocr_carea' id='block_1_17' title="bbox 531 1762 2121 1839">
    <p class='ocr_par' dir='ltr' id='par_1_17' title="bbox 531 1762 2121 1839">
     <span class='ocr_line' id='line_1_17' title="bbox 531 1762 2121 1839; baseline -0.004 -16"><span class='ocrx_word' id='word_1_96' title='bbox 531 1768 734 1839; x_wconf 75' lang='lat' dir='ltr'><strong>l‘rigum</strong></span> <span class='ocrx_word' id='word_1_97' title='bbox 770 1778 823 1824; x_wconf 91' lang='lat' dir='ltr'><strong>et</strong></span> <span class='ocrx_word' id='word_1_98' title='bbox 852 1767 1263 1832; x_wconf 87' lang='lat' dir='ltr'><strong>Esclainauum,</strong></span> <span class='ocrx_word' id='word_1_99' title='bbox 1307 1765 1429 1821; x_wconf 90' lang='lat' dir='ltr'><strong>loca</strong></span> <span class='ocrx_word' id='word_1_100' title='bbox 1476 1772 1663 1823; x_wconf 89' lang='lat' dir='ltr'><strong>nostra</strong></span> <span class='ocrx_word' id='word_1_101' title='bbox 1711 1763 1827 1819; x_wconf 88' lang='lat' dir='ltr'><strong>sive</strong></span> <span class='ocrx_word' id='word_1_102' title='bbox 1875 1762 2121 1830; x_wconf 88' lang='lat' dir='ltr'><strong>castella,</strong></span> 
     </span>
    </p>
   </div>
   <div class='ocr_carea' id='block_1_18' title="bbox 532 1853 2123 1930">
    <p class='ocr_par' dir='ltr' id='par_1_18' title="bbox 532 1853 2123 1930">
     <span class='ocr_line' id='line_1_18' title="bbox 532 1853 2123 1930; baseline -0.004 -14"><span class='ocrx_word' id='word_1_103' title='bbox 532 1876 658 1916; x_wconf 89' lang='lat' dir='ltr'><strong>cum</strong></span> <span class='ocrx_word' id='word_1_104' title='bbox 693 1862 951 1919; x_wconf 89' lang='lat' dir='ltr'><strong>omnibus</strong></span> <span class='ocrx_word' id='word_1_105' title='bbox 980 1860 1227 1916; x_wconf 85' lang='lat' dir='ltr'><strong>terminis</strong></span> <span class='ocrx_word' id='word_1_106' title='bbox 1251 1866 1305 1915; x_wconf 88' lang='lat' dir='ltr'><strong>et</strong></span> <span class='ocrx_word' id='word_1_107' title='bbox 1328 1858 1672 1930; x_wconf 87' lang='lat' dir='ltr'><strong>pertinentiis</strong></span> <span class='ocrx_word' id='word_1_108' title='bbox 1720 1855 1837 1911; x_wconf 89' lang='lat' dir='ltr'><strong>suis</strong></span> <span class='ocrx_word' id='word_1_109' title='bbox 1883 1853 2123 1911; x_wconf 87' lang='lat' dir='ltr'><strong>heremis</strong></span> 
     </span>
    </p>
   </div>
   <div class='ocr_carea' id='block_1_19' title="bbox 535 1946 2123 2023">
    <p class='ocr_par' dir='ltr' id='par_1_19' title="bbox 535 1946 2123 2023">
     <span class='ocr_line' id='line_1_19' title="bbox 535 1946 2123 2023; baseline -0.003 -16"><span class='ocrx_word' id='word_1_110' title='bbox 535 1961 590 2008; x_wconf 89' lang='lat' dir='ltr'><strong>et</strong></span> <span class='ocrx_word' id='word_1_111' title='bbox 618 1953 913 2023; x_wconf 84' lang='lat' dir='ltr'><strong>populatis,</strong></span> <span class='ocrx_word' id='word_1_112' title='bbox 946 1968 1070 2008; x_wconf 88' lang='lat' dir='ltr'><strong>cum</strong></span> <span class='ocrx_word' id='word_1_113' title='bbox 1098 1952 1256 2022; x_wconf 84' lang='lat' dir='ltr'><strong>aquis</strong></span> <span class='ocrx_word' id='word_1_114' title='bbox 1283 1950 1540 2007; x_wconf 90' lang='lat' dir='ltr'><strong>omnibus</strong></span> <span class='ocrx_word' id='word_1_115' title='bbox 1566 1959 1619 2004; x_wconf 86' lang='lat' dir='ltr'><strong>et</strong></span> <span class='ocrx_word' id='word_1_116' title='bbox 1646 1948 1779 2006; x_wconf 86' lang='lat' dir='ltr'><strong>rivis</strong></span> <span class='ocrx_word' id='word_1_117' title='bbox 1807 1956 1860 2005; x_wconf 73' lang='lat' dir='ltr'><strong>et</strong></span> <span class='ocrx_word' id='word_1_118' title='bbox 1901 1946 2123 2018; x_wconf 86' lang='lat' dir='ltr'><strong>pascuis</strong></span> 
     </span>
    </p>
   </div>
   <div class='ocr_carea' id='block_1_20' title="bbox 532 2037 2123 2113">
    <p class='ocr_par' dir='ltr' id='par_1_20' title="bbox 532 2037 2123 2113">
     <span class='ocr_line' id='line_1_20' title="bbox 532 2037 2123 2113; baseline -0.004 -14"><span class='ocrx_word' id='word_1_119' title='bbox 532 2051 587 2099; x_wconf 90' lang='lat' dir='ltr'><strong>et</strong></span> <span class='ocrx_word' id='word_1_120' title='bbox 613 2043 864 2113; x_wconf 89' lang='lat' dir='ltr'><strong>piscariis</strong></span> <span class='ocrx_word' id='word_1_121' title='bbox 896 2043 1064 2098; x_wconf 90' lang='lat' dir='ltr'><strong>maris</strong></span> <span class='ocrx_word' id='word_1_122' title='bbox 1093 2052 1146 2099; x_wconf 92' lang='lat' dir='ltr'><strong>et</strong></span> <span class='ocrx_word' id='word_1_123' title='bbox 1168 2051 1331 2109; x_wconf 90' lang='lat' dir='ltr'><strong>terre,</strong></span> <span class='ocrx_word' id='word_1_124' title='bbox 1363 2057 1490 2097; x_wconf 89' lang='lat' dir='ltr'><strong>cum</strong></span> <span class='ocrx_word' id='word_1_125' title='bbox 1527 2038 1879 2097; x_wconf 62' lang='lat' dir='ltr'><strong>ﬁrmamenti:</strong></span> <span class='ocrx_word' id='word_1_126' title='bbox 1916 2048 1969 2095; x_wconf 91' lang='lat' dir='ltr'><strong>et</strong></span> <span class='ocrx_word' id='word_1_127' title='bbox 2007 2037 2123 2110; x_wconf 90' lang='lat' dir='ltr'><strong>pla-</strong></span> 
     </span>
    </p>
   </div>
   <div class='ocr_carea' id='block_1_21' title="bbox 528 2130 2120 2205">
    <p class='ocr_par' dir='ltr' id='par_1_21' title="bbox 528 2130 2120 2205">
     <span class='ocr_line' id='line_1_21' title="bbox 528 2130 2120 2205; baseline -0.003 -14"><span class='ocrx_word' id='word_1_128' title='bbox 528 2134 732 2191; x_wconf 62' lang='lat' dir='ltr'><strong>Citis‘et</strong></span> <span class='ocrx_word' id='word_1_129' title='bbox 753 2135 983 2191; x_wconf 87' lang='lat' dir='ltr'><strong>caloniis</strong></span> <span class='ocrx_word' id='word_1_130' title='bbox 1012 2145 1064 2191; x_wconf 90' lang='lat' dir='ltr'><strong>et</strong></span> <span class='ocrx_word' id='word_1_131' title='bbox 1097 2134 1355 2190; x_wconf 88' lang='lat' dir='ltr'><strong>omnibus</strong></span> <span class='ocrx_word' id='word_1_132' title='bbox 1413 2133 1645 2205; x_wconf 86' lang='lat' dir='ltr'><strong>questiis</strong></span> <span class='ocrx_word' id='word_1_133' title='bbox 1674 2142 1727 2188; x_wconf 89' lang='lat' dir='ltr'><strong>et</strong></span> <span class='ocrx_word' id='word_1_134' title='bbox 1752 2132 1966 2189; x_wconf 90' lang='lat' dir='ltr'><strong>cunctis</strong></span> <span class='ocrx_word' id='word_1_135' title='bbox 2000 2130 2120 2187; x_wconf 79' lang='lat' dir='ltr'><strong>fru-</strong></span> 
     </span>
    </p>
   </div>
   <div class='ocr_carea' id='block_1_22' title="bbox 533 2226 2124 2298">
    <p class='ocr_par' dir='ltr' id='par_1_22' title="bbox 533 2226 2124 2298">
     <span class='ocr_line' id='line_1_22' title="bbox 533 2226 2124 2298; baseline -0.001 -17"><span class='ocrx_word' id='word_1_136' title='bbox 533 2228 735 2294; x_wconf 90' lang='lat' dir='ltr'><strong>ctibus,</strong></span> <span class='ocrx_word' id='word_1_137' title='bbox 765 2228 1140 2298; x_wconf 87' lang='lat' dir='ltr'><strong>proventibus,</strong></span> <span class='ocrx_word' id='word_1_138' title='bbox 1170 2227 1408 2283; x_wconf 82' lang='lat' dir='ltr'><strong>exitibus</strong></span> <span class='ocrx_word' id='word_1_139' title='bbox 1433 2235 1487 2283; x_wconf 88' lang='lat' dir='ltr'><strong>et</strong></span> <span class='ocrx_word' id='word_1_140' title='bbox 1510 2226 1761 2297; x_wconf 80' lang='lat' dir='ltr'><strong>expletis,</strong></span> <span class='ocrx_word' id='word_1_141' title='bbox 1804 2241 1929 2281; x_wconf 92' lang='lat' dir='ltr'><strong>cum</strong></span> <span class='ocrx_word' id='word_1_142' title='bbox 1956 2239 2124 2280; x_wconf 84' lang='lat' dir='ltr'><strong>vena-</strong></span> 
     </span>
    </p>
   </div>
   <div class='ocr_carea' id='block_1_23' title="bbox 528 2318 2121 2388">
    <p class='ocr_par' dir='ltr' id='par_1_23' title="bbox 528 2318 2121 2388">
     <span class='ocr_line' id='line_1_23' title="bbox 528 2318 2121 2388; baseline 0 -14"><span class='ocrx_word' id='word_1_143' title='bbox 528 2320 772 2376; x_wconf 79' lang='lat' dir='ltr'><strong>tionibus</strong></span> <span class='ocrx_word' id='word_1_144' title='bbox 797 2329 852 2377; x_wconf 93' lang='lat' dir='ltr'><strong>et</strong></span> <span class='ocrx_word' id='word_1_145' title='bbox 881 2321 1311 2388; x_wconf 86' lang='lat' dir='ltr'><strong>inventionibus,</strong></span> <span class='ocrx_word' id='word_1_146' title='bbox 1356 2319 1733 2376; x_wconf 87' lang='lat' dir='ltr'><strong>accidentibus</strong></span> <span class='ocrx_word' id='word_1_147' title='bbox 1774 2326 1828 2375; x_wconf 90' lang='lat' dir='ltr'><strong>et</strong></span> <span class='ocrx_word' id='word_1_148' title='bbox 1874 2318 2121 2376; x_wconf 81' lang='lat' dir='ltr'><strong>excautis</strong></span> 
     </span>
    </p>
   </div>
   <div class='ocr_carea' id='block_1_24' title="bbox 527 2409 2122 2483">
    <p class='ocr_par' dir='ltr' id='par_1_24' title="bbox 527 2409 2122 2483">
     <span class='ocr_line' id='line_1_24' title="bbox 527 2409 2122 2483; baseline -0.001 -17"><span class='ocrx_word' id='word_1_149' title='bbox 527 2412 884 2483; x_wconf 78' lang='lat' dir='ltr'><strong>quibuslibet,</strong></span> <span class='ocrx_word' id='word_1_150' title='bbox 917 2428 1041 2469; x_wconf 91' lang='lat' dir='ltr'><strong>cum</strong></span> <span class='ocrx_word' id='word_1_151' title='bbox 1067 2412 1382 2468; x_wconf 90' lang='lat' dir='ltr'><strong>hominibus</strong></span> <span class='ocrx_word' id='word_1_152' title='bbox 1417 2419 1472 2467; x_wconf 89' lang='lat' dir='ltr'><strong>et</strong></span> <span class='ocrx_word' id='word_1_153' title='bbox 1497 2409 1738 2477; x_wconf 84' lang='lat' dir='ltr'><strong>feminis,</strong></span> <span class='ocrx_word' id='word_1_154' title='bbox 1770 2410 1865 2481; x_wconf 86' lang='lat' dir='ltr'><strong>qui</strong></span> <span class='ocrx_word' id='word_1_155' title='bbox 1890 2409 1965 2465; x_wconf 90' lang='lat' dir='ltr'><strong>ibi</strong></span> <span class='ocrx_word' id='word_1_156' title='bbox 1993 2420 2122 2464; x_wconf 86' lang='lat' dir='ltr'><strong>sunt</strong></span> 
     </span>
    </p>
   </div>
   <div class='ocr_carea' id='block_1_25' title="bbox 527 2502 2118 2577">
    <p class='ocr_par' dir='ltr' id='par_1_25' title="bbox 527 2502 2118 2577">
     <span class='ocr_line' id='line_1_25' title="bbox 527 2502 2118 2577; baseline 0 -18"><span class='ocrx_word' id='word_1_157' title='bbox 527 2506 613 2560; x_wconf 85' lang='lat' dir='ltr'><strong>vel</strong></span> <span class='ocrx_word' id='word_1_158' title='bbox 642 2515 803 2561; x_wconf 82' lang='lat' dir='ltr'><strong>erunt</strong></span> <span class='ocrx_word' id='word_1_159' title='bbox 829 2516 922 2562; x_wconf 91' lang='lat' dir='ltr'><strong>aut</strong></span> <span class='ocrx_word' id='word_1_160' title='bbox 945 2522 1068 2562; x_wconf 88' lang='lat' dir='ltr'><strong>esse</strong></span> <span class='ocrx_word' id='word_1_161' title='bbox 1096 2514 1373 2577; x_wconf 89' lang='lat' dir='ltr'><strong>poterunt,</strong></span> <span class='ocrx_word' id='word_1_162' title='bbox 1398 2512 1453 2560; x_wconf 92' lang='lat' dir='ltr'><strong>et</strong></span> <span class='ocrx_word' id='word_1_163' title='bbox 1477 2520 1603 2560; x_wconf 86' lang='lat' dir='ltr'><strong>cum</strong></span> <span class='ocrx_word' id='word_1_164' title='bbox 1624 2503 1882 2559; x_wconf 88' lang='lat' dir='ltr'><strong>omnibus</strong></span> <span class='ocrx_word' id='word_1_165' title='bbox 1925 2502 2118 2559; x_wconf 89' lang='lat' dir='ltr'><strong>melio-</strong></span> 
     </span>
    </p>
   </div>
   <div class='ocr_carea' id='block_1_26' title="bbox 525 2594 2120 2670">
    <p class='ocr_par' dir='ltr' id='par_1_26' title="bbox 525 2594 2120 2670">
     <span class='ocr_line' id='line_1_26' title="bbox 525 2594 2120 2670; baseline -0.001 -18"><span class='ocrx_word' id='word_1_166' title='bbox 525 2599 794 2654; x_wconf 90' lang='lat' dir='ltr'><strong>ramentis</strong></span> <span class='ocrx_word' id='word_1_167' title='bbox 823 2607 877 2653; x_wconf 93' lang='lat' dir='ltr'><strong>et</strong></span> <span class='ocrx_word' id='word_1_168' title='bbox 900 2598 1231 2670; x_wconf 78' lang='lat' dir='ltr'><strong>augmentis,</strong></span> <span class='ocrx_word' id='word_1_169' title='bbox 1255 2612 1362 2669; x_wconf 89' lang='lat' dir='ltr'><strong>que</strong></span> <span class='ocrx_word' id='word_1_170' title='bbox 1388 2596 1461 2651; x_wconf 90' lang='lat' dir='ltr'><strong>ibi</strong></span> <span class='ocrx_word' id='word_1_171' title='bbox 1494 2594 1673 2652; x_wconf 81' lang='lat' dir='ltr'><strong>facere</strong></span> <span class='ocrx_word' id='word_1_172' title='bbox 1696 2595 1984 2666; x_wconf 89' lang='lat' dir='ltr'><strong>potueritis</strong></span> <span class='ocrx_word' id='word_1_173' title='bbox 2008 2594 2120 2650; x_wconf 91' lang='lat' dir='ltr'><strong>ullo</strong></span> 
     </span>
    </p>
   </div>
   <div class='ocr_carea' id='block_1_27' title="bbox 526 2689 2118 2762">
    <p class='ocr_par' dir='ltr' id='par_1_27' title="bbox 526 2689 2118 2762">
     <span class='ocr_line' id='line_1_27' title="bbox 526 2689 2118 2762; baseline -0.001 -16"><span class='ocrx_word' id='word_1_174' title='bbox 526 2690 711 2758; x_wconf 86' lang='lat' dir='ltr'><strong>modo,</strong></span> <span class='ocrx_word' id='word_1_175' title='bbox 741 2706 867 2746; x_wconf 89' lang='lat' dir='ltr'><strong>cum</strong></span> <span class='ocrx_word' id='word_1_176' title='bbox 899 2691 1157 2747; x_wconf 89' lang='lat' dir='ltr'><strong>omnibus</strong></span> <span class='ocrx_word' id='word_1_177' title='bbox 1188 2690 1375 2757; x_wconf 89' lang='lat' dir='ltr'><strong>etiam,</strong></span> <span class='ocrx_word' id='word_1_178' title='bbox 1409 2706 1517 2762; x_wconf 91' lang='lat' dir='ltr'><strong>que</strong></span> <span class='ocrx_word' id='word_1_179' title='bbox 1565 2705 1667 2745; x_wconf 89' lang='lat' dir='ltr'><strong>nos</strong></span> <span class='ocrx_word' id='word_1_180' title='bbox 1700 2690 1784 2745; x_wconf 85' lang='lat' dir='ltr'><strong>vel</strong></span> <span class='ocrx_word' id='word_1_181' title='bbox 1829 2689 2118 2759; x_wconf 87' lang='lat' dir='ltr'><strong>predeces-</strong></span> 
     </span>
    </p>
   </div>
   <div class='ocr_carea' id='block_1_28' title="bbox 525 2780 2119 2852">
    <p class='ocr_par' dir='ltr' id='par_1_28' title="bbox 525 2780 2119 2852">
     <span class='ocr_line' id='line_1_28' title="bbox 525 2780 2119 2852; baseline -0.001 -14"><span class='ocrx_word' id='word_1_182' title='bbox 525 2796 683 2838; x_wconf 84' lang='lat' dir='ltr'><strong>sores</strong></span> <span class='ocrx_word' id='word_1_183' title='bbox 710 2781 888 2836; x_wconf 89' lang='lat' dir='ltr'><strong>nostri</strong></span> <span class='ocrx_word' id='word_1_184' title='bbox 914 2782 995 2836; x_wconf 88' lang='lat' dir='ltr'><strong>vel</strong></span> <span class='ocrx_word' id='word_1_185' title='bbox 1023 2782 1190 2852; x_wconf 86' lang='lat' dir='ltr'><strong>aliqui</strong></span> <span class='ocrx_word' id='word_1_186' title='bbox 1216 2782 1309 2837; x_wconf 87' lang='lat' dir='ltr'><strong>alii</strong></span> <span class='ocrx_word' id='word_1_187' title='bbox 1340 2780 1395 2836; x_wconf 92' lang='lat' dir='ltr'><strong>in</strong></span> <span class='ocrx_word' id='word_1_188' title='bbox 1419 2781 1679 2852; x_wconf 85' lang='lat' dir='ltr'><strong>predictis</strong></span> <span class='ocrx_word' id='word_1_189' title='bbox 1701 2781 1836 2836; x_wconf 87' lang='lat' dir='ltr'><strong>locis</strong></span> <span class='ocrx_word' id='word_1_190' title='bbox 1852 2789 2119 2838; x_wconf 86' lang='lat' dir='ltr'><strong>eteorum</strong></span> 
     </span>
    </p>
   </div>
   <div class='ocr_carea' id='block_1_29' title="bbox 527 2858 2119 2945">
    <p class='ocr_par' dir='ltr' id='par_1_29' title="bbox 527 2858 2119 2945">
     <span class='ocr_line' id='line_1_29' title="bbox 527 2858 2119 2945; baseline 0.003 -18"><span class='ocrx_word' id='word_1_191' title='bbox 527 2873 845 2929; x_wconf 87' lang='lat' dir='ltr'><strong>tenimeutis</strong></span> <span class='ocrx_word' id='word_1_192' title='bbox 876 2890 1117 2945; x_wconf 85' lang='lat' dir='ltr'><strong>unquam</strong></span> <span class='ocrx_word' id='word_1_193' title='bbox 1164 2858 1482 2941; x_wconf 86' lang='lat' dir='ltr'><strong>habuimus,</strong></span> <span class='ocrx_word' id='word_1_194' title='bbox 1533 2874 1811 2930; x_wconf 89' lang='lat' dir='ltr'><strong>tenuimus</strong></span> <span class='ocrx_word' id='word_1_195' title='bbox 1833 2890 1917 2929; x_wconf 75' lang='grc' dir='ltr'><strong>νει</strong></span> <span class='ocrx_word' id='word_1_196' title='bbox 1962 2890 2119 2931; x_wconf 88' lang='lat' dir='ltr'><strong>acce-</strong></span> 
     </span>
    </p>
   </div>
   <div class='ocr_carea' id='block_1_30' title="bbox 526 2963 2117 3036">
    <p class='ocr_par' dir='ltr' id='par_1_30' title="bbox 526 2963 2117 3036">
     <span class='ocr_line' id='line_1_30' title="bbox 526 2963 2117 3036; baseline 0.004 -21"><span class='ocrx_word' id='word_1_197' title='bbox 526 2963 711 3035; x_wconf 86' lang='lat' dir='ltr'><strong>pimus</strong></span> <span class='ocrx_word' id='word_1_198' title='bbox 735 2963 914 3036; x_wconf 87' lang='lat' dir='ltr'><strong>aliqua</strong></span> <span class='ocrx_word' id='word_1_199' title='bbox 949 2966 1159 3020; x_wconf 82' lang='lat' dir='ltr'><strong>ratione</strong></span> <span class='ocrx_word' id='word_1_200' title='bbox 1189 2965 1270 3020; x_wconf 86' lang='lat' dir='ltr'><strong>vel</strong></span> <span class='ocrx_word' id='word_1_201' title='bbox 1320 2981 1506 3021; x_wconf 86' lang='lat' dir='ltr'><strong>causa.</strong></span> <span class='ocrx_word' id='word_1_202' title='bbox 1542 2964 1654 3020; x_wconf 75' lang='lat' dir='ltr'><strong>Hec</strong></span> <span class='ocrx_word' id='word_1_203' title='bbox 1703 2976 1885 3019; x_wconf 89' lang='lat' dir='ltr'><strong>autem</strong></span> <span class='ocrx_word' id='word_1_204' title='bbox 1932 2966 2117 3021; x_wconf 87' lang='lat' dir='ltr'><strong>omnia</strong></span> 
     </span>
    </p>
   </div>
   <div class='ocr_carea' id='block_1_31' title="bbox 1095 262 3253 329">
    <p class='ocr_par' dir='ltr' id='par_1_31' title="bbox 1095 262 3253 329">
     <span class='ocr_line' id='line_1_31' title="bbox 1095 262 3253 329; baseline -0.003 -1"><span class='ocrx_word' id='word_1_205' title='bbox 1095 272 1107 280; x_wconf 87' lang='grc'><em>’</em></span> <span class='ocrx_word' id='word_1_206' title='bbox 1152 272 1241 328; x_wconf 76' lang='lat' dir='ltr'><strong>AD</strong></span> <span class='ocrx_word' id='word_1_207' title='bbox 1279 266 1730 329; x_wconf 78' lang='lat' dir='ltr'><strong>GODEFRIDUM</strong></span> <span class='ocrx_word' id='word_1_208' title='bbox 1769 265 2059 322; x_wconf 73' lang='lat' dir='ltr'><strong>APPEND.</strong></span> <span class='ocrx_word' id='word_1_209' title='bbox 2094 264 2159 321; x_wconf 81' lang='lat' dir='ltr'><strong>ll.</strong></span> <span class='ocrx_word' id='word_1_210' title='bbox 2202 293 2269 307; x_wconf 61' lang='grc' dir='ltr'><strong>η</strong></span> <span class='ocrx_word' id='word_1_211' title='bbox 2305 264 2576 323; x_wconf 68' lang='lat' dir='ltr'><strong>NONUM.</strong></span> <span class='ocrx_word' id='word_1_212' title='bbox 2616 266 2704 320; x_wconf 85' lang='lat' dir='ltr'><strong>DE</strong></span> <span class='ocrx_word' id='word_1_213' title='bbox 2739 263 2964 322; x_wconf 86' lang='lat' dir='ltr'><strong>BELLO</strong></span> <span class='ocrx_word' id='word_1_214' title='bbox 3002 262 3253 323; x_wconf 78' lang='lat' dir='ltr'><strong>SACRO.</strong></span> 
     </span>
    </p>
   </div>
   <div class='ocr_carea' id='block_1_32' title="bbox 2158 400 2207 456">
    <p class='ocr_par' dir='ltr' id='par_1_32' title="bbox 2158 400 2207 456">
     <span class='ocr_line' id='line_1_32' title="bbox 2158 400 2207 456; baseline 0 0"><span class='ocrx_word' id='word_1_215' title='bbox 2158 400 2207 456; x_wconf 78' lang='grc' dir='ltr'><strong>Δ</strong></span> 
     </span>
    </p>
   </div>
   <div class='ocr_carea' id='block_1_33' title="bbox 2448 378 3711 451">
    <p class='ocr_par' dir='ltr' id='par_1_33' title="bbox 2448 378 3711 451">
     <span class='ocr_line' id='line_1_33' title="bbox 2448 378 3711 451; baseline 0.006 -15"><span class='ocrx_word' id='word_1_216' title='bbox 2448 378 2672 437; x_wconf 75' lang='lat' dir='ltr'><strong>Oscensi</strong></span> <span class='ocrx_word' id='word_1_217' title='bbox 2696 380 2974 451; x_wconf 84' lang='lat' dir='ltr'><strong>episcopo.</strong></span> <span class='ocrx_word' id='word_1_218' title='bbox 2993 380 3227 437; x_wconf 88' lang='lat' dir='ltr'><strong>Domino</strong></span> <span class='ocrx_word' id='word_1_219' title='bbox 3241 379 3521 439; x_wconf 82' lang='lat' dir='ltr'><strong>Exaiuenio</strong></span> <span class='ocrx_word' id='word_1_220' title='bbox 3536 383 3711 447; x_wconf 81' lang='lat' dir='ltr'><strong>Cornelii.</strong></span> 
     </span>
    </p>
   </div>
   <div class='ocr_carea' id='block_1_34' title="bbox 2450 471 3713 540">
    <p class='ocr_par' dir='ltr' id='par_1_34' title="bbox 2450 471 3713 540">
     <span class='ocr_line' id='line_1_34' title="bbox 2450 471 3713 540; baseline 0.007 -13"><span class='ocrx_word' id='word_1_221' title='bbox 2450 471 2680 533; x_wconf 81' lang='lat' dir='ltr'><strong>Domino</strong></span> <span class='ocrx_word' id='word_1_222' title='bbox 2696 472 2896 529; x_wconf 81' lang='lat' dir='ltr'><strong>Garsia</strong></span> <span class='ocrx_word' id='word_1_223' title='bbox 2928 471 3186 531; x_wconf 70' lang='lat' dir='ltr'><strong>Romam.</strong></span> <span class='ocrx_word' id='word_1_224' title='bbox 3213 472 3441 540; x_wconf 83' lang='lat' dir='ltr'><strong>Domino</strong></span> <span class='ocrx_word' id='word_1_225' title='bbox 3462 474 3713 539; x_wconf 69' lang='lat' dir='ltr'><strong>Michaelede</strong></span> 
     </span>
    </p>
   </div>
   <div class='ocr_carea' id='block_1_35' title="bbox 2446 560 3424 636">
    <p class='ocr_par' dir='ltr' id='par_1_35' title="bbox 2446 560 3424 636">
     <span class='ocr_line' id='line_1_35' title="bbox 2446 560 3424 636; baseline 0 -17"><span class='ocrx_word' id='word_1_226' title='bbox 2446 560 2632 619; x_wconf 76' lang='lat' dir='ltr'><strong>Lusia.</strong></span> <span class='ocrx_word' id='word_1_227' title='bbox 2668 562 3001 630; x_wconf 78' lang='lat' dir='ltr'><strong>Raimundo,</strong></span> <span class='ocrx_word' id='word_1_228' title='bbox 3035 562 3424 636; x_wconf 84' lang='lat' dir='ltr'><strong>reposit[ario].</strong></span> 
     </span>
    </p>
   </div>
   <div class='ocr_carea' id='block_1_36' title="bbox 2306 650 3715 725">
    <p class='ocr_par' dir='ltr' id='par_1_36' title="bbox 2306 650 3715 725">
     <span class='ocr_line' id='line_1_36' title="bbox 2306 650 3715 725; baseline 0.007 -19"><span class='ocrx_word' id='word_1_229' title='bbox 2306 650 2386 707; x_wconf 85' lang='lat' dir='ltr'><strong>En</strong></span> <span class='ocrx_word' id='word_1_230' title='bbox 2408 668 2510 725; x_wconf 76' lang='lat' dir='ltr'><strong>ego</strong></span> <span class='ocrx_word' id='word_1_231' title='bbox 2537 655 2605 712; x_wconf 88' lang='lat' dir='ltr'><strong>de</strong></span> <span class='ocrx_word' id='word_1_232' title='bbox 2629 655 2827 722; x_wconf 78' lang='lat' dir='ltr'><strong>szar,</strong></span> <span class='ocrx_word' id='word_1_233' title='bbox 2851 665 2907 713; x_wconf 88' lang='lat' dir='ltr'><strong>et</strong></span> <span class='ocrx_word' id='word_1_234' title='bbox 2928 656 3117 713; x_wconf 78' lang='lat' dir='ltr'><strong>multis</strong></span> <span class='ocrx_word' id='word_1_235' title='bbox 3144 655 3271 711; x_wconf 88' lang='lat' dir='ltr'><strong>aliis</strong></span> <span class='ocrx_word' id='word_1_236' title='bbox 3314 656 3516 713; x_wconf 76' lang='lat' dir='ltr'><strong>clericis</strong></span> <span class='ocrx_word' id='word_1_237' title='bbox 3545 668 3590 714; x_wconf 86' lang='lat' dir='ltr'><strong>et</strong></span> <span class='ocrx_word' id='word_1_238' title='bbox 3616 662 3715 721; x_wconf 64' lang='lat' dir='ltr'><strong>laici:</strong></span> 
     </span>
    </p>
   </div>
   <div class='ocr_carea' id='block_1_37' title="bbox 2232 745 3093 813">
    <p class='ocr_par' dir='ltr' id='par_1_37' title="bbox 2232 745 3093 813">
     <span class='ocr_line' id='line_1_37' title="bbox 2232 745 3093 813; baseline 0.005 -13"><span class='ocrx_word' id='word_1_239' title='bbox 2232 746 2301 813; x_wconf 79' lang='lat' dir='ltr'><strong>de</strong></span> <span class='ocrx_word' id='word_1_240' title='bbox 2323 745 2477 802; x_wconf 89' lang='lat' dir='ltr'><strong>curia</strong></span> <span class='ocrx_word' id='word_1_241' title='bbox 2496 754 2551 803; x_wconf 87' lang='lat' dir='ltr'><strong>et</strong></span> <span class='ocrx_word' id='word_1_242' title='bbox 2571 749 2851 804; x_wconf 85' lang='lat' dir='ltr'><strong>creatione</strong></span> <span class='ocrx_word' id='word_1_243' title='bbox 2882 762 3093 805; x_wconf 87' lang='lat' dir='ltr'><strong>nostra.</strong></span> 
     </span>
    </p>
   </div>
   <div class='ocr_carea' id='block_1_38' title="bbox 2308 836 3717 913">
    <p class='ocr_par' dir='ltr' id='par_1_38' title="bbox 2308 836 3717 913">
     <span class='ocr_line' id='line_1_38' title="bbox 2308 836 3717 913; baseline 0.009 -21"><span class='ocrx_word' id='word_1_244' title='bbox 2308 836 2536 910; x_wconf 79' lang='lat' dir='ltr'><strong>Signum</strong></span> <span class='ocrx_word' id='word_1_245' title='bbox 2562 838 2731 908; x_wconf 85' lang='lat' dir='ltr'><strong>Petri,</strong></span> <span class='ocrx_word' id='word_1_246' title='bbox 2762 839 2860 897; x_wconf 86' lang='lat' dir='ltr'><strong>Dei</strong></span> <span class='ocrx_word' id='word_1_247' title='bbox 2894 841 3067 913; x_wconf 80' lang='lat' dir='ltr'><strong>gratia</strong></span> <span class='ocrx_word' id='word_1_248' title='bbox 3110 841 3255 913; x_wconf 81' lang='lat' dir='ltr'><strong>regis</strong></span> <span class='ocrx_word' id='word_1_249' title='bbox 3284 840 3572 913; x_wconf 71' lang='lat' dir='ltr'><strong>Aragonum</strong></span> <span class='ocrx_word' id='word_1_250' title='bbox 3599 855 3641 901; x_wconf 82' lang='lat' dir='ltr'><strong>et</strong></span> <span class='ocrx_word' id='word_1_251' title='bbox 3662 863 3717 906; x_wconf 78' lang='lat' dir='ltr'><strong>oo-</strong></span> 
     </span>
    </p>
   </div>
   <div class='ocr_carea' id='block_1_39' title="bbox 2232 930 2897 991">
    <p class='ocr_par' dir='ltr' id='par_1_39' title="bbox 2232 930 2897 991">
     <span class='ocr_line' id='line_1_39' title="bbox 2232 930 2897 991; baseline 0.003 -4"><span class='ocrx_word' id='word_1_252' title='bbox 2232 930 2384 989; x_wconf 84' lang='lat' dir='ltr'><strong>mitis</strong></span> <span class='ocrx_word' id='word_1_253' title='bbox 2414 930 2897 991; x_wconf 81' lang='lat' dir='ltr'><strong>Barchinonensis.</strong></span> 
     </span>
    </p>
   </div>
   <div class='ocr_carea' id='block_1_40' title="bbox 2303 1023 3718 1104">
    <p class='ocr_par' dir='ltr' id='par_1_40' title="bbox 2303 1023 3718 1104">
     <span class='ocr_line' id='line_1_40' title="bbox 2303 1023 3718 1104; baseline 0.007 -26"><span class='ocrx_word' id='word_1_254' title='bbox 2303 1023 2417 1096; x_wconf 81' lang='lat' dir='ltr'><strong>Ego</strong></span> <span class='ocrx_word' id='word_1_255' title='bbox 2445 1024 2732 1083; x_wconf 84' lang='lat' dir='ltr'><strong>Ferrarius</strong></span> <span class='ocrx_word' id='word_1_256' title='bbox 2757 1028 2826 1084; x_wconf 89' lang='lat' dir='ltr'><strong>de</strong></span> <span class='ocrx_word' id='word_1_257' title='bbox 2850 1026 3113 1093; x_wconf 85' lang='lat' dir='ltr'><strong>Guardia,</strong></span> <span class='ocrx_word' id='word_1_258' title='bbox 3142 1028 3390 1084; x_wconf 85' lang='lat' dir='ltr'><strong>notarius</strong></span> <span class='ocrx_word' id='word_1_259' title='bbox 3410 1029 3591 1085; x_wconf 82' lang='lat' dir='ltr'><strong>domini</strong></span> <span class='ocrx_word' id='word_1_260' title='bbox 3615 1035 3718 1104; x_wconf 64' lang='lat' dir='ltr'><strong>regis,</strong></span> 
     </span>
    </p>
   </div>
   <div class='ocr_carea' id='block_1_41' title="bbox 2230 1118 3717 1191">
    <p class='ocr_par' dir='ltr' id='par_1_41' title="bbox 2230 1118 3717 1191">
     <span class='ocr_line' id='line_1_41' title="bbox 2230 1118 3717 1191; baseline 0.005 -18"><span class='ocrx_word' id='word_1_261' title='bbox 2230 1118 2338 1174; x_wconf 85' lang='lat' dir='ltr'><strong>hoc</strong></span> <span class='ocrx_word' id='word_1_262' title='bbox 2382 1119 2553 1176; x_wconf 83' lang='lat' dir='ltr'><strong>scribi</strong></span> <span class='ocrx_word' id='word_1_263' title='bbox 2596 1118 2703 1175; x_wconf 70' lang='lat' dir='ltr'><strong>[cci</strong></span> <span class='ocrx_word' id='word_1_264' title='bbox 2746 1121 3005 1178; x_wconf 80' lang='lat' dir='ltr'><strong>mandato</strong></span> <span class='ocrx_word' id='word_1_265' title='bbox 3058 1120 3257 1191; x_wconf 86' lang='lat' dir='ltr'><strong>ipsius,</strong></span> <span class='ocrx_word' id='word_1_266' title='bbox 3284 1121 3425 1188; x_wconf 90' lang='lat' dir='ltr'><strong>loco,</strong></span> <span class='ocrx_word' id='word_1_267' title='bbox 3461 1123 3717 1185; x_wconf 71' lang='lat' dir='ltr'><strong>dict-imis</strong></span> 
     </span>
    </p>
   </div>
   <div class='ocr_carea' id='block_1_42' title="bbox 2231 1209 2477 1280">
    <p class='ocr_par' dir='ltr' id='par_1_42' title="bbox 2231 1209 2477 1280">
     <span class='ocr_line' id='line_1_42' title="bbox 2231 1209 2477 1280; baseline 0.012 -16"><span class='ocrx_word' id='word_1_268' title='bbox 2231 1209 2477 1280; x_wconf 80' lang='lat' dir='ltr'><strong>preﬁxis.</strong></span> 
     </span>
    </p>
   </div>
   <div class='ocr_carea' id='block_1_43' title="bbox 2891 1302 3153 1359">
    <p class='ocr_par' dir='ltr' id='par_1_43' title="bbox 2891 1302 3153 1359">
     <span class='ocr_line' id='line_1_43' title="bbox 2891 1302 3153 1359; baseline 0 0"><span class='ocrx_word' id='word_1_269' title='bbox 2891 1302 3153 1359; x_wconf 80' lang='lat' dir='ltr'><strong>CLXXX.</strong></span> 
     </span>
    </p>
   </div>
   <div class='ocr_carea' id='block_1_44' title="bbox 2450 1410 3581 1455">
    <p class='ocr_par' dir='ltr' id='par_1_44' title="bbox 2450 1410 3581 1455">
     <span class='ocr_line' id='line_1_44' title="bbox 2450 1410 3581 1455; baseline 0.004 -6"><span class='ocrx_word' id='word_1_270' title='bbox 2450 1410 2517 1450; x_wconf 78' lang='lat' dir='ltr'><strong>DE</strong></span> <span class='ocrx_word' id='word_1_271' title='bbox 2544 1410 2764 1451; x_wconf 70' lang='grc' dir='ltr'><strong>υεειιιε</strong></span> <span class='ocrx_word' id='word_1_272' title='bbox 2787 1411 2858 1451; x_wconf 75' lang='grc' dir='ltr'><strong>ΕΤ</strong></span> <span class='ocrx_word' id='word_1_273' title='bbox 2901 1412 3337 1454; x_wconf 70' lang='grc' dir='ltr'><strong>Ροεεεεειοωιιῦε</strong></span> <span class='ocrx_word' id='word_1_274' title='bbox 3372 1414 3581 1455; x_wconf 69' lang='grc' dir='ltr'><strong>ιειικιιιο.</strong></span> 
     </span>
    </p>
   </div>
   <div class='ocr_carea' id='block_1_45' title="bbox 2463 1483 3569 1561">
    <p class='ocr_par' dir='ltr' id='par_1_45' title="bbox 2463 1483 3569 1561">
     <span class='ocr_line' id='line_1_45' title="bbox 2463 1483 3569 1561; baseline 0.004 -22"><span class='ocrx_word' id='word_1_275' title='bbox 2463 1483 2627 1557; x_wconf 82' lang='lat' dir='ltr'><strong>(Vide</strong></span> <span class='ocrx_word' id='word_1_276' title='bbox 2653 1485 2710 1539; x_wconf 80' lang='lat' dir='ltr'><strong>in</strong></span> <span class='ocrx_word' id='word_1_277' title='bbox 2724 1485 3031 1542; x_wconf 66' lang='lat' dir='ltr'><strong>Alexandro</strong></span> <span class='ocrx_word' id='word_1_278' title='bbox 3062 1486 3127 1542; x_wconf 85' lang='grc'><em>11</em></span> <span class='ocrx_word' id='word_1_279' title='bbox 3135 1487 3165 1541; x_wconf 88' lang='grc' dir='ltr'><strong><em>Ι</em></strong></span> <span class='ocrx_word' id='word_1_280' title='bbox 3187 1489 3259 1543; x_wconf 84' lang='lat' dir='ltr'><strong>ad</strong></span> <span class='ocrx_word' id='word_1_281' title='bbox 3290 1506 3380 1545; x_wconf 82' lang='lat' dir='ltr'><strong>an.</strong></span> <span class='ocrx_word' id='word_1_282' title='bbox 3407 1489 3569 1561; x_wconf 69' lang='grc'><strong>1181.)</strong></span> 
     </span>
    </p>
   </div>
   <div class='ocr_carea' id='block_1_46' title="bbox 2818 1577 3228 1635">
    <p class='ocr_par' dir='ltr' id='par_1_46' title="bbox 2818 1577 3228 1635">
     <span class='ocr_line' id='line_1_46' title="bbox 2818 1577 3228 1635; baseline 0.002 -1"><span class='ocrx_word' id='word_1_283' title='bbox 2818 1577 3081 1634; x_wconf 77' lang='lat' dir='ltr'><strong>CLXXXI</strong></span> <span class='ocrx_word' id='word_1_284' title='bbox 3110 1581 3228 1635; x_wconf 69' lang='grc' dir='ltr'><strong>ω’.</strong></span> 
     </span>
    </p>
   </div>
   <div class='ocr_carea' id='block_1_47' title="bbox 2231 1683 3723 1737">
    <p class='ocr_par' dir='ltr' id='par_1_47' title="bbox 2231 1683 3723 1737">
     <span class='ocr_line' id='line_1_47' title="bbox 2231 1683 3723 1737; baseline 0.008 -13"><span class='ocrx_word' id='word_1_285' title='bbox 2231 1683 2579 1725; x_wconf 68' lang='grc' dir='ltr'><strong>νωγιιεςιυι</strong></span> <span class='ocrx_word' id='word_1_286' title='bbox 2620 1686 2913 1737; x_wconf 68' lang='lat' dir='ltr'><strong>BERNARDI,</strong></span> <span class='ocrx_word' id='word_1_287' title='bbox 2953 1686 3231 1729; x_wconf 70' lang='lat' dir='ltr'><strong>LlDDENSlS</strong></span> <span class='ocrx_word' id='word_1_288' title='bbox 3274 1689 3512 1731; x_wconf 74' lang='lat' dir='ltr'><strong>ECCLESIE</strong></span> <span class='ocrx_word' id='word_1_289' title='bbox 3544 1692 3723 1735; x_wconf 72' lang='lat' dir='ltr'><strong>EPISCﬂl&#39;l.</strong></span> 
     </span>
    </p>
   </div>
   <div class='ocr_carea' id='block_1_48' title="bbox 2156 1756 3729 1828">
    <p class='ocr_par' dir='ltr' id='par_1_48' title="bbox 2156 1756 3729 1828">
     <span class='ocr_line' id='line_1_48' title="bbox 2156 1756 3729 1828; baseline 0.01 -15"><span class='ocrx_word' id='word_1_290' title='bbox 2156 1756 2199 1813; x_wconf 84' lang='grc' dir='ltr'><strong>Β</strong></span> <span class='ocrx_word' id='word_1_291' title='bbox 2294 1760 2355 1816; x_wconf 84' lang='lat' dir='ltr'><strong>lu</strong></span> <span class='ocrx_word' id='word_1_292' title='bbox 2387 1762 2610 1818; x_wconf 79' lang='lat' dir='ltr'><strong>nomine</strong></span> <span class='ocrx_word' id='word_1_293' title='bbox 2640 1771 2911 1821; x_wconf 81' lang='lat' dir='ltr'><strong>saucteet</strong></span> <span class='ocrx_word' id='word_1_294' title='bbox 2948 1764 3230 1822; x_wconf 76' lang='lat' dir='ltr'><strong>individua</strong></span> <span class='ocrx_word' id='word_1_295' title='bbox 3257 1765 3531 1823; x_wconf 84' lang='lat' dir='ltr'><strong>Trinitatis</strong></span> <span class='ocrx_word' id='word_1_296' title='bbox 3548 1767 3729 1828; x_wconf 80' lang='lat' dir='ltr'><strong>Patriset</strong></span> 
     </span>
    </p>
   </div>
   <div class='ocr_carea' id='block_1_49' title="bbox 2227 1853 3160 1926">
    <p class='ocr_par' dir='ltr' id='par_1_49' title="bbox 2227 1853 3160 1926">
     <span class='ocr_line' id='line_1_49' title="bbox 2227 1853 3160 1926; baseline 0.005 -18"><span class='ocrx_word' id='word_1_297' title='bbox 2227 1853 2351 1909; x_wconf 89' lang='lat' dir='ltr'><strong>Filii</strong></span> <span class='ocrx_word' id='word_1_298' title='bbox 2379 1863 2436 1911; x_wconf 90' lang='lat' dir='ltr'><strong>et</strong></span> <span class='ocrx_word' id='word_1_299' title='bbox 2464 1853 2704 1926; x_wconf 83' lang='lat' dir='ltr'><strong>Spiritus</strong></span> <span class='ocrx_word' id='word_1_300' title='bbox 2737 1854 2946 1923; x_wconf 82' lang='lat' dir='ltr'><strong>Sancti,</strong></span> <span class='ocrx_word' id='word_1_301' title='bbox 2976 1871 3160 1913; x_wconf 86' lang='lat' dir='ltr'><strong>amen.</strong></span> 
     </span>
    </p>
   </div>
   <div class='ocr_carea' id='block_1_50' title="bbox 2298 1945 3732 2022">
    <p class='ocr_par' dir='ltr' id='par_1_50' title="bbox 2298 1945 3732 2022">
     <span class='ocr_line' id='line_1_50' title="bbox 2298 1945 3732 2022; baseline 0.007 -21"><span class='ocrx_word' id='word_1_302' title='bbox 2298 1945 2498 2004; x_wconf 81' lang='lat' dir='ltr'><strong>Notum</strong></span> <span class='ocrx_word' id='word_1_303' title='bbox 2541 1947 2613 2003; x_wconf 85' lang='lat' dir='ltr'><strong>sit</strong></span> <span class='ocrx_word' id='word_1_304' title='bbox 2643 1948 2921 2015; x_wconf 81' lang='lat' dir='ltr'><strong>omnibus,</strong></span> <span class='ocrx_word' id='word_1_305' title='bbox 2947 1956 3057 2005; x_wconf 81' lang='lat' dir='ltr'><strong>tam</strong></span> <span class='ocrx_word' id='word_1_306' title='bbox 3086 1950 3435 2020; x_wconf 81' lang='lat' dir='ltr'><strong>prcsentibus</strong></span> <span class='ocrx_word' id='word_1_307' title='bbox 3460 1967 3600 2022; x_wconf 85' lang='lat' dir='ltr'><strong>quam</strong></span> <span class='ocrx_word' id='word_1_308' title='bbox 3626 1952 3732 2011; x_wconf 80' lang='lat' dir='ltr'><strong>iutu-</strong></span> 
     </span>
    </p>
   </div>
   <div class='ocr_carea' id='block_1_51' title="bbox 2225 2040 3731 2117">
    <p class='ocr_par' dir='ltr' id='par_1_51' title="bbox 2225 2040 3731 2117">
     <span class='ocr_line' id='line_1_51' title="bbox 2225 2040 3731 2117; baseline 0.004 -21"><span class='ocrx_word' id='word_1_309' title='bbox 2225 2040 2324 2109; x_wconf 91' lang='lat' dir='ltr'><strong>ris,</strong></span> <span class='ocrx_word' id='word_1_310' title='bbox 2353 2041 2502 2112; x_wconf 89' lang='lat' dir='ltr'><strong>quod</strong></span> <span class='ocrx_word' id='word_1_311' title='bbox 2548 2057 2650 2112; x_wconf 83' lang='lat' dir='ltr'><strong>pro</strong></span> <span class='ocrx_word' id='word_1_312' title='bbox 2688 2041 2835 2097; x_wconf 85' lang='lat' dir='ltr'><strong>bono</strong></span> <span class='ocrx_word' id='word_1_313' title='bbox 2879 2042 3032 2112; x_wconf 82' lang='lat' dir='ltr'><strong>pacis</strong></span> <span class='ocrx_word' id='word_1_314' title='bbox 3075 2051 3132 2099; x_wconf 88' lang='lat' dir='ltr'><strong>et</strong></span> <span class='ocrx_word' id='word_1_315' title='bbox 3171 2044 3465 2111; x_wconf 78' lang='lat' dir='ltr'><strong>concordia</strong></span> <span class='ocrx_word' id='word_1_316' title='bbox 3501 2045 3731 2117; x_wconf 73' lang='lat' dir='ltr'><strong>integritate</strong></span> 
     </span>
    </p>
   </div>
   <div class='ocr_carea' id='block_1_52' title="bbox 2224 2132 3734 2193">
    <p class='ocr_par' dir='ltr' id='par_1_52' title="bbox 2224 2132 3734 2193">
     <span class='ocr_line' id='line_1_52' title="bbox 2224 2132 3734 2193; baseline 0.002 -3"><span class='ocrx_word' id='word_1_317' title='bbox 2224 2133 2601 2190; x_wconf 76' lang='lat' dir='ltr'><strong>conservanda</strong></span> <span class='ocrx_word' id='word_1_318' title='bbox 2634 2132 2778 2189; x_wconf 78' lang='lat' dir='ltr'><strong>facta</strong></span> <span class='ocrx_word' id='word_1_319' title='bbox 2807 2144 2893 2189; x_wconf 90' lang='lat' dir='ltr'><strong>est</strong></span> <span class='ocrx_word' id='word_1_320' title='bbox 2928 2135 3223 2190; x_wconf 85' lang='lat' dir='ltr'><strong>conventio</strong></span> <span class='ocrx_word' id='word_1_321' title='bbox 3259 2145 3315 2191; x_wconf 88' lang='lat' dir='ltr'><strong>et</strong></span> <span class='ocrx_word' id='word_1_322' title='bbox 3355 2139 3613 2193; x_wconf 83' lang='lat' dir='ltr'><strong>concordia</strong></span> <span class='ocrx_word' id='word_1_323' title='bbox 3635 2139 3734 2193; x_wconf 77' lang='lat' dir='ltr'><strong>inter</strong></span> 
     </span>
    </p>
   </div>
   <div class='ocr_carea' id='block_1_53' title="bbox 2224 2224 3731 2300">
    <p class='ocr_par' dir='ltr' id='par_1_53' title="bbox 2224 2224 3731 2300">
     <span class='ocr_line' id='line_1_53' title="bbox 2224 2224 3731 2300; baseline 0.002 -19"><span class='ocrx_word' id='word_1_324' title='bbox 2224 2225 2488 2281; x_wconf 86' lang='lat' dir='ltr'><strong>domuum</strong></span> <span class='ocrx_word' id='word_1_325' title='bbox 2516 2224 2880 2293; x_wconf 88' lang='lat' dir='ltr'><strong>Bernardum,</strong></span> <span class='ocrx_word' id='word_1_326' title='bbox 2910 2225 3200 2283; x_wconf 86' lang='lat' dir='ltr'><strong>Liddeusis</strong></span> <span class='ocrx_word' id='word_1_327' title='bbox 3224 2228 3454 2284; x_wconf 87' lang='lat' dir='ltr'><strong>ecclesie</strong></span> <span class='ocrx_word' id='word_1_328' title='bbox 3470 2228 3731 2300; x_wconf 76' lang='lat' dir='ltr'><strong>episcopum,</strong></span> 
     </span>
    </p>
   </div>
   <div class='ocr_carea' id='block_1_54' title="bbox 2223 2317 3737 2392">
    <p class='ocr_par' dir='ltr' id='par_1_54' title="bbox 2223 2317 3737 2392">
     <span class='ocr_line' id='line_1_54' title="bbox 2223 2317 3737 2392; baseline 0.003 -18"><span class='ocrx_word' id='word_1_329' title='bbox 2223 2328 2277 2374; x_wconf 91' lang='lat' dir='ltr'><strong>et</strong></span> <span class='ocrx_word' id='word_1_330' title='bbox 2298 2318 2560 2375; x_wconf 91' lang='lat' dir='ltr'><strong>domuum</strong></span> <span class='ocrx_word' id='word_1_331' title='bbox 2586 2317 2830 2386; x_wconf 86' lang='lat' dir='ltr'><strong>Petrum,</strong></span> <span class='ocrx_word' id='word_1_332' title='bbox 2866 2318 3141 2376; x_wconf 86' lang='lat' dir='ltr'><strong>Dominici</strong></span> <span class='ocrx_word' id='word_1_333' title='bbox 3173 2319 3419 2392; x_wconf 86' lang='lat' dir='ltr'><strong>Sepulcri</strong></span> <span class='ocrx_word' id='word_1_334' title='bbox 3447 2324 3667 2388; x_wconf 77' lang='lat' dir='ltr'><strong>priorem,</strong></span> <span class='ocrx_word' id='word_1_335' title='bbox 3692 2326 3737 2378; x_wconf 72' lang='lat' dir='ltr'><strong>te</strong></span> 
     </span>
    </p>
   </div>
   <div class='ocr_carea' id='block_1_55' title="bbox 2224 2408 3739 2484">
    <p class='ocr_par' dir='ltr' id='par_1_55' title="bbox 2224 2408 3739 2484">
     <span class='ocr_line' id='line_1_55' title="bbox 2224 2408 3739 2484; baseline 0.002 -18"><span class='ocrx_word' id='word_1_336' title='bbox 2224 2408 2504 2466; x_wconf 88' lang='lat' dir='ltr'><strong>communi</strong></span> <span class='ocrx_word' id='word_1_337' title='bbox 2536 2410 2820 2465; x_wconf 83' lang='lat' dir='ltr'><strong>voluntate</strong></span> <span class='ocrx_word' id='word_1_338' title='bbox 2846 2410 3112 2481; x_wconf 88' lang='lat' dir='ltr'><strong>ipsorum,</strong></span> <span class='ocrx_word' id='word_1_339' title='bbox 3147 2428 3381 2469; x_wconf 87' lang='lat' dir='ltr'><strong>assensu</strong></span> <span class='ocrx_word' id='word_1_340' title='bbox 3411 2413 3655 2484; x_wconf 83' lang='lat' dir='ltr'><strong>utriusque</strong></span> <span class='ocrx_word' id='word_1_341' title='bbox 3675 2432 3739 2468; x_wconf 47' lang='lat' dir='ltr'><strong>ca.</strong></span> 
     </span>
    </p>
   </div>
   <div class='ocr_carea' id='block_1_56' title="bbox 2223 2503 3741 2575">
    <p class='ocr_par' dir='ltr' id='par_1_56' title="bbox 2223 2503 3741 2575">
     <span class='ocr_line' id='line_1_56' title="bbox 2223 2503 3741 2575; baseline 0.001 -18"><span class='ocrx_word' id='word_1_342' title='bbox 2223 2503 2403 2574; x_wconf 87' lang='lat' dir='ltr'><strong>pituli,</strong></span> <span class='ocrx_word' id='word_1_343' title='bbox 2428 2510 2679 2573; x_wconf 87' lang='lat' dir='ltr'><strong>presente</strong></span> <span class='ocrx_word' id='word_1_344' title='bbox 2701 2511 2755 2558; x_wconf 93' lang='lat' dir='ltr'><strong>et</strong></span> <span class='ocrx_word' id='word_1_345' title='bbox 2775 2504 3122 2560; x_wconf 80' lang='lat' dir='ltr'><strong>collaudante</strong></span> <span class='ocrx_word' id='word_1_346' title='bbox 3161 2505 3368 2559; x_wconf 88' lang='lat' dir='ltr'><strong>domno</strong></span> <span class='ocrx_word' id='word_1_347' title='bbox 3406 2506 3673 2575; x_wconf 74' lang='lat' dir='ltr'><strong>patriarcha</strong></span> <span class='ocrx_word' id='word_1_348' title='bbox 3694 2507 3741 2558; x_wconf 66' lang='grc' dir='ltr'><strong>Δ-</strong></span> 
     </span>
    </p>
   </div>
   <div class='ocr_carea' id='block_1_57' title="bbox 2223 2596 3744 2669">
    <p class='ocr_par' dir='ltr' id='par_1_57' title="bbox 2223 2596 3744 2669">
     <span class='ocr_line' id='line_1_57' title="bbox 2223 2596 3744 2669; baseline -0.001 -18"><span class='ocrx_word' id='word_1_349' title='bbox 2223 2596 2473 2663; x_wconf 89' lang='lat' dir='ltr'><strong>malrico,</strong></span> <span class='ocrx_word' id='word_1_350' title='bbox 2496 2596 2867 2653; x_wconf 64' lang='lat' dir='ltr'><strong>mediantibms</strong></span> <span class='ocrx_word' id='word_1_351' title='bbox 2893 2596 3163 2665; x_wconf 79' lang='lat' dir='ltr'><strong>Heraclio,</strong></span> <span class='ocrx_word' id='word_1_352' title='bbox 3188 2606 3321 2653; x_wconf 83' lang='lat' dir='ltr'><strong>tunc</strong></span> <span class='ocrx_word' id='word_1_353' title='bbox 3348 2599 3591 2669; x_wconf 83' lang='lat' dir='ltr'><strong>temporis</strong></span> <span class='ocrx_word' id='word_1_354' title='bbox 3610 2599 3744 2652; x_wconf 49' lang='lat' dir='ltr'><strong>mhi-</strong></span> 
     </span>
    </p>
   </div>
   <div class='ocr_carea' id='block_1_58' title="bbox 2221 2689 3747 2763">
    <p class='ocr_par' dir='ltr' id='par_1_58' title="bbox 2221 2689 3747 2763">
     <span class='ocr_line' id='line_1_58' title="bbox 2221 2689 3747 2763; baseline -0.003 -16"><span class='ocrx_word' id='word_1_355' title='bbox 2221 2691 2459 2747; x_wconf 87' lang='lat' dir='ltr'><strong>diacono</strong></span> <span class='ocrx_word' id='word_1_356' title='bbox 2480 2690 2948 2758; x_wconf 79' lang='lat' dir='ltr'><strong>Jerosolimitauo,</strong></span> <span class='ocrx_word' id='word_1_357' title='bbox 2972 2698 3029 2745; x_wconf 89' lang='lat' dir='ltr'><strong>et</strong></span> <span class='ocrx_word' id='word_1_358' title='bbox 3051 2692 3317 2763; x_wconf 74' lang='lat' dir='ltr'><strong>magistro</strong></span> <span class='ocrx_word' id='word_1_359' title='bbox 3327 2689 3747 2755; x_wconf 46' lang='lat' dir='ltr'><strong>Houacboulotnui</strong></span> 
     </span>
    </p>
   </div>
   <div class='ocr_carea' id='block_1_59' title="bbox 2221 2780 3749 2854">
    <p class='ocr_par' dir='ltr' id='par_1_59' title="bbox 2221 2780 3749 2854">
     <span class='ocr_line' id='line_1_59' title="bbox 2221 2780 3749 2854; baseline -0.003 -15"><span class='ocrx_word' id='word_1_360' title='bbox 2221 2782 2539 2854; x_wconf 71' lang='lat' dir='ltr'><strong>patriarcha</strong></span> <span class='ocrx_word' id='word_1_361' title='bbox 2565 2782 2911 2840; x_wconf 80' lang='lat' dir='ltr'><strong>cancellario.</strong></span> <span class='ocrx_word' id='word_1_362' title='bbox 2952 2781 3205 2839; x_wconf 72' lang='lat' dir='ltr'><strong>Domus</strong></span> <span class='ocrx_word' id='word_1_363' title='bbox 3230 2782 3450 2853; x_wconf 86' lang='lat' dir='ltr'><strong>quidem</strong></span> <span class='ocrx_word' id='word_1_364' title='bbox 3470 2780 3749 2845; x_wconf 74' lang='lat' dir='ltr'><strong>Bernartius,</strong></span> 
     </span>
    </p>
   </div>
   <div class='ocr_carea' id='block_1_60' title="bbox 2223 2872 3751 2945">
    <p class='ocr_par' dir='ltr' id='par_1_60' title="bbox 2223 2872 3751 2945">
     <span class='ocr_line' id='line_1_60' title="bbox 2223 2872 3751 2945; baseline -0.002 -16"><span class='ocrx_word' id='word_1_365' title='bbox 2223 2874 2513 2931; x_wconf 84' lang='lat' dir='ltr'><strong>Liddensis</strong></span> <span class='ocrx_word' id='word_1_366' title='bbox 2540 2875 2852 2945; x_wconf 89' lang='lat' dir='ltr'><strong>episcopus,</strong></span> <span class='ocrx_word' id='word_1_367' title='bbox 2883 2889 2951 2929; x_wconf 85' lang='lat' dir='ltr'><strong>ex</strong></span> <span class='ocrx_word' id='word_1_368' title='bbox 2982 2872 3195 2945; x_wconf 72' lang='lat' dir='ltr'><strong>integro</strong></span> <span class='ocrx_word' id='word_1_369' title='bbox 3232 2874 3569 2928; x_wconf 85' lang='lat' dir='ltr'><strong>medietatem</strong></span> <span class='ocrx_word' id='word_1_370' title='bbox 3589 2873 3751 2928; x_wconf 68' lang='lat' dir='ltr'><strong>decima</strong></span> 
     </span>
    </p>
   </div>
   <div class='ocr_carea' id='block_1_61' title="bbox 2221 2964 3762 3037">
    <p class='ocr_par' dir='ltr' id='par_1_61' title="bbox 2221 2964 3762 3037">
     <span class='ocr_line' id='line_1_61' title="bbox 2221 2964 3762 3037; baseline -0.004 -14"><span class='ocrx_word' id='word_1_371' title='bbox 2221 2967 2509 3023; x_wconf 87' lang='lat' dir='ltr'><strong>cuiusdam</strong></span> <span class='ocrx_word' id='word_1_372' title='bbox 2534 2967 2754 3033; x_wconf 81' lang='lat' dir='ltr'><strong>casulis,</strong></span> <span class='ocrx_word' id='word_1_373' title='bbox 2800 2966 3023 3021; x_wconf 81' lang='lat' dir='ltr'><strong>nomine</strong></span> <span class='ocrx_word' id='word_1_374' title='bbox 3048 2964 3409 3037; x_wconf 78' lang='lat' dir='ltr'><strong>Bermenayu,</strong></span> <span class='ocrx_word' id='word_1_375' title='bbox 3442 2974 3553 3019; x_wconf 85' lang='lat' dir='ltr'><strong>tam</strong></span> <span class='ocrx_word' id='word_1_376' title='bbox 3577 2965 3626 3018; x_wconf 87' lang='lat' dir='ltr'><strong>in</strong></span> <span class='ocrx_word' id='word_1_377' title='bbox 3650 2979 3762 3017; x_wconf 63' lang='lat' dir='ltr'><strong>mes»</strong></span> 
     </span>
    </p>
   </div>
   <div class='ocr_carea' id='block_1_62' title="bbox 524 3056 3759 3132">
    <p class='ocr_par' dir='ltr' id='par_1_62' title="bbox 524 3056 3759 3132">
     <span class='ocr_line' id='line_1_62' title="bbox 524 3056 3759 3132; baseline -0.001 -20"><span class='ocrx_word' id='word_1_378' title='bbox 524 3066 583 3112; x_wconf 88' lang='lat' dir='ltr'><strong>et</strong></span> <span class='ocrx_word' id='word_1_379' title='bbox 613 3057 826 3129; x_wconf 76' lang='lat' dir='ltr'><strong>singula</strong></span> <span class='ocrx_word' id='word_1_380' title='bbox 860 3058 1056 3113; x_wconf 89' lang='lat' dir='ltr'><strong>damus</strong></span> <span class='ocrx_word' id='word_1_381' title='bbox 1084 3066 1139 3113; x_wconf 86' lang='lat' dir='ltr'><strong>et</strong></span> <span class='ocrx_word' id='word_1_382' title='bbox 1164 3058 1519 3113; x_wconf 87' lang='lat' dir='ltr'><strong>concedimus</strong></span> <span class='ocrx_word' id='word_1_383' title='bbox 1570 3056 1833 3127; x_wconf 77' lang='lat' dir='ltr'><strong>Sepulero</strong></span> <span class='ocrx_word' id='word_1_384' title='bbox 1874 3057 2113 3127; x_wconf 89' lang='lat' dir='ltr'><strong>Domini,</strong></span> <span class='ocrx_word' id='word_1_385' title='bbox 2142 3104 2184 3132; x_wconf 60' lang='grc' dir='ltr'>η</span> <span class='ocrx_word' id='word_1_386' title='bbox 2210 3061 2376 3118; x_wconf 85' lang='lat' dir='ltr'><strong>sibus</strong></span> <span class='ocrx_word' id='word_1_387' title='bbox 2406 3076 2573 3132; x_wconf 89' lang='lat' dir='ltr'><strong>quam</strong></span> <span class='ocrx_word' id='word_1_388' title='bbox 2616 3060 2671 3115; x_wconf 87' lang='lat' dir='ltr'><strong>in</strong></span> <span class='ocrx_word' id='word_1_389' title='bbox 2704 3061 2854 3127; x_wconf 88' lang='lat' dir='ltr'><strong>vino,</strong></span> <span class='ocrx_word' id='word_1_390' title='bbox 2906 3060 3048 3126; x_wconf 88' lang='lat' dir='ltr'><strong>oleo,</strong></span> <span class='ocrx_word' id='word_1_391' title='bbox 3082 3059 3299 3127; x_wconf 81' lang='lat' dir='ltr'><strong>bestiis,</strong></span> <span class='ocrx_word' id='word_1_392' title='bbox 3328 3059 3631 3114; x_wconf 77' lang='lat' dir='ltr'><strong>volatilibus</strong></span> <span class='ocrx_word' id='word_1_393' title='bbox 3652 3066 3698 3111; x_wconf 82' lang='lat' dir='ltr'><strong>et</strong></span> <span class='ocrx_word' id='word_1_394' title='bbox 3720 3058 3759 3109; x_wconf 86' lang='lat' dir='ltr'><strong>iu</strong></span> 
     </span>
    </p>
   </div>
   <div class='ocr_carea' id='block_1_63' title="bbox 527 3148 2114 3223">
    <p class='ocr_par' dir='ltr' id='par_1_63' title="bbox 527 3148 2114 3223">
     <span class='ocr_line' id='line_1_63' title="bbox 527 3148 2114 3223; baseline 0.001 -18"><span class='ocrx_word' id='word_1_395' title='bbox 527 3159 583 3206; x_wconf 92' lang='lat' dir='ltr'><strong>et</strong></span> <span class='ocrx_word' id='word_1_396' title='bbox 610 3165 709 3220; x_wconf 89' lang='lat' dir='ltr'><strong>per</strong></span> <span class='ocrx_word' id='word_1_397' title='bbox 739 3160 809 3217; x_wconf 90' lang='lat' dir='ltr'><strong>te,</strong></span> <span class='ocrx_word' id='word_1_398' title='bbox 835 3149 1029 3207; x_wconf 88' lang='lat' dir='ltr'><strong>dilecte</strong></span> <span class='ocrx_word' id='word_1_399' title='bbox 1056 3160 1242 3207; x_wconf 89' lang='lat' dir='ltr'><strong>noster</strong></span> <span class='ocrx_word' id='word_1_400' title='bbox 1267 3148 1712 3223; x_wconf 78' lang='lat' dir='ltr'><strong>B[ereu]g[arie],</strong></span> <span class='ocrx_word' id='word_1_401' title='bbox 1740 3151 1892 3220; x_wconf 88' lang='lat' dir='ltr'><strong>prior</strong></span> <span class='ocrx_word' id='word_1_402' title='bbox 1916 3151 2114 3207; x_wconf 89' lang='lat' dir='ltr'><strong>domus</strong></span> 
     </span>
    </p>
   </div>
   <div class='ocr_carea' id='block_1_64' title="bbox 529 3239 2112 3312">
    <p class='ocr_par' dir='ltr' id='par_1_64' title="bbox 529 3239 2112 3312">
     <span class='ocr_line' id='line_1_64' title="bbox 529 3239 2112 3312; baseline 0.001 -17"><span class='ocrx_word' id='word_1_403' title='bbox 529 3239 716 3296; x_wconf 88' lang='lat' dir='ltr'><strong>Sancti</strong></span> <span class='ocrx_word' id='word_1_404' title='bbox 766 3239 1011 3312; x_wconf 88' lang='lat' dir='ltr'><strong>Sepulcri</strong></span> <span class='ocrx_word' id='word_1_405' title='bbox 1052 3242 1121 3297; x_wconf 89' lang='lat' dir='ltr'><strong>de</strong></span> <span class='ocrx_word' id='word_1_406' title='bbox 1175 3240 1562 3306; x_wconf 78' lang='lat' dir='ltr'><strong>Barchinonia,</strong></span> <span class='ocrx_word' id='word_1_407' title='bbox 1613 3240 1878 3296; x_wconf 80' lang='lat' dir='ltr'><strong>tradimus</strong></span> <span class='ocrx_word' id='word_1_408' title='bbox 1905 3250 2112 3296; x_wconf 87' lang='lat' dir='ltr'><strong>eteva-</strong></span> 
     </span>
    </p>
   </div>
   <div class='ocr_carea' id='block_1_65' title="bbox 524 3331 2113 3404">
    <p class='ocr_par' dir='ltr' id='par_1_65' title="bbox 524 3331 2113 3404">
     <span class='ocr_line' id='line_1_65' title="bbox 524 3331 2113 3404; baseline 0 -15"><span class='ocrx_word' id='word_1_409' title='bbox 524 3349 756 3389; x_wconf 88' lang='lat' dir='ltr'><strong>cuamus</strong></span> <span class='ocrx_word' id='word_1_410' title='bbox 785 3350 881 3404; x_wconf 92' lang='lat' dir='ltr'><strong>per</strong></span> <span class='ocrx_word' id='word_1_411' title='bbox 903 3334 1086 3389; x_wconf 91' lang='lat' dir='ltr'><strong>secula</strong></span> <span class='ocrx_word' id='word_1_412' title='bbox 1115 3341 1316 3389; x_wconf 88' lang='lat' dir='ltr'><strong>cuncta</strong></span> <span class='ocrx_word' id='word_1_413' title='bbox 1355 3332 1530 3388; x_wconf 90' lang='lat' dir='ltr'><strong>eidem</strong></span> <span class='ocrx_word' id='word_1_414' title='bbox 1579 3331 1844 3403; x_wconf 84' lang='lat' dir='ltr'><strong>Sepulcro</strong></span> <span class='ocrx_word' id='word_1_415' title='bbox 1893 3332 2113 3392; x_wconf 75' lang='lat' dir='ltr'><strong>Domini</strong></span> 
     </span>
    </p>
   </div>
   <div class='ocr_carea' id='block_1_66' title="bbox 522 3423 2115 3485">
    <p class='ocr_par' dir='ltr' id='par_1_66' title="bbox 522 3423 2115 3485">
     <span class='ocr_line' id='line_1_66' title="bbox 522 3423 2115 3485; baseline 0 -4"><span class='ocrx_word' id='word_1_416' title='bbox 522 3434 580 3485; x_wconf 74' lang='lat' dir='ltr'><strong>tt</strong></span> <span class='ocrx_word' id='word_1_417' title='bbox 624 3425 903 3482; x_wconf 87' lang='lat' dir='ltr'><strong>canonicis</strong></span> <span class='ocrx_word' id='word_1_418' title='bbox 952 3434 1007 3481; x_wconf 88' lang='lat' dir='ltr'><strong>et</strong></span> <span class='ocrx_word' id='word_1_419' title='bbox 1057 3425 1320 3483; x_wconf 81' lang='lat' dir='ltr'><strong>fratribus</strong></span> <span class='ocrx_word' id='word_1_420' title='bbox 1383 3423 1629 3481; x_wconf 86' lang='lat' dir='ltr'><strong>eiusdem</strong></span> <span class='ocrx_word' id='word_1_421' title='bbox 1690 3424 2004 3482; x_wconf 84' lang='lat' dir='ltr'><strong>substitutis</strong></span> <span class='ocrx_word' id='word_1_422' title='bbox 2060 3434 2115 3481; x_wconf 90' lang='lat' dir='ltr'><strong>et</strong></span> 
     </span>
    </p>
   </div>
   <div class='ocr_carea' id='block_1_67' title="bbox 521 3515 2112 3588">
    <p class='ocr_par' dir='ltr' id='par_1_67' title="bbox 521 3515 2112 3588">
     <span class='ocr_line' id='line_1_67' title="bbox 521 3515 2112 3588; baseline 0.001 -15"><span class='ocrx_word' id='word_1_423' title='bbox 521 3517 919 3573; x_wconf 80' lang='lat' dir='ltr'><strong>substituendis</strong></span> <span class='ocrx_word' id='word_1_424' title='bbox 942 3516 1010 3572; x_wconf 90' lang='lat' dir='ltr'><strong>ad</strong></span> <span class='ocrx_word' id='word_1_425' title='bbox 1045 3516 1357 3581; x_wconf 82' lang='lat' dir='ltr'><strong>habendum</strong></span> <span class='ocrx_word' id='word_1_426' title='bbox 1393 3515 1577 3588; x_wconf 86' lang='lat' dir='ltr'><strong>quiete</strong></span> <span class='ocrx_word' id='word_1_427' title='bbox 1617 3525 1672 3573; x_wconf 88' lang='lat' dir='ltr'><strong>et</strong></span> <span class='ocrx_word' id='word_1_428' title='bbox 1720 3517 2112 3587; x_wconf 79' lang='lat' dir='ltr'><strong>possidendum</strong></span> 
     </span>
    </p>
   </div>
   <div class='ocr_carea' id='block_1_68' title="bbox 522 3607 2113 3678">
    <p class='ocr_par' dir='ltr' id='par_1_68' title="bbox 522 3607 2113 3678">
     <span class='ocr_line' id='line_1_68' title="bbox 522 3607 2113 3678; baseline 0 -16"><span class='ocrx_word' id='word_1_429' title='bbox 522 3607 765 3678; x_wconf 86' lang='lat' dir='ltr'><strong>plenarie</strong></span> <span class='ocrx_word' id='word_1_430' title='bbox 815 3616 869 3663; x_wconf 87' lang='lat' dir='ltr'><strong>et</strong></span> <span class='ocrx_word' id='word_1_431' title='bbox 923 3608 1219 3662; x_wconf 86' lang='lat' dir='ltr'><strong>tenendum</strong></span> <span class='ocrx_word' id='word_1_432' title='bbox 1260 3615 1510 3678; x_wconf 86' lang='lat' dir='ltr'><strong>potenter</strong></span> <span class='ocrx_word' id='word_1_433' title='bbox 1552 3616 1608 3663; x_wconf 91' lang='lat' dir='ltr'><strong>et</strong></span> <span class='ocrx_word' id='word_1_434' title='bbox 1663 3607 2005 3677; x_wconf 83' lang='lat' dir='ltr'><strong>potestative,</strong></span> <span class='ocrx_word' id='word_1_435' title='bbox 2043 3607 2113 3665; x_wconf 86' lang='lat' dir='ltr'><strong>ad</strong></span> 
     </span>
    </p>
   </div>
   <div class='ocr_carea' id='block_1_69' title="bbox 523 3688 2112 3770">
    <p class='ocr_par' dir='ltr' id='par_1_69' title="bbox 523 3688 2112 3770">
     <span class='ocr_line' id='line_1_69' title="bbox 523 3688 2112 3770; baseline 0.002 -17"><span class='ocrx_word' id='word_1_436' title='bbox 523 3714 719 3755; x_wconf 90' lang='lat' dir='ltr'><strong>omnes</strong></span> <span class='ocrx_word' id='word_1_437' title='bbox 771 3699 1084 3756; x_wconf 87' lang='lat' dir='ltr'><strong>voluntates</strong></span> <span class='ocrx_word' id='word_1_438' title='bbox 1117 3707 1351 3768; x_wconf 87' lang='lat' dir='ltr'><strong>vestras,</strong></span> <span class='ocrx_word' id='word_1_439' title='bbox 1390 3688 1535 3755; x_wconf 83' lang='lat' dir='ltr'><strong>sicut</strong></span> <span class='ocrx_word' id='word_1_440' title='bbox 1575 3700 1774 3755; x_wconf 89' lang='lat' dir='ltr'><strong>melius</strong></span> <span class='ocrx_word' id='word_1_441' title='bbox 1816 3709 1870 3755; x_wconf 89' lang='lat' dir='ltr'><strong>et</strong></span> <span class='ocrx_word' id='word_1_442' title='bbox 1896 3700 2112 3770; x_wconf 90' lang='lat' dir='ltr'><strong>plenius</strong></span> 
     </span>
    </p>
   </div>
   <div class='ocr_carea' id='block_1_70' title="bbox 521 3790 2113 3862">
    <p class='ocr_par' dir='ltr' id='par_1_70' title="bbox 521 3790 2113 3862">
     <span class='ocr_line' id='line_1_70' title="bbox 521 3790 2113 3862; baseline 0.003 -18"><span class='ocrx_word' id='word_1_443' title='bbox 521 3798 577 3844; x_wconf 93' lang='lat' dir='ltr'><strong>et</strong></span> <span class='ocrx_word' id='word_1_444' title='bbox 597 3790 786 3845; x_wconf 90' lang='lat' dir='ltr'><strong>sanius</strong></span> <span class='ocrx_word' id='word_1_445' title='bbox 809 3798 863 3845; x_wconf 91' lang='lat' dir='ltr'><strong>et</strong></span> <span class='ocrx_word' id='word_1_446' title='bbox 886 3790 1074 3847; x_wconf 90' lang='lat' dir='ltr'><strong>utilius</strong></span> <span class='ocrx_word' id='word_1_447' title='bbox 1095 3790 1203 3847; x_wconf 89' lang='lat' dir='ltr'><strong>dici</strong></span> <span class='ocrx_word' id='word_1_448' title='bbox 1230 3798 1286 3847; x_wconf 90' lang='lat' dir='ltr'><strong>et</strong></span> <span class='ocrx_word' id='word_1_449' title='bbox 1331 3790 1557 3862; x_wconf 70' lang='lat' dir='ltr'><strong>intelligi</strong></span> <span class='ocrx_word' id='word_1_450' title='bbox 1602 3799 1802 3862; x_wconf 89' lang='lat' dir='ltr'><strong>potest,</strong></span> <span class='ocrx_word' id='word_1_451' title='bbox 1845 3792 1913 3847; x_wconf 91' lang='lat' dir='ltr'><strong>ad</strong></span> <span class='ocrx_word' id='word_1_452' title='bbox 1958 3807 2113 3848; x_wconf 85' lang='lat' dir='ltr'><strong>com-</strong></span> 
     </span>
    </p>
   </div>
   <div class='ocr_carea' id='block_1_71' title="bbox 520 3883 2112 3963">
    <p class='ocr_par' dir='ltr' id='par_1_71' title="bbox 520 3883 2112 3963">
     <span class='ocr_line' id='line_1_71' title="bbox 520 3883 2112 3963; baseline 0.003 -24"><span class='ocrx_word' id='word_1_453' title='bbox 520 3900 689 3941; x_wconf 85' lang='lat' dir='ltr'><strong>mune</strong></span> <span class='ocrx_word' id='word_1_454' title='bbox 746 3885 952 3941; x_wconf 89' lang='lat' dir='ltr'><strong>bonum</strong></span> <span class='ocrx_word' id='word_1_455' title='bbox 1002 3886 1200 3943; x_wconf 89' lang='lat' dir='ltr'><strong>domus</strong></span> <span class='ocrx_word' id='word_1_456' title='bbox 1246 3884 1432 3943; x_wconf 87' lang='lat' dir='ltr'><strong>Sancti</strong></span> <span class='ocrx_word' id='word_1_457' title='bbox 1462 3960 1467 3963; x_wconf 17' lang='grc' dir='ltr'><strong>Δ</strong></span> <span class='ocrx_word' id='word_1_458' title='bbox 1498 3883 1743 3957; x_wconf 86' lang='lat' dir='ltr'><strong>Sepulcri</strong></span> <span class='ocrx_word' id='word_1_459' title='bbox 1773 3895 1829 3947; x_wconf 87' lang='lat' dir='ltr'><strong>et</strong></span> <span class='ocrx_word' id='word_1_460' title='bbox 1874 3884 2112 3945; x_wconf 76' lang='lat' dir='ltr'><strong>fratrum</strong></span> 
     </span>
    </p>
   </div>
   <div class='ocr_carea' id='block_1_72' title="bbox 520 3977 2115 4055">
    <p class='ocr_par' dir='ltr' id='par_1_72' title="bbox 520 3977 2115 4055">
     <span class='ocr_line' id='line_1_72' title="bbox 520 3977 2115 4055; baseline 0.001 -22"><span class='ocrx_word' id='word_1_461' title='bbox 520 3988 578 4033; x_wconf 91' lang='lat' dir='ltr'><strong>et</strong></span> <span class='ocrx_word' id='word_1_462' title='bbox 609 3978 1003 4033; x_wconf 87' lang='lat' dir='ltr'><strong>cauonicorum</strong></span> <span class='ocrx_word' id='word_1_463' title='bbox 1035 3979 1303 4045; x_wconf 88' lang='lat' dir='ltr'><strong>eiusdem,</strong></span> <span class='ocrx_word' id='word_1_464' title='bbox 1331 3978 1450 4034; x_wconf 91' lang='lat' dir='ltr'><strong>siue</strong></span> <span class='ocrx_word' id='word_1_465' title='bbox 1481 3977 1667 4049; x_wconf 90' lang='lat' dir='ltr'><strong>aliquo</strong></span> <span class='ocrx_word' id='word_1_466' title='bbox 1690 3978 1911 4055; x_wconf 88' lang='lat' dir='ltr'><strong>vinculo</strong></span> <span class='ocrx_word' id='word_1_467' title='bbox 1939 3986 1995 4034; x_wconf 90' lang='lat' dir='ltr'><strong>et</strong></span> <span class='ocrx_word' id='word_1_468' title='bbox 2032 3994 2115 4034; x_wconf 83' lang='lat' dir='ltr'><strong>re-</strong></span> 
     </span>
    </p>
   </div>
   <div class='ocr_carea' id='block_1_73' title="bbox 522 4069 2115 4141">
    <p class='ocr_par' dir='ltr' id='par_1_73' title="bbox 522 4069 2115 4141">
     <span class='ocr_line' id='line_1_73' title="bbox 522 4069 2115 4141; baseline 0 -17"><span class='ocrx_word' id='word_1_469' title='bbox 522 4076 675 4125; x_wconf 90' lang='lat' dir='ltr'><strong>tentu</strong></span> <span class='ocrx_word' id='word_1_470' title='bbox 719 4078 909 4125; x_wconf 91' lang='lat' dir='ltr'><strong>nostro</strong></span> <span class='ocrx_word' id='word_1_471' title='bbox 943 4079 1107 4141; x_wconf 89' lang='lat' dir='ltr'><strong>atque</strong></span> <span class='ocrx_word' id='word_1_472' title='bbox 1131 4079 1468 4126; x_wconf 89' lang='lat' dir='ltr'><strong>nostrorum.</strong></span> <span class='ocrx_word' id='word_1_473' title='bbox 1521 4069 1797 4127; x_wconf 82' lang='lat' dir='ltr'><strong>Volumus</strong></span> <span class='ocrx_word' id='word_1_474' title='bbox 1846 4069 2014 4141; x_wconf 77' lang='lat' dir='ltr'><strong>igitur</strong></span> <span class='ocrx_word' id='word_1_475' title='bbox 2059 4077 2115 4125; x_wconf 93' lang='lat' dir='ltr'><strong>et</strong></span> 
     </span>
    </p>
   </div>
   <div class='ocr_carea' id='block_1_74' title="bbox 521 4161 2113 4220">
    <p class='ocr_par' dir='ltr' id='par_1_74' title="bbox 521 4161 2113 4220">
     <span class='ocr_line' id='line_1_74' title="bbox 521 4161 2113 4220; baseline 0.003 -4"><span class='ocrx_word' id='word_1_476' title='bbox 521 4161 850 4218; x_wconf 89' lang='lat' dir='ltr'><strong>mandamus</strong></span> <span class='ocrx_word' id='word_1_477' title='bbox 872 4162 1101 4219; x_wconf 83' lang='lat' dir='ltr'><strong>ﬁrmiter</strong></span> <span class='ocrx_word' id='word_1_478' title='bbox 1126 4172 1180 4218; x_wconf 90' lang='lat' dir='ltr'><strong>et</strong></span> <span class='ocrx_word' id='word_1_479' title='bbox 1198 4163 1443 4219; x_wconf 77' lang='lat' dir='ltr'><strong>districta</strong></span> <span class='ocrx_word' id='word_1_480' title='bbox 1479 4162 1748 4219; x_wconf 87' lang='lat' dir='ltr'><strong>universis</strong></span> <span class='ocrx_word' id='word_1_481' title='bbox 1795 4162 2113 4220; x_wconf 83' lang='lat' dir='ltr'><strong>hominibus</strong></span> 
     </span>
    </p>
   </div>
   <div class='ocr_carea' id='block_1_75' title="bbox 517 4254 2114 4327">
    <p class='ocr_par' dir='ltr' id='par_1_75' title="bbox 517 4254 2114 4327">
     <span class='ocr_line' id='line_1_75' title="bbox 517 4254 2114 4327; baseline -0.001 -16"><span class='ocrx_word' id='word_1_482' title='bbox 517 4263 577 4311; x_wconf 88' lang='lat' dir='ltr'><strong>et</strong></span> <span class='ocrx_word' id='word_1_483' title='bbox 597 4254 815 4312; x_wconf 81' lang='lat' dir='ltr'><strong>feminis</strong></span> <span class='ocrx_word' id='word_1_484' title='bbox 846 4256 1089 4327; x_wconf 79' lang='lat' dir='ltr'><strong>prodicta</strong></span> <span class='ocrx_word' id='word_1_485' title='bbox 1120 4257 1243 4311; x_wconf 88' lang='lat' dir='ltr'><strong>loca</strong></span> <span class='ocrx_word' id='word_1_486' title='bbox 1277 4264 1332 4311; x_wconf 91' lang='lat' dir='ltr'><strong>et</strong></span> <span class='ocrx_word' id='word_1_487' title='bbox 1354 4256 1620 4312; x_wconf 87' lang='lat' dir='ltr'><strong>terminos</strong></span> <span class='ocrx_word' id='word_1_488' title='bbox 1665 4270 1855 4310; x_wconf 86' lang='lat' dir='ltr'><strong>eorum</strong></span> <span class='ocrx_word' id='word_1_489' title='bbox 1896 4254 2114 4312; x_wconf 81' lang='lat' dir='ltr'><strong>inhabi-</strong></span> 
     </span>
    </p>
   </div>
   <div class='ocr_carea' id='block_1_76' title="bbox 520 4344 2113 4418">
    <p class='ocr_par' dir='ltr' id='par_1_76' title="bbox 520 4344 2113 4418">
     <span class='ocr_line' id='line_1_76' title="bbox 520 4344 2113 4418; baseline -0.002 -14"><span class='ocrx_word' id='word_1_490' title='bbox 520 4349 765 4404; x_wconf 84' lang='lat' dir='ltr'><strong>tantibus</strong></span> <span class='ocrx_word' id='word_1_491' title='bbox 786 4357 838 4404; x_wconf 90' lang='lat' dir='ltr'><strong>et</strong></span> <span class='ocrx_word' id='word_1_492' title='bbox 861 4348 1248 4404; x_wconf 89' lang='lat' dir='ltr'><strong>inhabitaturis</strong></span> <span class='ocrx_word' id='word_1_493' title='bbox 1274 4356 1545 4418; x_wconf 82' lang='lat' dir='ltr'><strong>quatenus</strong></span> <span class='ocrx_word' id='word_1_494' title='bbox 1571 4344 1783 4416; x_wconf 87' lang='lat' dir='ltr'><strong>prefato</strong></span> <span class='ocrx_word' id='word_1_495' title='bbox 1809 4347 1981 4417; x_wconf 88' lang='lat' dir='ltr'><strong>priori</strong></span> <span class='ocrx_word' id='word_1_496' title='bbox 2012 4347 2113 4401; x_wconf 84' lang='lat' dir='ltr'><strong>do-</strong></span> 
     </span>
    </p>
   </div>
   <div class='ocr_carea' id='block_1_77' title="bbox 2218 3144 3821 3221">
    <p class='ocr_par' dir='ltr' id='par_1_77' title="bbox 2218 3144 3821 3221">
     <span class='ocr_line' id='line_1_77' title="bbox 2218 3144 3821 3221; baseline -0.005 -12"><span class='ocrx_word' id='word_1_497' title='bbox 2218 3152 2476 3209; x_wconf 85' lang='lat' dir='ltr'><strong>omnibus</strong></span> <span class='ocrx_word' id='word_1_498' title='bbox 2506 3152 2648 3221; x_wconf 93' lang='lat' dir='ltr'><strong>aliis,</strong></span> <span class='ocrx_word' id='word_1_499' title='bbox 2677 3152 2823 3207; x_wconf 89' lang='lat' dir='ltr'><strong>unde</strong></span> <span class='ocrx_word' id='word_1_500' title='bbox 2846 3151 3058 3207; x_wconf 86' lang='lat' dir='ltr'><strong>decima</strong></span> <span class='ocrx_word' id='word_1_501' title='bbox 3085 3151 3205 3206; x_wconf 79' lang='lat' dir='ltr'><strong>dari</strong></span> <span class='ocrx_word' id='word_1_502' title='bbox 3233 3151 3540 3218; x_wconf 81' lang='lat' dir='ltr'><strong>consuevit,</strong></span> <span class='ocrx_word' id='word_1_503' title='bbox 3576 3165 3669 3220; x_wconf 84' lang='lat' dir='ltr'><strong>que</strong></span> <span class='ocrx_word' id='word_1_504' title='bbox 3692 3164 3767 3203; x_wconf 76' lang='lat' dir='ltr'><strong>sua</strong></span> <span class='ocrx_word' id='word_1_505' title='bbox 3820 3144 3821 3153; x_wconf 65' lang='grc'><em>“</em></span> 
     </span>
    </p>
   </div>
   <div class='ocr_carea' id='block_1_78' title="bbox 2216 3241 3768 3315">
    <p class='ocr_par' dir='ltr' id='par_1_78' title="bbox 2216 3241 3768 3315">
     <span class='ocr_line' id='line_1_78' title="bbox 2216 3241 3768 3315; baseline -0.003 -16"><span class='ocrx_word' id='word_1_506' title='bbox 2216 3244 2372 3315; x_wconf 83' lang='lat' dir='ltr'><strong>prius</strong></span> <span class='ocrx_word' id='word_1_507' title='bbox 2399 3245 2655 3300; x_wconf 85' lang='lat' dir='ltr'><strong>universa</strong></span> <span class='ocrx_word' id='word_1_508' title='bbox 2688 3252 2866 3309; x_wconf 86' lang='lat' dir='ltr'><strong>erant,</strong></span> <span class='ocrx_word' id='word_1_509' title='bbox 2900 3244 3124 3299; x_wconf 85' lang='lat' dir='ltr'><strong>donavit</strong></span> <span class='ocrx_word' id='word_1_510' title='bbox 3156 3242 3422 3299; x_wconf 82' lang='lat' dir='ltr'><strong>Dominici</strong></span> <span class='ocrx_word' id='word_1_511' title='bbox 3456 3241 3683 3313; x_wconf 80' lang='lat' dir='ltr'><strong>Sepulcri</strong></span> <span class='ocrx_word' id='word_1_512' title='bbox 3699 3256 3768 3294; x_wconf 84' lang='lat' dir='ltr'><strong>ec-</strong></span> 
     </span>
    </p>
   </div>
   <div class='ocr_carea' id='block_1_79' title="bbox 2216 3333 3821 3405">
    <p class='ocr_par' dir='ltr' id='par_1_79' title="bbox 2216 3333 3821 3405">
     <span class='ocr_line' id='line_1_79' title="bbox 2216 3333 3821 3405; baseline -0.004 -14"><span class='ocrx_word' id='word_1_513' title='bbox 2216 3336 2383 3391; x_wconf 87' lang='lat' dir='ltr'><strong>clesie</strong></span> <span class='ocrx_word' id='word_1_514' title='bbox 2425 3343 2480 3390; x_wconf 92' lang='lat' dir='ltr'><strong>et</strong></span> <span class='ocrx_word' id='word_1_515' title='bbox 2523 3334 2685 3390; x_wconf 86' lang='lat' dir='ltr'><strong>Petro</strong></span> <span class='ocrx_word' id='word_1_516' title='bbox 2718 3334 2888 3405; x_wconf 88' lang='lat' dir='ltr'><strong>priori</strong></span> <span class='ocrx_word' id='word_1_517' title='bbox 2926 3333 3296 3405; x_wconf 86' lang='lat' dir='ltr'><strong>omnibusque</strong></span> <span class='ocrx_word' id='word_1_518' title='bbox 3334 3334 3776 3391; x_wconf 81' lang='lat' dir='ltr'><strong>cauouiciseteo—</strong></span> <span class='ocrx_word' id='word_1_519' title='bbox 3820 3334 3821 3353; x_wconf 84' lang='lat'>‘</span> 
     </span>
    </p>
   </div>
   <div class='ocr_carea' id='block_1_80' title="bbox 2216 3425 3774 3497">
    <p class='ocr_par' dir='ltr' id='par_1_80' title="bbox 2216 3425 3774 3497">
     <span class='ocr_line' id='line_1_80' title="bbox 2216 3425 3774 3497; baseline -0.003 -14"><span class='ocrx_word' id='word_1_520' title='bbox 2216 3428 2467 3483; x_wconf 89' lang='lat' dir='ltr'><strong>rumdem</strong></span> <span class='ocrx_word' id='word_1_521' title='bbox 2497 3428 2916 3483; x_wconf 86' lang='lat' dir='ltr'><strong>successoribus</strong></span> <span class='ocrx_word' id='word_1_522' title='bbox 2944 3427 2998 3481; x_wconf 88' lang='lat' dir='ltr'><strong>in</strong></span> <span class='ocrx_word' id='word_1_523' title='bbox 3030 3435 3379 3497; x_wconf 87' lang='lat' dir='ltr'><strong>perpetuum.</strong></span> <span class='ocrx_word' id='word_1_524' title='bbox 3408 3425 3655 3482; x_wconf 72' lang='lat' dir='ltr'><strong>Domnus</strong></span> <span class='ocrx_word' id='word_1_525' title='bbox 3676 3440 3774 3478; x_wconf 73' lang='lat' dir='ltr'><strong>rem</strong></span> 
     </span>
    </p>
   </div>
   <div class='ocr_carea' id='block_1_81' title="bbox 2215 3518 3821 3590">
    <p class='ocr_par' dir='ltr' id='par_1_81' title="bbox 2215 3518 3821 3590">
     <span class='ocr_line' id='line_1_81' title="bbox 2215 3518 3821 3590; baseline -0.004 -16"><span class='ocrx_word' id='word_1_526' title='bbox 2215 3518 2411 3576; x_wconf 86' lang='lat' dir='ltr'><strong>Petrus</strong></span> <span class='ocrx_word' id='word_1_527' title='bbox 2433 3520 2603 3590; x_wconf 87' lang='lat' dir='ltr'><strong>prior,</strong></span> <span class='ocrx_word' id='word_1_528' title='bbox 2632 3520 2867 3575; x_wconf 90' lang='lat' dir='ltr'><strong>consilio</strong></span> <span class='ocrx_word' id='word_1_529' title='bbox 2892 3528 2948 3575; x_wconf 86' lang='lat' dir='ltr'><strong>et</strong></span> <span class='ocrx_word' id='word_1_530' title='bbox 2978 3535 3211 3577; x_wconf 81' lang='lat' dir='ltr'><strong>assensu</strong></span> <span class='ocrx_word' id='word_1_531' title='bbox 3239 3519 3502 3573; x_wconf 88' lang='lat' dir='ltr'><strong>omnium</strong></span> <span class='ocrx_word' id='word_1_532' title='bbox 3523 3519 3781 3575; x_wconf 73' lang='lat' dir='ltr'><strong>canonico-</strong></span> <span class='ocrx_word' id='word_1_533' title='bbox 3820 3528 3821 3567; x_wconf 52' lang='grc' dir='ltr'>δ</span> 
     </span>
    </p>
   </div>
   <div class='ocr_carea' id='block_1_82' title="bbox 2218 3606 3779 3691">
    <p class='ocr_par' dir='ltr' id='par_1_82' title="bbox 2218 3606 3779 3691">
     <span class='ocr_line' id='line_1_82' title="bbox 2218 3606 3779 3691; baseline -0.002 -27"><span class='ocrx_word' id='word_1_534' title='bbox 2218 3625 2339 3664; x_wconf 90' lang='lat' dir='ltr'><strong>rum</strong></span> <span class='ocrx_word' id='word_1_535' title='bbox 2384 3609 2616 3664; x_wconf 87' lang='lat' dir='ltr'><strong>ecclesie</strong></span> <span class='ocrx_word' id='word_1_536' title='bbox 2663 3607 2851 3664; x_wconf 81' lang='lat' dir='ltr'><strong>Sancti</strong></span> <span class='ocrx_word' id='word_1_537' title='bbox 2901 3609 3169 3691; x_wconf 74' lang='lat' dir='ltr'><strong>Sepulcri,</strong></span> <span class='ocrx_word' id='word_1_538' title='bbox 3223 3609 3517 3665; x_wconf 81' lang='lat' dir='ltr'><strong>concessit</strong></span> <span class='ocrx_word' id='word_1_539' title='bbox 3566 3606 3779 3662; x_wconf 61' lang='lat' dir='ltr'><strong>Liddasi</strong></span> 
     </span>
    </p>
   </div>
   <div class='ocr_carea' id='block_1_83' title="bbox 2215 3700 3821 3772">
    <p class='ocr_par' dir='ltr' id='par_1_83' title="bbox 2215 3700 3821 3772">
     <span class='ocr_line' id='line_1_83' title="bbox 2215 3700 3821 3772; baseline 0.002 -16"><span class='ocrx_word' id='word_1_540' title='bbox 2215 3700 2445 3757; x_wconf 88' lang='lat' dir='ltr'><strong>ecclesie</strong></span> <span class='ocrx_word' id='word_1_541' title='bbox 2467 3709 2524 3756; x_wconf 91' lang='lat' dir='ltr'><strong>et</strong></span> <span class='ocrx_word' id='word_1_542' title='bbox 2550 3701 2810 3772; x_wconf 85' lang='lat' dir='ltr'><strong>episcopo</strong></span> <span class='ocrx_word' id='word_1_543' title='bbox 2835 3700 3114 3758; x_wconf 79' lang='lat' dir='ltr'><strong>Bernardo</strong></span> <span class='ocrx_word' id='word_1_544' title='bbox 3136 3702 3373 3772; x_wconf 81' lang='lat' dir='ltr'><strong>eiusque</strong></span> <span class='ocrx_word' id='word_1_545' title='bbox 3405 3700 3789 3758; x_wconf 57' lang='lat' dir='ltr'><strong>successorum:</strong></span> <span class='ocrx_word' id='word_1_546' title='bbox 3820 3700 3821 3772; x_wconf 62' lang='grc' dir='ltr'>ξ</span> 
     </span>
    </p>
   </div>
   <div class='ocr_carea' id='block_1_84' title="bbox 2215 3792 3788 3865">
    <p class='ocr_par' dir='ltr' id='par_1_84' title="bbox 2215 3792 3788 3865">
     <span class='ocr_line' id='line_1_84' title="bbox 2215 3792 3788 3865; baseline -0.002 -18"><span class='ocrx_word' id='word_1_547' title='bbox 2215 3792 2562 3848; x_wconf 87' lang='lat' dir='ltr'><strong>medietatem</strong></span> <span class='ocrx_word' id='word_1_548' title='bbox 2596 3794 2844 3849; x_wconf 91' lang='lat' dir='ltr'><strong>omnium</strong></span> <span class='ocrx_word' id='word_1_549' title='bbox 2888 3792 3319 3850; x_wconf 82' lang='lat' dir='ltr'><strong>deeimatiouum</strong></span> <span class='ocrx_word' id='word_1_550' title='bbox 3379 3804 3632 3865; x_wconf 83' lang='lat' dir='ltr'><strong>quatuor</strong></span> <span class='ocrx_word' id='word_1_551' title='bbox 3668 3807 3788 3846; x_wconf 76' lang='lat' dir='ltr'><strong>casa-</strong></span> 
     </span>
    </p>
   </div>
   <div class='ocr_carea' id='block_1_85' title="bbox 2215 3883 3793 3957">
    <p class='ocr_par' dir='ltr' id='par_1_85' title="bbox 2215 3883 3793 3957">
     <span class='ocr_line' id='line_1_85' title="bbox 2215 3883 3793 3957; baseline -0.001 -19"><span class='ocrx_word' id='word_1_552' title='bbox 2215 3884 2348 3939; x_wconf 88' lang='lat' dir='ltr'><strong>lium</strong></span> <span class='ocrx_word' id='word_1_553' title='bbox 2398 3883 2735 3954; x_wconf 78' lang='lat' dir='ltr'><strong>scriptorum</strong></span> <span class='ocrx_word' id='word_1_554' title='bbox 2784 3884 2840 3939; x_wconf 91' lang='lat' dir='ltr'><strong>in</strong></span> <span class='ocrx_word' id='word_1_555' title='bbox 2875 3884 3160 3956; x_wconf 79' lang='lat' dir='ltr'><strong>privilegio</strong></span> <span class='ocrx_word' id='word_1_556' title='bbox 3207 3884 3451 3956; x_wconf 79' lang='lat' dir='ltr'><strong>Rogerii</strong></span> <span class='ocrx_word' id='word_1_557' title='bbox 3477 3928 3494 3952; x_wconf 92' lang='lat'><strong>,</strong></span> <span class='ocrx_word' id='word_1_558' title='bbox 3556 3883 3793 3957; x_wconf 72' lang='lat' dir='ltr'><strong>quondam</strong></span> 
     </span>
    </p>
   </div>
   <div class='ocr_carea' id='block_1_86' title="bbox 2215 3975 3795 4049">
    <p class='ocr_par' dir='ltr' id='par_1_86' title="bbox 2215 3975 3795 4049">
     <span class='ocr_line' id='line_1_86' title="bbox 2215 3975 3795 4049; baseline -0.002 -18"><span class='ocrx_word' id='word_1_559' title='bbox 2215 3976 2503 4033; x_wconf 87' lang='lat' dir='ltr'><strong>Liddeusis</strong></span> <span class='ocrx_word' id='word_1_560' title='bbox 2531 3976 2796 4048; x_wconf 87' lang='lat' dir='ltr'><strong>episcopi,</strong></span> <span class='ocrx_word' id='word_1_561' title='bbox 2830 3976 3150 4049; x_wconf 74' lang='lat' dir='ltr'><strong>capharutb</strong></span> <span class='ocrx_word' id='word_1_562' title='bbox 3178 3977 3454 4035; x_wconf 75' lang='lat' dir='ltr'><strong>videlicet</strong></span> <span class='ocrx_word' id='word_1_563' title='bbox 3484 3989 3545 4035; x_wconf 87' lang='lat' dir='ltr'><strong>et</strong></span> <span class='ocrx_word' id='word_1_564' title='bbox 3572 3978 3676 4039; x_wconf 72' lang='lat' dir='ltr'><strong>Gil.</strong></span> <span class='ocrx_word' id='word_1_565' title='bbox 3714 3975 3795 4028; x_wconf 73' lang='lat' dir='ltr'><strong>Ke-</strong></span> 
     </span>
    </p>
   </div>
   <div class='ocr_carea' id='block_1_87' title="bbox 2214 4067 3802 4141">
    <p class='ocr_par' dir='ltr' id='par_1_87' title="bbox 2214 4067 3802 4141">
     <span class='ocr_line' id='line_1_87' title="bbox 2214 4067 3802 4141; baseline 0.001 -17"><span class='ocrx_word' id='word_1_566' title='bbox 2214 4067 2493 4141; x_wconf 84' lang='lat' dir='ltr'><strong>phrecylta</strong></span> <span class='ocrx_word' id='word_1_567' title='bbox 2526 4077 2582 4124; x_wconf 90' lang='lat' dir='ltr'><strong>et</strong></span> <span class='ocrx_word' id='word_1_568' title='bbox 2602 4068 2841 4136; x_wconf 84' lang='lat' dir='ltr'><strong>Portllia,</strong></span> <span class='ocrx_word' id='word_1_569' title='bbox 2871 4077 2951 4135; x_wconf 89' lang='lat' dir='ltr'><strong>ut,</strong></span> <span class='ocrx_word' id='word_1_570' title='bbox 2974 4084 3101 4124; x_wconf 86' lang='lat' dir='ltr'><strong>cum</strong></span> <span class='ocrx_word' id='word_1_571' title='bbox 3133 4070 3289 4140; x_wconf 86' lang='lat' dir='ltr'><strong>prius</strong></span> <span class='ocrx_word' id='word_1_572' title='bbox 3319 4067 3802 4128; x_wconf 51' lang='lat' dir='ltr'><strong>Liddeusisecrle</strong></span> 
     </span>
    </p>
   </div>
   <div class='ocr_carea' id='block_1_88' title="bbox 2215 4159 3803 4233">
    <p class='ocr_par' dir='ltr' id='par_1_88' title="bbox 2215 4159 3803 4233">
     <span class='ocr_line' id='line_1_88' title="bbox 2215 4159 3803 4233; baseline -0.003 -16"><span class='ocrx_word' id='word_1_573' title='bbox 2215 4160 2317 4227; x_wconf 90' lang='lat' dir='ltr'><strong>sia,</strong></span> <span class='ocrx_word' id='word_1_574' title='bbox 2350 4159 2584 4216; x_wconf 81' lang='lat' dir='ltr'><strong>faciente</strong></span> <span class='ocrx_word' id='word_1_575' title='bbox 2611 4159 2847 4232; x_wconf 76' lang='lat' dir='ltr'><strong>Roget-io</strong></span> <span class='ocrx_word' id='word_1_576' title='bbox 2885 4161 3167 4231; x_wconf 88' lang='lat' dir='ltr'><strong>episcopo,</strong></span> <span class='ocrx_word' id='word_1_577' title='bbox 3204 4176 3322 4216; x_wconf 81' lang='lat' dir='ltr'><strong>non</strong></span> <span class='ocrx_word' id='word_1_578' title='bbox 3360 4163 3683 4233; x_wconf 77' lang='lat' dir='ltr'><strong>perciperet</strong></span> <span class='ocrx_word' id='word_1_579' title='bbox 3707 4160 3803 4212; x_wconf 73' lang='lat' dir='ltr'><strong>inde</strong></span> 
     </span>
    </p>
   </div>
   <div class='ocr_carea' id='block_1_89' title="bbox 2213 4251 3821 4323">
    <p class='ocr_par' dir='ltr' id='par_1_89' title="bbox 2213 4251 3821 4323">
     <span class='ocr_line' id='line_1_89' title="bbox 2213 4251 3821 4323; baseline -0.002 -16"><span class='ocrx_word' id='word_1_580' title='bbox 2213 4251 2319 4307; x_wconf 91' lang='lat' dir='ltr'><strong>nisi</strong></span> <span class='ocrx_word' id='word_1_581' title='bbox 2346 4253 2690 4308; x_wconf 85' lang='lat' dir='ltr'><strong>medietatem</strong></span> <span class='ocrx_word' id='word_1_582' title='bbox 2719 4252 3055 4308; x_wconf 84' lang='lat' dir='ltr'><strong>decimarum</strong></span> <span class='ocrx_word' id='word_1_583' title='bbox 3088 4251 3375 4308; x_wconf 83' lang='lat' dir='ltr'><strong>messium</strong></span> <span class='ocrx_word' id='word_1_584' title='bbox 3405 4263 3659 4320; x_wconf 75' lang='lat' dir='ltr'><strong>tantum,</strong></span> <span class='ocrx_word' id='word_1_585' title='bbox 3684 4251 3821 4323; x_wconf 65' lang='lat' dir='ltr'><strong>prout}</strong></span> 
     </span>
    </p>
   </div>
   <div class='ocr_carea' id='block_1_90' title="bbox 2214 4343 3806 4417">
    <p class='ocr_par' dir='ltr' id='par_1_90' title="bbox 2214 4343 3806 4417">
     <span class='ocr_line' id='line_1_90' title="bbox 2214 4343 3806 4417; baseline -0.003 -18"><span class='ocrx_word' id='word_1_586' title='bbox 2214 4344 2527 4399; x_wconf 88' lang='lat' dir='ltr'><strong>continetur</strong></span> <span class='ocrx_word' id='word_1_587' title='bbox 2554 4345 2609 4398; x_wconf 90' lang='lat' dir='ltr'><strong>in</strong></span> <span class='ocrx_word' id='word_1_588' title='bbox 2649 4344 2792 4400; x_wconf 90' lang='lat' dir='ltr'><strong>serie</strong></span> <span class='ocrx_word' id='word_1_589' title='bbox 2819 4343 3087 4415; x_wconf 79' lang='lat' dir='ltr'><strong>privilegii</strong></span> <span class='ocrx_word' id='word_1_590' title='bbox 3121 4343 3397 4401; x_wconf 85' lang='lat' dir='ltr'><strong>eiusdem</strong></span> <span class='ocrx_word' id='word_1_591' title='bbox 3449 4347 3714 4417; x_wconf 77' lang='lat' dir='ltr'><strong>episcopi,</strong></span> <span class='ocrx_word' id='word_1_592' title='bbox 3738 4343 3806 4414; x_wconf 76' lang='lat' dir='ltr'><strong>qui</strong></span> 
     </span>
    </p>
   </div>
   <div class='ocr_carea' id='block_1_91' title="bbox 521 4435 3808 4512">
    <p class='ocr_par' dir='ltr' id='par_1_91' title="bbox 521 4435 3808 4512">
     <span class='ocr_line' id='line_1_91' title="bbox 521 4435 3808 4512; baseline -0.002 -17"><span class='ocrx_word' id='word_1_593' title='bbox 521 4455 646 4495; x_wconf 88' lang='lat' dir='ltr'><strong>mus</strong></span> <span class='ocrx_word' id='word_1_594' title='bbox 672 4439 855 4497; x_wconf 88' lang='lat' dir='ltr'><strong>Sancti</strong></span> <span class='ocrx_word' id='word_1_595' title='bbox 874 4438 1122 4512; x_wconf 84' lang='lat' dir='ltr'><strong>Sepulcri</strong></span> <span class='ocrx_word' id='word_1_596' title='bbox 1148 4441 1215 4496; x_wconf 90' lang='lat' dir='ltr'><strong>de</strong></span> <span class='ocrx_word' id='word_1_597' title='bbox 1239 4437 1604 4493; x_wconf 87' lang='lat' dir='ltr'><strong>Barchinonia</strong></span> <span class='ocrx_word' id='word_1_598' title='bbox 1625 4445 1679 4491; x_wconf 92' lang='lat' dir='ltr'><strong>et</strong></span> <span class='ocrx_word' id='word_1_599' title='bbox 1698 4438 2110 4494; x_wconf 83' lang='lat' dir='ltr'><strong>successoribus</strong></span> <span class='ocrx_word' id='word_1_600' title='bbox 2141 4450 2188 4511; x_wconf 83' lang='grc' dir='ltr'><strong>ι)</strong></span> <span class='ocrx_word' id='word_1_601' title='bbox 2214 4435 2325 4491; x_wconf 91' lang='lat' dir='ltr'><strong>duo</strong></span> <span class='ocrx_word' id='word_1_602' title='bbox 2353 4452 2420 4491; x_wconf 84' lang='lat' dir='ltr'><strong>ex</strong></span> <span class='ocrx_word' id='word_1_603' title='bbox 2470 4436 2578 4491; x_wconf 90' lang='lat' dir='ltr'><strong>illis</strong></span> <span class='ocrx_word' id='word_1_604' title='bbox 2625 4435 2942 4501; x_wconf 77' lang='lat' dir='ltr'><strong>donaverat,</strong></span> <span class='ocrx_word' id='word_1_605' title='bbox 2992 4435 3327 4506; x_wconf 72' lang='lat' dir='ltr'><strong>Capharuth</strong></span> <span class='ocrx_word' id='word_1_606' title='bbox 3377 4448 3443 4495; x_wconf 80' lang='lat' dir='ltr'><strong>et</strong></span> <span class='ocrx_word' id='word_1_607' title='bbox 3476 4438 3598 4505; x_wconf 85' lang='lat' dir='ltr'><strong>Git,</strong></span> <span class='ocrx_word' id='word_1_608' title='bbox 3643 4449 3693 4495; x_wconf 82' lang='lat' dir='ltr'><strong>et</strong></span> <span class='ocrx_word' id='word_1_609' title='bbox 3725 4439 3808 4491; x_wconf 77' lang='lat' dir='ltr'><strong>duo</strong></span> 
     </span>
    </p>
   </div>
   <div class='ocr_carea' id='block_1_92' title="bbox 520 4529 2107 4604">
    <p class='ocr_par' dir='ltr' id='par_1_92' title="bbox 520 4529 2107 4604">
     <span class='ocr_line' id='line_1_92' title="bbox 520 4529 2107 4604; baseline -0.001 -16"><span class='ocrx_word' id='word_1_610' title='bbox 520 4533 640 4589; x_wconf 85' lang='lat' dir='ltr'><strong>suis</strong></span> <span class='ocrx_word' id='word_1_611' title='bbox 665 4542 718 4588; x_wconf 92' lang='lat' dir='ltr'><strong>et</strong></span> <span class='ocrx_word' id='word_1_612' title='bbox 738 4533 844 4601; x_wconf 89' lang='lat' dir='ltr'><strong>his,</strong></span> <span class='ocrx_word' id='word_1_613' title='bbox 878 4550 1017 4604; x_wconf 87' lang='lat' dir='ltr'><strong>quos</strong></span> <span class='ocrx_word' id='word_1_614' title='bbox 1054 4533 1161 4603; x_wconf 88' lang='lat' dir='ltr'><strong>ipsi</strong></span> <span class='ocrx_word' id='word_1_615' title='bbox 1189 4529 1570 4585; x_wconf 88' lang='lat' dir='ltr'><strong>mandaverint</strong></span> <span class='ocrx_word' id='word_1_616' title='bbox 1596 4530 1681 4584; x_wconf 89' lang='lat' dir='ltr'><strong>vel</strong></span> <span class='ocrx_word' id='word_1_617' title='bbox 1698 4531 2022 4598; x_wconf 73' lang='lat' dir='ltr'><strong>statuerint,</strong></span> <span class='ocrx_word' id='word_1_618' title='bbox 2052 4531 2107 4586; x_wconf 91' lang='lat' dir='ltr'><strong>in</strong></span> 
     </span>
    </p>
   </div>
   <div class='ocr_carea' id='block_1_93' title="bbox 518 4620 2106 4696">
    <p class='ocr_par' dir='ltr' id='par_1_93' title="bbox 518 4620 2106 4696">
     <span class='ocr_line' id='line_1_93' title="bbox 518 4620 2106 4696; baseline -0.003 -14"><span class='ocrx_word' id='word_1_619' title='bbox 518 4625 780 4683; x_wconf 89' lang='lat' dir='ltr'><strong>omnibus</strong></span> <span class='ocrx_word' id='word_1_620' title='bbox 800 4635 853 4682; x_wconf 90' lang='lat' dir='ltr'><strong>et</strong></span> <span class='ocrx_word' id='word_1_621' title='bbox 872 4641 966 4696; x_wconf 89' lang='lat' dir='ltr'><strong>per</strong></span> <span class='ocrx_word' id='word_1_622' title='bbox 994 4624 1178 4680; x_wconf 91' lang='lat' dir='ltr'><strong>omnia</strong></span> <span class='ocrx_word' id='word_1_623' title='bbox 1204 4634 1483 4690; x_wconf 82' lang='lat' dir='ltr'><strong>tamquam</strong></span> <span class='ocrx_word' id='word_1_624' title='bbox 1505 4620 1954 4678; x_wconf 87' lang='lat' dir='ltr'><strong>dominisvestris</strong></span> <span class='ocrx_word' id='word_1_625' title='bbox 1981 4636 2106 4692; x_wconf 84' lang='lat' dir='ltr'><strong>spe-</strong></span> 
     </span>
    </p>
   </div>
   <div class='ocr_carea' id='block_1_94' title="bbox 517 4714 2107 4787">
    <p class='ocr_par' dir='ltr' id='par_1_94' title="bbox 517 4714 2107 4787">
     <span class='ocr_line' id='line_1_94' title="bbox 517 4714 2107 4787; baseline -0.004 -11"><span class='ocrx_word' id='word_1_626' title='bbox 517 4717 752 4776; x_wconf 86' lang='lat' dir='ltr'><strong>cialibus</strong></span> <span class='ocrx_word' id='word_1_627' title='bbox 782 4727 835 4773; x_wconf 91' lang='lat' dir='ltr'><strong>et</strong></span> <span class='ocrx_word' id='word_1_628' title='bbox 863 4715 1141 4787; x_wconf 89' lang='lat' dir='ltr'><strong>perpetuis</strong></span> <span class='ocrx_word' id='word_1_629' title='bbox 1170 4714 1457 4778; x_wconf 87' lang='lat' dir='ltr'><strong>obediatis,</strong></span> <span class='ocrx_word' id='word_1_630' title='bbox 1482 4723 1535 4769; x_wconf 89' lang='lat' dir='ltr'><strong>et</strong></span> <span class='ocrx_word' id='word_1_631' title='bbox 1590 4714 1670 4769; x_wconf 89' lang='lat' dir='ltr'><strong>eis</strong></span> <span class='ocrx_word' id='word_1_632' title='bbox 1708 4714 2004 4769; x_wconf 89' lang='lat' dir='ltr'><strong>teneamini</strong></span> <span class='ocrx_word' id='word_1_633' title='bbox 2040 4714 2107 4770; x_wconf 90' lang='lat' dir='ltr'><strong>de</strong></span> 
     </span>
    </p>
   </div>
   <div class='ocr_carea' id='block_1_95' title="bbox 519 4804 2103 4877">
    <p class='ocr_par' dir='ltr' id='par_1_95' title="bbox 519 4804 2103 4877">
     <span class='ocr_line' id='line_1_95' title="bbox 519 4804 2103 4877; baseline -0.001 -13"><span class='ocrx_word' id='word_1_634' title='bbox 519 4809 794 4865; x_wconf 88' lang='lat' dir='ltr'><strong>universis</strong></span> <span class='ocrx_word' id='word_1_635' title='bbox 820 4815 874 4863; x_wconf 89' lang='lat' dir='ltr'><strong>et</strong></span> <span class='ocrx_word' id='word_1_636' title='bbox 904 4805 1153 4877; x_wconf 82' lang='lat' dir='ltr'><strong>singulis,</strong></span> <span class='ocrx_word' id='word_1_637' title='bbox 1188 4820 1295 4875; x_wconf 88' lang='lat' dir='ltr'><strong>que</strong></span> <span class='ocrx_word' id='word_1_638' title='bbox 1326 4804 1483 4860; x_wconf 92' lang='lat' dir='ltr'><strong>nobis</strong></span> <span class='ocrx_word' id='word_1_639' title='bbox 1509 4804 1694 4876; x_wconf 89' lang='lat' dir='ltr'><strong>aliquo</strong></span> <span class='ocrx_word' id='word_1_640' title='bbox 1738 4808 1902 4862; x_wconf 87' lang='lat' dir='ltr'><strong>modo</strong></span> <span class='ocrx_word' id='word_1_641' title='bbox 1941 4804 2103 4863; x_wconf 83' lang='lat' dir='ltr'><strong>fatie-</strong></span> 
     </span>
    </p>
   </div>
   <div class='ocr_carea' id='block_1_96' title="bbox 519 4894 2099 4968">
    <p class='ocr_par' dir='ltr' id='par_1_96' title="bbox 519 4894 2099 4968">
     <span class='ocr_line' id='line_1_96' title="bbox 519 4894 2099 4968; baseline -0.002 -13"><span class='ocrx_word' id='word_1_642' title='bbox 519 4898 663 4955; x_wconf 86' lang='lat' dir='ltr'><strong>batis</strong></span> <span class='ocrx_word' id='word_1_643' title='bbox 696 4905 755 4953; x_wconf 85' lang='lat' dir='ltr'><strong>et</strong></span> <span class='ocrx_word' id='word_1_644' title='bbox 773 4896 1086 4962; x_wconf 88' lang='lat' dir='ltr'><strong>donabatis,</strong></span> <span class='ocrx_word' id='word_1_645' title='bbox 1117 4894 1357 4965; x_wconf 90' lang='lat' dir='ltr'><strong>plenarie</strong></span> <span class='ocrx_word' id='word_1_646' title='bbox 1384 4904 1437 4950; x_wconf 92' lang='lat' dir='ltr'><strong>et</strong></span> <span class='ocrx_word' id='word_1_647' title='bbox 1480 4896 1710 4952; x_wconf 77' lang='lat' dir='ltr'><strong>fideliter</strong></span> <span class='ocrx_word' id='word_1_648' title='bbox 1748 4897 2099 4968; x_wconf 88' lang='lat' dir='ltr'><strong>respondere,</strong></span> 
     </span>
    </p>
   </div>
   <div class='ocr_carea' id='block_1_97' title="bbox 518 4986 2104 5057">
    <p class='ocr_par' dir='ltr' id='par_1_97' title="bbox 518 4986 2104 5057">
     <span class='ocr_line' id='line_1_97' title="bbox 518 4986 2104 5057; baseline -0.001 -12"><span class='ocrx_word' id='word_1_649' title='bbox 518 4989 628 5045; x_wconf 84' lang='lat' dir='ltr'><strong>alio</strong></span> <span class='ocrx_word' id='word_1_650' title='bbox 662 4987 922 5043; x_wconf 87' lang='lat' dir='ltr'><strong>mandato</strong></span> <span class='ocrx_word' id='word_1_651' title='bbox 944 4994 1134 5057; x_wconf 83' lang='lat' dir='ltr'><strong>nostro</strong></span> <span class='ocrx_word' id='word_1_652' title='bbox 1154 4987 1239 5041; x_wconf 90' lang='lat' dir='ltr'><strong>vel</strong></span> <span class='ocrx_word' id='word_1_653' title='bbox 1267 4986 1500 5044; x_wconf 86' lang='lat' dir='ltr'><strong>alicuius</strong></span> <span class='ocrx_word' id='word_1_654' title='bbox 1534 4988 1704 5043; x_wconf 89' lang='lat' dir='ltr'><strong>baiuli</strong></span> <span class='ocrx_word' id='word_1_655' title='bbox 1746 4989 1827 5044; x_wconf 87' lang='lat' dir='ltr'><strong>vel</strong></span> <span class='ocrx_word' id='word_1_656' title='bbox 1866 4989 2104 5045; x_wconf 88' lang='lat' dir='ltr'><strong>hominis</strong></span> 
     </span>
    </p>
   </div>
   <div class='ocr_carea' id='block_1_98' title="bbox 517 5078 1992 5151">
    <p class='ocr_par' dir='ltr' id='par_1_98' title="bbox 517 5078 1992 5151">
     <span class='ocr_line' id='line_1_98' title="bbox 517 5078 1992 5151; baseline 0 -16"><span class='ocrx_word' id='word_1_657' title='bbox 517 5078 691 5135; x_wconf 86' lang='lat' dir='ltr'><strong>nostri</strong></span> <span class='ocrx_word' id='word_1_658' title='bbox 717 5078 983 5149; x_wconf 90' lang='lat' dir='ltr'><strong>requisito</strong></span> <span class='ocrx_word' id='word_1_659' title='bbox 1011 5093 1312 5151; x_wconf 88' lang='lat' dir='ltr'><strong>numquam</strong></span> <span class='ocrx_word' id='word_1_660' title='bbox 1341 5079 1594 5151; x_wconf 86' lang='lat' dir='ltr'><strong>deinceps</strong></span> <span class='ocrx_word' id='word_1_661' title='bbox 1625 5081 1710 5135; x_wconf 88' lang='lat' dir='ltr'><strong>vel</strong></span> <span class='ocrx_word' id='word_1_662' title='bbox 1740 5095 1992 5136; x_wconf 86' lang='lat' dir='ltr'><strong>assensu.</strong></span> 
     </span>
    </p>
   </div>
   <div class='ocr_carea' id='block_1_99' title="bbox 590 5169 2099 5246">
    <p class='ocr_par' dir='ltr' id='par_1_99' title="bbox 590 5169 2099 5246">
     <span class='ocr_line' id='line_1_99' title="bbox 590 5169 2099 5246; baseline 0.002 -23"><span class='ocrx_word' id='word_1_663' title='bbox 590 5169 787 5226; x_wconf 91' lang='lat' dir='ltr'><strong>Datum</strong></span> <span class='ocrx_word' id='word_1_664' title='bbox 815 5169 1274 5246; x_wconf 77' lang='lat' dir='ltr'><strong>Cesaraug[usti],</strong></span> <span class='ocrx_word' id='word_1_665' title='bbox 1300 5173 1387 5229; x_wconf 92' lang='lat' dir='ltr'><strong>die</strong></span> <span class='ocrx_word' id='word_1_666' title='bbox 1425 5174 1556 5229; x_wconf 91' lang='lat' dir='ltr'><strong>lune</strong></span> <span class='ocrx_word' id='word_1_667' title='bbox 1584 5174 1762 5245; x_wconf 89' lang='lat' dir='ltr'><strong>prima</strong></span> <span class='ocrx_word' id='word_1_668' title='bbox 1802 5181 1928 5244; x_wconf 87' lang='lat' dir='ltr'><strong>post</strong></span> <span class='ocrx_word' id='word_1_669' title='bbox 1963 5187 2099 5243; x_wconf 89' lang='lat' dir='ltr'><strong>pen-</strong></span> 
     </span>
    </p>
   </div>
   <div class='ocr_carea' id='block_1_100' title="bbox 517 5263 2099 5337">
    <p class='ocr_par' dir='ltr' id='par_1_100' title="bbox 517 5263 2099 5337">
     <span class='ocr_line' id='line_1_100' title="bbox 517 5263 2099 5337; baseline 0 -20"><span class='ocrx_word' id='word_1_670' title='bbox 517 5268 784 5332; x_wconf 86' lang='lat' dir='ltr'><strong>tecosteu,</strong></span> <span class='ocrx_word' id='word_1_671' title='bbox 815 5276 909 5321; x_wconf 85' lang='lat' dir='ltr'><strong>era</strong></span> <span class='ocrx_word' id='word_1_672' title='bbox 950 5280 1106 5333; x_wconf 78' lang='lat' dir='ltr'><strong>ICCL,</strong></span> <span class='ocrx_word' id='word_1_673' title='bbox 1149 5280 1248 5337; x_wconf 89' lang='lat' dir='ltr'><strong>per</strong></span> <span class='ocrx_word' id='word_1_674' title='bbox 1301 5282 1526 5322; x_wconf 87' lang='lat' dir='ltr'><strong>manum</strong></span> <span class='ocrx_word' id='word_1_675' title='bbox 1580 5265 1843 5333; x_wconf 81' lang='lat' dir='ltr'><strong>Ferrarii,</strong></span> <span class='ocrx_word' id='word_1_676' title='bbox 1901 5263 2099 5325; x_wconf 79' lang='lat' dir='ltr'><strong>notarii</strong></span> 
     </span>
    </p>
   </div>
   <div class='ocr_carea' id='block_1_101' title="bbox 514 5356 1449 5430">
    <p class='ocr_par' dir='ltr' id='par_1_101' title="bbox 514 5356 1449 5430">
     <span class='ocr_line' id='line_1_101' title="bbox 514 5356 1449 5430; baseline 0.002 -20"><span class='ocrx_word' id='word_1_677' title='bbox 514 5356 712 5425; x_wconf 85' lang='lat' dir='ltr'><strong>nostri,</strong></span> <span class='ocrx_word' id='word_1_678' title='bbox 741 5358 968 5421; x_wconf 60' lang='lat' dir='ltr'><strong>tesn‘bus</strong></span> <span class='ocrx_word' id='word_1_679' title='bbox 995 5367 1049 5414; x_wconf 90' lang='lat' dir='ltr'><strong>et</strong></span> <span class='ocrx_word' id='word_1_680' title='bbox 1070 5358 1449 5430; x_wconf 85' lang='lat' dir='ltr'><strong>presentibus:</strong></span> 
     </span>
    </p>
   </div>
   <div class='ocr_carea' id='block_1_102' title="bbox 656 5444 2096 5523">
    <p class='ocr_par' dir='ltr' id='par_1_102' title="bbox 656 5444 2096 5523">
     <span class='ocr_line' id='line_1_102' title="bbox 656 5444 2096 5523; baseline -0.001 -20"><span class='ocrx_word' id='word_1_681' title='bbox 656 5447 891 5509; x_wconf 84' lang='lat' dir='ltr'><strong>Domino</strong></span> <span class='ocrx_word' id='word_1_682' title='bbox 944 5448 1304 5523; x_wconf 81' lang='lat' dir='ltr'><strong>R[amundo],</strong></span> <span class='ocrx_word' id='word_1_683' title='bbox 1349 5447 1646 5504; x_wconf 88' lang='lat' dir='ltr'><strong>venerabili</strong></span> <span class='ocrx_word' id='word_1_684' title='bbox 1695 5444 2096 5519; x_wconf 74' lang='lat' dir='ltr'><strong>Cesaraug[us-</strong></span> 
     </span>
    </p>
   </div>
   <div class='ocr_carea' id='block_1_103' title="bbox 726 5538 2094 5614">
    <p class='ocr_par' dir='ltr' id='par_1_103' title="bbox 726 5538 2094 5614">
     <span class='ocr_line' id='line_1_103' title="bbox 726 5538 2094 5614; baseline -0.002 -17"><span class='ocrx_word' id='word_1_685' title='bbox 726 5541 1190 5614; x_wconf 87' lang='lat' dir='ltr'><strong>tensi]episcopo.</strong></span> <span class='ocrx_word' id='word_1_686' title='bbox 1240 5541 1472 5598; x_wconf 90' lang='lat' dir='ltr'><strong>Domino</strong></span> <span class='ocrx_word' id='word_1_687' title='bbox 1517 5539 1581 5596; x_wconf 88' lang='lat' dir='ltr'><strong>G.</strong></span> <span class='ocrx_word' id='word_1_688' title='bbox 1626 5580 1640 5594; x_wconf 91' lang='lat'><strong>.</strong></span> <span class='ocrx_word' id='word_1_689' title='bbox 1680 5580 1695 5593; x_wconf 92' lang='lat'><strong><em>.</em></strong></span> <span class='ocrx_word' id='word_1_690' title='bbox 1741 5580 1754 5593; x_wconf 92' lang='lat'><strong>.</strong></span> <span class='ocrx_word' id='word_1_691' title='bbox 1796 5538 2094 5599; x_wconf 84' lang='lat' dir='ltr'><strong>venerabili</strong></span> 
     </span>
    </p>
   </div>
   <div class='ocr_carea' id='block_1_104' title="bbox 583 5715 1608 5791">
    <p class='ocr_par' dir='ltr' id='par_1_104' title="bbox 583 5715 1608 5791">
     <span class='ocr_line' id='line_1_104' title="bbox 583 5715 1608 5791; baseline -0.004 -18"><span class='ocrx_word' id='word_1_692' title='bbox 583 5719 674 5755; x_wconf 52' lang='lat' dir='ltr'><strong>Mt</strong></span> <span class='ocrx_word' id='word_1_693' title='bbox 697 5719 765 5789; x_wconf 84' lang='lat' dir='ltr'><strong>A,</strong></span> <span class='ocrx_word' id='word_1_694' title='bbox 796 5720 839 5775; x_wconf 68' lang='grc' dir='ltr'><strong>Ρ</strong></span> <span class='ocrx_word' id='word_1_695' title='bbox 873 5720 994 5785; x_wconf 77' lang='grc'><strong>155,</strong></span> <span class='ocrx_word' id='word_1_696' title='bbox 1020 5730 1097 5787; x_wconf 88' lang='lat' dir='ltr'><strong>v°;</strong></span> <span class='ocrx_word' id='word_1_697' title='bbox 1129 5733 1363 5791; x_wconf 83' lang='lat' dir='ltr'><strong>manque</strong></span> <span class='ocrx_word' id='word_1_698' title='bbox 1384 5718 1522 5774; x_wconf 90' lang='lat' dir='ltr'><strong>dans</strong></span> <span class='ocrx_word' id='word_1_699' title='bbox 1546 5715 1608 5770; x_wconf 89' lang='lat' dir='ltr'><strong>B.</strong></span> 
     </span>
    </p>
   </div>
   <div class='ocr_carea' id='block_1_105' title="bbox 2211 4525 3807 4600">
    <p class='ocr_par' dir='ltr' id='par_1_105' title="bbox 2211 4525 3807 4600">
     <span class='ocr_line' id='line_1_105' title="bbox 2211 4525 3807 4600; baseline 0 -17"><span class='ocrx_word' id='word_1_700' title='bbox 2211 4527 2529 4595; x_wconf 85' lang='lat' dir='ltr'><strong>cambierat,</strong></span> <span class='ocrx_word' id='word_1_701' title='bbox 2544 4526 2900 4599; x_wconf 82' lang='lat' dir='ltr'><strong>Kephrecylta</strong></span> <span class='ocrx_word' id='word_1_702' title='bbox 2917 4536 2972 4582; x_wconf 90' lang='lat' dir='ltr'><strong>et</strong></span> <span class='ocrx_word' id='word_1_703' title='bbox 2984 4525 3245 4599; x_wconf 72' lang='lat' dir='ltr'><strong>Porfylia,</strong></span> <span class='ocrx_word' id='word_1_704' title='bbox 3268 4544 3475 4600; x_wconf 76' lang='lat' dir='ltr'><strong>quam</strong></span> <span class='ocrx_word' id='word_1_705' title='bbox 3498 4531 3807 4586; x_wconf 64' lang='lat' dir='ltr'><strong>donationem</strong></span> 
     </span>
    </p>
   </div>
   <div class='ocr_carea' id='block_1_106' title="bbox 2209 4617 3808 4687">
    <p class='ocr_par' dir='ltr' id='par_1_106' title="bbox 2209 4617 3808 4687">
     <span class='ocr_line' id='line_1_106' title="bbox 2209 4617 3808 4687; baseline -0.001 -14"><span class='ocrx_word' id='word_1_706' title='bbox 2209 4626 2264 4673; x_wconf 92' lang='lat' dir='ltr'><strong>et</strong></span> <span class='ocrx_word' id='word_1_707' title='bbox 2291 4618 2567 4673; x_wconf 88' lang='lat' dir='ltr'><strong>cambium</strong></span> <span class='ocrx_word' id='word_1_708' title='bbox 2591 4618 2756 4672; x_wconf 81' lang='lat' dir='ltr'><strong>etiam</strong></span> <span class='ocrx_word' id='word_1_709' title='bbox 2783 4633 2884 4673; x_wconf 88' lang='lat' dir='ltr'><strong>nos</strong></span> <span class='ocrx_word' id='word_1_710' title='bbox 2914 4625 3029 4673; x_wconf 83' lang='lat' dir='ltr'><strong>rata</strong></span> <span class='ocrx_word' id='word_1_711' title='bbox 3053 4629 3109 4672; x_wconf 89' lang='lat' dir='ltr'><strong>et</strong></span> <span class='ocrx_word' id='word_1_712' title='bbox 3134 4617 3309 4674; x_wconf 76' lang='lat' dir='ltr'><strong>ﬁrma</strong></span> <span class='ocrx_word' id='word_1_713' title='bbox 3348 4621 3663 4687; x_wconf 71' lang='lat' dir='ltr'><strong>habemus,</strong></span> <span class='ocrx_word' id='word_1_714' title='bbox 3687 4621 3769 4674; x_wconf 78' lang='lat' dir='ltr'><strong>iam</strong></span> <span class='ocrx_word' id='word_1_715' title='bbox 3784 4632 3808 4671; x_wconf 68' lang='grc' dir='ltr'><strong>ι</strong></span> 
     </span>
    </p>
   </div>
   <div class='ocr_carea' id='block_1_107' title="bbox 2209 4708 3809 4783">
    <p class='ocr_par' dir='ltr' id='par_1_107' title="bbox 2209 4708 3809 4783">
     <span class='ocr_line' id='line_1_107' title="bbox 2209 4708 3809 4783; baseline -0.001 -20"><span class='ocrx_word' id='word_1_716' title='bbox 2209 4715 2451 4779; x_wconf 88' lang='lat' dir='ltr'><strong>tempore</strong></span> <span class='ocrx_word' id='word_1_717' title='bbox 2478 4708 2854 4764; x_wconf 77' lang='lat' dir='ltr'><strong>istius-nostra</strong></span> <span class='ocrx_word' id='word_1_718' title='bbox 2873 4709 3259 4765; x_wconf 80' lang='lat' dir='ltr'><strong>conventionis</strong></span> <span class='ocrx_word' id='word_1_719' title='bbox 3294 4710 3473 4768; x_wconf 76' lang='lat' dir='ltr'><strong>facte</strong></span> <span class='ocrx_word' id='word_1_720' title='bbox 3503 4715 3809 4783; x_wconf 66' lang='lat' dir='ltr'><strong>reciperem</strong></span> 
     </span>
    </p>
   </div>
   <div class='ocr_carea' id='block_1_108' title="bbox 2207 4800 3808 4872">
    <p class='ocr_par' dir='ltr' id='par_1_108' title="bbox 2207 4800 3808 4872">
     <span class='ocr_line' id='line_1_108' title="bbox 2207 4800 3808 4872; baseline 0.001 -17"><span class='ocrx_word' id='word_1_721' title='bbox 2207 4800 2421 4872; x_wconf 79' lang='lat' dir='ltr'><strong>integro</strong></span> <span class='ocrx_word' id='word_1_722' title='bbox 2454 4800 2801 4855; x_wconf 84' lang='lat' dir='ltr'><strong>medietatem</strong></span> <span class='ocrx_word' id='word_1_723' title='bbox 2832 4801 3081 4855; x_wconf 82' lang='lat' dir='ltr'><strong>omnium</strong></span> <span class='ocrx_word' id='word_1_724' title='bbox 3122 4801 3615 4862; x_wconf 75' lang='lat' dir='ltr'><strong>decimatiooum</strong></span> <span class='ocrx_word' id='word_1_725' title='bbox 3657 4815 3748 4860; x_wconf 81' lang='lat' dir='ltr'><strong>tam</strong></span> <span class='ocrx_word' id='word_1_726' title='bbox 3770 4802 3808 4856; x_wconf 80' lang='lat' dir='ltr'><strong>is</strong></span> 
     </span>
    </p>
   </div>
   <div class='ocr_carea' id='block_1_109' title="bbox 2208 4886 3809 4966">
    <p class='ocr_par' dir='ltr' id='par_1_109' title="bbox 2208 4886 3809 4966">
     <span class='ocr_line' id='line_1_109' title="bbox 2208 4886 3809 4966; baseline 0.004 -16"><span class='ocrx_word' id='word_1_727' title='bbox 2208 4894 2506 4961; x_wconf 88' lang='lat' dir='ltr'><strong>messibus,</strong></span> <span class='ocrx_word' id='word_1_728' title='bbox 2539 4893 2690 4962; x_wconf 91' lang='lat' dir='ltr'><strong>vino,</strong></span> <span class='ocrx_word' id='word_1_729' title='bbox 2722 4894 2864 4961; x_wconf 80' lang='lat' dir='ltr'><strong>oleo,</strong></span> <span class='ocrx_word' id='word_1_730' title='bbox 2891 4886 3082 4951; x_wconf 69' lang='lat' dir='ltr'><strong>bestiis</strong></span> <span class='ocrx_word' id='word_1_731' title='bbox 3102 4902 3161 4949; x_wconf 85' lang='lat' dir='ltr'><strong>et</strong></span> <span class='ocrx_word' id='word_1_732' title='bbox 3192 4896 3588 4965; x_wconf 64' lang='lat' dir='ltr'><strong>volatilibus,</strong></span> <span class='ocrx_word' id='word_1_733' title='bbox 3616 4900 3809 4966; x_wconf 57' lang='lat' dir='ltr'><strong>excutis</strong></span> 
     </span>
    </p>
   </div>
   <div class='ocr_carea' id='block_1_110' title="bbox 2207 4986 3807 5058">
    <p class='ocr_par' dir='ltr' id='par_1_110' title="bbox 2207 4986 3807 5058">
     <span class='ocr_line' id='line_1_110' title="bbox 2207 4986 3807 5058; baseline 0.001 -15"><span class='ocrx_word' id='word_1_734' title='bbox 2207 4988 2491 5044; x_wconf 78' lang='lat' dir='ltr'><strong>dumtaxat</strong></span> <span class='ocrx_word' id='word_1_735' title='bbox 2509 4986 2901 5042; x_wconf 84' lang='lat' dir='ltr'><strong>cauonicorum</strong></span> <span class='ocrx_word' id='word_1_736' title='bbox 2919 4986 3160 5058; x_wconf 85' lang='lat' dir='ltr'><strong>propriis</strong></span> <span class='ocrx_word' id='word_1_737' title='bbox 3179 4992 3593 5050; x_wconf 67' lang='lat' dir='ltr'><strong>nutrimentis</strong></span> <span class='ocrx_word' id='word_1_738' title='bbox 3609 4990 3807 5049; x_wconf 68' lang='lat' dir='ltr'><strong>maius</strong></span> 
     </span>
    </p>
   </div>
   <div class='ocr_carea' id='block_1_111' title="bbox 2206 5078 3809 5157">
    <p class='ocr_par' dir='ltr' id='par_1_111' title="bbox 2206 5078 3809 5157">
     <span class='ocr_line' id='line_1_111' title="bbox 2206 5078 3809 5157; baseline 0.001 -21"><span class='ocrx_word' id='word_1_739' title='bbox 2206 5080 2506 5136; x_wconf 80' lang='lat' dir='ltr'><strong>bestiarum</strong></span> <span class='ocrx_word' id='word_1_740' title='bbox 2522 5087 2579 5136; x_wconf 88' lang='lat' dir='ltr'><strong>et</strong></span> <span class='ocrx_word' id='word_1_741' title='bbox 2599 5078 2903 5135; x_wconf 88' lang='lat' dir='ltr'><strong>volatilium</strong></span> <span class='ocrx_word' id='word_1_742' title='bbox 2925 5079 3225 5135; x_wconf 89' lang='lat' dir='ltr'><strong>cuiuslibet</strong></span> <span class='ocrx_word' id='word_1_743' title='bbox 3260 5087 3544 5154; x_wconf 77' lang='lat' dir='ltr'><strong>generis,</strong></span> <span class='ocrx_word' id='word_1_744' title='bbox 3558 5101 3667 5157; x_wconf 80' lang='lat' dir='ltr'><strong>que</strong></span> <span class='ocrx_word' id='word_1_745' title='bbox 3684 5082 3809 5138; x_wconf 64' lang='lat' dir='ltr'><strong>unus</strong></span> 
     </span>
    </p>
   </div>
   <div class='ocr_carea' id='block_1_112' title="bbox 2206 5172 3803 5251">
    <p class='ocr_par' dir='ltr' id='par_1_112' title="bbox 2206 5172 3803 5251">
     <span class='ocr_line' id='line_1_112' title="bbox 2206 5172 3803 5251; baseline 0.003 -22"><span class='ocrx_word' id='word_1_746' title='bbox 2206 5173 2410 5229; x_wconf 84' lang='lat' dir='ltr'><strong>habent</strong></span> <span class='ocrx_word' id='word_1_747' title='bbox 2439 5183 2493 5229; x_wconf 91' lang='lat' dir='ltr'><strong>et</strong></span> <span class='ocrx_word' id='word_1_748' title='bbox 2522 5173 2576 5227; x_wconf 91' lang='lat' dir='ltr'><strong>iu</strong></span> <span class='ocrx_word' id='word_1_749' title='bbox 2608 5181 2887 5243; x_wconf 86' lang='lat' dir='ltr'><strong>posterum</strong></span> <span class='ocrx_word' id='word_1_750' title='bbox 2932 5172 3172 5227; x_wconf 87' lang='lat' dir='ltr'><strong>habituri</strong></span> <span class='ocrx_word' id='word_1_751' title='bbox 3228 5178 3485 5235; x_wconf 86' lang='lat' dir='ltr'><strong>suntin</strong></span> <span class='ocrx_word' id='word_1_752' title='bbox 3525 5173 3803 5251; x_wconf 69' lang='lat' dir='ltr'><strong>supradicti‘i</strong></span> 
     </span>
    </p>
   </div>
   <div class='ocr_carea' id='block_1_113' title="bbox 2204 5262 3801 5341">
    <p class='ocr_par' dir='ltr' id='par_1_113' title="bbox 2204 5262 3801 5341">
     <span class='ocr_line' id='line_1_113' title="bbox 2204 5262 3801 5341; baseline 0.001 -21"><span class='ocrx_word' id='word_1_753' title='bbox 2204 5266 2450 5338; x_wconf 85' lang='lat' dir='ltr'><strong>quinque</strong></span> <span class='ocrx_word' id='word_1_754' title='bbox 2477 5265 2751 5322; x_wconf 85' lang='lat' dir='ltr'><strong>casalibus</strong></span> <span class='ocrx_word' id='word_1_755' title='bbox 2772 5262 3152 5335; x_wconf 80' lang='lat' dir='ltr'><strong>Bermcuaym,</strong></span> <span class='ocrx_word' id='word_1_756' title='bbox 3180 5264 3585 5341; x_wconf 71' lang='lat' dir='ltr'><strong>Capharuth,</strong></span> <span class='ocrx_word' id='word_1_757' title='bbox 3603 5272 3703 5333; x_wconf 78' lang='lat' dir='ltr'><strong>Cit,</strong></span> <span class='ocrx_word' id='word_1_758' title='bbox 3726 5268 3801 5322; x_wconf 72' lang='lat' dir='ltr'><strong>[e-</strong></span> 
     </span>
    </p>
   </div>
   <div class='ocr_carea' id='block_1_114' title="bbox 2128 5356 3800 5434">
    <p class='ocr_par' dir='ltr' id='par_1_114' title="bbox 2128 5356 3800 5434">
     <span class='ocr_line' id='line_1_114' title="bbox 2128 5356 3800 5434; baseline 0.007 -23"><span class='ocrx_word' id='word_1_759' title='bbox 2128 5380 2141 5392; x_wconf 93' lang='lat'><strong>-</strong></span> <span class='ocrx_word' id='word_1_760' title='bbox 2204 5358 2481 5430; x_wconf 77' lang='lat' dir='ltr'><strong>phrecylta</strong></span> <span class='ocrx_word' id='word_1_761' title='bbox 2504 5364 2559 5413; x_wconf 87' lang='lat' dir='ltr'><strong>et</strong></span> <span class='ocrx_word' id='word_1_762' title='bbox 2589 5356 2811 5413; x_wconf 75' lang='lat' dir='ltr'><strong>Porﬁlia</strong></span> <span class='ocrx_word' id='word_1_763' title='bbox 2836 5370 3139 5425; x_wconf 85' lang='lat' dir='ltr'><strong>eorumque</strong></span> <span class='ocrx_word' id='word_1_764' title='bbox 3163 5360 3601 5433; x_wconf 71' lang='lat' dir='ltr'><strong>pertinenﬁis;</strong></span> <span class='ocrx_word' id='word_1_765' title='bbox 3630 5362 3690 5421; x_wconf 73' lang='lat' dir='ltr'><strong>de</strong></span> <span class='ocrx_word' id='word_1_766' title='bbox 3714 5358 3800 5434; x_wconf 52' lang='lat' dir='ltr'><strong>alin</strong></span> 
     </span>
    </p>
   </div>
   <div class='ocr_carea' id='block_1_115' title="bbox 2202 5430 3797 5639">
    <p class='ocr_par' dir='ltr' id='par_1_115' title="bbox 2202 5430 3797 5639">
     <span class='ocr_line' id='line_1_115' title="bbox 2202 5430 3797 5639; baseline 0.003 -135"><span class='ocrx_word' id='word_1_767' title='bbox 2202 5449 2306 5504; x_wconf 91' lang='lat' dir='ltr'><strong>bus</strong></span> <span class='ocrx_word' id='word_1_768' title='bbox 2334 5448 2571 5521; x_wconf 77' lang='lat' dir='ltr'><strong>propriis</strong></span> <span class='ocrx_word' id='word_1_769' title='bbox 2597 5446 2944 5503; x_wconf 82' lang='lat' dir='ltr'><strong>nutrimentis</strong></span> <span class='ocrx_word' id='word_1_770' title='bbox 2976 5446 3239 5505; x_wconf 79' lang='lat' dir='ltr'><strong>decimas</strong></span> <span class='ocrx_word' id='word_1_771' title='bbox 3288 5453 3361 5509; x_wconf 84' lang='lat' dir='ltr'><strong>in</strong></span> <span class='ocrx_word' id='word_1_772' title='bbox 3416 5430 3797 5639; x_wconf 51' lang='lat' dir='ltr'><strong>perpetuum:</strong></span> 
     </span>
     <span class='ocr_line' id='line_1_116' title="bbox 2202 5539 3694 5617; baseline 0.007 -21"><span class='ocrx_word' id='word_1_773' title='bbox 2202 5541 2455 5611; x_wconf 85' lang='lat' dir='ltr'><strong>pactione</strong></span> <span class='ocrx_word' id='word_1_774' title='bbox 2492 5555 2610 5597; x_wconf 83' lang='lat' dir='ltr'><strong>non</strong></span> <span class='ocrx_word' id='word_1_775' title='bbox 2654 5539 2894 5605; x_wconf 84' lang='lat' dir='ltr'><strong>solvent;</strong></span> <span class='ocrx_word' id='word_1_776' title='bbox 2931 5539 3000 5596; x_wconf 90' lang='lat' dir='ltr'><strong>de</strong></span> <span class='ocrx_word' id='word_1_777' title='bbox 3045 5540 3175 5597; x_wconf 87' lang='lat' dir='ltr'><strong>aliis</strong></span> <span class='ocrx_word' id='word_1_778' title='bbox 3209 5559 3377 5605; x_wconf 77' lang='lat' dir='ltr'><strong>vero</strong></span> <span class='ocrx_word' id='word_1_779' title='bbox 3419 5550 3694 5617; x_wconf 80' lang='lat' dir='ltr'><strong>omnibus,</strong></span> 
     </span>
    </p>
   </div>
   <div class='ocr_carea' id='block_1_116' title="bbox 2182 5539 3694 5617">
    <p class='ocr_par' dir='ltr' id='par_1_116' title="bbox 2182 5539 3694 5617">
     <span class='ocr_line' id='line_1_117' title="bbox 2182 5539 3694 5617; baseline 0.007 -21"><span class='ocrx_word' id='word_1_780' title='bbox 2182 5541 2455 5616; x_wconf 41' lang='lat' dir='ltr'><strong>.pactioue</strong></span> <span class='ocrx_word' id='word_1_781' title='bbox 2492 5555 2610 5597; x_wconf 84' lang='lat' dir='ltr'><strong>non</strong></span> <span class='ocrx_word' id='word_1_782' title='bbox 2654 5539 2894 5605; x_wconf 85' lang='lat' dir='ltr'><strong>solvent;</strong></span> <span class='ocrx_word' id='word_1_783' title='bbox 2931 5539 3000 5596; x_wconf 89' lang='lat' dir='ltr'><strong>de</strong></span> <span class='ocrx_word' id='word_1_784' title='bbox 3045 5540 3175 5597; x_wconf 88' lang='lat' dir='ltr'><strong>aliis</strong></span> <span class='ocrx_word' id='word_1_785' title='bbox 3209 5559 3377 5605; x_wconf 77' lang='lat' dir='ltr'><strong>vero</strong></span> <span class='ocrx_word' id='word_1_786' title='bbox 3419 5550 3694 5617; x_wconf 80' lang='lat' dir='ltr'><strong>omnibus,</strong></span> 
     </span>
    </p>
   </div>
   <div class='ocr_carea' id='block_1_117' title="bbox 1720 5712 2735 5783">
    <p class='ocr_par' dir='ltr' id='par_1_117' title="bbox 1720 5712 2735 5783">
     <span class='ocr_line' id='line_1_118' title="bbox 1720 5712 2735 5783; baseline -0.002 -13"><span class='ocrx_word' id='word_1_787' title='bbox 1720 5715 1811 5751; x_wconf 68' lang='grc' dir='ltr'><strong>ιη’</strong></span> <span class='ocrx_word' id='word_1_788' title='bbox 1837 5714 1899 5783; x_wconf 87' lang='grc' dir='ltr'><strong>Β,</strong></span> <span class='ocrx_word' id='word_1_789' title='bbox 1925 5714 1965 5769; x_wconf 79' lang='lat' dir='ltr'><strong>f°</strong></span> <span class='ocrx_word' id='word_1_790' title='bbox 1997 5712 2211 5781; x_wconf 74' lang='lat' dir='ltr'><strong>l02,v°;</strong></span> <span class='ocrx_word' id='word_1_791' title='bbox 2241 5728 2479 5783; x_wconf 84' lang='lat' dir='ltr'><strong>manque</strong></span> <span class='ocrx_word' id='word_1_792' title='bbox 2498 5712 2637 5771; x_wconf 77' lang='lat' dir='ltr'><strong>dans</strong></span> <span class='ocrx_word' id='word_1_793' title='bbox 2672 5714 2735 5768; x_wconf 79' lang='grc' dir='ltr'><strong>Α.</strong></span> 
     </span>
    </p>
   </div>
  </div>
