3824 6308
117 323 275 382 125⁸1

1132 325 1578 383 CARTULAlRE
1615 325 1704 382 DU
1750 325 1950 382 SAl-NT
1991 327 2378 384 SEPULCRE.

3275 339 3412 396 £258

115 440 200 494 de
227 438 510 494 laboribus
530 437 924 494 canonicorum
957 453 1122 508 quam
1153 439 1386 494 aliorum
1410 439 1723 510 supradicta
1753 444 1799 500 Α
1826 439 1987 497 rioris
2001 441 2205 512 pariter
2225 453 2280 498 et
2299 441 2588 498 exterioris
2612 443 2852 502 hominis
2865 447 3154 510 inChristo
3178 455 3411 514 salutem

111 532 374 602 quinque
402 531 721 598 colentium,
750 531 1098 588 medietatem
1141 531 1433 590 Liddensis
1484 533 1717 590 ecclesia

111 625 342 695 integre
364 623 642 694 percipiet.
675 622 910 678 Donavit
949 623 1115 679 etiam
1139 623 1560 694 prenominatus
1603 624 1718 694 epi-

109 729 332 784 scopus
354 713 662 770 Bernardus
681 729 748 770 ex
765 714 1046 770 communi
1062 714 1285 784 capituli
1305 715 1392 770 sui
1419 729 1715 782 consensu,

109 807 331 863 intuitu
353 806 570 877 pictatis
600 815 656 862 et
684 807 1044 880 helymosine,
1070 806 1332 864 ecclesias
1361 806 1642 863 adiﬁcatas
1662 814 1718 862 et

109 896 498 952 hedilicandas
528 897 714 954 in'illis
741 898 986 970 quinque
1010 898 1288 956 casalibus
1320 897 1565 969 plenarie
1589 913 1716 954 cum

105 987 277 1042 omni
309 986 426 1042 iure
472 988 802 1058 parrochiali
844 989 1074 1046 ecclesie
1123 987 1396 1044 Dominici
1445 986 1714 1059 Sepuleri,

106 1085 338 1132 retenta
369 1079 472 1134 sibi
497 1080 723 1151 suisque
747 1082 1161 1138 successoribus
1185 1081 1497 1137 obedientia
1523 1096 1716 1152 parro-

102 1170 390 1226 chialium
436 1174 806 1242 sacerdotum,
862 1175 958 1245 qui
1011 1174 1144 1230 inibi
1187 1189 1287 1245 pro
1332 1175 1472 1230 bene
1515 1173 1716 1245 placito

101 1263 328 1332 prioris
371 1281 436 1320 ac
478 1267 870 1322 canonicorum
921 1265 1194 1322 Dominici
1229 1265 1477 1338 Sepulcri
1507 1267 1714 1322 substi-

99 1365 370 1423 tuentur,
387 1366 594 1414 retenta
609 1359 774 1413 etiam
793 1358 1077 1414 vocatione
1094 1359 1454 1430 adsynodum
1472 1377 1487 1426 ;
1511 1359 1715 1416 crisma

97 1456 164 1501 ct
197 1449 388 1503 oleum
421 1451 492 1504 ab
513 1450 770 1520 episcopo
805 1449 1061 1506 Liddeusi
1099 1451 1398 1520 accipient;
1427 1465 1711 1506 consecra-

101 1538 310 1593 tiones
339 1539 594 1594 altarium
618 1554 716 1594 seu
747 1539 1122 1605 basilicarum,
1145 1539 1524 1595 ordinationes
1552 1539 1714 1595 cleri-

97 1645 339 1697 corum,
384 1631 480 1700 qui
515 1632 586 1686 ad
615 1631 1053 1687 sacrosordines
1102 1630 1304 1687 fuerint
1331 1632 1710 1703 promovendi,

95 1721 181 1776 ab
210 1721 412 1778 eodem
449 1722 708 1794 episcOpo
736 1731 792 1778 et
819 1723 1232 1780 successoribus
1261 1725 1380 1780 suis
1410 1725 1709 1795 requirent,

96 1820 162 1866 et
202 1812 486 1882 inpetrare
521 1793 826 1880 debebunt;
861 1813 1180 1870 interdictos
1211 1825 1276 1870 .et
1331 1793 1711 1872 excommuni-
1741 1793 1786 1856 Β

96 1915 276 1959 catos
320 1919 354 1958 a
395 1902 615 1960 Lidensi
639 1905 733 1936 ¹¹²⁶
755 1905 1012 1976 episcopo
1055 1920 1156 1973 pro
1189 1906 1494 1963 interdictis
1535 1917 1589 1962 ct
1615 1923 1712 1962 ex-

97 1999 542 2056 communicatir
576 2001 890 2057 sacerdotes
927 2001 1248 2056 earumdem
1284 2002 1529 2072 quinque
1558 2019 1716 2058 casa-

96 2091 254 2147 lium
287 2092 594 2162 habebunt;
628 2103 809 2149 cetera
833 2107 966 2150 vero
992 2093 1100 2149 alia
1123 2093 1365 2164 quelibet
1392 2095 1514 2149 iura
1541 2095 1622 2150 eis
1647 2111 1714 2149 ex

97 2180 268 2237 dono
298 2183 538 2253 reliquit.
769 2221 772 2226 -
975 2183 978 2185 ⁴

178 2270 308 2343 Ego
359 2269 694 2340 Bemardus,
746 2271 1038 2329 Liddensis
1083 2273 1398 2345 episcopus,
1434 2275 1715 2330 communi

99 2379 356 2419 assensu
387 2365 608 2435 capituli
638 2365 772 2433 mei,
799 2374 856 2420 et
882 2381 984 2437 ego
1023 2364 1245 2434 Petrus,
1270 2367 1422 2437 prior
1444 2366 1716 2423 Dominici

101 2454 395 2526 Sepulcri,
434 2470 664 2512 assensu
704 2456 931 2526 capituli
980 2457 1226 2513 eiusdem
1276 2458 1530 2524 ecclesie,
1574 2458 1718 2513 hanc

99 2546 544 2602 conventionem
573 2544 806 2602 fecimus
833 2561 978 2603 anno
1005 2547 1280 2603 dominice
1321 2547 1716 2604 incarnationis

101 2653 351 2704 ιειιιι,
392 2638 692 2694 indictione
719 2655 794 2708 ιν,
831 2640 1143 2710 presidente
1187 2641 1394 2696 domno
1437 2640 1716 2697 Amalrico

97 2726 422 2782 venerabili
472 2727 813 2798 patriarcha,
857 2737 1122 2800 regnante
1163 2729 1368 2786 illustri
1415 2731 1713 2800 Amalrico,

97 2819 559 2878 lerosolimitano
575 2837 702 2894 rege
722 2822 944 2894 quinto-
957 2821 1134 2879 Huius
1152 2823 1534 2882 conventionis
1551 2833 1717 2882 testes

99 2922 254 2968 sunt
276 2931 292 2968 ε

183 3005 274 3062 De
308 3007 550 3078 capitulo
574 3008 792 3065 Domini
827 3007 1116 3080 Sepulcri:

265 3097 387 3170 Ugo
423 3101 496 3156 de.
529 3097 759 3172 Nigella.
801 3101 1096 3160 Reinaldus
1139 3103 1210 3161 de
1251 3103 1472 3160 Lochis.
1519 3102 1714 3158 Petrus

338 3191 560 3248 Calvus.
591 3191 808 3261 Petrus,
853 3204 1065 3251 cantor.
1099 3195 1386 3263 Arnulfus,
1435 3198 1710 3270 subprior.

341 3281 664 3351 Balduinus,
697 3285 1094 3344 thesaurarius.
1121 3319 1194 3329 —
1212 3287 1532 3347 Presbiteri.

182 3377 272 3434 De
313 3377 637 3436 diaconibus
662 3399 678 3438 :

268 3468 592 3527 Dalmatius.
621 3471 880 3530 Savinus.
903 3473 1195 3547 Rogerius.

183 3561 271 3620 De
293 3563 755 3622 subdiaconibus:

263 3653 404 3710 0J0.
439 3654 762 3728 lngerradus
790 3669 846 3716 et
866 3659 1080 3716 Petrus.

185 3745 272 3801 De
299 3749 540 3818 capitulo
572 3753 748 3806 sancti
784 3749 1034 3822 Georgii:

263 3837 626 3909 Gislebertus,
656 3850 866 3898 cantor.
896 3842 1127 3900 France.
1152 3844 1367 3912 Petrus,
1401 3855 1701 3916 preceptor.

341 3964 410 3976 —
437 3933 778 3994 Sacerdotes.

185 4024 272 4081 De
301 4026 624 4084 diaconibus
648 4045 664 4084 :
833 4066 836 4070 -

271 4118 598 4176 Willelmus.
622 4119 815 4178 Petrus
845 4121 1027 4178 Testa.

190 4209 274 4266 De
307 4210 734 4268 subdiaconibus
760 4231 773 4267 :

265 4301 555 4359 Gerurfus.
584 4303 858 4361 Iohannes
877 4317 933 4362 et
961 4305 1184 4378 Papion.

183 4395 448 4452 Interfuit
471 4398 636 4452 etiam
665 4398 798 4454 huic
823 4399 1171 4455 conventioui
1195 4409 1212 4454 ἐ

1819 543 1875 588 et
1905 549 2005 603 pro
2050 534 2264 591 diurnis
2296 535 2579 592 laboribus
2605 539 2956 608 postodum
2997 552 3184 602 etcrne
3215 549 3410 610 salutis

1819 623 2153 682 felicitatem.
2175 623 2365 682 Divine
2385 627 2522 699 legis
2542 629 2869 699 eruditione,
2894 631 3091 691 fratres
3114 636 3411 697 dilectissi-

1821 717 1940 784 mi,‘
1953 717 2250 774 salubriter
2285 718 2673 788 iuformamur,
2711 731 3146 798 sanctorumque
3177 731 3411 790 nichilo—

1820 808 2006 864 minus
2034 817 2251 880 patrum
2287 811 2655 870 sanctissimis
2693 814 3040 875 documentis
3074 821 3211 876 satis
3233 824 3412 880 racio-

1819 900 2077 956 nabiliter
2117 901 2449 958 irradiamur
2493 912 2574 970 ut,
2621 905 2768 975 quod
2815 908 2886 964 ab
2930 909 3053 968 aliis
3089 912 3250 970 nobis
3291 915 3408 972 fieri

1809 990 2099 1059 nolumus,
2142 990 2247 1047 hoc
2271 1001 2326 1047 et
2348 1008 2450 1050 nos
2476 995 2683 1064 pariter
2709 997 2834 1054 aliis
2871 997 3049 1056 facere
3075 1005 3412 1064 omnimodis

1817 1102 2133 1143 caveamus.
2162 1085 2276 1143 Nos
2316 1089 2518 1145 etenim
2556 1089 2778 1164 fratres,
2805 1095 2901 1165 qui
2931 1095 2986 1150 in
3016 1096 3180 1152 domo
3199 1115 3412 1172 paupe-

1817 1193 1963 1244 rum,
1997 1177 2052 1231 in
2079 1192 2190 1248 qua
2223 1193 2432 1250 pauper
2456 1187 2513 1235 et
2540 1179 2702 1237 inobs
2731 1197 2932 1238 nomen
2962 1185 3182 1242 Domini
3212 1189 3407 1246 lauda-

1815 1271 1974 1338 bunt,
2009 1271 2350 1342 paupertatis
2396 1288 2592 1329 sumus
2637 1274 2998 1346 professores,
3026 1288 3080 1334 et
3106 1296 3409 1352 pauperum

1817 1363 2051 1421 fratrum
2095 1379 2207 1420 non
2244 1366 2359 1420 vite
2385 1367 2582 1422 merito
2624 1368 2719 1422 sed
2759 1369 2944 1426 divine
2979 1371 3407 1444 dispensationis

1815 1456 1963 1512 dono
1981 1457 2272 1512 existimus
2297 1458 2634 1526 provisuros,
2683 1461 2859 1516 aliena
2889 1463 3040 1519 nulla
3076 1464 3280 1528 iniuste
3299 1481 3403 1537 ap-

1815 1558 2019 1619 petere,
2043 1548 2138 1604 sed
2161 1548 2380 1619 propria
2404 1558 2612 1618 nostra,
2638 1551 2687 1606 si
2709 1567 2817 1622 qua
2839 1553 3064 1621 fuerint,
3087 1557 3301 1612 cunctis
3324 1558 3410 1612 in-

1803 1641 2126 1712 digentibus
2183 1641 2448 1698 debemus
2501 1642 2732 1700 fideliter
2780 1661 3028 1717 erogare.
3076 1647 3213 1703 Nam
3259 1649 3411 1704 iuxta

1818 1732 2130 1790 Salomonis
2146 1749 2356 1800 vocem,
2369 1735 2463 1805 qui
2493 1738 2796 1794 secundum
2815 1737 2999 1796 datam
3025 1755 3056 1794 a
3070 1739 3181 1796 Deo
3191 1741 3301 1796 sibi
3323 1756 3387 1798 sa
3409 1776 3416 1783 -

1815 1825 2076 1896 pientiam
2099 1826 2241 1882 inter
2261 1835 2442 1884 cetera
2472 1833 2701 1886 suorum
2723 1831 3144 1902 proverbiorum
3167 1832 3408 1888 archana

1813 1917 1922 1973 hoc
1966 1919 2146 1990 ipsum
2193 1929 2625 1976 commemorat:
2652 1919 2730 1975 De
2761 1923 2964 1992 rapinis
2996 1923 3186 1978 alienis
3215 1923 3415 1978 elemo-

1813 2013 1990 2066 sinam
2020 2003 2334 2083 {acere-"non
2361 2023 2438 2068 est
2467 2014 2693 2084 oﬁicium
2725 2015 3106 2084 miserationis,
3140 2016 3232 2070 sed
3259 2031 3411 2072 emo-

1813 2106 2110 2160 lumentum
2149 2105 2400 2170 sceleris;
2439 2106 2590 2186 quod
2627 2105 2778 2162 enim
2822 2107 3062 2163 maleab
3090 2107 3278 2178 aliquo
3309 2105 3407 2161 ad-

1813 2199 2075 2270 quiritur,
2115 2201 2252 2256 nulli
2305 2211 2571 2272 umquam
2615 2201 2760 2257 bene
2793 2202 3074 2258 tribuitur.
3115 2200 3408 2269 Quocirca,

1813 2288 2014 2346 fratres
2034 2291 2334 2359 karissimi,
2351 2291 2697 2348 universitati
2718 2294 2966 2348 omnium
2986 2301 3229 2348 vestrum
3255 2306 3412 2348 man-

1815 2382 2034 2449 damus,
2063 2393 2117 2440 et
2154 2385 2471 2440 mandando
2515 2384 2573 2438 in
2615 2382 2851 2439 Domino
2885 2397 3321 2446 commonemus,
3350 2391 3408 2438 et

1817 2474 2042 2544 insuper
2092 2491 2191 2546 per
2227 2491 2502 2532 summam
2531 2484 2890 2546 sanctamque
2917 2474 3282 2532 obedientiam
3305 2488 3412 2528 au-

1815 2563 2069 2622 ctoritate
2112 2564 2170 2619 in
2216 2565 2323 2622 hoc
2351 2565 2474 2636 ipso
2500 2565 2661 2622 nobis
2689 2582 2722 2621 a
2752 2564 2872 2621 Deo:
2889 2565 3016 2620 data
3039 2564 3200 2620 vobis
3227 2562 3415 2618 iniun-

1817 2653 1999 2724 gimus
2045 2663 2133 2721 ut,
2187 2670 2570 2726 quascumque
2620 2656 2984 2723 elemosinas,
3033 2669 3415 2726 quascumque

1816 2744 2198 2815 possessiones
2239 2756 2295 2804 et
2329 2749 2616 2818 ecclesias,
2647 2749 2946 2822 hospitalia
2979 2756 3146 2822 atque
3173 2747 3413 2804 munici-

1815 2835 1928 2907 pia,
1953 2839 2040 2894 vel
2057 2839 2322 2910 quicquid
2347 2840 2495 2898 aliud
2521 2843 2808 2898 numerari.
2824 2843 3042 2914 poterit,
3063 2839 3235 2912 quod,
3260 2848 3416 2896 aute—

1815 2944 1984 2999 quam
2015 2930 2084 2986 ad
2119 2948 2319 2989 manus
2347 2942 2569 2990 nostras
2603 2935 2934 3002 devenisset,
2970 2934 3038 2990 de
3075 2934 3196 2989 iure
3227 2931 3416 2987 Domi-

1817 3023 1929 3077 nici
1978 3021 2224 3094 Sepulcri
2277 3025 2462 3082 fuerat
2507 3027 2594 3082 vel
2617 3042 2741 3083 esse
2767 3026 3051 3095 debuerat,
3101 3025 3212 3080 huc
3237 3038 3416 3096 usque

1743 3152 1784 3210 ϐ
1819 3115 2152 3187 negligenter
2194 3115 2337 3173 forte
2365 3127 2421 3174 et
2449 3119 2748 3174 inscienter
2774 3115 3050 3186 tenuistis,
3075 3117 3181 3174 isto
3221 3123 3412 3172 nostro

1818 3216 2042 3278 accepto
2081 3209 2171 3264 vel
2212 3210 2400 3266 audito
2449 3210 2738 3279 mandato,
2763 3210 3101 3281 prescntium
3145 3209 3416 3266 latoribus

1815 3297 1987 3354 libere
2009 3308 2065 3355 et
2083 3301 2267 3370 quiete
2289 3301 2636 3373 relinquatis,
2654 3311 2710 3358 et
2731 3302 2940 3372 absque
2961 3300 3113 3358 omni
3137 3297 3415 3356 calumnia

1816 3391 1998 3446 soluta
2039 3392 2356 3462 dimittatis;
2399 3395 2493 3450 sed
2524 3411 2704 3466 neque
2731 3396 2963 3452 ulterius
3004 3395 3073 3450 de
3101 3392 3416 3450 elemosinis

1817 3482 2012 3551 prefati
2053 3483 2399 3541 Sanctissimi
2443 3484 2692 3557 Sepulcri
2722 3488 2808 3541 vel
2839 3483 3284 3557 possessionibus
3307 3483 3414 3540 sibi

1817 3573 2107 3644 adscriptis
2139 3575 2438 3646 quicquam
2459 3576 2699 3643 auferre,
2725 3577 2974 3630 minuere
2999 3575 3086 3634 Vel
3110 3574 3302 3637 habita
3325 3586 3416 3636 re-

1817 3665 1992 3720 tinere
2034 3669 2388 3736 presumatis.
2440 3666 2554 3722 llec
2599 3668 2786 3738 itaque
2826 3683 2894 3722 ex
2931 3666 3210 3723 communi
3243 3664 3413 3720 totius

1815 3754 2042 3824 capituli
2069 3756 2247 3811 nostri
2295 3757 2516 3813 decreto
2561 3757 2633 3813 ab
2661 3756 2923 3813 omnibus
2969 3756 3126 3812 vobis
3167 3769 3413 3810 summo-

1815 3859 1945 3914 pere
1971 3845 2254 3902 observari
2283 3847 2561 3914 volumus,
2585 3854 2642 3902 et
2663 3846 3070 3904 observandum
3101 3846 3158 3900 in
3187 3845 3413 3901 veritate

1815 3933 2006 3994 Sancti
2057 3937 2295 4009 Spiritus
2341 3940 2510 3996 vobis
2534 3939 2795 4000 omnibus
2823 3939 3174 4006 mandamus,
3218 3951 3309 4002 ne,
3359 3935 3410 3993 si

1815 4027 1974 4085 aliter
1995 4026 2256 4098 feceritis,
2280 4029 2393 4086 Deo
2415 4038 2470 4085 et
2494 4031 2656 4085 nobis
2681 4045 2992 4101 repugnare
3025 4026 3402 4088 inveniamini.

2387 4106 2697 4188 CLxxx‘m
2725 4121 2840 4175 ωε.

2387 4213 2538 4287 [Siue
2569 4213 2830 4287 rubrica.]

1889 4304 1927 4358 F
1975 4304 2332 4377 [ulcherius],
2381 4305 2564 4365 divine
2605 4313 2743 4362 nutu
2791 4305 3014 4376 pietatis
3061 4312 3411 4360 sacrosancte

1813 4397 2020 4454 Christi
2067 4395 2164 4453 Dei
2193 4399 2370 4454 nostri
2417 4397 2864 4454 Resurrectionis
2900 4396 3134 4453 ecclesie
3175 4395 3414 4466 patriar-

260 4487 512 4544 Domnus
555 4487 876 4556 Rainaldus,
913 4489 1092 4546 Ebron
1119 4490 1430 4562 episcopus.
1461 4492 1710 4550 Domnus
1739 4497 1790 4557 D
1813 4489 1941 4557 cha,
2012 4497 2068 4544 et
2109 4488 2490 4562 A[malricus],
2520 4489 2770 4546 eiusdem
2795 4489 3026 4544 ecclesie
3065 4487 3246 4558 prior,
3277 4500 3406 4542 cum

337 4580 603 4650 Eraclius,
655 4581 1123 4640 lcros‘olimitanus
1171 4585 1610 4642 archidiaconus.
1643 4587 1710 4642 Et

330 4674 593 4744 magister
629 4673 953 4743 Monachus,
977 4676 1340 4733 cancellarius
1372 4677 1580 4733 domini
1608 4693 1708 4748 pa-

337 4764 597 4822 triarche.

690 4857 978 4914 CLXXXII
1023 4861 1136 4914 ¹¹”.

687 4949 840 5026 [Sine
865 4951 1128 5025 rubrica.]

182 5040 236 5094 ιι
263 5037 626 5114 [aimundus],
646 5041 740 5097 Dei
764 5043 938 5114 gratia
961 5040 1166 5097 Christi
1191 5056 1492 5112 pauperum
1517 5057 1711 5099 servus

103 5132 349 5190 humilis
369 5116 426 5189 et
451 5131 636 5190 Sancti
679 5133 974 5205 Hospitalis
1003 5133 1335 5190 lhcrusaiem
1365 5143 1555 5192 custos
1587 5136 1712 5193 fide—

105 5228 202 5294 lis,
241 5239 372 5280 cum
402 5226 552 5280 omni
579 5225 810 5283 fratrum
839 5236 1111 5284 conventu
1143 5228 1418 5284 universis
1443 5227 1708 5285 fratribus

104 5317 256 5384 suis,
282 5317 614 5388 quicumque
649 5319 748 5374 has
775 5318 985 5376 litteras
1017 5319 1264 5391 legerint,
1283 5319 1492 5375 vei-eas
1516 5316 1708 5376 audie-

103 5413 250 5478 rint,
297 5411 512 5467 clericis
553 5411 801 5467 videlicet
835 5427 900 5467 ac
947 5412 1124 5478 laicis,
1165 5422 1275 5467 tam
1311 5412 1505 5468 vicinis
1539 5429 1706 5484 quam

104 5504 282 5573 longe
311 5504 523 5573 positis,
549 5505 654 5560 sub
679 5505 836 5559 titulo
855 5503 1057 5559 Sancti
1091 5501 1384 5576 Hospitalis
1417 5503 1713 5562 Ierusalem

107 5594 326 5663 ubique
355 5603 628 5650 terrarum
659 5596 1008 5651 manentibus
1052 5595 1110 5651 in
1141 5596 1248 5651 hoc
1288 5590 1534 5664 in'stanti,
1573 5597 1714 5654 inte-

188 5711 287 5743 ’⁸η
309 5709 383 5766 Le
405 5711 707 5766 manuser-it
734 5722 888 5782 porte
903 5729 974 5769 en
999 5731 1072 5770 un
1102 5715 1220 5771 scul
1247 5722 1362 5770 mot
1388 5755 1400 5769 .
1451 5715 1735 5770 Allidensi.

110 5792 191 5848 r”;
224 5797 465 5852 manquc
487 5783 624 5836 (la-ns
658 5789 720 5834 Α.

533 5873 802 5933 Parnm.
845 5875 1018 5935 CLV.

1815 4580 1965 4635 omni
2011 4579 2246 4636 fratrum
2281 4589 2555 4638 conventu
2605 4580 2880 4636 universis
2929 4578 3194 4634 fratribus
3249 4577 3408 4644 suis,

1817 4673 2152 4744 quicumque
2201 4675 2304 4730 has
2329 4674 2541 4731 litteras
2565 4674 2818 4746 legerint,
2849 4673 2934 4728 vel
2979 4687 3076 4728 eas
3106 4669 3402 4738 audierint,

1816 4765 2032 4822 clericis
2061 4765 2313 4822 videlicet
2350 4781 2416 4822 ac
2456 4767 2632 4833 laieis,
2671 4775 2783 4821 tam
2817 4764 3012 4822 vicinis
3037 4779 3206 4834 quam
3244 4763 3406 4834 longe

1816 4859 2034 4928 positis,
2065 4859 2172 4914 sub
2199 4859 2360 4915 titulo
2379 4875 2447 4914 ac
2473 4873 2575 4931 pro
2605 4859 2814 4914 honore
2853 4857 3123 4914 Dominici
3157 4855 3406 4928 Sepulcri

1815 4951 2018 5022 ubique
2051 4961 2322 5007 terrarum
2359 4951 2725 5008 militantibus
2753 4951 2808 5004 in
2839 4951 2944 5006 hoc
2974 4950 3222 5017 instanti,
3257 4949 3403 5005 inte-

1815 5044 1980 5100 rioris
2006 5044 2213 5114 pariter
2245 5052 2302 5108 et
2328 5043 2621 5108 exterioris
2650 5041 2891 5097 hominis
2921 5041 2978 5096 in
3001 5039 3229 5098 Christo
3261 5041 3414 5097 salu-

1815 5146 1926 5191 tem
1969 5143 2024 5190 ct
2048 5151 2150 5210 pro
2193 5135 2484 5192 cotidianis
2513 5133 2795 5190 laboribus
2821 5142 2946 5204 post
2985 5132 3152 5188 huius
3183 5132 3297 5192 vite
3320 5133 3412 5214 dc-

1815 5243 2040 5284 cursum
2065 5238 2311 5284 eternam
2341 5233 2602 5298 perpetua
2621 5225 2819 5283 salutis
2841 5225 3179 5282 felicitatem.
3212 5224 3410 5282 Divine

1814 5319 1950 5389 legis
1983 5318 2315 5387 eruditione,
2355 5317 2555 5374 fratres
2590 5317 2956 5387 dilectissimi,
2991 5316 3288 5374 salubriter
3315 5315 3404 5372 in-

1813 5407 2140 5479 formantur,
2171 5420 2227 5467 et
2255 5406 2574 5467 sanctorum
2602 5409 2998 5468 nichilominus
3026 5419 3244 5481 patrum
3272 5424 3404 5465 san-

1815 5503 2082 5560 ctissimis
2106 5501 2452 5560 documentis
2488 5503 2626 5559 satis
2649 5501 3051 5576 rationabiliter
3079 5501 3410 5557 irradiamur

1815 5605 1897 5666 ut,
1925 5596 2075 5668 quod
2115 5597 2186 5652 ab
2223 5595 2347 5651 aliis
2386 5594 2550 5651 nobis
2587 5595 2708 5650 fieri
2745 5596 3022 5661 nolumus,
3065 5595 3172 5650 hoc
3209 5601 3264 5646 et
3303 5606 3410 5653 nos

1846 5715 1937 5748 1""
1971 5715 2032 5784 Β,
2068 5714 2108 5770 f“
2144 5714 2262 5781 127,
2291 5725 2360 5784 r°;
2390 5731 2626 5786 manquc
2660 5717 2797 5772 dans
2821 5716 2886 5771 Α.
2987 5713 3081 5746 ¹’²⁸
3119 5713 3181 5779 Β.
3205 5712 3246 5766 θ’
3279 5711 3405 5780 123,

3013 5876 3091 5938 1·νο
