3832 6314
462 489 466 491 ἓ
535 422 740 494 pariter
768 421 890 478 aliis
937 418 1114 476 facere
1151 417 1483 474 omnimodis
1524 431 1837 472 caveamus.
1865 413 1976 471 Nos
2005 425 2197 480 ete-A

434 5819 472 5844 ιν

489 2804 496 2809 ’
524 2790 616 2845 nia
639 2790 817 2846 soluta
846 2790 1164 2857 dimittatis;
1205 2791 1299 2846 sed
1334 2805 1510 2860 neque
1539 2790 1773 2844 ulterius
1802 2789 1869 2845 de
1898 2790 2106 2845 elemo-

489 2897 494 2900 ·
521 2879 662 2936 sinis
689 2880 937 2950 prephati
971 2879 1154 2936 Sancti
1191 2878 1450 2935 Iohannis
1483 2877 1779 2950 Hospitalis
1809 2879 2107 2938 Ierusalem

488 2983 492 2988 ‘
520 2970 608 3024 vel
642 2969 1085 3040 possessionibus
1123 2970 1229 3026 sibi
1259 2970 1513 3040 ascriptis
1541 2970 1837 3040 quicquam
1867 2971 2104 3039 auferre,

1109 306 1202 361 AD
1240 300 1685 363 GODEFRIDUM
1723 296 2012 359 APPEND.
2051 301 2109 359 II.

2265 296 2528 361 NONUM.
2571 303 2659 360 DE
2693 299 2916 362 BELLO
2957 296 3202 363 δΑειισ.
3603 311 3686 380 ita

2440 416 2612 470 Adam
2633 414 2815 488 Niger.
2835 417 3004 473 Fulco
3026 416 3208 488 Niger.
3228 415 3517 474 Amalrlcus
3530 420 3689 484 defrau-

2432 508 2528 562 liu.
2591 507 2831 565 Thomas
2877 509 3172 566 Patricius.
3225 507 3481 564 Girardus
3515 509 3683 575 Panem],

2430 599 2715 668 Arnulfus,
2747 602 3074 657 vicecomes.
3122 600 3448 669 Amalricus,
3481 603 3588 661 ﬁlius
3601 610 3689 669 eius.

2434 691 2702 749 Robcrtus
2733 694 2802 749 de
2840 693 3088 749 Pinkeni.
3131 693 3406 749 Gilbertus
3442 694 3501 750 de
3527 695 3685 759 Pinkeni.

2434 785 2744 844 Willelmus
2792 787 3166 845 Normannus.
3224 787 3507 845 IIerbertus
3546 790 3689 850 Tomis.

2429 880 2739 938 Willelmus
2767 881 3061 939 Patronus.

2289 973 2423 1030 Data
2434 973 2661 1046 Tripoli,
2678 991 2775 1046 per
2787 991 3011 1032 manum
3030 975 3265 1042 Radulﬁ,
3278 974 3692 1047 episcopium

2220 1067 2470 1140 regisque
2494 1069 2829 1136 cancellarii,
2863 1083 2902 1123 ιι
2929 1068 3055 1124 idus
3085 1067 3300 1124 marcii.

2795 1178 3084 1236 CLXXXV
3111 1179 3227 1235 "3°.

2787 1287 2938 1363 [Sine
2976 1287 3237 1364 rubrica.]

541 304 682 366 1259

534 517 649 571 nim
679 513 898 582 fratres,
931 514 1026 586 qui
1068 512 1125 568 in
1156 512 1280 567 loco
1309 508 1699 571 misericordie,
1743 508 1796 562 in
1825 523 1936 579 quo
1969 509 2118 564 iuxta

520 595 942 677 ‘psalmographi
993 601 1366 659 testimonium
1416 597 1780 652 misericordia
1825 607 1875 651 et
1927 599 2119 652 veritas

529 695 639 751 sibi
682 695 1038 760 obviaverunt,
1065 702 1115 747 et
1139 690 1355 745 iusticia
1385 699 1436 744 et
1475 687 1587 758 pars
1635 687 1882 742 karitatis
1907 697 1958 742 et
1986 688 2121 742 dile-

535 789 724 842 ctionis
749 788 853 842 sibi
873 787 1089 840 invicem
1111 781 1347 859 osculum
1369 780 1646 846 dederunt,
1667 779 1775 834 Deo
1797 774 2117 846 militamus,

535 894 747 949 pacem,
773 879 889 932 sine
919 890 1026 947 qua
1055 887 1217 928 nemo
1245 871 1450 927 videbit
1485 870 1681 937 Deum,
1714 887 1838 925 cum
1864 872 2119 926 omnibus

533 967 852 1022 hominibus
900 972 954 1020 et
1007 962 1244 1018 maxime
1290 976 1418 1016 cum
1461 961 1778 1017 domesticis
1808 962 2120 1031 nostrisque

532 1057 728 1114 vicinis
754 1057 973 1123 habere,
993 1052 1090 1127 [et]
1109 1053 1407 1118 iusticiam,
1429 1068 1536 1123 que
1564 1053 1765 1124 cuique
1786 1054 1932 1124 quod
1955 1068 2118 1109 suum

532 1156 617 1203 est
642 1147 835 1214 reddit,
866 1162 963 1218 pre
1003 1144 1219 1202 cunctis
1261 1144 1588 1200 mortalibus
1617 1145 1882 1200 debemus
1911 1153 2114 1200 tenere.

527 1239 748 1296 Iusticie
780 1255 1017 1311 namque
1038 1248 1338 1295 sectatores
1369 1238 1546 1293 aliena
1589 1235 1736 1291 nulla
1784 1236 1986 1291 iniuste
2017 1252 2116 1307 ap-

525 1338 733 1401 petere,
763 1329 858 1386 sed
886 1329 1130 1400 propria,
1163 1329 1210 1385 si
1236 1343 1344 1400 qua
1367 1326 1594 1394 fuerint,
1623 1327 1837 1382 cunctis
1866 1326 2116 1396 indigen-

524 1422 676 1479 tibus
715 1421 915 1477 debeut
969 1421 1200 1477 ﬁdeliter
1241 1435 1488 1491 erogare.
1537 1418 1863 1490 Eapropter,
1917 1417 2109 1472 fratres

2289 1405 2348 1461 In
2373 1403 2494 1461 vico
2522 1403 2728 1460 Montis
2755 1403 2902 1477 Syon
2932 1405 3153 1471 domus,
3178 1419 3290 1476 que
3317 1413 3440 1460 sunt
3465 1406 3521 1462 ad
3538 1423 3702 1468 census:

507 1514 822 1583 ‘karissim'i,
845 1514 1190 1571 universitati
1216 1513 1462 1569 omnium
1488 1522 1735 1568 vestrum
1764 1511 2109 1575 mandamus,

2357 1499 2666 1553 Willelmus
2695 1497 3153 1568 Angevin.........
3233 1514 3289 1552 rx
3327 1499 3517 1554 bisanc.

525 1618 581 1663 et
601 1608 911 1663 mandando
945 1608 1000 1662 in
1052 1605 1284 1662 Domino
1313 1619 1748 1669 commonemus,
1794 1612 1848 1658 et
1894 1604 2109 1673 insuper

2360 1591 2525 1646 Maria
2561 1590 3154 1645 Lechevere............
3232 1606 3273 1644 ιι
3356 1589 3409 1646 1).

525 1716 624 1772 per
671 1716 944 1756 summam
977 1707 1335 1768 sanctamque
1382 1695 1755 1751 obedienciam
1793 1695 2116 1750 auctoritate
2359 1682 2628 1738 10113111168
2663 1681 3148 1740 Libisonorum....
3225 1697 3304 1736 vn
3353 1681 3410 1739 b.

529 1793 587 1848 in
617 1793 724 1847 hoc
763 1793 883 1862 ipso
912 1791 1072 1846 nobis
1115 1804 1147 1845 a
1176 1788 1286 1844 Deo
1314 1789 1442 1844 data
1477 1788 1632 1843 vobis
1660 1786 1997 1857 iniungimus
2032 1793 2109 1852 ut,

2360 1775 3144 1831 'l‘uroz...........:.............
3231 1789 3291 1828 ιιι
3362 1773 3416 1828 b.

525 1896 907 1953 quascumque
930 1880 1278 1948 elemosinas,
1303 1894 1679 1951 quascumque
1707 1877 2108 1948 possessiones,
2356 1867 3127 1925 Mahafe-munm-mum---
3247 1882 3286 1921 ῐι
3359 1865 3416 1921 b-

528 1987 724 2027 aurum
751 1973 1018 2039 videlicet,
1046 1981 1352 2044 argentum,
1377 1987 1589 2042 pannos
1613 1979 1668 2026 et
1694 1985 1888 2041 equos,
1916 1971 2109 2026 domos

3244 1974 3286 2013 ιι
3359 1957 3416 2013 b.

527 2073 582 2118 et
611 2063 789 2130 villas,
827 2079 987 2135 agros
1016 2072 1070 2120 et
1106 2064 1314 2129 vineas,
1350 2063 1723 2134 possessiones
1753 2071 1807 2118 et
1827 2061 2109 2128 ecclesias,
2355 2052 2626 2108 Iohannes
2655 2051 3125 2108 Raimont-m-m-
3229 2066 3284 2106 VI
3360 2049 3414 2106 b-

527 2152 817 2224 hospitalia
845 2163 1008 2224 atque
1034 2155 1352 2224 municipia,
1384 2155 1468 2209 vel
1507 2154 1768 2224 quicquid
1807 2153 1954 2207 aliud
1999 2168 2108 2206 nu~-
2284 2146 2415 2203 Item
2447 2147 2501 2201 in
2532 2147 2656 2202 vico
2685 2146 2870 2201 Sancti
2893 2144 3145 2200 Martini:

526 2242 727 2298 merari
753 2243 1013 2314 potuerit,
1043 2244 1211 2315 quod,
1241 2254 1531 2314 antequam
1571 2245 1636 2298 ad
1669 2259 1866 2298 manus
1893 2253 2111 2298 nostras
2354 2242 2622 2298 Ricardus
2639 2239 3148 2313 Capous.._..........
3225 2255 3288 2295 ιιι
3363 2237 3717 2299 ὶι.θιᾱὲιιιίἀιυιι.

523 2334 849 2401 devenisset,
882 2336 950 2391 de
980 2337 1100 2392 iure
1133 2336 1320 2391 Sancti
1348 2335 1606 2390 Iohannis
1635 2334 1932 2405 IIospitalis
1955 2333 2108 2389 Ieru-
2352 2335 3153 2391 Petrus.........................
3231 2348 3285 2387 IV
3359 2331 3412 2389 b.

497 2427 694 2483 salem
731 2427 908 2483 fuerat
953 2427 1039 2484 vel
1085 2443 1208 2484 esse
1247 2429 1529 2493 debuerat,
1581 2429 1688 2482 huc
1743 2443 1918 2498 usque
1940 2428 2112 2498 negli-
2353 2426 3126 2481 Baron.........................
3206 2438 3268 2478 ιιι
3348 2421 3403 2477 b.

491 2526 708 2588 ‘genter
732 2517 874 2574 forte
899 2518 984 2574 vel
1026 2518 1323 2575 inscienter
1349 2519 1624 2585 tenuistis,
1657 2518 1764 2573 isto
1797 2526 1988 2573 nostro
2017 2533 2110 2572 ac-
2351 2517 2674 2574 Guillelmus
2723 2515 3142 2572 Tortus.........
3221 2530 3284 2569 ιιι
3357 2512 3413 2568 b.

521 2615 682 2679 cepto
730 2610 816 2665 vel
866 2610 1053 2666 audito
1108 2610 1388 2677 mandato,
1445 2609 1780 2680 presentium
1843 2609 2108 2664 latoribus
2352 2609 2664 2681 Stephanus
2693 2609 2760 2663 de
2799 2607 3138 2663 Kaors.......
3217 2621 3282 2661 ιιι
3362 2605 3418 2660 b.

523 2698 694 2755 libere
731 2707 786 2754 et
809 2700 992 2770 quiete
1021 2699 1366 2770 relinquatis,
1399 2707 1454 2754 et
1481 2699 1687 2768 absque
1713 2697 1861 2752 omni
1894 2698 2106 2752 calum-
2353 2701 2489 2774 Seyr
2515 2700 3144 2756 Surianus...............
3223 2714 3280 2753 IV
3360 2698 3416 2753 b.

2350 2793 2660 2866 Bulfarage,
2697 2794 3158 2862 medicus........._
3238 2807 3280 2845 ιι
3361 2790 3417 2844 b.

2279 2885 2482 2943 Omnes
2506 2887 2609 2942 iste
2645 2885 2843 2940 domus
2877 2892 3067 2940 nostre
3102 2891 3234 2939 sunt
3272 2881 3347 2939 ad
3372 2895 3583 2937 census.

2278 2976 2412 3034 Item
2439 2977 2498 3033 in
2525 2977 2648 3033 vico
2677 2975 2893 3031 Girardi
2919 2973 3329 3030 Lissebonette.

521 3061 770 3118 minuere
799 3063 883 3118 vel
927 3063 1108 3119 habita
1145 3063 1380 3118 retinere
1400 3063 1746 3133 prcsumatis.
1783 3063 1893 3120 Hec
1922 3053 2106 3137 itaque
2945 3081 3147 3122 census
3186 3081 3284 3120 xiv
3360 3065 3420 3126 ι».

484 3175 490 3184 ι
518 3169 588 3209 ex
615 3155 894 3210 communi
921 3155 1089 3212 totius
1113 3155 1336 3226 capituli
1368 3155 1541 3210 nostri
1572 3149 1790 3212 decreto
1819 3158 1888 3213 ab
1921 3159 2102 3214 omni-
2132 3149 2178 3212 Ο
2349 3161 2902 3218 Petrus...............
2942 3173 3147 3216 census
3200 3173 3283 3214 ιιιι
3362 3159 3421 3216 b.

517 3243 624 3302 bus
647 3261 995 3317 summopere
1022 3247 1301 3303 observari
1320 3247 1596 3313 volumus,
1625 3257 1679 3304 et
1706 3249 2105 3306 observandum
2278 3254 2339 3310 In
2369 3255 2491 3311 vico
2518 3252 2728 3322 Templi
2753 3270 2768 3307 :

517 3337 576 3392 in
605 3337 831 3393 veritate
878 3336 1066 3394 Sancti
1118 3337 1354 3409 Spiritus
1396 3338 1552 3393 vobis
1579 3339 1838 3395 omnibus
1877 3339 2107 3395 manda—
2350 3349 2660 3405 Bernardus
2689 3348 3124 3404 Benasis.........
3163 3363 3284 3403 xvn
3361 3347 3426 3404 b.

519 3443 663 3496 mus,
701 3444 789 3494 ne,
822 3429 869 3485 si
895 3431 1052 3486 aliter
1082 3428 1342 3499 feceritis,
1373 3429 1484 3486 Deo
1524 3438 1580 3487 et
1608 3431 1768 3486 nobis
1801 3447 2106 3505 repugnare
2347 3441 2466 3498 Odo
2512 3442 2578 3497 de
2609 3440 3115 3513 Sparnay...........
3149 3491 3152 3494 .
3187 3455 3287 3495 xw
3364 3439 3426 3494 b.

514 3521 890 3578 inveniamini.
2345 3533 2655 3589 Bernardus
2697 3533 3114 3588 Muletez........
3159 3547 3275 3586 xvn
3361 3532 3422 3586 b.

1081 3613 1392 3672 CLXXXIV
1424 3616 1534 3670 ¹²¹⁹ο
2346 3627 2657 3684 Bernardus
2681 3626 3120 3681 Bruhet..........
3173 3641 3270 3679 μοι
3354 3625 3416 3679 b.

764 3723 1109 3764 mmme
1147 3723 1483 3764 summost!!!
1521 3723 1588 3763 DE
1639 3723 1854 3764 τυιιοιιο
2347 3718 2518 3774 Dame
2551 3717 3133 3773 Gode..................
3213 3732 3274 3770 IV
3360 3714 3420 3770 b.

2273 3810 2478 3866 Omnes
2504 3809 2605 3864 iste
2627 3808 2825 3864 domus
2855 3814 2985 3862 sunt
3006 3806 3072 3861 ad
3100 3821 3340 3861 census.

2344 3898 2542 3956 Petrus
2588 3897 2655 3953 de
2692 3895 2914 3968 Ioppen,
2954 3903 3082 3951 ante
3129 3895 3421 3966 palatium
3473 3892 3665 3950 domini
3700 3904 3772 3961 pa-

701 3817 763 3856 οε
802 3815 1164 3856 ABSOLUTIONE
1212 3817 1482 3857 REDDITUS
1519 3817 1692 3857 PORTB
1737 3818 1918 3858 DAVID.

586 3891 647 3947 In
673 3893 893 3949 nomine
917 3903 1105 3950 sancte
1129 3891 1412 3950 Trinitatis
1445 3893 1625 3951 Patris
1653 3905 1708 3951 et
1737 3894 1861 3950 Filii
1889 3901 1946 3951 et
1978 3891 2102 3967 Spi-

512 3981 894 4039 ritusSancti.
2412 3992 3126 4048 triarche....................
3217 4003 3278 4042 Iv
3365 3988 3426 4043 b.

583 4071 783 4130 Notum
820 4076 892 4130 sit
919 4077 1195 4140 omnibus,
1225 4087 1336 4133 tam
1368 4079 1713 4147 presentibus
1743 4095 1908 4150 quam
1953 4078 2100 4134 futu-
2271 4081 2331 4138 In
2357 4081 2479 4138 vico
2502 4081 2570 4136 de
2591 4078 2842 4149 Repoes:

513 4164 610 4231 ris,
641 4167 787 4235 quod
818 4181 918 4238 ego
944 4167 1272 4235 Amalricus,
1305 4186 1404 4239 per
1430 4169 1524 4225 Dei
1557 4171 1788 4240 gratiam
1826 4171 1879 4225 in
1911 4181 2099 4226 sancta
2345 4170 2656 4241 Stephanus
2685 4169 3121 4225 Mazun..........
3173 4185 3280 4224 xxv
3369 4169 3431 4224 b.

509 4255 730 4312 civitate
761 4256 1092 4314 Iherusalem
1130 4260 1450 4315 Latinorum
1483 4277 1576 4315 rex
1605 4261 1852 4330 quintus,
1879 4262 2024 4317 dono
2045 4269 2100 4316 et
2345 4259 2526 4317 Selam
2575 4259 2908 4315 Mazum.....
3191 4259 3526 4315 dimidium
3557 4252 3759 4312 bisamii-

511 4347 751 4402 concedo
777 4345 1012 4404 Suriann
1035 4349 1109 4422 [s'|
1136 4351 1203 4405 de
1223 4350 1466 4416 Turcho,
1487 4349 1695 4406 scilicet
1709 4351 1887 4406 casale
1911 4350 2097 4407 Sancti
2339 4352 2525 4418 Brain,
2547 4351 3124 4422 drogeman............
3202 4366 3244 4405 v
3374 4351 3439 4406 Ι).

513 4434 781 4506 Sepulcri,
805 4448 859 4494 et
885 4440 1115 4495 heredes
1130 4455 1322 4495 eorum
1342 4441 1399 4494 in
1418 4440 1608 4495 eodem
1625 4441 1793 4496 casali
1813 4451 2094 4498 manentes
2129 4495 2168 4506 _
2337 4442 2406 4499 Et
2430 4458 2574 4498 unus
2603 4441 2799 4497 furnus
2825 4449 2994 4497 retro.

511 4528 712 4586 liberos
739 4546 861 4587 esse
883 4533 937 4588 in
960 4543 1283 4604 perpetuum
1311 4533 1379 4588 de
1405 4533 1728 4602 redditibus,
1753 4549 1892 4606 quos
1926 4535 2094 4591 michi
2128 4495 2174 4554 Β
2267 4535 2374 4592 Iste
2409 4535 2607 4592 domus
2656 4532 2879 4590 fuerunt
2922 4532 3139 4589 Martini
3185 4531 3480 4591 Karaonc
3519 4542 3574 4589 et
3617 4529 3698 4585 lilii
3723 4526 3784 4580 sui

505 4627 563 4676 et
593 4625 1030 4680 antecessoribus
1080 4624 1218 4679 meis
1267 4624 1498 4694 singulis
1543 4626 1702 4683 anuis
1743 4625 1811 4682 de
1863 4627 2094 4684 racemis
2339 4627 2530 4684 Bonet.

504 4711 628 4767 suis
655 4713 722 4767 ad
753 4723 968 4783 portam
1010 4713 1178 4767 David
1211 4713 1543 4770 lherusalem
1570 4717 1699 4774 dare
1723 4719 1988 4774 solebant.
2023 4719 2094 4776 Ut
2267 4719 2419 4775 Uxor
2439 4719 2587 4776 Petri
2615 4719 2682 4776 de
2711 4718 2954 4790 Yspania
2991 4715 3093 4772 fuit
3134 4731 3322 4772 soror
3351 4725 3584 4781 nostra,
3607 4723 3657 4769 et
3679 4725 3792 4765 mor-
3816 4751 3817 4756 η

509 4803 677 4876 igitur
705 4807 807 4860 hec
846 4821 967 4860 mea
1009 4805 1295 4860 concessio
1322 4815 1440 4861 rata
1485 4815 1540 4862 et
1586 4810 1796 4866 stabilis
1834 4811 2096 4881 predictis
2196 4819 2287 4866 tua
2315 4811 2419 4866 fuit
2451 4811 2507 4864 in
2548 4810 2780 4882 gardino
2815 4818 3004 4864 nostro
3032 4807 3088 4860 in
3121 4805 3379 4875 Acron;
3417 4807 3637 4863 dimisit
3669 4801 3789 4857 nobis

477 4896 761 4953 ‘Surianis
811 4905 867 4951 et
907 4895 1199 4951 heredibus
1255 4911 1444 4952 eorum
1494 4911 1829 4969 permaneat,
1880 4913 2088 4960 cartam
2192 4901 2418 4956 domum
2469 4914 2625 4955 suam
2672 4899 2834 4954 sitam
2869 4896 2926 4952 in
2966 4895 3316 4962 Ierusalem,
3365 4899 3548 4952 sitam
3598 4895 3649 4950 in
3686 4903 3787 4958 mg!

457 5007 462 5012 -
506 4993 819 5051 presentem
857 4982 1087 5039 testibus
1114 4983 1438 5055 subscriptis
1461 4994 1516 5040 et
1543 4987 1722 5058 sigillo
1743 5003 1864 5044 meo
1887 4991 2089 5046 muniri

459 5099 464 5102 ·
508 5077 631 5134 feci.

2195 4990 2528 5061 Marescalky
2548 4989 2632 5044 vel
2662 4988 2716 5041 in
2748 5001 2884 5056 ruga
2912 4984 3110 5040 Sancte
3131 4984 3502 5044 Anastasio.

2265 5080 2398 5134 Item
2428 5078 2739 5134 Bcrnardus
2768 5077 3058 5142 Bedevvin,
3087 5075 3370 5149 vicarius
3405 5089 3604 5154 uoster
3623 5084 3672 5130 et
3694 5086 3792 5127 con-

2194 5170 2380 5234 frater,
2412 5167 2621 5223 dimiSit
2657 5167 2818 5224 nobis
2856 5165 3083 5221 domum
3135 5181 3334 5222 suam
3376 5168 3444 5224 in
3482 5164 3794 5232 vicoSanue

2193 5262 2482 5316 Anastasio
2506 5262 2658 5316 iuxta
2689 5260 2912 5315 domum
2941 5259 3148 5313 Alberti
3180 5257 3563 5318 Lumbardi.

2260 5351 2369 5408 Ista
2398 5360 2528 5407 sunt
2555 5351 2778 5407 nomina
2801 5349 3088 5404 furnorum
3110 5359 3412 5408 veterum
3438 5373 3454 5409 :

2335 5443 2390 5498 In
2419 5444 2612 5514 primis
2640 5445 2695 5498 in
2727 5443 2850 5498 vico
2878 5441 3048 5497 David
3079 5458 3251 5500 unus
3281 5444 3538 5503 furnus.

2333 5536 2472 5590 Ante
2497 5546 2709 5606 portam
2752 5534 2938 5592 Sancti
2962 5533 3137 5591 Iacobi
3179 5553 3371 5599 unus
3402 5539 3632 5600 furnus.

581 5170 807 5225 Factum
852 5176 938 5225 est
994 5170 1100 5226 hoc
1146 5185 1290 5226 anno
1328 5172 1398 5227 ab
1450 5173 1829 5228 incarnatione
1870 5172 2087 5229 Domini

507 5279 727 5327 ιιεωωιι,
758 5264 1052 5320 indictione
1077 5280 1149 5318 ιν.
1179 5263 1350 5320 Huius
1383 5265 1461 5320 rei
1495 5275 1664 5322 testes
1684 5275 1840 5321 sunt:

642 5351 964 5420 IIaufridus,
996 5355 1452 5410 constabularius.
1490 5354 1616 5409 Milo
1647 5355 1713 5409 de
1756 5355 1921 5411 Placi.
1971 5355 2084 5411 Ro-

716 5443 958 5511 liardus,
1013 5445 1360 5500 castellanus.
1419 5444 1716 5498 Anselmus
1767 5445 1832 5499 de
1888 5445 2080 5502 Passu.

705 5535 890 5592 Guido
929 5537 996 5592 de
1033 5537 1313 5592 Mancriis.
1349 5534 1620 5591 Iohannes
1650 5535 1716 5591 de
1748 5534 2080 5591 Valancinis.

576 5737 666 5768 ³⁸η
699 5735 759 5804 B,
790 5735 829 5788 l'°
862 5733 982 5803 res,
1007 5744 1085 5800 r";
1115 5749 1351 5803 manque
1385 5732 1522 5788 dans
1555 5731 1618 5786 A.
1703 5733 1789 5766 m"
1823 5732 1887 5802 Α,
1913 5729 1953 5785 I"
1985 5729 2103 5797 I37,
2136 5741 2217 5797 r°;
2253 5718 2489 5802 manque
2517 5731 2652 5786 dans
2690 5729 2750 5784 Β.
