3824 6308
83 296 185 353 ησι

81 535 85 538 μ
191 496 388 552 Fumus
414 486 857 546 anteecclesiam
880 486 1068 543 Sancti
1090 487 1331 543 Martini.

189 586 388 643 Fumus
434 582 493 636 in
550 580 741 647 domo,
794 592 904 649 que
946 587 1176 635 vocatur
1236 574 1497 634 Gileberti
1546 575 1614 631 de

255 675 506 744 Pingeny.

189 767 389 823 Fumus
413 765 481 820 de
508 762 632 818 vico
658 759 863 817 Montis
903 758 1073 832 Syon.

191 858 391 915 Fumus
411 864 539 911 ante
566 852 857 911 ecclesiam
884 850 1072 907 Sancti
1103 849 1314 906 Thome
1353 849 1613 905 Aleman-

251 962 461 1006 norum.

190 1041 394 1097 Fumus
426 1037 613 1095 Sancti
641 1036 820 1109 Egidii
856 1035 914 1091 in
939 1036 1064 1091 vico
1093 1033 1325 1105 Templi.

192 1133 397 1189 Fumus
429 1138 557 1187 ante
584 1128 929 1185 Bocheriam.

193 1223 401 1279 Fumus
420 1222 488 1277 de
516 1221 568 1275 la
598 1218 889 1275 Tannerie.

194 1312 401 1369 Fumus
427 1310 679 1366 Rainaldi
709 1309 767 1364 in
787 1308 910 1365 vico
932 1306 1236 1365 Kocatrice.

194 1405 403 1462 Fumus
427 1404 737 1461 Anastasio.

195 1498 405 1556 Fumus
425 1499 495 1555 de
514 1497 740 1569 Repois.

874 280 1248 338 BALDUINII
1281 280 1647 339 HIEROSOL.
1691 280 1852 339 REG.
1894 281 2348 339 PRWILEGIUM

188 406 312 461 Ante
326 398 546 456 domum
568 393 773 453 Hoardi
798 395 1078 451 castellani
1107 411 1250 451 unus
1281 393 1499 452 furnus.
1639 401 1687 460 Α

3161 284 3306 344 1263

1766 392 1769 395 ’
1856 395 2075 451 Fumus
2096 395 2162 451 de
2202 392 2436 450 ludairia
2479 401 2606 450 ante
2636 403 2850 465 portam
2895 393 3080 451 Sancti
3110 394 3300 468 llelye.

1861 489 2016 545 Alius
2050 488 2108 543 in
2155 486 2372 543 Iudaria
2422 495 2569 544 retro
2616 485 2817 545 Sancte
2842 488 3069 561 Agnetis
3109 504 3305 548 versus

1930 577 2231 634 Orientem.

1746 698 1749 701 η
1861 668 2082 725 Fumus
2107 684 2283 725 novus
2313 669 2369 725 in
2389 668 2626 726 ludaria.

1859 758 2076 816 Fumus
2103 759 2324 816 ulartini
2361 760 2632 818 Karaoan.

1867 849 2086 907 Fumus
2109 851 2178 906 ad
2198 859 2366 922 caput
2397 851 2505 907 vici
2535 850 2753 908 Girardi
2782 852 2850 908 de
2874 852 3193 911 Lissebone.

1867 942 2086 999 Fumus
2116 942 2173 997 in
2197 943 2324 998 vico
2351 943 2419 998 de
2439 942 2792 1001 Tresmailes.

1864 1032 2085 1089 Furnus
2108 1032 2177 1090 de
2201 1033 2325 1090 vico
2374 1033 2561 1090 Sancti
2588 1033 2873 1106 Stephani.

1865 1123 2086 1181 Fumus
2114 1125 2182 1181 de
2206 1122 2493 1180 Columba.

1868 1216 2085 1274 Fumus
2110 1217 2179 1274 de
2207 1215 2455 1295 Ruﬂ‘eide
2484 1217 2636 1273 iuxta
2664 1227 2915 1274 sanctum
2950 1215 3200 1273 Kariton.

1872 1308 2092 1368 Fumus
2116 1317 2243 1364 ante
2260 1317 2477 1380 portam
2509 1307 2698 1366 Sancti
2726 1308 2997 1381 Sepulcri.

1875 1399 2097 1457 Fumus
2118 1401 2186 1455 de
2216 1399 2442 1456 Cecilia.

1820 1536 1823 1539 .
1876 1490 2096 1548 Fumus
2129 1491 2316 1547 Sancti
2341 1491 2604 1549 Pastoris.

769 1591 952 1661 1’1le
987 1604 1533 1665 PRIVILEGIORUM
1573 1603 1908 1661 ECCLESIE
1951 1603 2199 1660 SANCTI
2241 1602 2604 1661 SEPULCRI.

77 1719 3322 1759 ,ἕως

1150 1936 2056 2049 ΒΔῙιΒΠῙΝῙ
2131 1939 2203 2048 ι

1315 2142 1839 2203 ΗΙΕΒΟεΟιΫΜΕ
1877 2143 2084 2203 REGIS

719 2300 1248 2364 PRIVILEGIUM
1290 2298 1449 2361 PRO
1490 2296 1875 2362 ECCLESIA
1921 2298 2668 2383 BETHLEHEMITICAJ

1462 2460 1677 2539 (Anno
1711 2460 1916 2540 mo.)

992 2625 1349 2703 [thtstuus
1370 2625 1673 2699 Tyriensis,
1699 2624 1845 2681 Hist.
1878 2627 1974 2682 lib.
2010 2644 2086 2695 xl,
2118 2644 2240 2701 cap.
2274 2630 2391 2703 42.]

130 2970 317 3039 Divina
350 2969 660 3043 inspirante
686 2967 860 3039 gratia
891 2982 1025 3039 gens
1061 2965 1399 3021 Francorum
1449 2962 1643 3019 admo-
1672 2960 1724 3021 B
1748 2961 1873 3019 bata
1902 2966 2445 3038 parentevidebatur,
2465 2979 2579 3025 tum
2602 2985 2703 3042 pro
2727 2972 2832 3030 hoc
2863 2982 3079 3048 negotio
3107 2975 3337 3034 Romani

71 3063 193 3132 uita,
213 3060 564 3119 Hierusalem
585 3059 863 3116 civitatem
891 3065 1159 3122 sanctam,
1191 3054 1395 3125 diuque
1420 3067 1650 3123 oppres-

69 3154 211 3210 sione
234 3167 586 3227 paganorum
641 3149 919 3221 fatigatam
947 3190 962 3215 ,
992 3147 1086 3202 ubi
1115 3142 1295 3212 mors,
1326 3160 1448 3216 quae
1469 3144 1649 3215 primo

69 3247 456 3314 praevaricante
503 3249 730 3313 parente
786 3255 959 3313 genus
999 3239 1300 3293 humanum
1352 3236 1647 3300 invaserat,

68 3345 230 3391 morte
259 3334 571 3391 Salvatoris
591 3341 677 3389 est
699 3332 976 3388 destructa
998 3371 1014 3397 ,
1042 3345 1074 3384 a
1103 3327 1363 3399 spurcitia
1394 3325 1651 3398 praedicta

68 3424 324 3481 liberavit.
361 3422 603 3480 Obsessa
628 3431 714 3478 est
736 3437 973 3491 namque
999 3419 1195 3476 civitas
1229 3419 1345 3473 bzec
1374 3417 1524 3472 cultu
1565 3416 1651 3471 di-

67 3516 184 3573 vino
214 3519 413 3589 digna,
448 3516 679 3588 septimo
704 3515 832 3571 ldus
861 3512 1032 3580 Junii,
1059 3527 1090 3567 a
1122 3519 1279 3583 gente
1311 3508 1567 3581 praefata;
1598 3515 1654 3563 et

67 3605 241 3665 idibus
270 3609 438 3673 Julii,
480 3607 593 3663 Deo
623 3622 723 3678 pro
748 3622 810 3661 ea
837 3613 1137 3677 pugnante,
1160 3610 1246 3657 est
1271 3609 1448 3672 capta.
1482 3599 1652 3671 Capta

64 3709 236 3756 autem
272 3701 502 3757 civitate
531 3713 676 3753 anno
725 3697 940 3752 Domini
987 3695 1277 3751 millesimo
1319 3692 1653 3759 centesimo,

68 3792 434 3861 dispositione
457 3790 639 3845 divina
670 3796 1016 3860 suggerente,
1053 3784 1257 3856 placuit
1300 3784 1447 3841 clero
1488 3792 1653 3854 atque

65 3881 380 3940 ﬂaimundo
416 3881 603 3937 Sancti
648 3880 845 3952 Egidii,
880 3879 1118 3942 Roberto
1142 3880 1574 3949 Northmanuiae,
1599 3890 1654 3937 et

63 3973 302 4030 Robcrto
332 3972 665 4028 Flandrensi
694 3972 1007 4039 comitibus,
1034 3971 1339 4041 Tancredo,
1370 3981 1424 4028 et
1443 3972 1654 4029 caeteris

59 4065 428 4132 primatibus,
457 4077 581 4119 cum
612 4062 869 4118 universa
916 4061 1253 4118 Francorum
1282 4064 1650 4132 multitudine,

58 4167 115 4211 ut
137 4157 434 4227 piissimus
462 4164 518 4212 et
545 4154 1098 4211 misericordissimus
1132 4154 1243 4210 dux
1287 4155 1648 4222 Godefridus,

1748 3056 1860 3125 peti
1885 3056 2263 3116 decreverant.
2299 3058 2453 3117 Hanc
2483 3061 2667 3133 itaque
2706 3062 3035 3136 legationem
3073 3066 3338 3123 Arnulfu.3

1750 3138 2200 3218 archidiaconus,
2243 3160 2299 3208 et
2337 3146 2646 3211 Aichardus
2682 3156 2872 3212 eodem
2902 3165 3150 3229 tempore
3176 3158 3307 3217 deca
3400 3196 3401 3199 η

1748 3254 1857 3295 nus
1898 3243 2291 3313 suscipientes,
2340 3243 2570 3301 Romam
2622 3257 2984 3318 perrexerunt
3024 3267 3038 3305 :
3070 3258 3125 3305 et
3150 3258 3340 3306 sancto

1753 3328 1960 3400 Spiritu
1987 3345 2340 3404 cooperante,
2388 3338 2532 3408 apud
2586 3338 2850 3394 domuum
2897 3338 3217 3397 Paschalem
3254 3356 3326 3397 se

1752 3422 2352 3489 cundum,universalis
2378 3426 2635 3483 Ecclesiae
2661 3429 2992 3498 pontiﬁcem,
3019 3431 3086 3485 de
3109 3439 3341 3500 utroque

1752 3514 1970 3583 negotio
1999 3515 2287 3571 honestum
2338 3517 2678 3574 invenientes
2735 3519 3047 3587 consilium,
3079 3518 3342 3577 Hierusa-

1752 3605 1859 3661 lem
1881 3616 2214 3662 remearunt.
2237 3607 2485 3665 Domnus
2511 3625 2643 3665 vero
2662 3611 2946 3666 Paschalis
2968 3627 3131 3683 papa,
3159 3612 3331 3668 Gibel-

1752 3698 1928 3754 linum
1940 3696 2315 3754 Arelatensem
2332 3700 2835 3772 archiepiscopum,
2850 3702 3032 3757 virum
3061 3703 3344 3773 sapientia:

1751 3790 1926 3848 radiis
1951 3806 2276 3858 coruscum,
2317 3792 2579 3862 omnique
2611 3807 2830 3848 morum
2865 3793 3152 3850 honestate
3182 3794 3343 3867 fulgi-

1753 3884 1906 3951 dum,
1940 3883 2029 3939 cui
2052 3883 2106 3939 id
2130 3883 2418 3955 legationis
2444 3883 2678 3940 Amulio
2698 3893 2865 3955 atque
2892 3884 3169 3941 Aichardo
3199 3902 3341 3956 prae-

1754 3974 2002 4030 sentibus
2054 3972 2396 4044 iniunxerat,
2444 3983 2569 4044 post
2617 3989 2714 4031 eos
2745 3974 3088 4032 Hierusalem
3123 3976 3340 4033 direxit.

1753 4062 2050 4134 Propterea
2080 4080 2113 4120 a
2138 4079 2249 4132 me,
2302 4064 2450 4120 clero
2504 4065 2671 4121 simul
2714 4074 2772 4122 et
2814 4068 3018 4137 populo
3046 4067 3344 4139 gaudenter

1755 4163 2070 4225 susceptus,
2100 4170 2203 4226 pro
2252 4164 2523 4227 praecepto
2563 4155 2754 4212 domui
2795 4156 3085 4214 Paschalis
3112 4174 3267 4230 papae
3290 4171 3346 4215 et

56 4250 433 4306 charissimus
484 4246 652 4302 frater
705 4260 862 4301 meus
912 4246 1087 4302 eidem
1132 4247 1447 4315 praesideret
1491 4265 1504 4301 :
1540 4248 1654 4318 ipse
1682 4298 1726 4322 η
1754 4259 1876 4300 mea
1896 4246 2039 4302 bona
2069 4247 2369 4315 voluntate,
2398 4255 2454 4303 et
2473 4263 2705 4305 assensu
2732 4247 3215 4322 Hierosobmitani
3243 4266 3344 4307 ca-

54 4358 204 4408 vero,
234 4341 331 4396 vir
364 4339 476 4395 Deo
496 4339 729 4409 dignus,
765 4348 971 4394 sancta:
1016 4338 1254 4394 civitatis
1303 4339 1652 4409 gubernator,

56 4432 233 4499 primo
279 4429 627 4501 principatus
653 4428 740 4485 sui
789 4443 935 4483 anno
969 4438 1190 4498 peracto
1212 4471 1228 4496 ,
1259 4428 1372 4485 Deo
1399 4429 1654 4499 propitio,

52 4524 214 4579 tertia
246 4524 344 4580 die
374 4522 674 4594 sequentis,
699 4521 753 4577 in
779 4537 913 4591 pace
940 4522 1165 4591 quievit.
1191 4521 1290 4577 Cui
1315 4538 1416 4594 ego
1440 4522 1658 4578 Baldui-

54 4631 161 4672 nus
191 4617 267 4672 ab
287 4616 610 4672 exsultante
643 4615 811 4682 clero,
856 4613 1197 4685 principibus
1218 4623 1275 4672 et
1295 4617 1517 4686 populo,
1545 4615 1659 4687 pri-

50 4721 181 4763 mus
226 4723 333 4763 rex
382 4705 752 4773 Francorum,
802 4715 939 4761 nutu
996 4706 1216 4774 divino,
1278 4708 1655 4763 excellentiam

50 4798 535 4856 Bethlehemitica
553 4798 813 4855 Ecclesia:
828 4840 843 4866 ,
868 4798 1213 4855 nativitatem
1236 4798 1453 4855 Domini
1483 4801 1655 4856 nostri

49 4888 182 4949 Iesu
211 4891 435 4948 Christi
460 4889 780 4963 praefulgida
827 4898 1012 4947 mente
1041 4899 1403 4962 pertractans,
1458 4891 1513 4946 in
1548 4907 1656 4963 qua

49 4985 306 5054 primum
332 4983 719 5039 venerabiliter
741 4990 909 5053 caput
948 4997 1132 5039 meum
1158 4984 1466 5039 diademate
1494 4998 1658 5038 oma-

50 5085 169 5131 tum
203 5076 534 5142 effulserant,
584 5083 647 5129 ut
692 5074 991 5145 episcopali
1033 5074 1297 5146 dignitate
1338 5075 1653 5142 donaretur,

47 5167 190 5221 mihi
220 5181 333 5236 per
358 5165 541 5219 omnia
569 5166 792 5236 placuit.
811 5164 982 5236 Igitur
995 5165 1143 5236 quod
1166 5165 1330 5221 corde
1353 5172 1502 5221 caste
1525 5180 1658 5221 con-

46 5272 350 5328 ceperam,
381 5258 753 5314 indesinenter
782 5257 1126 5328 excogitans,
1156 5256 1374 5313 tandem
1405 5256 1473 5313 ad
1496 5271 1657 5312 aures

45 5348 275 5403 Arnulﬁ
305 5348 706 5414 archidiaconi,
730 5347 834 5403 viri
856 5347 1240 5415 clarissimi,et
1268 5346 1658 5419 Hierosolymi-

46 5438 167 5493 tani
202 5437 448 5507 capituli
476 5453 650 5509 usque
680 5438 933 5508 perduxi,
969 5453 1207 5508 eumque
1235 5447 1290 5493 et
1324 5438 1466 5493 idem
1510 5437 1658 5507 capi-

42 5532 264 5596 tulum,
327 5539 391 5583 ut
441 5546 609 5600 super
653 5531 757 5586 hac
792 5545 854 5585 re
882 5529 1021 5585 mihi
1062 5530 1430 5595 consulerent,
1460 5531 1659 5587 obnixe

1679 4298 1727 4363 C

1755 4335 1936 4405 pituli,
1962 4351 2029 4391 ac
2049 4336 2219 4392 totius
2246 4336 2433 4393 favore
2453 4338 2705 4405 consilii,
2734 4348 2791 4394 et
2826 4341 3047 4411 propria
3077 4340 3346 4397 delibera-

1757 4424 1905 4480 tione
1927 4426 2112 4482 omnia
2133 4426 2483 4498 dispensans,
2509 4428 2565 4482 in
2600 4414 3050 4486 Bethlehemitica
3074 4428 3344 4498 Ecclesia,

1753 4497 2146 4583 Aschetiuum;
2154 4516 2332 4573 virum
2359 4517 2625 4575 illustrem
2647 4520 2893 4575 eamdem
2926 4520 3344 4591 gubernantem,

1755 4617 1918 4673 quem
1946 4603 2504 4679 Hierosolymitanum
2552 4610 2852 4681 capitulum
2878 4611 3128 4683 ejusdem
3149 4610 3342 4669 Ecclec

1756 4694 1853 4750 site
1897 4706 2198 4765 cautorem,
2232 4713 2323 4755 me
2354 4716 2483 4757 cum
2514 4701 2653 4758 meis
2678 4702 2998 4772 proceribus
3049 4711 3104 4758 et
3142 4703 3345 4775 populo

1755 4786 1969 4843 volente
2012 4786 2296 4847 Ascalone
2342 4792 2580 4863 elegerat
2628 4802 2791 4863 atque
2840 4800 3106 4850 statuerat
3131 4796 3347 4866 episco-

1755 4895 1887 4951 pum
1918 4919 1933 4944 ,
1999 4881 2248 4939 obtinere
2299 4884 2597 4955 primatum
2648 4885 3017 4956 episcopalem
3068 4886 3341 4956 decrevit;

1756 4971 2324 5045 Bethlehemiticzeque
2348 4976 2486 5042 sedi,
2509 4991 2610 5046 pro
2638 4985 2909 5046 praseepto
2939 4982 2994 5032 et
3018 4976 3309 5034 considera
3331 5007 3343 5020 -

1755 5063 1905 5120 tione
1946 5072 2167 5130 nostra,
2191 5064 2475 5121 Ascalona:
2526 5065 2814 5121 ecclesiam
2871 5066 3177 5137 parochiali
3216 5066 3345 5137 jure

1756 5156 2086 5229 subiugavit.
2120 5156 2363 5212 Tandem
2399 5172 2502 5229 ego
2524 5156 2856 5225 Balduinus,
2896 5159 2993 5215 Dei
3027 5159 3202 5231 gratia
3246 5175 3344 5217 rex

1756 5248 2121 5315 Hierusalem,
2145 5248 2468 5307 Latinorum
2491 5250 2733 5320 primus,
2746 5250 2861 5320 jam
2891 5252 3035 5308 dicta
3066 5252 3223 5309 laetus
3245 5253 3344 5309 ob—

1756 5342 1884 5397 nixe
1927 5341 2162 5396 ﬁrmavi.
2182 5339 2378 5397 Villam
2400 5341 2565 5397 etiam
2594 5340 2930 5411 Bethlehem,
2959 5359 3128 5415 quam
3148 5343 3340 5402 Eccle-

1758 5433 1855 5486 siae
1876 5445 2278 5497 concesseram,
2302 5445 2403 5502 pro
2429 5431 2605 5487 salute
2636 5432 2833 5488 anima:
2858 5448 3014 5500 mea,
3047 5441 3103 5489 et
3127 5432 3345 5490 miseri-

1758 5521 2068 5578 cordissimi
2121 5522 2277 5580 ducis
2306 5522 2494 5579 fratris
2538 5525 2646 5580 mei
2687 5524 2987 5593 Codefridi,
3020 5533 3186 5596 atque
3210 5538 3335 5580 om-

44 5619 277 5689 rogavi.
323 5618 429 5683 Qui
463 5628 571 5674 tam
600 5620 763 5690 justte
806 5620 1059 5687 petitioni
1102 5635 1238 5674 mea:
1273 5620 1655 5690 obsequentes,
1691 5660 1736 5714 Β
1761 5616 1913 5669 nium
1966 5623 2256 5684 Ρῖπθηῑυῐη
2313 5633 2561 5675 meorum
2611 5637 2624 5673 ε
2670 5625 2727 5673 et
2753 5634 2925 5674 unum
2963 5617 3163 5684 035319,
3192 5617 3341 5687 (11³οά

39 5720 167 5765 tum
200 5725 318 5780 pro
346 5708 830 5784 Hierosolymitana
853 5712 1001 5781 sede,
1024 5726 1146 5783 qua:
1164 5719 1349 5783 postea
1376 5713 1536 5783 quasi
1566 5729 1654 5769 or-

1761 5708 1920 5765 estin
1957 5707 2233 5767 territorio
2275 5709 2478 5781 Accou,
2511 5710 2729 5785 nomine
2750 5710 2952 5783 Bedar;
2998 5708 3147 5766 aliud
3173 5708 3340 5764 etiam
