3832 6314
534 387 678 449 1265
1105 387 1197 443 AD
1233 380 1683 446 GODEFRIDUM
1718 379 2007 437 APPEND.
2049 379 2114 435 ll.
2152 411 2221 420 —
2255 377 2524 436 NONUM.
2570 378 2657 434 DE
2681 377 2904 436 BELLO
2940 378 3188 437 SACRO.
3631 387 3722 451 ηω

530 500 675 574 quod
693 507 779 554 est
798 498 852 552 in
891 497 1169 554 territorio
1209 495 1588 566 Neapolitano,
1619 491 1842 546 nomine
1867 488 2065 562 Seylon
2102 510 2116 544 :
2149 492 2192 549 A
2221 505 2315 546 seu
2345 489 2834 561 burgensium,Dei
2859 488 3076 546 aﬁlatus
3110 489 3322 561 Spiritu
3347 490 3416 548 de
3435 494 3542 551 suis

530 591 676 647 aliud
692 605 911 661 quoque
930 588 1184 659 adjacens
1197 583 1693 654 Bethlebem,quod
1718 581 1926 650 dicitur
1946 580 2114 636 Beth-
2220 581 2344 648 bus,
2375 598 2475 653 pro
2497 597 2598 638 sua
2618 595 2957 652 suorumque
2978 583 3275 639 animabus
3291 625 3308 650 ,
3336 583 3467 640 dare
3494 588 3640 646 eidem
3667 610 3726 650 ec-

530 685 700 739 bezan
733 701 747 736 :
801 691 855 738 et
879 681 989 736 duo
1035 678 1238 736 casalia
1292 677 1348 733 in
1400 673 1677 732 territorio
1703 672 2115 740 Ascalonitano,
2217 671 2396 727 clesiae
2423 671 2679 738 voluerit,
2710 671 2881 728 libera
2922 673 2995 728 sit
3025 673 3132 729 sibi
3182 674 3287 744 pia:
3315 675 3593 734 voluntatis
3617 696 3726 739 exse.

411 839 420 846 ,
533 790 704 831 unum
731 773 985 830 videlicet
1015 771 1269 842 Zeophir,
1300 777 1356 825 et
1383 769 1530 824 aliud
1556 769 1778 824 nomine
1816 766 2115 836 Caicapha,
2217 763 2387 830 cutio,
2411 762 2544 818 etin
2573 772 2898 834 perpetuum
2921 763 3105 820 valeat
3129 764 3456 822 facultatum
3475 782 3662 826 suarum
3673 774 3727 829 le-

531 864 664 920 cum'
686 864 804 920 suis
831 861 1177 933 pertinentiis
1213 860 1492 930 episcopo,
1527 859 1757 930 ejusque
1781 857 2118 914 successori-
2216 853 2406 924 gitime
2427 851 2572 909 facta
2600 854 2844 910 donatio.
2882 853 3046 912 Facta
3075 864 3161 912 est
3188 864 3374 913 autem
3424 859 3535 915 hac
3567 875 3730 920 (εοεαε.

529 955 635 1011 bus
664 952 893 1009 ﬁrmiter
921 967 985 1007 ac
1029 951 1197 1006 libere
1234 957 1418 1005 tenere
1445 965 1511 1005 ac
1539 949 1822 1020 possidere
1849 945 2078 1018 praecepi
2099 986 2115 1012 ,
2216 945 2411 1013 sionis,
2434 945 2518 1002 vel
2547 946 2982 1004 conﬁrmationis
3004 956 3210 1005 nostra:
3237 949 3553 1021 inscriptio,
3574 968 3726 1012 rerum-

531 1045 654 1101 dedi
680 1052 844 1114 atque
872 1042 1140 1100 concessi.
1168 1040 1457 1097 Praai‘atam
1491 1055 1713 1112 quoque
1741 1037 2044 1096 Ecclesiam
2084 1052 2116 1092 a
2215 1053 2324 1108 que
2372 1046 2650 1109 gestarum
2702 1037 3045 1112 designatio,
3100 1056 3252 1098 anno
3304 1043 3378 1098 ab
3427 1041 3734 1105 Incarnatione

528 1136 800 1192 calumnia
815 1150 924 1206 qua
952 1133 1434 1191 Hierosolimitana
1457 1132 1699 1188 Ecclesia
1719 1146 1841 1188 eam
1863 1129 2114 1198 vexabat,
2217 1129 2434 1184 Domini
2457 1131 2752 1188 millesimo
2781 1134 3084 1189 centesimo
3109 1134 3353 1201 decimo,
3379 1135 3647 1194 indictione
3662 1147 3734 1194 ter-

526 1227 953 1282 commutatione
983 1235 1256 1282 terrarum
1310 1240 1375 1282 ac
1427 1225 1713 1280 vinearum
1765 1223 1982 1294 quaelin
2010 1222 2119 1278 cir-
2217 1222 2325 1290 tia,
2382 1223 2711 1293 praesidente
2764 1223 3027 1281 Romanae
3073 1225 3338 1282 Ecclesia:
3383 1243 3552 1298 papa,
3592 1229 3737 1287 domno

526 1318 678 1374 cuitu
707 1317 1046 1376 Hierusalem
1069 1320 1126 1375 in
1151 1334 1275 1375 meo
1306 1318 1554 1374 dominio
1575 1327 1754 1387 erant,
1769 1317 2120 1374 absolutissi-
2216 1312 2482 1369 Paschale
2502 1315 2746 1370 secundo
2773 1334 2789 1370 :
2817 1314 3216 1389 Hierosolymis
3237 1332 3376 1374 vero
3395 1318 3626 1375 Gibeiino
3646 1321 3737 1377 Areu

524 1423 675 1465 mam
701 1411 934 1466 reddidi.
983 1410 1289 1466 Statuimus
1325 1417 1509 1465 autem
1539 1409 1686 1480 quod
1720 1410 1767 1465 si
1792 1409 1918 1480 quis
1958 1409 2118 1465 cleri-
2215 1405 2412 1461 latensi
2437 1407 2873 1478 archiepiscopo,
2886 1409 3030 1465 sedis
3051 1410 3374 1480 apostolica:
3389 1410 3655 1477 vicario,in
3673 1429 3740 1482 pa-

529 1515 661 1568 cus,
697 1502 782 1558 vel
804 1503 1000 1570 laicus,
1029 1503 1426 1560 nefandissima
1465 1503 1762 1573 cupiditate
1802 1503 2022 1568 ductus,
2051 1503 2117 1558 il-
2215 1496 2508 1552 triarcham
2530 1498 2723 1554 electo.
2753 1498 3034 1571 Suntergo
3053 1501 3218 1558 istius
3249 1502 3571 1560 assertionis
3591 1511 3740 1559 testes:

521 1590 618 1647 lud
638 1591 783 1662 quod
805 1608 905 1663 pro
930 1593 1192 1664 petitione
1219 1608 1340 1648 mea
1363 1593 1430 1648 de
1462 1591 1905 1648 Bethlehemitica
1931 1591 2115 1648 Eccle-
2285 1589 2550 1646 Amulius
2571 1591 3040 1659 archidiaconus,‘

519 1685 628 1753 sia,
662 1687 944 1742 nativitate
970 1685 1188 1743 Domini
1217 1703 1282 1743 ac
1301 1685 1602 1742 Salvatoris
1630 1685 1804 1740 nostri
1831 1686 2112 1756 praiclara,
2285 1683 2556 1739 Aicardus
2583 1683 2849 1749 decanus,
2979 1753 2988 1758 _

527 1774 734 1847 Spiritu
766 1787 958 1834 sancto
975 1778 1222 1849 juvante,
1248 1794 1278 1832 a
1307 1777 1508 1834 domno
1541 1776 1824 1843 Paschale,
1853 1776 2114 1832 Romanae
2286 1774 2616 1832 Eustachius
2639 1774 2956 1843 Garnerius,

525 1870 673 1927 sedis
702 1887 919 1929 summo
943 1888 1008 1929 ac
1032 1873 1341 1928 venerando
1367 1873 1641 1943 pontiﬁce,
1675 1887 1780 1942 per,
1802 1871 2110 1928 Gibelinum
2145 1856 2188 1912 Β
2283 1867 2580 1924 Anselmus
2607 1867 2778 1922 turris
2807 1867 2974 1922 David
3005 1877 3223 1938 custos,
3259 1879 3284 1914 τ

523 1961 770 2032 ejusdem
794 1964 1053 2036 legatum,
1082 1965 1454 2021 Arelatensem
1499 1964 1968 2036 archiepiscopum
2013 1982 2108 2021 ro-
2290 1956 2554 2014 Hadulqu
2581 1959 2647 2013 de
2672 1957 2989 2013 Foritanelo

525 2053 778 2110 boratum
805 2066 909 2124 est,
946 2065 1072 2127 post
1092 2057 1378 2112 decessum
1403 2071 1586 2111 meum
1613 2057 1820 2112 violare
1839 2072 2108 2128 praesum-
2286 2049 2518 2106 P1561105
2546 2051 2874 2118 νὶοεεοιηθε,

522 2143 722 2212 pserit,
755 2145 1056 2202 invasionis
1091 2146 1343 2212 crimine,
1394 2146 1501 2201 nisi
1552 2147 1922 2203 commonitus
1972 2147 2109 2202 resi-
2287 2142 2479 2199 Simon
2507 2143 2665 2200 ducis
2713 2143 2882 2211 ﬁlius,

519 2232 719 2301 puerit,
752 2233 1042 2305 obligetur,
1066 2250 1130 2291 ac
1155 2235 1325 2291 totius
1351 2237 1503 2308 regni
1530 2237 1704 2292 nostri
1731 2252 1929 2308 expers
1973 2237 2106 2294 eﬁ‘e-
2283 2234 2560 2291 Anfredus
2580 2235 2665 2291 vir
2691 2235 3004 2307 religiosus,

522 2329 666 2389 ctus,
720 2319 958 2394 graviter
1004 2325 1302 2395 judicetur.
1353 2324 1619 2381 Przeterea
1669 2325 1912 2382 concedo
1960 2327 2107 2397 quod
2284 2325 2558 2383 Gerardus
2583 2328 2950 2394 camerarius,

521 2411 838 2485 quicunque
859 2430 1111 2472 meorum
1137 2417 1484 2488 optimatum,
1516 2417 1599 2471 vel
1642 2416 1842 2486 aliquis
1873 2417 2108 2473 militum
2284 2419 2352 2476 Et
2389 2421 2481 2476 alii
2506 2420 2883 2492 quamplures.

518 2575 3735 2612 Μ

804 2781 1212 2977 ’ΒΕΕΠΜ
1293 2784 1927 2926 JERUSALEM,
2018 2781 2644 2930 PRINCIPUM,
2737 2783 3468 2918 PRELATORUM

1270 3031 2006 3147 EPISTOL/E
2090 3033 2659 3152 VlGlNTl
2747 3034 3019 3151 SEX
3517 3037 3526 3043 ’

762 3249 858 3306 ΔΙ)
896 3249 1300 3309 ιυῡονιοωι
1341 3249 1768 3308 FRANCORUM
1807 3250 2331 3381 ΒΕΟΙΕέᾑΙῐῦιὲἘῗ
2366 3252 2651 3312 NOMlNlS
2691 3255 3071 3327 SEPTIMUHI,
3105 3238 3530 3319 COGNOMINE

1467 3483 1751 3553 (Bosoins,
1783 3481 1942 3537 Gesta
1973 3481 2071 3537 Dei
2093 3499 2188 3551 per
2210 3481 2470 3549 Francos,
2504 3482 2545 3549 l,
2574 3499 2625 3553 p.
2663 3485 2845 3557 H72.)

1909 3643 2382 3660 ψ

1281 3786 1322 3842 1,
1539 3833 1542 3836 .
2124 3788 2170 3850 C
2201 3796 2257 3842 ct
2291 3788 2550 3856 nutritus,
2579 3790 2647 3846 ad
2673 3791 2894 3861 jussum
2925 3803 3168 3851 vestrum
3199 3796 3628 3870 adimplendum
3649 3817 3798 3876 part-

837 3878 1145 3954 n[uutmm]
1175 3883 1434 3934 pnisctpls
1461 3892 1802 3934 ANTIOCHBM.
2203 3889 2292 3936 tus
2314 3895 2457 3937 sum.
2514 3881 2654 3938 Sunt
2695 3884 2863 3940 etiam
2907 3885 2999 3942 hic
3045 3887 3167 3943 dua:
3194 3887 3322 3946 ﬁlia:
3363 3893 3647 3967 principi,
3685 3896 3807 3952 mg.

575 3974 786 4030 'lllustr‘t
812 3973 934 4028 viro
965 3972 1260 4038 Lunovico,
1285 3969 1381 4026 Dei
1407 3971 1581 4042 gratia
1612 3973 1724 4042 regi
1739 3967 2096 4037 Francorum,
2202 3972 2413 4040 mundi,
2447 3974 2582 4044 quae
2619 3974 2688 4030 ad
2721 3976 2939 4034 nubiles
2984 3993 3160 4036 annos
3199 3995 3530 4053 pervenere,
3567 3987 3717 4044 facie
3757 4001 3804 4041 et

513 4064 869 4122 devotissimo
918 4062 1140 4119 domino
1185 4077 1288 4119 suo
1327 4071 1492 4132 atque
1547 4060 1986 4133 diligentissimo,
2027 4057 2096 4116 R.
2162 4107 2166 4110 .
2199 4079 2429 4135 corpore
2453 4066 2621 4123 nimis
2639 4068 3045 4137 pulcherrimae,
3067 4087 3167 4142 pro
3187 4075 3396 4144 quibus
3417 4081 3810 4136 excellentiam

511 4157 701 4213 cadem
741 4155 1108 4227 permissione
1146 4155 1399 4225 princeps
1432 4153 1825 4219 Antiochenus,
1856 4152 1983 4208 licet
2010 4152 2098 4208 in-
2198 4161 2439 4212 vestram
2505 4158 2786 4216 humiliter
2831 4160 3212 4233 imploramus,
3260 4177 3570 4236 quatenus
3612 4189 3715 4228 eas
3757 4175 3808 4227 in

509 4249 731 4319 dignus,
763 4249 994 4304 salutem
1017 4255 1072 4304 et
1099 4247 1469 4304 dilectionem.
2199 4255 2343 4304 terra
2374 4257 2554 4304 vestra
2584 4249 2654 4304 ad
2683 4251 2948 4308 honorem
2975 4255 3189 4324 generis
3213 4271 3435 4327 earum,
3454 4263 3708 4332 nuptiali
3728 4280 3827 4319 co-

469 4362 474 4366 ν
581 4334 978 4411 Oppressiones
1023 4348 1079 4396 et
1109 4345 1460 4410 pauper-tates
1502 4335 1669 4406 hujus
1707 4341 1886 4403 terrae,
1913 4335 2097 4392 excel-
2197 4337 2326 4406 pnla
2355 4338 2474 4394 viro
2495 4339 2633 4395 dare
2672 4340 2994 4412 dignemini,
3023 4346 3152 4414 quia
3192 4347 3247 4402 in
3279 4348 3384 4404 hac
3429 4360 3588 4408 terra
3629 4356 3818 4410 ardi-

511 4431 816 4487 lentissime
847 4431 1087 4497 domine,
1129 4428 1444 4499 frequenter
1469 4425 1721 4492 audistis,
1745 4433 1818 4492 et,
1854 4426 1910 4480 ni
1952 4424 2098 4481 Deus
2197 4434 2307 4483 tate
2327 4428 2568 4498 ejusdem
2597 4439 2772 4498 terrae,
2803 4439 2859 4488 et
2895 4447 3088 4490 earum
3113 4441 3618 4512 consanguinitate
3639 4433 3827 4504 mihi

511 4527 740 4589 avertat,
772 4521 1116 4594 frequentius
1142 4519 1432 4575 auditurus
1450 4515 1602 4572 estis.
1637 4516 1754 4583 Qua
1777 4525 2096 4588 paupertate
2142 4585 2145 4588 _
2198 4524 2314 4572 tare
2342 4532 2451 4573 non
2481 4533 2788 4588 possemus.
2829 4520 3100 4580 Praeterea
3130 4535 3372 4584 vestram
3407 4547 3595 4589 exoro
3625 4535 3827 4591 δαείω

509 4622 565 4669 et
588 4614 864 4670 anxietate
892 4611 1249 4674 sustineatur,
1281 4607 1437 4664 vobis
1460 4606 1643 4678 lingua
1675 4621 1776 4662 nec
1803 4623 1970 4662 manu
2194 4606 2318 4664 liter
2361 4607 2769 4678 discretionem,
2824 4623 3099 4683 quatenus
3146 4616 3215 4672 de
3256 4621 3618 4688 patrimonio
3671 4641 3828 4698 nam,

501 4719 634 4761 cere
660 4704 746 4760 vel
791 4703 1032 4760 scribere
1069 4707 1363 4770 possumus
1381 4739 1395 4767 ,
1426 4697 1677 4768 quamvis
1724 4698 1955 4769 benigna
1997 4695 2094 4753 Dei
2193 4699 2339 4769 quod
2363 4701 2498 4755 mihi
2521 4710 2574 4756 et
2594 4702 2734 4758 meis
2761 4703 2964 4774 injuste
2991 4715 3046 4762 et
3068 4707 3142 4774 vi,
3169 4710 3420 4766 etetiam
3443 4714 3605 4771 sicut
3627 4695 3828 4772 omni;

508 4795 797 4852 clementia
823 4791 1181 4863 temporibus
1229 4789 1431 4845 nostris
1477 4789 1734 4861 ampliata
1779 4789 1869 4844 sit.
1917 4789 2092 4844 Aures
2191 4788 2296 4846 bus
2327 4791 2518 4860 procul
2543 4790 2714 4848 dubio
2741 4801 2911 4862 patet,
2939 4795 3304 4866 abstulerunt,
3341 4810 3408 4856 ut
3429 4802 3530 4872 jus
3573 4816 3639 4861 α

508 4888 730 4960 quidem
747 4877 993 4943 omnium
1017 4883 1449 4939 Christianorum
1469 4882 1716 4954 quotidie
1737 4891 1939 4953 aperta!
1959 4891 2089 4937 sunt
2190 4879 2450 4948 ΡοεῑυῙίιιν
2466 4880 2546 4937 δίο
2571 4881 2842 4940 deducere
2870 4884 3188 4957 ἀίϐηθωίυί·
3208 4887 3344 4947 Esse
3367 4901 3640 4951 “suum
3669 4877 3828 4968 (μεκῆ

507 4987 563 5033 et
584 4986 802 5044 erectae,
823 4991 922 5047 per
943 4989 1045 5030 nos
1067 4972 1442 5030 liberationem
1481 4981 1896 5046 exspectantes;
1927 4981 1981 5030 et
2006 4974 2090 5028 in-
2189 4971 2378 5027 audire
2405 4972 2802 5042 desideramus,
2825 4977 3026 5048 saepius
3050 4980 3210 5036 nobis
3237 4981 3466 5039 dilectio
3493 4997 3717 5042 vestra
3741 4971 3828 5048 Ri

511 5073 850 5136 terrogantes
875 5065 1018 5122 sicut
1031 5063 1266 5119 Joannes
1294 5063 1347 5117 in
1371 5065 1602 5120 vinculis
1633 5065 1848 5135 positus
1873 5065 2087 5120 rcdem-
2191 5063 2432 5121 scribere
2457 5065 2733 5136 dignetur,
2755 5065 2869 5125 Nos
2891 5079 3074 5127 autem
3100 5087 3197 5141 per
3215 5071 3696 5135 misericordiam
3727 5075 3828 5141 ΠΗ

508 5159 748 5229 ptionem
778 5156 908 5214 Jesn
929 5151 1134 5215 Christi
1162 5172 1256 5227 per
1279 5156 1498 5212 nuntios
1528 5159 1597 5212 ab
1626 5173 1692 5212 eo
1723 5158 2089 5229 interrogabat
2116 5160 2166 5220 D
2192 5156 2314 5211 sani
2337 5167 2392 5211 et
2415 5157 2720 5214 incolumes
2740 5175 2955 5218 sunms.
2983 5161 3112 5218 Milo
3142 5164 3210 5219 de
3233 5162 3529 5237 Nealpbis,

510 5248 732 5318 (Matth.
761 5266 838 5318 ιι,
861 5249 938 5322 2).
975 5250 1217 5307 Scientes
1240 5265 1374 5306 vero
1396 5265 1492 5306 cor
1523 5260 1766 5306 vestrum
1796 5249 1865 5304 ad
1893 5251 2090 5306 libera-
2190 5247 2358 5303 homo
2379 5256 2579 5316 vester,
2605 5249 2762 5306 vobis
2793 5253 3136 5322 apertissime
3159 5270 3287 5312 esse
3313 5257 3494 5329 hujus
3517 5270 3718 5320 terr:
3741 5247 3828 5329 ori

510 5338 716 5395 tionem
756 5341 922 5413 hujus
950 5349 1107 5398 terrae
1132 5358 1255 5399 esse
1287 5343 1488 5414 saepius
1515 5341 1807 5409 intentum,
1846 5342 2090 5413 quotidie
2190 5340 2512 5397 narraverit.

511 5431 582 5488 ad
603 5430 767 5488 Deum
798 5448 899 5505 pro
924 5442 1106 5491 vestra
1129 5435 1460 5490 cxaltatione
1481 5433 1634 5489 ﬂexis
1659 5434 1887 5505 genibus
1907 5443 2089 5501 orant,
2559 5463 2562 5465 λ
2941 5434 3005 5490 ll.

508 5531 571 5578 ut
598 5523 715 5594 ipse
742 5524 884 5583 sicut
902 5519 1062 5594 velle,
1086 5527 1165 5582 sic
1180 5540 1343 5597 posse
1361 5526 1516 5580 vobis
1535 5534 1796 5596 prastare
1814 5525 2088 5596 dignetur,
2544 5541 2761 5583 eiusan
2799 5541 3052 5582 IAGISTRI
3085 5543 3429 5587 IIOSPITALIS.

467 5645 469 5648 ‹
509 5615 564 5669 in
593 5617 852 5674 manibus
879 5617 1042 5688 cujus
1073 5617 1239 5672 corda
1275 5631 1464 5688 regum
1513 5626 1660 5684 sunt,
1694 5625 1755 5674 ut
1800 5625 1945 5673 terra
1975 5617 2094 5673 haec
2263 5616 2538 5678 Lunovxco
2561 5617 2946 5688 potentissimo
2975 5618 3220 5685 domino,
3263 5620 3366 5678 Dei
3410 5625 3590 5696 gratia
3635 5623 3700 5680 Ρ

506 5722 606 5778 per
631 5723 729 5765 vos
752 5703 1008 5766 visiwtur
1041 5716 1096 5763 et
1118 5724 1150 5770 a
1179 5707 1434 5765 manibus
1476 5708 1767 5780 impiorum
1806 5709 2085 5765 liberetur.
2191 5725 2382 5766 eorum
2413 5709 2528 5780 regi
2554 5707 2974 5781 gloriosissimo,
3000 5708 3300 5779 (lineares,
3331 5713 3555 5772 Christi
3581 5732 3690 5786 pa

507 5798 621 5872 Ego
647 5809 826 5859 autem
863 5801 931 5858 de
959 5800 1155 5857 vestris
1193 5801 1534 5856 naturalibus
1572 5799 1887 5856 hominibus
1928 5809 2090 5856 natus
2191 5816 2314 5856 rum
2345 5815 2556 5869 servus,
2587 5810 2640 5856 et
2663 5799 2756 5855 Dei
2780 5799 2977 5870 pietate
2999 5799 3306 5872 liospitalis
3339 5785 3694 5863 Jerusalem
3723 5785 3828 5870 ἒ

3825 5433 3827 5446 4
