3824 6308
85 318 193 378 mli

1010 312 1273 384 REGUM,
1311 315 1491 385 ETC.,
1532 317 1681 375 EPP.
1722 322 1815 377 AD
1852 323 2108 384 LUDOV.
2136 325 2294 386 JUN.

3152 335 3293 394 1266

81 438 231 509 gister,
251 428 462 486 salutem
489 441 616 484 cum
649 426 799 482 omni
828 437 1102 485 conventu
1139 429 1396 500 fratrum,
1417 441 1472 490 et
1511 449 1601 492 εθ-
1629 436 1678 498 A
1707 436 1842 500 estis
1865 440 1921 496 in
1949 439 2206 512 Domino,
2240 442 2516 502 civitatem
2553 456 2800 503 sanctam
2839 457 2892 504 et
2919 446 3196 521 regionem
3239 451 3291 508 ei

81 531 223 602 ipsum
247 526 294 580 in
313 522 544 579 Christo.

131 614 302 670 Notitia
329 619 524 668 nostra;
552 610 890 669 inﬁrmitatis
929 611 1197 671 Dominus
1232 616 1474 688 agnovit,
1500 616 1604 674 do-

76 709 192 764 mine
215 705 292 776 pie
322 719 430 770 rex,
465 703 614 774 quod
649 713 813 761 reset
849 707 1229 777 possessiones
1267 724 1406 780 quas
1447 725 1604 781 pere-

73 795 183 869 grini
209 802 382 850 sancto
409 792 679 850 desiderio
721 795 826 852 iter
873 796 1213 855 Hierusalem
1254 801 1598 872 arripientes,

70 901 203 944 causa
236 883 437 941 videndi
467 893 717 944 sanctam
743 889 953 947 Christi
1003 892 1458 950 resurrectionem
1497 895 1602 952 sub

71 980 225 1034 umbra
251 993 434 1034 manus
474 987 693 1049 vestrae,
735 981 917 1040 salvas
957 991 1012 1039 et
1043 983 1242 1042 illmsas
1275 987 1594 1044 consistere.

69 1071 237 1127 Idcirco
263 1068 526 1126 altitudini
555 1079 753 1130 vestrae
786 1075 1182 1147 supplicamus,
1216 1086 1490 1150 quatenus
1529 1080 1600 1137 de

65 1163 341 1236 quibusdam
394 1164 872 1236 malefactoribus,
917 1169 1014 1241 qui
1058 1178 1260 1227 terram
1309 1173 1596 1244 cujusdam

63 1258 189 1328 probi
217 1256 329 1326 viri,
351 1257 602 1317 videlicet
627 1259 914 1318 Guillermi
948 1263 1015 1319 de
1042 1264 1320 1337 Donperre
1343 1267 1597 1324 incendio

63 1365 214 1404 eorum
249 1350 596 1420 perversitate
634 1363 1034 1424 cremaverunt,
1079 1355 1200 1428 ipso
1252 1355 1594 1416 Hierusalem

62 1451 379 1508 permanente,
405 1444 568 1499 talem
586 1445 715 1500 inde
723 1445 990 1517 justitiam
1014 1449 1225 1519 placeat
1238 1449 1434 1519 facere,
1447 1453 1594 1523 quod

56 1534 170 1588 alius
187 1533 271 1604 qui
291 1535 542 1605 audierit,
574 1538 810 1609 amplius
837 1555 944 1596 non
968 1550 1264 1610 praesumat
1287 1543 1590 1601 consimile.

59 1625 222 1681 Valete.

755 1743 844 1801 lli.

300 1846 555 1891 AIALRICI
593 1851 750 1893 REGIS
783 1854 1284 1897 ιιιειιοεοιγιιοικυκ.

103 1917 364 1991 Lunovlco,
386 1940 490 1995 per
511 1924 607 1981 Dei
632 1927 859 1998 gratiam
885 1925 1222 1986 Francorum
1251 1932 1364 2004 regi
1389 1933 1592 2005 glorio-

49 2008 246 2080 sissimo,
261 2013 569 2073 AIALRICUS
596 2031 693 2088 per
711 2019 961 2075 eamdem
985 2018 1458 2095 JerOSolymorum
1471 2040 1588 2095 rex,

48 2103 260 2162 salutem.

102 2191 279 2252 Vestrae
291 2198 572 2256 credimus
587 2199 893 2260 innotuisse
917 2205 1222 2275 serenitati,
1243 2206 1587 2277 charissime,

45 2288 296 2345 multorum
317 2306 382 2346 ex
403 2292 674 2350 relatione
695 2295 956 2364 veridica,
995 2297 1256 2370 quoniam
1273 2311 1587 2370 postquam,

39 2380 242 2446 peccatis
272 2381 482 2439 nostris
517 2383 884 2456 exigentibus,
929 2388 1185 2460 princeps
1210 2389 1589 2448 Antiochenus

40 2483 62 2522 a
87 2469 254 2529 Turcis
294 2483 494 2546 captus
529 2473 654 2544 fuit,
685 2487 739 2534 et
779 2493 972 2537 omnes
1010 2481 1097 2538 sui
1147 2490 1242 2539 aut
1278 2483 1590 2554 captivitate

39 2569 115 2616 aut
139 2574 294 2622 morte
327 2567 538 2638 perditi
565 2577 618 2625 et
641 2571 982 2640 pessumdati
1021 2582 1172 2642 sunt,
1200 2590 1268 2630 ex
1289 2575 1588 2647 improviso

35 2661 306 2724 supervenit
330 2659 658 2732 repentinus
680 2663 952 2722 interitus.
983 2665 1030 2720 A
1053 2669 1254 2724 saeculo
1275 2668 1478 2724 etenim
1503 2669 1588 2724 in-

35 2745 219 2803 auditus
258 2757 606 2808 terracmotus
630 2795 646 2822 ,
695 2755 945 2824 castella,
1001 2764 1216 2824 turres,
1246 2757 1582 2829 municipia,

33 2839 188 2895 omnia
212 2836 319 2897 fere
343 2849 470 2898 tam
497 2842 551 2899 in
575 2845 852 2902 montanis
873 2863 1040 2917 quam
1065 2848 1118 2903 in
1145 2848 1348 2920 planis,
1372 2857 1487 2904 tam
1529 2849 1584 2904 in
1617 2900 1624 2908 .

33 2926 281 2990 Antiochia
319 2951 496 3007 quam
543 2936 600 2993 in
645 2939 899 2996 omnibus
927 2939 978 2996 ei
1027 2940 1418 3012 adiacentibus,
1456 2949 1588 2999 tunc

31 3021 78 3075 iu
101 3023 280 3094 planis,
303 3035 444 3084 tunc
473 3027 530 3084 in
562 3031 864 3098 montanis,
900 3032 1018 3088 solo
1050 3033 1375 3105 adaequavit,
1403 3042 1458 3091 et
1493 3035 1583 3090 in-

1707 532 2018 590 universam
2061 535 2423 608 adjacentem,
2450 547 2507 594 et
2541 539 2830 596 universos
2860 539 2984 597 ﬁdei
3007 543 3292 600 catholicas

1705 622 2025 681 charactere
2042 625 2355 699 insignitos,
2379 636 2682 702 protegere,
2705 629 2907 700 fovere,
2937 639 3291 690 manutenere

1703 727 1770 770 ac
1797 716 2177 774 corroborare.
2211 718 2270 774 Si
2298 720 2482 792 itaque
2499 718 2734 792 Spiritus
2755 723 2970 780 consilii
2999 723 3287 782 Serenitati

1702 814 1900 863 vestra:
1929 809 2236 880 magniﬁcae
2282 810 2574 884 inspiravit
2601 813 2738 870 velle
2767 814 2985 882 iterum,
3016 815 3085 872 ad
3112 816 3286 887 majo-

1703 913 1816 956 rem
1859 915 2120 958 coronam
2166 903 2355 972 vestri,
2401 905 2628 963 visitare
2672 907 2855 964 locum
2884 907 2978 964 ubi
3015 916 3288 966 steterunt

1701 989 1867 1060 pedes
1915 991 2132 1048 Domini
2183 995 2559 1067 corporaliter,
2591 999 2754 1055 modo
2783 999 3050 1056 instanter
3089 1001 3284 1058 saltem

1701 1081 1756 1137 in
1776 1083 1886 1140 hac
1905 1084 2337 1163 Christianitatis
2363 1103 2564 1163 magna
2594 1091 2918 1148 necessitate
2935 1102 2991 1148 et
3011 1093 3285 1152 anxietate

1699 1175 2040 1246 multimoda,
2068 1161 2255 1236 venire
2291 1195 2402 1236 non
2439 1161 2736 1252 dvenegetis,
2771 1197 2872 1238 nec
2896 1181 3179 1240 diﬁ‘eratis.
3221 1181 3284 1240 in

1696 1276 1876 1324 vestra
1906 1270 2195 1327 sanctitate
2223 1271 2370 1328 enim
2395 1273 2643 1328 omnium
2672 1281 2797 1330 vota
2816 1275 3170 1340 conveniunt,
3203 1282 3280 1341 et,

1696 1375 1797 1430 pro
1830 1369 1966 1418 nutu
2008 1371 2194 1420 vestro
2239 1371 2298 1420 et
2339 1364 2518 1422 amico
2543 1365 2794 1437 imperio,
2841 1381 2944 1422 nos
2966 1376 3021 1422 et
3051 1376 3284 1437 regnum

1696 1459 1944 1507 nostrum
1974 1460 2150 1516 totum
2171 1455 2563 1512 exsudabimus
2589 1456 2752 1528 digne
2791 1455 2922 1512 Deo.
2969 1455 3046 1514 De
3085 1463 3283 1514 caetero

1693 1553 1892 1600 vestrae
1925 1548 2376 1606 commendamus
2411 1549 2725 1620 paternitati
2758 1549 3112 1620 praesentium
3135 1549 3280 1606 lato-

1693 1652 1830 1705 rem,
1858 1653 2068 1710 magnae
2091 1641 2395 1698 honestatis
2415 1641 2620 1710 virum,
2643 1649 2699 1698 et
2731 1642 3125 1711 venerabilem,
3161 1641 3281 1698 Ma»
3346 1637 3350 1644 “

1693 1728 1922 1786 mistriae
1947 1729 2412 1804 archipraesulem,
2437 1733 2507 1789 ad
2531 1732 2718 1790 onmia
2733 1733 2890 1788 “bene
2912 1731 3118 1804 agenda
3137 1740 3280 1791 stre-

1693 1836 1886 1889 nuum,
1915 1832 2190 1894 quatenus
2216 1839 2342 1880 eum
2373 1825 2614 1898 benigne
2645 1825 2945 1896 recipiatis,
2973 1831 3028 1880 et
3057 1823 3109 1879 el
3137 1823 3284 1880 sicut

1691 1911 1774 1966 ori
1803 1911 2276 1970 nostrocredatis.
2320 1911 2403 1969 illi
2432 1913 2604 1982 enim,
2629 1929 2700 1970 ne
2735 1913 3082 1984 epistularem
3121 1925 3283 1970 exce-

1688 2001 1944 2060 deremus
1983 2005 2332 2072 brevitatem,
2383 2014 2592 2064 secreta
2641 2014 2830 2062 nostra
2865 2014 2928 2063 ut
2969 2005 3122 2064 vobis
3159 2004 3282 2064 viva

1690 2108 1823 2150 voce
1847 2093 2134 2161 edisserat,
2157 2096 2560 2153 commisimus.
2589 2093 2797 2152 Valete.
3277 2105 3284 2112 '

2435 2252 2528 2310 IV.

1849 2368 2106 2443 AllALRlC
2115 2368 2154 2443 ι]
2177 2385 2532 2426 unaunam
2555 2385 2606 2426 s.
2633 2383 3112 2427 assunnnc'rtonts.

1759 2483 1848 2550 A.,
1881 2481 1976 2539 Dei
1996 2483 2170 2555 gratia
2200 2482 2414 2539 Sanctae
2445 2477 2882 2540 Resurreetionls
2897 2480 3156 2540 Ecclesia
3174 2498 3275 2554 pa-

1685 2570 1948 2639 triarcha,
2003 2569 2332 2629 charissima
2374 2572 2487 2628 lilio
2531 2571 2824 2640 Lonovrco,
2861 2571 3052 2630 eadem
3101 2573 3276 2646 gratia

1689 2659 1892 2718 illustri
1919 2661 2259 2720 Francorum
2287 2656 2422 2737 regi,
2465 2664 2697 2721 salutem
2726 2655 2782 2721 et
2814 2672 3138 2721 cunctorum
3175 2665 3276 2722 ho-

1687 2755 1856 2812 stium
1881 2756 2245 2829 triumphum.

1759 2845 2033 2915 Quoniam
2080 2849 2292 2920 paterni
2325 2850 2480 2923 regni
2522 2849 2723 2906 solium
2768 2848 3137 2907 conscendere
3172 2861 3274 2906 vos

1685 2934 1819 2994 fecit
1846 2939 2031 2996 divina
2055 2939 2414 3011 dispensatio,
2439 2955 2540 3012 pro
2567 2941 2744 3012 gratia
2773 2940 2928 2996 vobis
2954 2939 3152 2996 collata
3183 2937 3276 2995 di;

1684 3029 1869 3086 vinam
1895 3030 2310 3104 interpellamus
2341 3033 2686 3088 clementiam
2719 3039 2845 3088 ante
2872 3031 3185 3103 passionem
3218 3039 3279 3087 et

31 3115 412 3188 numerabilem,
437 3121 578 3190 proh
602 3120 791 3177 dolor!
823 3123 1261 3180 Christianorum
1299 3126 1582 3198 utriusque
1609 3141 1655 3204 ς
1684 3124 2144 3182 resurrectionem
2165 3123 2261 3181 Dei
2291 3131 2345 3181 et
2369 3123 2586 3181 Domini
2609 3124 2782 3180 nostri
2808 3122 2936 3180 Iesu
2959 3122 3189 3191 Christi,
3211 3131 3276 3180 ut

29 3219 166 3263 sexus
186 3208 592 3266 multitudinem
613 3211 776 3268 morti
806 3213 1117 3286 improvisa:
1135 3207 1371 3283 addixit,
1396 3224 1453 3272 et
1481 3232 1578 3273 ex-

28 3296 206 3366 stinxit,
233 3308 377 3368 et,nt
400 3303 591 3359 verius
616 3303 888 3372 dicamus,
921 3314 1066 3362 terra
1088 3314 1250 3364 tenus
1273 3307 1577 3365 absorbuit.

27 3387 91 3442 ad
115 3393 384 3450 cumulum
436 3402 620 3452 autem
649 3395 886 3454 miserias
913 3405 968 3453 et
1011 3398 1066 3454 in
1103 3414 1376 3455 summam
1416 3398 1582 3456 desoo

27 3475 216 3537 lationis
237 3484 592 3550 omnimodae,
621 3486 767 3542 viam
804 3487 1072 3544 universa
1091 3488 1274 3546 carnis
1298 3488 1582 3561 ingressus

27 3579 107 3637 est,
134 3573 253 3642 heu,
283 3575 390 3632 heu
414 3577 431 3631 !
458 3575 552 3632 ille
571 3591 663 3632 rex
711 3577 948 3649 inclytus
971 3585 1024 3633 et
1054 3577 1328 3650 egregius,
1360 3578 1582 3650 clypeus

27 3671 66 3715 et
89 3663 366 3737 fortitudo,
405 3677 536 3740 post
582 3667 752 3724 Deum
777 3711 791 3736 ,
851 3669 1108 3726 Ecclesiae
1159 3668 1472 3738 Orientalis,
1527 3661 1584 3729 et

27 3759 261 3830 praecipue
301 3761 469 3835 regni
521 3759 826 3818 Jerusalem
877 3761 1040 3820 unica
1091 3771 1147 3818 et
1193 3761 1584 3834 irrel'ragabilis

27 3861 128 3916 spes
155 3851 432 3912 etﬁducia
458 3853 738 3922 salutaris,
765 3862 946 3910 vester
972 3855 1252 3926 vestrique
1272 3857 1426 3929 regni
1451 3873 1584 3927 prce-

28 3938 271 4011 :ordialis,
295 3949 602 4014 nosterque
630 3943 888 3999 dominus
909 3952 964 3998 et
987 3942 1156 4000 frater
1184 3960 1279 4013 rex
1314 3946 1584 4003 Christia-

28 4029 256 4090 nissimus
280 4033 610 4091 Balduinus.
657 4033 831 4106 Cujus
873 4034 998 4092 ideo
1042 4036 1489 4092 inconsolabilior
1527 4046 1584 4094 et

27 4111 365 4186 vehementiOr
390 4136 480 4185 est
506 4127 797 4195 transitus,
833 4127 990 4183 dolor
1015 4135 1074 4183 et
1093 4127 1381 4197 desolatio,
1411 4130 1578 4201 quod,

27 4213 110 4270 Deo
131 4227 374 4288 auctore,
403 4219 462 4276 in
491 4221 612 4292 ipso
632 4229 687 4276 et
707 4235 804 4291 per
829 4220 1010 4290 ipsum
1031 4220 1279 4276 omnium
1305 4225 1581 4282 universi-

28 4323 81 4363 as
119 4308 440 4369 Christiana
485 4307 721 4368 habebat
764 4322 1078 4385 promptum
1126 4317 1481 4389 adjutoriu'n,
1526 4325 1584 4374 et
1619 4346 1624 4350 -

27 4407 180 4456 :mtra
211 4402 435 4476 singula
466 4401 788 4460 infestantis
819 4404 1220 4463 sufﬁcientiam.
1269 4407 1421 4475 Inde,
1455 4409 1580 4464 inde

1665 3212 1829 3300 .idem
1858 3213 2003 3271 Deus
2049 3223 2106 3270 et
2146 3214 2415 3272 Dominus
2440 3223 2627 3272 noster
2671 3216 2838 3272 vitam
2865 3222 3104 3272 vestram
3143 3229 3274 3286 pro-

1683 3321 1844 3376 spere
1871 3306 2157 3378 prolonget
2182 3323 2246 3364 ac
2270 3306 2469 3374 foveat,
2493 3316 2551 3362 et
2573 3315 2696 3378 post
2715 3307 2880 3378 hujus
2910 3307 3036 3363 vita:
3071 3306 3280 3362 termiw

1683 3409 1817 3450 num
1849 3393 2017 3451 vitam
2059 3395 2218 3452 vobis
2257 3395 2462 3452 tribuat
2507 3396 2914 3466 sempiternam.
2954 3394 3094 3461 Quia
3137 3409 3270 3451 vero

1684 3486 1788 3542 sub
1812 3494 1995 3542 vestra
2025 3486 2190 3542 tutela
2224 3500 2490 3558 pauperes
2521 3485 2730 3543 Christi
2752 3485 2936 3557 quiete
2955 3487 3272 3542 conversari

1683 3585 1737 3632 et
1761 3573 2093 3634 fructiﬁcare
2117 3568 2524 3648 cognoscimus,
2545 3591 2648 3648 pro
2675 3575 2801 3632 ﬁliis
2827 3575 3034 3632 nostris
3065 3590 3272 3647 paupe-

1682 3664 1838 3722 ribus
1859 3666 2117 3736 "leprosis,
2141 3666 2234 3736 qui
2257 3675 2411 3722 extra
2436 3679 2624 3722 muros
2637 3662 2976 3722 Hierusalem
3006 3673 3274 3736 perpetuo

1682 3753 2019 3810 inﬁrmitatis
2043 3769 2158 3811 sum
2189 3754 2502 3810 detinentur
2524 3761 2578 3811 et
2601 3753 2846 3811 damnati
2874 3761 3004 3812 sunt
3022 3767 3265 3822 carcere,

1682 3845 1750 3903 de
1796 3859 2030 3918 quorum
2063 3844 2310 3902 cruciatu
2331 3852 2386 3900 et
2429 3845 2625 3902 ardore
2669 3859 2788 3900 non.
2823 3852 3036 3900 tantum
3081 3845 3266 3900 dicere

1681 3951 1982 4008 possumus
2005 3933 2272 4008 quantum
2301 3935 2477 3992 oculis
2500 3935 2702 3994 vestris
2735 3933 2971 4004 vidistis,
3013 3935 3266 3992 sublimi-

1683 4035 1850 4085 tatem
1897 4036 2138 4086 vestram
2179 4041 2440 4099 rogamus
2481 4027 2772 4095 attentius,
2821 4028 3280 4084 commendantes

1681 4119 1844 4176 vobis
1866 4119 2094 4174 latorem
2116 4117 2469 4189 praisentium
2491 4117 2811 4174 eorumdem
2831 4131 3132 4189 pauperum
3155 4116 3268 4171 fra-

1682 4219 1845 4280 trem,
1885 4224 2048 4284 qucm
2095 4211 2429 4268 excellentia:
2454 4218 2648 4266 vestrm
2676 4225 2776 4282 pro
2811 4225 2916 4267 sua
2939 4209 3270 4266 necessitate

1685 4305 2082 4372 transmittunt,
2133 4313 2427 4376 quatenus,
2465 4319 2532 4360 ea
2567 4303 2772 4371 audita,
2794 4310 2959 4374 prout
3000 4302 3157 4358 vobis
3184 4301 3270 4357 vi-

1683 4409 1807 4451 sum
1853 4392 2042 4462 fuerit,
2065 4403 2122 4450 et
2165 4393 2314 4451 Deus
2343 4393 2504 4450 vobis
2535 4393 2906 4464 inspiraverit,
2947 4392 3268 4450 earumdem

27 4493 82 4544 st
121 4493 414 4562 nimirum,
463 4494 840 4564 dilectissime,
892 4497 1040 4566 quod
1080 4507 1274 4553 vestrae
1306 4497 1580 4568 majestati

1694 4484 2018 4553 necessitati,
2034 4484 2129 4557 qui
2158 4484 2383 4540 humani
2407 4491 2662 4556 aspectus
2685 4493 2740 4540 et
2764 4483 3019 4540 humanae
3037 4498 3268 4554 prorsus

28 4594 255 4652 anquam
289 4585 629 4640 lineamenta
667 4586 735 4642 de
781 4587 960 4658 capite
993 4588 1282 4658 pendentia
1317 4588 1586 4646 inclinan-

27 4684 97 4738 es,
125 4683 628 4731 sustentamentum
666 4684 916 4733 nostrum
943 4687 996 4733 et
1017 4677 1140 4732 ﬁdei
1162 4677 1368 4736 deiﬁcae
1394 4679 1584 4735 basem

27 4775 194 4820 :nuam
237 4767 835 4839 inexpugnabilemque
885 4767 1194 4837 civitatem,
1235 4770 1583 4827 serenitatem

28 4865 230 4913 'estram
268 4857 395 4915 fore
417 4859 475 4914 in
509 4858 736 4916 Christo
765 4860 1172 4932 cognoscimus,
1208 4869 1263 4916 et
1303 4860 1585 4918 humilita-

27 4963 98 5004 em
147 4957 425 5017 nostram,
471 4960 710 5008 vestram
754 4967 879 5007 esse
918 4968 1107 5008 curam
1152 4953 1482 5024 peculiarem
1528 4953 1585 5010 in

27 5036 224 5093 Domino
273 5038 620 5111 proﬁtemur.
677 5037 809 5106 QuaI
849 5052 981 5110 ergo
1026 5039 1112 5093 vel
1167 5047 1372 5110 quanta
1421 5037 1586 5095 fuerit

29 5143 132 5183 erae
153 5129 451 5186 charitatis
477 5127 815 5185 abundantia
837 5136 893 5184 et
913 5128 1177 5200 perfectio
1215 5130 1273 5186 in
1316 5131 1418 5202 piae
1463 5147 1582 5188 meo

29 5221 180 5278 ionius
206 5223 397 5279 amico
417 5231 602 5279 vestro
631 5237 758 5294 rege
789 5220 1094 5278 Jerusalem
1132 5231 1450 5294 praataxato,
1486 5223 1583 5280 Dei

29 5331 88 5369 ro
129 5330 306 5373 causa
356 5324 415 5372 et
457 5316 604 5372 illius
643 5315 1008 5372 invictissimo
1037 5330 1246 5384 amore,
1292 5316 1348 5373 in
1392 5328 1583 5374 nostra

31 5422 134 5463 unc
155 5408 430 5463 omnibus
448 5416 708 5480 appareat
735 5416 790 5463 et
814 5406 1080 5464 Ecclesiae.
1095 5405 1386 5466 Orientalis
1413 5408 1580 5465 deso-

27 5499 208 5555 uione.
257 5497 427 5555 Sicut
462 5501 609 5556 enim
645 5501 714 5557 de
759 5499 1222 5574 praedecessorum
1270 5508 1580 5557 vestrorum

27 5599 40 5643 t
61 5593 236 5648 totius
268 5593 548 5664 prosapiae
574 5601 769 5650 vestrm
793 5593 1043 5664 piissima
1078 5592 1381 5649 intentione
1405 5593 1580 5650 veris-

28 5681 124 5735 ime
153 5680 364 5737 didicit
389 5682 652 5739 sanctitas
681 5683 840 5739 vobis
866 5682 1074 5750 innata,
1100 5697 1168 5739 ex
1195 5697 1346 5740 more
1372 5690 1428 5739 et
1450 5697 1581 5754 pro-

27 5771 168 5827 esito
189 5771 484 5842 laudabili,
515 5785 726 5845 semper
754 5773 1037 5832 consuevit
1067 5789 1293 5848 regnum
1326 5775 1411 5832 cui
1439 5791 1578 5846 pra:-

1687 4577 1886 4634 lzetitiae
1913 4586 2044 4635 sunt
2081 4584 2352 4649 expertes,
2383 4589 2674 4634 occurrere
2713 4575 3035 4648 dignemini,
3063 4584 3124 4631 ut
3165 4591 3270 4646 pro

1685 4669 1774 4726 his
1798 4677 1853 4725 et
1875 4683 1975 4740 pro
1997 4668 2122 4724 aliis
2141 4667 2424 4724 beneﬁciis
2461 4682 2496 4723 a
2539 4673 2948 4723 remuneratore
2993 4665 3265 4720 bonorum

1685 4763 1934 4820 omnium
1960 4760 2092 4829 Deo,
2127 4769 2184 4818 et
2201 4761 2258 4816 in
2283 4761 2542 4833 praesenti
2572 4759 2878 4825 victoriam,
2909 4767 2963 4814 et
2987 4766 3112 4829 post
3141 4773 3267 4828 per-

1687 4863 1866 4911 actam
1908 4852 2223 4926 temporalis
2269 4852 2423 4924 regni
2470 4851 3020 4916 administrationem,
3049 4857 3268 4906 aeternas

1684 4945 2038 5002 beatitudinis
2058 4944 2304 5014 accipere
2323 4942 2647 5000 mereamini
2677 4941 3006 5012 portionem.
3037 4939 3097 4995 hi
3125 4955 3267 5010 prae-

1676 5034 1791 5092 fato
1815 5035 2084 5106 siquidem
2108 5034 2229 5088 loco
2257 5049 2322 5089 ex
2353 5031 2584 5088 diversis
2615 5029 2804 5086 mundi
2834 5029 3082 5100 partibus
3103 5028 3260 5084 inﬁr-

1680 5145 1901 5186 morum
1927 5136 1982 5183 et
2011 5141 2311 5198 pauperum
2347 5124 2445 5181 Dei
2488 5123 2816 5180 circumﬂuit
2839 5119 3152 5178 multitudo.
3200 5120 3266 5178 Et

1678 5220 1939 5292 quoniam
1961 5219 2028 5274 ad
2039 5215 2454 5275 sustentandam
2467 5229 2658 5272 eorum
2675 5211 3038 5270 miserabilem
3059 5223 3116 5268 et
3143 5212 3266 5268 ino-

1677 5328 1802 5384 pem
1821 5312 2014 5379 vitam,
2041 5309 2214 5366 multa
2238 5307 2323 5364 eis
2353 5315 2484 5364 sunt
2507 5305 2836 5374 necessaria,
2871 5313 2928 5361 et
2963 5304 3265 5362 multorum

1681 5403 1962 5462 evidenter
1982 5401 2227 5472 indigent
2255 5399 2496 5468 auxiliis,
2539 5394 2832 5454 Orientalis
2850 5395 3092 5454 Ecclesia
3117 5397 3264 5453 mul-

1683 5495 1755 5552 tis
1779 5493 2226 5550 tribulationibus
2263 5501 2318 5549 et
2348 5506 2687 5564 paganorum
2728 5489 3133 5547 incursionibus
3166 5503 3266 5558 ep-

1681 5603 1892 5660 pressa,
1919 5588 2002 5644 eis
2021 5603 2090 5644 ex
2135 5595 2251 5643 toto
2282 5587 2336 5642 in
2367 5585 2782 5644 necessitatibus
2819 5583 3112 5642 subvenire
3153 5597 3264 5637 non

1681 5688 1879 5752 potest.
1925 5677 2079 5737 Unde
2102 5677 2476 5735 benefactores
2490 5692 2681 5734 eorum
2707 5675 2995 5734 universos
3015 5671 3265 5732 omnium

1683 5773 1996 5830 orationum
2051 5781 2104 5829 ct
2157 5769 2544 5828 beneﬁciorum
2586 5777 2922 5834 vestrorum,
2973 5774 3029 5823 et
3068 5779 3261 5820 eorum
