3832 6314
525 416 672 484 1267

1147 413 1238 471 AD
1272 405 1720 469 GODEFPJDUM
1753 399 2045 458 APPEND.
2085 395 2150 452 ll.
2188 425 2258 435 —
2291 389 2560 449 MONUM.
2600 387 2688 442 DE
2724 382 2948 443 κει.ιο
2989 377 3241 438 SACRO.

3621 379 3722 436 1168

524 538 762 598 maxime
783 549 907 606 quae
935 532 992 587 in
1035 537 1229 588 sancta
1269 525 1489 583 civitate
1523 520 1828 579 Jerusalem
1856 518 2014 574 ﬁunt.
2047 520 2106 569 et
2131 519 2182 577 Α
2210 523 2448 566 strorum
2499 503 3060 575 archiepiscoporum,
3094 496 3493 606 episcoporum,
3527 493 3722 606 abbatum

523 630 592 687 de
619 637 818 685 caetero
839 625 991 690 ﬁent,
1021 619 1310 694 participes
1331 624 1387 672 et
1407 621 1692 672 consortes
1715 609 1968 665 facimus.

1280 707 1348 763 Υ.

1201 815 1457 859 ειυευει.

594 907 692 974 A.,
721 903 817 961 Dei
841 900 1014 974 gratia
1039 897 1254 954 Sanctae
1281 887 1718 948 Resurrectionis
1729 884 1984 943 Ecclesiae
2016 899 2112 955 pa-

529 982 794 1064 triarcha,
829 991 1158 1052 charissima
1201 988 1257 1043 in
1285 985 1508 1042 Christo
1547 982 1660 1037 ﬁlio
1689 979 1990 1042 Lunovtco,
2020 991 2113 1032 ea—

528 1093 655 1150 dem
681 1088 854 1162 gratia
876 1083 1066 1142 Galliae
1087 1077 1382 1138 viotorioso
1404 1084 1460 1133 et
1483 1073 1704 1162 illustri,
1736 1072 1806 1127 ab
1826 1085 1894 1127 eo
1915 1067 2114 1125 salvari

529 1183 626 1256 qui
654 1157 749 1238 dat
777 1178 1010 1236 salutem
1033 1173 1275 1243 regibus.
1660 1157 1676 1170 '

537 1253 828 1353 :Sincera
878 1284 989 1342 qua
1038 1281 1142 1323 vos
1197 1261 1580 1335 amplectimur
1633 1273 1777 1314 verae
1832 1253 2118 1312 charitatis

525 1350 751 1423 dilectio
769 1405 786 1432 ,
848 1370 906 1419 et
953 1359 1138 1416 debita
1204 1353 1584 1428 patriarchalis
1629 1350 1794 1408 ofﬁcii
1841 1363 1965 1419 qua:
2014 1361 2117 1401 no-

526 1460 616 1516 bis
669 1455 938 1514 incumbit
998 1450 1308 1510 sollicitudo
1331 1490 1348 1516 ,
1406 1463 1508 1503 nos
1567 1443 1842 1516 compellit
1899 1449 1956 1498 et
2018 1437 2118 1495 ad-

528 1558 718 1607 monet
781 1545 1046 1604 Ecclesiis
1113 1542 1320 1599 nostris
1369 1539 1690 1612 providere,
1741 1544 1824 1602 et,
1879 1534 1937 1588 in
1994 1532 2121 1603 qui-

527 1643 635 1700 bus
691 1638 997 1698 secundum
1058 1631 1231 1690 Deum
1264 1646 1582 1703 possumus,
1636 1627 1807 1684 totius
1849 1622 2122 1680 Christia-

529 1731 725 1789 nitatis
765 1727 1104 1802 profectibus
1146 1734 1203 1781 et
1223 1723 1551 1780 utilitatibus
1584 1719 1887 1790 invigilare.
1926 1713 1984 1769 In
2010 1728 2126 1768 me-

528 1824 625 1880 dio
680 1821 954 1892 siquidem
1000 1817 1245 1874 nationis
1288 1829 1470 1887 pravae
1515 1820 1571 1868 et
1621 1823 1891 1882 perversae
1937 1805 2122 1876 positi,

531 1917 604 1972 ab
627 1913 928 1970 inﬁdelium
977 1909 1266 1984 tyrannide
1306 1905 1537 1978 singulis
1570 1902 1684 1958 fere
1711 1900 1907 1956 diebus
1942 1899 2126 1968 impu-

533 1995 790 2076 gnamur,
821 2010 878 2060 et
902 2000 1156 2059 assiduas
1191 1997 1538 2053 inimicorum
1559 1991 1860 2050 Christiani
1886 1989 2128 2045 nominis

531 2096 762 2154 insidias
791 2102 847 2152 et
875 2092 1117 2165 pericula
1157 2091 1514 2147 sustinemus.
1556 2087 1775 2155 Quanto
1817 2083 1984 2156 igitur
2008 2097 2131 2137 ma-

527 2189 651 2260 jora
680 2196 736 2245 et
755 2187 1020 2243 viciniora
1048 2183 1210 2239 nobis
1230 2181 1520 2236 imminent
1543 2179 1808 2251 pericula,
1827 2185 1982 2232 tanto
2007 2189 2130 2230 ma-v

531 2283 618 2354 gis
645 2297 746 2338 nos
774 2277 1034 2352 providos
1069 2284 1124 2334 et
1151 2275 1414 2332 sollicitos
1447 2282 1662 2345 oportet
1684 2280 1740 2328 et
1767 2271 1838 2326 ab
1872 2269 1980 2325 illis
2002 2284 2134 2325 con-

535 2372 724 2430 silium
777 2378 827 2426 et
881 2368 1151 2426 auxilium
1202 2381 1449 2438 quaerere
1494 2365 1590 2436 qui
1630 2373 1686 2421 et
1722 2363 2024 2428 abundant,
2079 2369 2136 2416 et

539 2463 796 2522 conferre
855 2468 1132 2519 noverunt
1187 2467 1243 2515 et
1272 2459 1405 2514 dare
1465 2464 1892 2514 consueverunt.
1952 2451 2132 2508 liabe-

537 2575 665 2615 mus
705 2565 891 2634 autem
921 2555 979 2611 in
1021 2553 1227 2610 ﬁnibus
1269 2551 1675 2624 patriarchatus
1724 2549 1920 2615 nostri,
1969 2548 2024 2602 in
2057 2545 2137 2601 ci—

541 2650 713 2705 vitate
755 2646 1123 2714 Paneadensi,
1159 2661 1283 2717 quae
1324 2644 1526 2701 dicitur
1569 2643 1809 2710 Belinas,
1849 2639 2138 2697 ecclesiam

541 2740 841 2812 quamdam
904 2747 1019 2794 tam
1087 2736 1384 2794 reverenda
1449 2735 1771 2806 antiquitate
1830 2733 2097 2789 celebrem
2121 2771 2138 2797 ,

537 2848 714 2904 quam
757 2831 948 2888 multis
1006 2838 1060 2886 et
1107 2829 1406 2884 multorum
1461 2824 1855 2882 miraculorum
1909 2821 2143 2894 insigni-

543 2924 648 2980 bus
713 2921 1029 2979 decoratam
1100 2930 1154 2976 et
1211 2919 1527 2977 exaltatum.
1579 2916 1713 2984 Quae
1769 2913 1980 2971 scilicet
2041 2926 2135 2968 ec-

539 3013 711 3070 clesia
757 3012 814 3068 in
852 3012 947 3070 illo
979 3012 1101 3068 loco
1146 3011 1394 3067 Caesarea
1439 3007 1676 3078 Philippi
1729 3005 1860 3062 olim
1909 3003 2138 3059 fundata

537 3105 665 3174 fuit,
709 3105 766 3160 in
811 3119 921 3175 quo
953 3103 1192 3175 primum
1230 3111 1286 3158 et
1319 3099 1498 3158 solum
1534 3098 1791 3156 Christus
1830 3095 2003 3151 Filius
2039 3093 2139 3151 Dei

537 3196 672 3288 vivi,
722 3211 758 3252 a
802 3194 965 3253 Petro
999 3193 1378 3267 apostolorum
1423 3191 1628 3248 vertice
1657 3205 1757 3261 per
1798 3189 1924 3246 ﬁdei
1973 3195 2138 3244 rectae
2166 3228 2208 3288 ο

539 3285 943 3344 confessionem
969 3285 1424 3342 manifestissime
1458 3282 1784 3355 praxlicatus
1804 3289 1858 3337 et
1887 3279 2136 3336 declara-

538 3385 632 3435 tus
654 3387 760 3446 est,
793 3393 921 3435 cum
957 3394 1073 3449 prae
1109 3376 1368 3432 omnibus
1405 3385 1459 3432 et
1498 3392 1597 3446 pro
1631 3373 1891 3430 omnibus
1919 3372 2137 3444 procla-

539 3471 709 3527 mavit
742 3489 758 3524 :
793 3469 946 3525 Tues
978 3467 1247 3535 Christus,
1287 3466 1464 3521 Filius
1498 3465 1593 3521 Dei
1621 3466 1724 3520 vivi
1765 3464 1990 3535 (Matt/1.
2022 3479 2135 3532 xvt,

546 3562 659 3634 16).
690 3561 750 3618 in
778 3577 890 3634 quo
911 3561 1079 3618 etiam
1108 3559 1230 3615 loco
1255 3557 1420 3628 hujus
1453 3557 1626 3612 beatae
1660 3554 2026 3612 confessionis
2049 3568 2138 3609 re-

539 3655 901 3710 tributionem
943 3652 1134 3709 audire
1176 3667 1245 3708 ex
1281 3666 1379 3706 ore
1423 3649 1711 3705 Dominico
1734 3648 1839 3704 sibi
1869 3647 2084 3702 dicente
2120 3662 2135 3700 :

541 3745 622 3802 Tu
650 3761 704 3801 es
730 3744 945 3814 Petrus,
977 3753 1028 3799 et
1056 3759 1213 3813 super
1245 3742 1381 3796 hanc
1408 3749 1612 3812 petram
1645 3737 1924 3809 aediﬁcabo
1953 3733 2140 3790 Eccle-

536 3838 675 3892 sium
699 3852 868 3893 meum
889 3835 1067 3905 (ibid.,
1100 3834 1211 3903 18),
1237 3845 1290 3888 et
1326 3833 1506 3888 claves
1531 3831 1686 3902 regni
1713 3829 2000 3894 caelorum,
2040 3840 2140 3897 po-

539 3934 901 3998 testatemque
922 3925 1126 3998 ligandi
1149 3933 1314 3995 atque
1342 3921 1588 3980 solvendi
1610 3920 1853 3991 recipere
1874 3919 1988 3988 ipse
2011 3931 2139 3987 pro-

541 4019 760 4076 meruit.
787 4016 1106 4090 Haac‘igitur
1125 4016 1379 4085 ecclesia,
1407 4015 1687 4087 quondam
1713 4021 1826 4068 tam
1856 4011 2060 4082 inclyta
2086 4019 2143 4067 ct

541 4113 694 4171 omni
721 4111 1073 4169 veneratione
1097 4119 1154 4166 et
1175 4109 1441 4180 obsequio
1465 4107 1648 4179 digna,
1674 4121 1707 4162 a
1737 4104 1953 4172 Turcis,
1980 4102 2145 4158 Chri-

542 4205 711 4264 stiani
741 4204 982 4261 nominis
1002 4202 1262 4270 inimicis,
1286 4217 1435 4257 nunc
1454 4199 1568 4256 fere
1587 4213 1799 4265 eversa,
1821 4206 1877 4253 et
1900 4195 2140 4268 peccatis

543 4298 752 4354 nostris
776 4297 1145 4369 exigentibus,
1167 4305 1279 4351 tam
1305 4293 1536 4352 illustris
1565 4291 1718 4358 olim,
1749 4298 1860 4345 tam
1877 4290 2140 4360 praeclara

539 4391 758 4458 civitas,
793 4405 918 4462 quae
960 4398 1163 4446 nostra:
1196 4386 1540 4443 Hierusalem
1580 4381 2053 4454 propugnaculum
2085 4390 2142 4436 et

538 4481 879 4539 antemurale
898 4481 1114 4538 cunctis
1135 4479 1388 4535 fidelibus
1409 4492 1531 4532 esse
1551 4473 1914 4546 dignoscitur,
1933 4488 2136 4529 nomen

2205 613 2425 672 quoque
2444 606 2493 652 et
2528 594 2775 667 priorum
2805 591 2876 650 ad
2903 597 3112 646 tantam
3132 585 3423 642 ecclesiam
3449 584 3723 655 revelandam

2209 693 2461 757 fecimus,
2493 687 2648 744 vobis
2675 685 2945 742 ostendat.
2988 681 3064 736 Ea
3090 688 3312 752 propter
3347 678 3566 748 regalem
3603 680 3726 749 mje.

2209 790 2406 838 statem
2434 787 2670 835 vestram
2716 773 2955 831 assiduis
3007 771 3264 843 precibus
3298 768 3566 823 humiliter
3597 783 3730 825 exora

2211 888 2356 938 mus,
2377 879 2650 941 quatenus
2677 864 3041 923 venerabilem
3066 861 3294 927 fratrem
3323 867 3562 914 nostrum
3594 860 3731 928 pradi-

2213 977 2315 1022 ctae
2338 962 2578 1020 civitatis
2616 960 2962 1030 episcopum,
2993 970 3157 1026 quem
3197 953 3460 1007 honestas
3485 961 3534 1005 et
3553 951 3731 1020 probitas

2214 1058 2390 1128 ipsius
2419 1055 2556 1111 satis
2575 1051 2944 1114 commendat,
2981 1047 3076 1102 Dei
3105 1044 3281 1118 gratia
3329 1050 3385 1098 et
3424 1052 3596 1096 nostra
3629 1058 3735 1099 rere-

2215 1151 2414 1216 rentia,
2443 1146 2676 1217 benigne
2701 1141 2980 1214 recipiatis
2999 1148 3054 1196 et
3078 1137 3388 1201 honoretis,
3413 1133 3537 1190 etin
3577 1134 3737 1204 suisjno

2218 1243 2318 1298 stis
2345 1239 2702 1312 petitionibus
2729 1234 2988 1293 eumdem
3022 1228 3454 1288 misericorditer
3479 1224 3737 1282 exaudiatis

2219 1333 2427 1391 Valete.

2974 1437 3065 1493 Vl.

2222 1538 3218 1616 ιι[Αικυκυι]υυοιδι‹ΑιωοΜῖ,οοιιιτιε
3239 1543 3478 1593 τοιοειε,
3499 1541 3748 1582 malum

2862 1618 3178 1660 PROVINCIE.

2296 1703 2528 1759 Domino
2555 1715 2658 1756 suo
2683 1698 2980 1763 Lunovrco,
3005 1695 3099 1752 Dei
3121 1695 3297 1766 gratia
3321 1690 3628 1745 Francorum
3655 1689 3751 1760 regi,

2228 1801 2293 1855 Β.
2320 1801 2431 1855 dux
2454 1796 2745 1860 Narbonze,
2771 1809 2956 1850 comes
2987 1791 3204 1847 Tolosa:
3234 1798 3289 1844 et
3316 1787 3551 1844 marchio
3573 1785 3755 1840 Provin-

2160 1864 2200 1921 Β
2227 1893 2346 1963 βίω,
2369 1889 2564 1946 debitae
2593 1887 2866 1943 ﬁdelitatis
2900 1883 3251 1955 obsequium.

2299 1984 2407 2039 Pro
2438 1982 2656 2054 negotio
2682 1995 2844 2050 super
2867 1994 2976 2050 quo
3008 1975 3170 2048 legati
3188 1971 3531 2045 imperatoris
3545 1970 3760 2025 Constan-

2229 2073 2602 2146 tinopolitani,
2633 2089 2758 2128 cum
2799 2070 3005 2126 nostris
3046 2069 3114 2124 ad
3145 2069 3409 2122 honorem
3453 2065 3591 2135 regni
3618 2065 3760 2128 vestri,

2231 2166 2376 2223 sicut
2401 2163 2699 2229 credimus,
2729 2161 3019 2216 nobiscum
3050 2164 3444 2222 convenerunt,
3492 2154 3674 2225 legatos
3692 2169 3764 2206 no-

2232 2266 2377 2313 stros
2427 2270 2552 2309 cum
2592 2253 2786 2324 legatis
2821 2249 3031 2306 domini
3073 2249 3139 2303 Α.
3179 2247 3381 2304 summi
3428 2244 3688 2314 pontiﬁcis,
3715 2246 3762 2297 ad

2232 2349 2548 2406 Graecorum
2576 2347 2961 2417 imperatorem
2985 2341 3419 2398 transmisimus.
3434 2337 3598 2394 Porro
3615 2337 3768 2392 discre-

2233 2443 2370 2498 tioni
2425 2450 2627 2495 nostra:
2674 2437 2878 2509 placuit
2914 2438 3118 2507 legatos
3166 2441 3388 2488 nostros
3418 2433 3487 2486 ab
3527 2430 3693 2485 itinere
3719 2431 3767 2482 ad

2232 2547 2472 2592 vestram
2503 2535 2852 2607 praesentiam
2881 2548 3130 2588 evocare.
3155 2529 3314 2586 Unde
3336 2529 3468 2600 quia
3490 2528 3542 2582 in
3566 2528 3773 2582 omnibus

2235 2632 2405 2687 vestri
2435 2629 2650 2686 consilii
2673 2626 3019 2699 prudentiam
3047 2624 3209 2679 nobis
3237 2622 3436 2678 ducem
3471 2621 3772 2692 praefuimus,

2235 2737 2290 2783 et
2311 2735 2548 2782 vestram
2578 2731 2869 2794 sequentes
2899 2719 3278 2775 auctoritatem
3303 2717 3495 2788 legatis
3516 2714 3778 2770 Graecum

2237 2833 2342 2874 nos
2391 2814 2775 2886 obligavimus,
2817 2826 3109 2883 precamur
3151 2809 3378 2875 iterum,
3420 2806 3663 2878 quoniam
3692 2804 3780 2874 iam

2239 2926 2361 2966 sera
2390 2918 2536 2963 esset
2555 2905 2904 2977 pmnitentia,
2931 2901 3311 2958 excellentiam
3342 2908 3579 2956 vestram
3599 2897 3784 2969 regiam,

2239 3013 2301 3057 ut
2341 3001 2475 3056 tales
2503 2999 2712 3071 legatos
2737 2997 2808 3052 ad
2844 2995 3231 3066 imperatorem
3270 2988 3786 3058 Constantinopolita-

2241 3110 2375 3150 num
2406 3093 2656 3160 mittatis,
2681 3107 2777 3161 per
2816 3106 2956 3161 quos
2992 3088 3272 3160 negotium
3305 3093 3581 3156 speratum
3612 3089 3671 3136 ad
3696 3082 3786 3151 glo-

2242 3185 2382 3240 riam
2405 3192 2459 3239 et
2493 3183 2841 3240 securitatem
2866 3180 3019 3251 regni
3046 3177 3234 3245 vestri,
3261 3175 3374 3232 Dco
3401 3175 3628 3246 propitio
3655 3171 3711 3227 ad
3729 3169 3776 3226 cf
3784 3198 3790 3207 ι

2241 3277 2446 3334 fectum
2488 3277 2667 3332 valeat
2706 3273 2950 3347 perduci,
2981 3282 3037 3330 ct
3065 3273 3132 3328 ad
3165 3286 3269 3327 nos
3312 3278 3505 3342 optata
3549 3265 3789 3324 commoda

2239 3370 2545 3442 pervenire.
2583 3367 2894 3424 Interventu
2928 3381 3166 3436 namque
3197 3376 3252 3420 et
3280 3362 3544 3418 instantia
3573 3360 3795 3416 discreto-

2239 3479 2362 3517 rum
2408 3473 2463 3517 et
2499 3461 2737 3517 ﬁdelium
2774 3461 3081 3532 legatorum
3124 3463 3539 3513 consueverunt
3561 3465 3732 3524 magna
3754 3458 3795 3502 et

2239 3555 2409 3611 ardua
2441 3555 2659 3626 negotia
2700 3562 2946 3624 optatum
2977 3560 3032 3608 ct
3061 3564 3388 3622 prosperum
3422 3546 3590 3603 ﬁnem
3629 3544 3796 3602 sortiri.

2246 3647 2450 3704 Valete.

2985 3756 3095 3812 VII.

2240 3873 2296 3913 ll.
2334 3873 2401 3912 DE
2441 3870 2669 3922 BALNEO,
2723 3867 2932 3908 FIDELIS
2969 3861 3331 3906 IMPERATORIS
3375 3851 3802 3902 CONSTL‘TISOPO'

2937 3936 3142 3976 ιιτΑΜ.

2311 4019 2587 4076 Lunovrco
2612 4060 2628 4083 ,
2671 4015 2767 4072 Dei
2797 4014 2971 4086 gratia
3007 4007 3474 4068 excellentissimo
3505 4006 3810 4061 Franconm.

2239 4111 2456 4184 regi,R.
2486 4127 2551 4166 ns
2575 4109 2810 4173 Damno,
2841 4107 2910 4161 de
2939 4119 3168 4159 numero
3196 4101 3441 4156 fidelium
3471 4096 3682 4154 domini
3709 4090 3816 4162 £7,1-

2239 4201 2524 4274 naausms]
2537 4196 3126 4268 Constantinopolitani
3140 4193 3496 4265 imperatoris
3524 4205 3731 4260 semper
3743 4202 3815 4236 at:-

2238 4295 2407 4368 gusti,
2440 4293 2673 4348 sincerae
2693 4289 2968 4345 ﬁdelitatis
3001 4285 3350 4356 obsequium.

2310 4385 2629 4459 Legationis
2665 4382 2947 4455 negotium
2971 4395 3137 4450 super
3165 4393 3277 4448 quo
3318 4375 3818 4447 AdrianOpolitanas

2238 4480 2431 4546 abbas,
2455 4487 2510 4534 et
2533 4477 2686 4548 prior
2717 4471 3014 4544 Hospitalis
3045 4469 3683 4541 ConstantinOpolitani,
3722 4483 3818 4521 eam

538 4574 704 4630 inane
726 4574 992 4630 duntaxat
1025 4578 1290 4628 remanet.
1333 4567 1433 4624 Est
1472 4565 1621 4622 enim
1659 4565 1717 4622 in
1766 4564 2136 4636 spurcissimae
2163 4589 2212 4648 υ
2238 4572 2429 4643 legatis
2473 4567 2679 4624 domini
2724 4565 2789 4621 R.
2825 4563 3012 4620 Sancti
3056 4561 3262 4634 Egidii
3309 4561 3569 4628 comitis,
3617 4549 3829 4614 vestram

539 4665 864 4738 gentilitatis
887 4665 993 4722 sita
1028 4661 1289 4728 conﬁnio,
1314 4670 1368 4716 et
1395 4659 1631 4715 barbara
1660 4656 1941 4714 ferocitate
1962 4657 2134 4728 ipsius

539 4759 878 4832 impugnata,
925 4765 981 4814 et
1014 4754 1236 4811 assidua
1273 4751 1588 4823 captivitate
1609 4759 1664 4807 et
1693 4759 1867 4807 morte
1895 4751 2135 4806 ﬁliorum

537 4863 770 4905 suorum
800 4845 1026 4917 Optimis
1062 4843 1376 4914 quibusque
1413 4841 1750 4908 destituitur,
1777 4849 1831 4896 et
1865 4839 2135 4896 minorata

535 4941 771 5014 singulis
815 4938 931 4994 fere
967 4936 1162 4992 diebus
1207 4935 1566 5005 periclitatur.
1611 4933 1918 4990 Novissime
1953 4942 2134 4988 autem

533 5031 876 5105 temporibus
927 5027 1130 5086 nostris
1169 5027 1451 5084 suscitavit
1495 5027 1640 5085 Deus
1692 5028 1946 5098 spiritum
1993 5025 2138 5082 servi

534 5128 624 5184 sui
649 5125 692 5180 Ι.
719 5122 1047 5180 venerabilis
1068 5121 1254 5178 fratris
1284 5121 1478 5190 nostri,
1511 5122 1566 5177 in
1605 5123 1800 5178 eadem
1822 5123 2042 5178 civitate
2067 5122 2136 5179 de

532 5230 682 5274 novo
709 5215 947 5271 ordinati
961 5222 1016 5271 et
1029 5215 1310 5272 constituti
1331 5214 1592 5286 episcopi,
1617 5214 1713 5285 qui
1740 5215 1914 5270 multo
1937 5230 2136 5286 corpo-

533 5311 614 5366 ris
637 5308 844 5374 labore,
890 5309 1060 5364 multa
1093 5325 1275 5364 rerum
1306 5324 1530 5364 suarum
1577 5309 1846 5379 impensa,
1883 5308 2131 5363 eamdem

533 5398 824 5456 ecclesiam
877 5401 943 5457 ad
980 5401 1274 5473 pristinum
1328 5410 1532 5456 statum
1580 5415 1840 5456 revocare
1876 5400 2122 5469 cupiens,

531 5509 634 5564 per
657 5492 806 5548 varia
833 5495 1075 5565 pericula
1102 5495 1272 5550 maris
1301 5504 1355 5550 et
1387 5504 1545 5550 terrae
1573 5493 1866 5549 transitum
1895 5491 2123 5560 faciens,

533 5586 602 5639 ad
630 5599 807 5656 genua
846 5587 1134 5643 charitatis
1181 5596 1377 5642 vestrae
1411 5586 1628 5641 tandem
1671 5585 1891 5654 elapsus
1920 5591 2022 5649 est,
2065 5591 2127 5638 ut

529 5677 896 5734 calamitatem
918 5688 972 5734 et
994 5677 1398 5734 mendicitatem
1433 5685 1596 5732 tanta:
1633 5685 1685 5731 et
1713 5685 1820 5730 tam
1870 5690 2125 5730 reveren-

520 5768 776 5825 dissimze
792 5771 1040 5826 ecclesia
1062 5770 1220 5824 vobis
1247 5769 1506 5835 insinuet,
1535 5779 1588 5823 et
1617 5768 2048 5824 condonationcs
2073 5777 2128 5825 et

527 5859 917 5931 relaxationes,
946 5878 1086 5930 quas
1104 5862 1332 5920 consilio
1356 5861 1742 5918 venerabilium
1769 5861 1997 5917 fratrum
2027 5876 2128 5917 no-

2240 4665 2531 4722 visitavere
2571 4659 2963 4732 praesentiam:
2999 4655 3135 4711 mihi
3182 4671 3309 4711 cum
3357 4654 3444 4709 eis
3495 4654 3708 4724 pariter
3733 4663 3829 4706 tam

2243 4773 2408 4828 quam
2436 4752 2649 4825 imperii
2676 4750 2993 4806 ﬁdelissimo
3013 4764 3044 4802 a
3065 4747 3288 4803 domino
3310 4761 3440 4800 meo
3475 4745 3547 4800 Ε.
3575 4745 3765 4815 inclyte
3783 4749 3829 4795 ελ

2243 4855 2436 4902 sancto
2466 4845 2796 4914 imperatore
2818 4841 3124 4910 injunctum
3151 4837 3272 4893 fuit.
3305 4835 3567 4893 Proinde
3593 4836 3720 4908 quia
3744 4831 3829 4904 imi}

2244 4945 2508 5009 apparatu
2531 4943 2722 4990 meoet
2735 4933 3094 5005 providentia,
3108 4931 3222 5002 jam
3249 4930 3316 4985 ad
3345 4929 3655 4987 dominum
3676 4931 3829 5002 Inan

2246 5029 2636 5101 imperatorem
2662 5025 2879 5082 marino
2909 5024 3103 5080 itinere
3127 5022 3303 5078 redire
3333 5032 3662 5092 coeperunt,
3687 5013 3829 5076 ﬁdeli-i

2240 5123 2369 5179 tatis
2403 5121 2604 5188 debito,
2647 5134 2814 5190 quam
2841 5118 2998 5173 vobis
3029 5115 3285 5172 exhibere
3320 5125 3607 5185 tanquam
3643 5113 3830 5190 (lentisci

2239 5215 2514 5281 desidero,
2540 5211 2876 5268 conﬁdenter
2916 5207 3255 5265 consulendo
3293 5221 3465 5278 rcgo,
3515 5217 3580 5263 et
3621 5202 3830 5281 roganda

2238 5308 2489 5373 consulo,
2553 5313 2613 5360 ut
2660 5305 2868 5376 legatos
2897 5309 3109 5358 vestros
3138 5310 3192 5356 et
3219 5300 3441 5355 litteras
3471 5301 3554 5356 ad
3577 5300 3830 5376 domian

2232 5418 2418 5460 meum
2467 5400 2529 5455 Ε.
2558 5401 2946 5470 imperatorem
2991 5403 3266 5462 sanctum,
3313 5395 3443 5450 sine
3505 5395 3830 5460 cunctatione

2230 5507 2286 5554 et
2313 5511 2467 5552 mora
2495 5465 2746 5548 mittatis.
2799 5489 2930 5546 Scio
2957 5489 3102 5544 enim
3133 5487 3264 5558 quia
3295 5485 3569 5543 fraterno
3593 5465 3830 5554 amore

2231 5603 2491 5660 germana
2509 5584 2773 5641 charitate
2791 5597 3081 5653 personam
3109 5587 3369 5644 vestram,
3394 5577 3689 5636 honorem

2233 5651 2423 5748 vestri,
2455 5688 2511 5735 et
2543 5678 2771 5751 gloriam
2793 5651 2998 5746 diligit,
3041 5681 3099 5728 et
3136 5671 3529 5728 indissolubili
3570 5651 3830 5748 viaturos

2233 5786 2496 5842 germano
2516 5767 2797 5825 consortio
2822 5765 2977 5820 vobis
2997 5763 3198 5833 sociari
3221 5771 3275 5820 et
3299 5763 3457 5818 uniri
3492 5775 3740 5836 exoptat.
3765 5759 3830 5840 VH,

2233 5872 2322 5919 vat
2372 5872 2424 5920 et
2474 5863 2649 5917 valeat
2699 5876 2792 5927 per
2857 5857 3028 5914 multa
3075 5865 3324 5924 tempOra
3381 5856 3719 5915 sublimitas
3769 5873 3830 5906 iv

3827 5183 3830 5258 ι

3827 5309 3830 5370 ι

3827 5403 3830 5476 ς

3827 5487 3830 5648 ἱ

3827 5651 3830 5808 3

3828 5809 3829 5840 l
