  <div class='ocr_page' id='page_1' title='image "/cluster/home/n/w/nwhite01/storage/ocr_20150623/155/hvd.32044015473838/640.png"; bbox 0 0 3824 6308; ppageno 0'>
   <div class='ocr_carea' id='block_1_1' title="bbox 81 367 200 424">
    <p class='ocr_par' dir='ltr' id='par_1_1' title="bbox 81 367 200 424">
     <span class='ocr_line' id='line_1_1' title="bbox 81 367 200 424; baseline 0 0"><span class='ocrx_word' id='word_1_1' title='bbox 81 367 200 424; x_wconf 64' lang='grc'><strong>1169</strong></span> 
     </span>
    </p>
   </div>
   <div class='ocr_carea' id='block_1_2' title="bbox 1030 349 2309 427">
    <p class='ocr_par' dir='ltr' id='par_1_2' title="bbox 1030 349 2309 427">
     <span class='ocr_line' id='line_1_2' title="bbox 1030 349 2309 427; baseline -0.005 -13"><span class='ocrx_word' id='word_1_2' title='bbox 1030 357 1292 427; x_wconf 80' lang='lat' dir='ltr'><strong>REGUM,</strong></span> <span class='ocrx_word' id='word_1_3' title='bbox 1335 357 1512 426; x_wconf 84' lang='lat' dir='ltr'><strong>ETC.,</strong></span> <span class='ocrx_word' id='word_1_4' title='bbox 1551 356 1699 412; x_wconf 86' lang='lat' dir='ltr'><strong>EPP.</strong></span> <span class='ocrx_word' id='word_1_5' title='bbox 1739 354 1832 410; x_wconf 80' lang='lat' dir='ltr'><strong>AD</strong></span> <span class='ocrx_word' id='word_1_6' title='bbox 1868 352 2121 412; x_wconf 78' lang='lat' dir='ltr'><strong>LUDOV.</strong></span> <span class='ocrx_word' id='word_1_7' title='bbox 2161 349 2309 409; x_wconf 78' lang='lat' dir='ltr'><strong>JUN.</strong></span> 
     </span>
    </p>
   </div>
   <div class='ocr_carea' id='block_1_3' title="bbox 3163 348 3342 424">
    <p class='ocr_par' dir='ltr' id='par_1_3' title="bbox 3163 348 3342 424">
     <span class='ocr_line' id='line_1_3' title="bbox 3163 348 3342 424; baseline -0.006 -18"><span class='ocrx_word' id='word_1_8' title='bbox 3163 348 3304 406; x_wconf 77' lang='lat' dir='ltr'><strong>me</strong></span> <span class='ocrx_word' id='word_1_9' title='bbox 3339 421 3342 424; x_wconf 18' lang='grc' dir='ltr'>δ</span> 
     </span>
    </p>
   </div>
   <div class='ocr_carea' id='block_1_4' title="bbox 77 460 3300 549">
    <p class='ocr_par' dir='ltr' id='par_1_4' title="bbox 77 460 3300 549">
     <span class='ocr_line' id='line_1_4' title="bbox 77 460 3300 549; baseline -0.007 -9"><span class='ocrx_word' id='word_1_10' title='bbox 77 493 191 548; x_wconf 74' lang='lat' dir='ltr'><strong>stra,</strong></span> <span class='ocrx_word' id='word_1_11' title='bbox 223 485 275 536; x_wconf 89' lang='lat' dir='ltr'><strong>et</strong></span> <span class='ocrx_word' id='word_1_12' title='bbox 301 493 386 536; x_wconf 78' lang='lat' dir='ltr'><strong>me</strong></span> <span class='ocrx_word' id='word_1_13' title='bbox 426 478 564 536; x_wconf 88' lang='lat' dir='ltr'><strong>inter</strong></span> <span class='ocrx_word' id='word_1_14' title='bbox 594 474 778 534; x_wconf 84' lang='lat' dir='ltr'><strong>ﬁdeles</strong></span> <span class='ocrx_word' id='word_1_15' title='bbox 820 476 974 549; x_wconf 87' lang='lat' dir='ltr'><strong>regni</strong></span> <span class='ocrx_word' id='word_1_16' title='bbox 1021 476 1186 532; x_wconf 92' lang='lat' dir='ltr'><strong>vestri</strong></span> <span class='ocrx_word' id='word_1_17' title='bbox 1219 490 1508 532; x_wconf 89' lang='lat' dir='ltr'><strong>numerare</strong></span> <span class='ocrx_word' id='word_1_18' title='bbox 1531 473 1617 529; x_wconf 79' lang='lat' dir='ltr'><strong>di-</strong></span> <span class='ocrx_word' id='word_1_19' title='bbox 1647 477 1692 538; x_wconf 75' lang='grc' dir='ltr'><strong>Α</strong></span> <span class='ocrx_word' id='word_1_20' title='bbox 1721 487 1821 543; x_wconf 85' lang='lat' dir='ltr'><strong>pro</strong></span> <span class='ocrx_word' id='word_1_21' title='bbox 1841 470 2006 528; x_wconf 90' lang='lat' dir='ltr'><strong>domo</strong></span> <span class='ocrx_word' id='word_1_22' title='bbox 2033 467 2219 534; x_wconf 90' lang='lat' dir='ltr'><strong>Israel,</strong></span> <span class='ocrx_word' id='word_1_23' title='bbox 2248 472 2457 520; x_wconf 77' lang='lat' dir='ltr'><strong>natura:</strong></span> <span class='ocrx_word' id='word_1_24' title='bbox 2500 461 2816 533; x_wconf 83' lang='lat' dir='ltr'><strong>persolvens</strong></span> <span class='ocrx_word' id='word_1_25' title='bbox 2850 460 3116 531; x_wconf 78' lang='lat' dir='ltr'><strong>debitum,</strong></span> <span class='ocrx_word' id='word_1_26' title='bbox 3158 463 3300 517; x_wconf 90' lang='lat' dir='ltr'><strong>viam</strong></span> 
     </span>
    </p>
   </div>
   <div class='ocr_carea' id='block_1_5' title="bbox 77 583 260 644">
    <p class='ocr_par' dir='ltr' id='par_1_5' title="bbox 77 583 260 644">
     <span class='ocr_line' id='line_1_5' title="bbox 77 583 260 644; baseline -0.005 -17"><span class='ocrx_word' id='word_1_27' title='bbox 77 583 260 644; x_wconf 78' lang='lat' dir='ltr'><strong>gnetur.</strong></span> 
     </span>
    </p>
   </div>
   <div class='ocr_carea' id='block_1_6' title="bbox 756 657 892 713">
    <p class='ocr_par' dir='ltr' id='par_1_6' title="bbox 756 657 892 713">
     <span class='ocr_line' id='line_1_6' title="bbox 756 657 892 713; baseline 0 0"><span class='ocrx_word' id='word_1_28' title='bbox 756 657 892 713; x_wconf 79' lang='lat' dir='ltr'><strong>VIII.</strong></span> 
     </span>
    </p>
   </div>
   <div class='ocr_carea' id='block_1_7' title="bbox 339 751 1324 825">
    <p class='ocr_par' dir='ltr' id='par_1_7' title="bbox 339 751 1324 825">
     <span class='ocr_line' id='line_1_7' title="bbox 339 751 1324 825; baseline -0.002 -18"><span class='ocrx_word' id='word_1_29' title='bbox 339 751 635 825; x_wconf 73' lang='lat' dir='ltr'><strong>A[IALRICI]</strong></span> <span class='ocrx_word' id='word_1_30' title='bbox 655 767 808 807; x_wconf 76' lang='lat' dir='ltr'><strong>assis</strong></span> <span class='ocrx_word' id='word_1_31' title='bbox 829 767 1324 810; x_wconf 73' lang='lat' dir='ltr'><strong>arenosonuonmr.</strong></span> 
     </span>
    </p>
   </div>
   <div class='ocr_carea' id='block_1_8' title="bbox 131 841 1619 916">
    <p class='ocr_par' dir='ltr' id='par_1_8' title="bbox 131 841 1619 916">
     <span class='ocr_line' id='line_1_8' title="bbox 131 841 1619 916; baseline -0.003 -17"><span class='ocrx_word' id='word_1_32' title='bbox 131 844 402 912; x_wconf 71' lang='lat' dir='ltr'><strong>Lunovrco,</strong></span> <span class='ocrx_word' id='word_1_33' title='bbox 429 843 520 900; x_wconf 90' lang='lat' dir='ltr'><strong>Dei</strong></span> <span class='ocrx_word' id='word_1_34' title='bbox 547 845 719 915; x_wconf 88' lang='lat' dir='ltr'><strong>gratia</strong></span> <span class='ocrx_word' id='word_1_35' title='bbox 736 844 848 916; x_wconf 88' lang='lat' dir='ltr'><strong>regi</strong></span> <span class='ocrx_word' id='word_1_36' title='bbox 870 844 1206 900; x_wconf 88' lang='lat' dir='ltr'><strong>Francorum</strong></span> <span class='ocrx_word' id='word_1_37' title='bbox 1228 841 1619 907; x_wconf 84' lang='lat' dir='ltr'><strong>illustrissimo,</strong></span> 
     </span>
    </p>
   </div>
   <div class='ocr_carea' id='block_1_9' title="bbox 73 936 1622 1009">
    <p class='ocr_par' dir='ltr' id='par_1_9' title="bbox 73 936 1622 1009">
     <span class='ocr_line' id='line_1_9' title="bbox 73 936 1622 1009; baseline -0.001 -16"><span class='ocrx_word' id='word_1_38' title='bbox 73 955 100 993; x_wconf 82' lang='lat' dir='ltr'><strong>a</strong></span> <span class='ocrx_word' id='word_1_39' title='bbox 121 938 296 1008; x_wconf 86' lang='lat' dir='ltr'><strong>priscis</strong></span> <span class='ocrx_word' id='word_1_40' title='bbox 327 939 440 1009; x_wconf 91' lang='lat' dir='ltr'><strong>jam</strong></span> <span class='ocrx_word' id='word_1_41' title='bbox 471 939 810 1009; x_wconf 72' lang='lat' dir='ltr'><strong>temporibus</strong></span> <span class='ocrx_word' id='word_1_42' title='bbox 851 939 959 996; x_wconf 85' lang='lat' dir='ltr'><strong>sibi</strong></span> <span class='ocrx_word' id='word_1_43' title='bbox 1001 937 1374 994; x_wconf 78' lang='lat' dir='ltr'><strong>dilectissimo.</strong></span> <span class='ocrx_word' id='word_1_44' title='bbox 1404 936 1494 1003; x_wconf 80' lang='lat' dir='ltr'><strong>A.,</strong></span> <span class='ocrx_word' id='word_1_45' title='bbox 1525 952 1622 1006; x_wconf 91' lang='lat' dir='ltr'><strong>per</strong></span> 
     </span>
    </p>
   </div>
   <div class='ocr_carea' id='block_1_10' title="bbox 72 1029 1620 1105">
    <p class='ocr_par' dir='ltr' id='par_1_10' title="bbox 72 1029 1620 1105">
     <span class='ocr_line' id='line_1_10' title="bbox 72 1029 1620 1105; baseline 0.001 -23"><span class='ocrx_word' id='word_1_46' title='bbox 72 1030 286 1085; x_wconf 84' lang='lat' dir='ltr'><strong>eamdem</strong></span> <span class='ocrx_word' id='word_1_47' title='bbox 307 1029 534 1101; x_wconf 84' lang='lat' dir='ltr'><strong>gratiam</strong></span> <span class='ocrx_word' id='word_1_48' title='bbox 548 1031 1048 1105; x_wconf 82' lang='lat' dir='ltr'><strong>Hierosolymorum</strong></span> <span class='ocrx_word' id='word_1_49' title='bbox 1071 1048 1165 1087; x_wconf 80' lang='lat' dir='ltr'><strong>rex</strong></span> <span class='ocrx_word' id='word_1_50' title='bbox 1181 1031 1410 1087; x_wconf 87' lang='lat' dir='ltr'><strong>salutem</strong></span> <span class='ocrx_word' id='word_1_51' title='bbox 1439 1038 1494 1085; x_wconf 91' lang='lat' dir='ltr'><strong>et</strong></span> <span class='ocrx_word' id='word_1_52' title='bbox 1507 1029 1620 1084; x_wconf 92' lang='lat' dir='ltr'><strong>veri</strong></span> 
     </span>
    </p>
   </div>
   <div class='ocr_carea' id='block_1_11' title="bbox 73 1120 553 1177">
    <p class='ocr_par' dir='ltr' id='par_1_11' title="bbox 73 1120 553 1177">
     <span class='ocr_line' id='line_1_11' title="bbox 73 1120 553 1177; baseline 0.006 -3"><span class='ocrx_word' id='word_1_53' title='bbox 73 1120 248 1175; x_wconf 84' lang='lat' dir='ltr'><strong>amoris</strong></span> <span class='ocrx_word' id='word_1_54' title='bbox 273 1120 553 1177; x_wconf 91' lang='lat' dir='ltr'><strong>indicium.</strong></span> 
     </span>
    </p>
   </div>
   <div class='ocr_carea' id='block_1_12' title="bbox 129 1210 1619 1285">
    <p class='ocr_par' dir='ltr' id='par_1_12' title="bbox 129 1210 1619 1285">
     <span class='ocr_line' id='line_1_12' title="bbox 129 1210 1619 1285; baseline -0.001 -19"><span class='ocrx_word' id='word_1_55' title='bbox 129 1210 377 1278; x_wconf 82' lang='lat' dir='ltr'><strong>Quoniam</strong></span> <span class='ocrx_word' id='word_1_56' title='bbox 398 1228 428 1268; x_wconf 92' lang='lat' dir='ltr'><strong>a</strong></span> <span class='ocrx_word' id='word_1_57' title='bbox 451 1213 612 1285; x_wconf 84' lang='lat' dir='ltr'><strong>longe</strong></span> <span class='ocrx_word' id='word_1_58' title='bbox 633 1223 778 1270; x_wconf 89' lang='lat' dir='ltr'><strong>retro</strong></span> <span class='ocrx_word' id='word_1_59' title='bbox 794 1214 1356 1284; x_wconf 61' lang='lat' dir='ltr'><strong>temporibusterram</strong></span> <span class='ocrx_word' id='word_1_60' title='bbox 1373 1219 1619 1267; x_wconf 88' lang='lat' dir='ltr'><strong>sanctam</strong></span> 
     </span>
    </p>
   </div>
   <div class='ocr_carea' id='block_1_13' title="bbox 73 1299 1620 1376">
    <p class='ocr_par' dir='ltr' id='par_1_13' title="bbox 73 1299 1620 1376">
     <span class='ocr_line' id='line_1_13' title="bbox 73 1299 1620 1376; baseline 0.002 -24"><span class='ocrx_word' id='word_1_61' title='bbox 73 1299 376 1356; x_wconf 85' lang='lat' dir='ltr'><strong>Hierusalem</strong></span> <span class='ocrx_word' id='word_1_62' title='bbox 422 1303 683 1375; x_wconf 81' lang='lat' dir='ltr'><strong>regnique</strong></span> <span class='ocrx_word' id='word_1_63' title='bbox 730 1301 1207 1376; x_wconf 87' lang='lat' dir='ltr'><strong>Hierosolymitani</strong></span> <span class='ocrx_word' id='word_1_64' title='bbox 1237 1301 1620 1358; x_wconf 85' lang='lat' dir='ltr'><strong>exaltationem</strong></span> 
     </span>
    </p>
   </div>
   <div class='ocr_carea' id='block_1_14' title="bbox 71 1390 1622 1464">
    <p class='ocr_par' dir='ltr' id='par_1_14' title="bbox 71 1390 1622 1464">
     <span class='ocr_line' id='line_1_14' title="bbox 71 1390 1622 1464; baseline 0 -18"><span class='ocrx_word' id='word_1_65' title='bbox 71 1390 200 1446; x_wconf 89' lang='lat' dir='ltr'><strong>cordi</strong></span> <span class='ocrx_word' id='word_1_66' title='bbox 222 1391 370 1447; x_wconf 84' lang='lat' dir='ltr'><strong>vobis</strong></span> <span class='ocrx_word' id='word_1_67' title='bbox 396 1390 570 1448; x_wconf 89' lang='lat' dir='ltr'><strong>fuisse</strong></span> <span class='ocrx_word' id='word_1_68' title='bbox 601 1393 876 1462; x_wconf 82' lang='lat' dir='ltr'><strong>novimus,</strong></span> <span class='ocrx_word' id='word_1_69' title='bbox 907 1393 1053 1464; x_wconf 85' lang='lat' dir='ltr'><strong>piam</strong></span> <span class='ocrx_word' id='word_1_70' title='bbox 1089 1392 1398 1449; x_wconf 73' lang='lat' dir='ltr'><strong>serenitatis</strong></span> <span class='ocrx_word' id='word_1_71' title='bbox 1428 1397 1622 1447; x_wconf 65' lang='lat' dir='ltr'><strong>vestra:</strong></span> 
     </span>
    </p>
   </div>
   <div class='ocr_carea' id='block_1_15' title="bbox 69 1481 1619 1554">
    <p class='ocr_par' dir='ltr' id='par_1_15' title="bbox 69 1481 1619 1554">
     <span class='ocr_line' id='line_1_15' title="bbox 69 1481 1619 1554; baseline 0 -18"><span class='ocrx_word' id='word_1_72' title='bbox 69 1481 371 1536; x_wconf 90' lang='lat' dir='ltr'><strong>devotionem</strong></span> <span class='ocrx_word' id='word_1_73' title='bbox 396 1483 675 1539; x_wconf 79' lang='lat' dir='ltr'><strong>humiliter</strong></span> <span class='ocrx_word' id='word_1_74' title='bbox 694 1499 1007 1552; x_wconf 85' lang='lat' dir='ltr'><strong>exoramus,</strong></span> <span class='ocrx_word' id='word_1_75' title='bbox 1052 1491 1110 1538; x_wconf 92' lang='lat' dir='ltr'><strong>ut</strong></span> <span class='ocrx_word' id='word_1_76' title='bbox 1148 1483 1296 1554; x_wconf 90' lang='lat' dir='ltr'><strong>quod</strong></span> <span class='ocrx_word' id='word_1_77' title='bbox 1320 1483 1412 1538; x_wconf 85' lang='lat' dir='ltr'><strong>diu</strong></span> <span class='ocrx_word' id='word_1_78' title='bbox 1437 1491 1619 1552; x_wconf 84' lang='lat' dir='ltr'><strong>gesta-</strong></span> 
     </span>
    </p>
   </div>
   <div class='ocr_carea' id='block_1_16' title="bbox 69 1569 1621 1645">
    <p class='ocr_par' dir='ltr' id='par_1_16' title="bbox 69 1569 1621 1645">
     <span class='ocr_line' id='line_1_16' title="bbox 69 1569 1621 1645; baseline 0.002 -20"><span class='ocrx_word' id='word_1_79' title='bbox 69 1569 217 1626; x_wconf 83' lang='lat' dir='ltr'><strong>stisin</strong></span> <span class='ocrx_word' id='word_1_80' title='bbox 250 1571 432 1640; x_wconf 87' lang='lat' dir='ltr'><strong>corde,</strong></span> <span class='ocrx_word' id='word_1_81' title='bbox 478 1573 776 1644; x_wconf 89' lang='lat' dir='ltr'><strong>adimplere</strong></span> <span class='ocrx_word' id='word_1_82' title='bbox 814 1571 1019 1630; x_wconf 87' lang='lat' dir='ltr'><strong>curetis</strong></span> <span class='ocrx_word' id='word_1_83' title='bbox 1042 1589 1225 1645; x_wconf 89' lang='lat' dir='ltr'><strong>opere,</strong></span> <span class='ocrx_word' id='word_1_84' title='bbox 1257 1581 1312 1628; x_wconf 91' lang='lat' dir='ltr'><strong>et</strong></span> <span class='ocrx_word' id='word_1_85' title='bbox 1350 1572 1621 1643; x_wconf 68' lang='lat' dir='ltr'><strong>praedictae</strong></span> 
     </span>
    </p>
   </div>
   <div class='ocr_carea' id='block_1_17' title="bbox 69 1663 1616 1736">
    <p class='ocr_par' dir='ltr' id='par_1_17' title="bbox 69 1663 1616 1736">
     <span class='ocr_line' id='line_1_17' title="bbox 69 1663 1616 1736; baseline 0.003 -20"><span class='ocrx_word' id='word_1_86' title='bbox 69 1670 204 1719; x_wconf 63' lang='lat' dir='ltr'><strong>terra:</strong></span> <span class='ocrx_word' id='word_1_87' title='bbox 217 1663 519 1720; x_wconf 78' lang='lat' dir='ltr'><strong>subsidium</strong></span> <span class='ocrx_word' id='word_1_88' title='bbox 545 1666 832 1736; x_wconf 83' lang='lat' dir='ltr'><strong>providere</strong></span> <span class='ocrx_word' id='word_1_89' title='bbox 868 1675 1051 1722; x_wconf 88' lang='lat' dir='ltr'><strong>mente</strong></span> <span class='ocrx_word' id='word_1_90' title='bbox 1070 1665 1303 1722; x_wconf 87' lang='lat' dir='ltr'><strong>sollicita</strong></span> <span class='ocrx_word' id='word_1_91' title='bbox 1333 1664 1616 1731; x_wconf 75' lang='lat' dir='ltr'><strong>studentis,</strong></span> 
     </span>
    </p>
   </div>
   <div class='ocr_carea' id='block_1_18' title="bbox 67 1755 1617 1831">
    <p class='ocr_par' dir='ltr' id='par_1_18' title="bbox 67 1755 1617 1831">
     <span class='ocr_line' id='line_1_18' title="bbox 67 1755 1617 1831; baseline 0.003 -23"><span class='ocrx_word' id='word_1_92' title='bbox 67 1761 114 1808; x_wconf 87' lang='lat' dir='ltr'><strong>et</strong></span> <span class='ocrx_word' id='word_1_93' title='bbox 136 1755 317 1824; x_wconf 82' lang='lat' dir='ltr'><strong>negotii</strong></span> <span class='ocrx_word' id='word_1_94' title='bbox 341 1755 493 1813; x_wconf 85' lang='lat' dir='ltr'><strong>illius</strong></span> <span class='ocrx_word' id='word_1_95' title='bbox 522 1773 622 1828; x_wconf 90' lang='lat' dir='ltr'><strong>pro</strong></span> <span class='ocrx_word' id='word_1_96' title='bbox 652 1775 764 1831; x_wconf 92' lang='lat' dir='ltr'><strong>quo</strong></span> <span class='ocrx_word' id='word_1_97' title='bbox 806 1758 1126 1815; x_wconf 85' lang='lat' dir='ltr'><strong>venerabilis</strong></span> <span class='ocrx_word' id='word_1_98' title='bbox 1173 1757 1617 1828; x_wconf 81' lang='lat' dir='ltr'><strong>archiepiscopus</strong></span> 
     </span>
    </p>
   </div>
   <div class='ocr_carea' id='block_1_19' title="bbox 68 1842 1624 1922">
    <p class='ocr_par' dir='ltr' id='par_1_19' title="bbox 68 1842 1624 1922">
     <span class='ocr_line' id='line_1_19' title="bbox 68 1842 1624 1922; baseline 0.003 -23"><span class='ocrx_word' id='word_1_99' title='bbox 68 1842 431 1904; x_wconf 67' lang='lat' dir='ltr'><strong>Mamistrensis</strong></span> <span class='ocrx_word' id='word_1_100' title='bbox 484 1848 781 1906; x_wconf 87' lang='lat' dir='ltr'><strong>Galliarum</strong></span> <span class='ocrx_word' id='word_1_101' title='bbox 802 1852 1049 1922; x_wconf 88' lang='lat' dir='ltr'><strong>partibus</strong></span> <span class='ocrx_word' id='word_1_102' title='bbox 1077 1852 1381 1908; x_wconf 88' lang='lat' dir='ltr'><strong>destinatus</strong></span> <span class='ocrx_word' id='word_1_103' title='bbox 1405 1858 1489 1906; x_wconf 92' lang='lat' dir='ltr'><strong>est</strong></span> <span class='ocrx_word' id='word_1_104' title='bbox 1509 1865 1624 1905; x_wconf 87' lang='lat' dir='ltr'><strong>me-</strong></span> 
     </span>
    </p>
   </div>
   <div class='ocr_carea' id='block_1_20' title="bbox 69 1940 1623 2016">
    <p class='ocr_par' dir='ltr' id='par_1_20' title="bbox 69 1940 1623 2016">
     <span class='ocr_line' id='line_1_20' title="bbox 69 1940 1623 2016; baseline 0.004 -24"><span class='ocrx_word' id='word_1_105' title='bbox 69 1953 223 1995; x_wconf 84' lang='lat' dir='ltr'><strong>mores</strong></span> <span class='ocrx_word' id='word_1_106' title='bbox 251 1940 384 2007; x_wconf 84' lang='lat' dir='ltr'><strong>sitis,</strong></span> <span class='ocrx_word' id='word_1_107' title='bbox 410 1943 674 2012; x_wconf 90' lang='lat' dir='ltr'><strong>quoniam</strong></span> <span class='ocrx_word' id='word_1_108' title='bbox 711 1945 768 1999; x_wconf 90' lang='lat' dir='ltr'><strong>in</strong></span> <span class='ocrx_word' id='word_1_109' title='bbox 813 1943 1059 2012; x_wconf 85' lang='lat' dir='ltr'><strong>instanti,</strong></span> <span class='ocrx_word' id='word_1_110' title='bbox 1086 1945 1209 2016; x_wconf 85' lang='lat' dir='ltr'><strong>plus</strong></span> <span class='ocrx_word' id='word_1_111' title='bbox 1237 1959 1401 2015; x_wconf 89' lang='lat' dir='ltr'><strong>quam</strong></span> <span class='ocrx_word' id='word_1_112' title='bbox 1438 1943 1623 2016; x_wconf 81' lang='lat' dir='ltr'><strong>lingua</strong></span> 
     </span>
    </p>
   </div>
   <div class='ocr_carea' id='block_1_21' title="bbox 69 2033 1626 2106">
    <p class='ocr_par' dir='ltr' id='par_1_21' title="bbox 69 2033 1626 2106">
     <span class='ocr_line' id='line_1_21' title="bbox 69 2033 1626 2106; baseline 0.003 -21"><span class='ocrx_word' id='word_1_113' title='bbox 69 2040 205 2100; x_wconf 84' lang='lat' dir='ltr'><strong>queat</strong></span> <span class='ocrx_word' id='word_1_114' title='bbox 236 2033 487 2104; x_wconf 81' lang='lat' dir='ltr'><strong>exprimi,</strong></span> <span class='ocrx_word' id='word_1_115' title='bbox 531 2050 756 2091; x_wconf 84' lang='lat' dir='ltr'><strong>necesse</strong></span> <span class='ocrx_word' id='word_1_116' title='bbox 800 2045 884 2091; x_wconf 90' lang='lat' dir='ltr'><strong>est</strong></span> <span class='ocrx_word' id='word_1_117' title='bbox 929 2035 1066 2091; x_wconf 91' lang='lat' dir='ltr'><strong>ﬁeri.</strong></span> <span class='ocrx_word' id='word_1_118' title='bbox 1097 2034 1365 2091; x_wconf 67' lang='lat' dir='ltr'><strong>Praeterea</strong></span> <span class='ocrx_word' id='word_1_119' title='bbox 1412 2051 1478 2091; x_wconf 85' lang='lat' dir='ltr'><strong>ex</strong></span> <span class='ocrx_word' id='word_1_120' title='bbox 1515 2051 1626 2106; x_wconf 88' lang='lat' dir='ltr'><strong>quo</strong></span> 
     </span>
    </p>
   </div>
   <div class='ocr_carea' id='block_1_22' title="bbox 69 2120 1624 2200">
    <p class='ocr_par' dir='ltr' id='par_1_22' title="bbox 69 2120 1624 2200">
     <span class='ocr_line' id='line_1_22' title="bbox 69 2120 1624 2200; baseline 0.005 -26"><span class='ocrx_word' id='word_1_121' title='bbox 69 2120 427 2183; x_wconf 72' lang='lat' dir='ltr'><strong>Mamistrensis</strong></span> <span class='ocrx_word' id='word_1_122' title='bbox 467 2127 914 2200; x_wconf 86' lang='lat' dir='ltr'><strong>archiepiscopus</strong></span> <span class='ocrx_word' id='word_1_123' title='bbox 943 2144 974 2183; x_wconf 91' lang='lat' dir='ltr'><strong>a</strong></span> <span class='ocrx_word' id='word_1_124' title='bbox 1006 2127 1166 2183; x_wconf 91' lang='lat' dir='ltr'><strong>nobis</strong></span> <span class='ocrx_word' id='word_1_125' title='bbox 1195 2127 1480 2194; x_wconf 89' lang='lat' dir='ltr'><strong>discessit,</strong></span> <span class='ocrx_word' id='word_1_126' title='bbox 1511 2127 1624 2182; x_wconf 82' lang='lat' dir='ltr'><strong>fer-</strong></span> 
     </span>
    </p>
   </div>
   <div class='ocr_carea' id='block_1_23' title="bbox 68 2215 1624 2287">
    <p class='ocr_par' dir='ltr' id='par_1_23' title="bbox 68 2215 1624 2287">
     <span class='ocr_line' id='line_1_23' title="bbox 68 2215 1624 2287; baseline 0.004 -23"><span class='ocrx_word' id='word_1_127' title='bbox 68 2220 141 2265; x_wconf 87' lang='lat' dir='ltr'><strong>tur</strong></span> <span class='ocrx_word' id='word_1_128' title='bbox 167 2215 398 2283; x_wconf 88' lang='lat' dir='ltr'><strong>quotidie</strong></span> <span class='ocrx_word' id='word_1_129' title='bbox 423 2216 808 2287; x_wconf 87' lang='lat' dir='ltr'><strong>imperatorem</strong></span> <span class='ocrx_word' id='word_1_130' title='bbox 839 2218 1114 2273; x_wconf 88' lang='lat' dir='ltr'><strong>advenire.</strong></span> <span class='ocrx_word' id='word_1_131' title='bbox 1148 2216 1253 2284; x_wconf 87' lang='lat' dir='ltr'><strong>Qui</strong></span> <span class='ocrx_word' id='word_1_132' title='bbox 1286 2218 1469 2273; x_wconf 91' lang='lat' dir='ltr'><strong>statim</strong></span> <span class='ocrx_word' id='word_1_133' title='bbox 1497 2233 1624 2272; x_wconf 89' lang='lat' dir='ltr'><strong>cum</strong></span> 
     </span>
    </p>
   </div>
   <div class='ocr_carea' id='block_1_24' title="bbox 67 2307 1623 2376">
    <p class='ocr_par' dir='ltr' id='par_1_24' title="bbox 67 2307 1623 2376">
     <span class='ocr_line' id='line_1_24' title="bbox 67 2307 1623 2376; baseline 0.004 -19"><span class='ocrx_word' id='word_1_134' title='bbox 67 2307 264 2374; x_wconf 85' lang='lat' dir='ltr'><strong>venerit,</strong></span> <span class='ocrx_word' id='word_1_135' title='bbox 310 2318 576 2365; x_wconf 89' lang='lat' dir='ltr'><strong>verentur</strong></span> <span class='ocrx_word' id='word_1_136' title='bbox 625 2325 816 2367; x_wconf 92' lang='lat' dir='ltr'><strong>omnes</strong></span> <span class='ocrx_word' id='word_1_137' title='bbox 838 2309 1146 2367; x_wconf 87' lang='lat' dir='ltr'><strong>Orientales</strong></span> <span class='ocrx_word' id='word_1_138' title='bbox 1173 2326 1281 2365; x_wconf 90' lang='lat' dir='ltr'><strong>una</strong></span> <span class='ocrx_word' id='word_1_139' title='bbox 1314 2309 1623 2376; x_wconf 89' lang='lat' dir='ltr'><strong>nobiseum,</strong></span> 
     </span>
    </p>
   </div>
   <div class='ocr_carea' id='block_1_25' title="bbox 67 2396 1622 2474">
    <p class='ocr_par' dir='ltr' id='par_1_25' title="bbox 67 2396 1622 2474">
     <span class='ocr_line' id='line_1_25' title="bbox 67 2396 1622 2474; baseline 0.005 -23"><span class='ocrx_word' id='word_1_140' title='bbox 67 2396 245 2470; x_wconf 79' lang='lat' dir='ltr'><strong>absque</strong></span> <span class='ocrx_word' id='word_1_141' title='bbox 269 2399 420 2456; x_wconf 89' lang='lat' dir='ltr'><strong>omni</strong></span> <span class='ocrx_word' id='word_1_142' title='bbox 457 2402 624 2458; x_wconf 87' lang='lat' dir='ltr'><strong>dubio</strong></span> <span class='ocrx_word' id='word_1_143' title='bbox 677 2403 858 2474; x_wconf 88' lang='lat' dir='ltr'><strong>ipsum</strong></span> <span class='ocrx_word' id='word_1_144' title='bbox 903 2403 1053 2459; x_wconf 89' lang='lat' dir='ltr'><strong>illam</strong></span> <span class='ocrx_word' id='word_1_145' title='bbox 1106 2403 1325 2470; x_wconf 89' lang='lat' dir='ltr'><strong>habere,</strong></span> <span class='ocrx_word' id='word_1_146' title='bbox 1363 2403 1622 2474; x_wconf 87' lang='lat' dir='ltr'><strong>quoniam</strong></span> 
     </span>
    </p>
   </div>
   <div class='ocr_carea' id='block_1_26' title="bbox 67 2489 1627 2567">
    <p class='ocr_par' dir='ltr' id='par_1_26' title="bbox 67 2489 1627 2567">
     <span class='ocr_line' id='line_1_26' title="bbox 67 2489 1627 2567; baseline 0.006 -25"><span class='ocrx_word' id='word_1_147' title='bbox 67 2489 112 2542; x_wconf 88' lang='lat' dir='ltr'><strong>in</strong></span> <span class='ocrx_word' id='word_1_148' title='bbox 143 2499 274 2548; x_wconf 87' lang='lat' dir='ltr'><strong>tanta</strong></span> <span class='ocrx_word' id='word_1_149' title='bbox 302 2492 586 2550; x_wconf 79' lang='lat' dir='ltr'><strong>debilitate</strong></span> <span class='ocrx_word' id='word_1_150' title='bbox 632 2504 905 2566; x_wconf 87' lang='lat' dir='ltr'><strong>prostrata</strong></span> <span class='ocrx_word' id='word_1_151' title='bbox 951 2495 1279 2563; x_wconf 87' lang='lat' dir='ltr'><strong>succumbit,</strong></span> <span class='ocrx_word' id='word_1_152' title='bbox 1323 2495 1469 2567; x_wconf 92' lang='lat' dir='ltr'><strong>quod</strong></span> <span class='ocrx_word' id='word_1_153' title='bbox 1517 2511 1627 2551; x_wconf 91' lang='lat' dir='ltr'><strong>non</strong></span> 
     </span>
    </p>
   </div>
   <div class='ocr_carea' id='block_1_27' title="bbox 67 2578 1627 2643">
    <p class='ocr_par' dir='ltr' id='par_1_27' title="bbox 67 2578 1627 2643">
     <span class='ocr_line' id='line_1_27' title="bbox 67 2578 1627 2643; baseline 0.004 -10"><span class='ocrx_word' id='word_1_154' title='bbox 67 2578 256 2638; x_wconf 86' lang='lat' dir='ltr'><strong>aliunde</strong></span> <span class='ocrx_word' id='word_1_155' title='bbox 277 2583 379 2640; x_wconf 87' lang='lat' dir='ltr'><strong>sibi</strong></span> <span class='ocrx_word' id='word_1_156' title='bbox 412 2585 629 2642; x_wconf 83' lang='lat' dir='ltr'><strong>venerit</strong></span> <span class='ocrx_word' id='word_1_157' title='bbox 669 2586 957 2642; x_wconf 80' lang='lat' dir='ltr'><strong>auxilium.</strong></span> <span class='ocrx_word' id='word_1_158' title='bbox 988 2585 1247 2643; x_wconf 87' lang='lat' dir='ltr'><strong>Eamdem</strong></span> <span class='ocrx_word' id='word_1_159' title='bbox 1279 2585 1627 2641; x_wconf 84' lang='lat' dir='ltr'><strong>Antiochiam</strong></span> 
     </span>
    </p>
   </div>
   <div class='ocr_carea' id='block_1_28' title="bbox 69 2666 1624 2735">
    <p class='ocr_par' dir='ltr' id='par_1_28' title="bbox 69 2666 1624 2735">
     <span class='ocr_line' id='line_1_28' title="bbox 69 2666 1624 2735; baseline 0.007 -13"><span class='ocrx_word' id='word_1_160' title='bbox 69 2666 235 2728; x_wconf 83' lang='lat' dir='ltr'><strong>Turcis</strong></span> <span class='ocrx_word' id='word_1_161' title='bbox 255 2683 347 2730; x_wconf 83' lang='lat' dir='ltr'><strong>aut</strong></span> <span class='ocrx_word' id='word_1_162' title='bbox 379 2675 592 2734; x_wconf 63' lang='lat' dir='ltr'><strong>Graecis</strong></span> <span class='ocrx_word' id='word_1_163' title='bbox 629 2677 822 2734; x_wconf 90' lang='lat' dir='ltr'><strong>cedere</strong></span> <span class='ocrx_word' id='word_1_164' title='bbox 867 2677 1243 2734; x_wconf 89' lang='lat' dir='ltr'><strong>indubitanter</strong></span> <span class='ocrx_word' id='word_1_165' title='bbox 1264 2693 1487 2734; x_wconf 90' lang='lat' dir='ltr'><strong>necesse</strong></span> <span class='ocrx_word' id='word_1_166' title='bbox 1520 2687 1624 2735; x_wconf 87' lang='lat' dir='ltr'><strong>est.</strong></span> 
     </span>
    </p>
   </div>
   <div class='ocr_carea' id='block_1_29' title="bbox 67 2761 1628 2839">
    <p class='ocr_par' dir='ltr' id='par_1_29' title="bbox 67 2761 1628 2839">
     <span class='ocr_line' id='line_1_29' title="bbox 67 2761 1628 2839; baseline 0.007 -22"><span class='ocrx_word' id='word_1_167' title='bbox 67 2761 215 2821; x_wconf 80' lang='lat' dir='ltr'><strong>Mente</strong></span> <span class='ocrx_word' id='word_1_168' title='bbox 244 2766 405 2839; x_wconf 81' lang='lat' dir='ltr'><strong>igitur</strong></span> <span class='ocrx_word' id='word_1_169' title='bbox 444 2769 661 2838; x_wconf 85' lang='lat' dir='ltr'><strong>devota,</strong></span> <span class='ocrx_word' id='word_1_170' title='bbox 707 2770 872 2826; x_wconf 89' lang='lat' dir='ltr'><strong>corde</strong></span> <span class='ocrx_word' id='word_1_171' title='bbox 914 2771 1170 2838; x_wconf 90' lang='lat' dir='ltr'><strong>sollicito,</strong></span> <span class='ocrx_word' id='word_1_172' title='bbox 1207 2786 1376 2828; x_wconf 86' lang='lat' dir='ltr'><strong>cursu</strong></span> <span class='ocrx_word' id='word_1_173' title='bbox 1411 2772 1628 2828; x_wconf 89' lang='lat' dir='ltr'><strong>concito</strong></span> 
     </span>
    </p>
   </div>
   <div class='ocr_carea' id='block_1_30' title="bbox 66 2856 1628 2935">
    <p class='ocr_par' dir='ltr' id='par_1_30' title="bbox 66 2856 1628 2935">
     <span class='ocr_line' id='line_1_30' title="bbox 66 2856 1628 2935; baseline 0.006 -24"><span class='ocrx_word' id='word_1_174' title='bbox 66 2856 412 2928; x_wconf 85' lang='lat' dir='ltr'><strong>imperatorem</strong></span> <span class='ocrx_word' id='word_1_175' title='bbox 447 2861 601 2916; x_wconf 90' lang='lat' dir='ltr'><strong>illum</strong></span> <span class='ocrx_word' id='word_1_176' title='bbox 649 2861 718 2918; x_wconf 88' lang='lat' dir='ltr'><strong>de</strong></span> <span class='ocrx_word' id='word_1_177' title='bbox 768 2879 878 2934; x_wconf 91' lang='lat' dir='ltr'><strong>quo</strong></span> <span class='ocrx_word' id='word_1_178' title='bbox 910 2864 1084 2935; x_wconf 86' lang='lat' dir='ltr'><strong>magis</strong></span> <span class='ocrx_word' id='word_1_179' title='bbox 1111 2864 1391 2931; x_wconf 89' lang='lat' dir='ltr'><strong>timemus,</strong></span> <span class='ocrx_word' id='word_1_180' title='bbox 1420 2880 1628 2935; x_wconf 67' lang='lat' dir='ltr'><strong>praeve-</strong></span> 
     </span>
    </p>
   </div>
   <div class='ocr_carea' id='block_1_31' title="bbox 68 2947 1628 3025">
    <p class='ocr_par' dir='ltr' id='par_1_31' title="bbox 68 2947 1628 3025">
     <span class='ocr_line' id='line_1_31' title="bbox 68 2947 1628 3025; baseline 0.007 -25"><span class='ocrx_word' id='word_1_181' title='bbox 68 2947 166 3004; x_wconf 90' lang='lat' dir='ltr'><strong>nire</strong></span> <span class='ocrx_word' id='word_1_182' title='bbox 187 2951 468 3020; x_wconf 86' lang='lat' dir='ltr'><strong>studeatis,</strong></span> <span class='ocrx_word' id='word_1_183' title='bbox 499 2953 628 3025; x_wconf 84' lang='lat' dir='ltr'><strong>quia</strong></span> <span class='ocrx_word' id='word_1_184' title='bbox 663 2969 773 3010; x_wconf 88' lang='lat' dir='ltr'><strong>non</strong></span> <span class='ocrx_word' id='word_1_185' title='bbox 821 2956 877 3011; x_wconf 87' lang='lat' dir='ltr'><strong>in</strong></span> <span class='ocrx_word' id='word_1_186' title='bbox 908 2963 1112 3012; x_wconf 88' lang='lat' dir='ltr'><strong>terram</strong></span> <span class='ocrx_word' id='word_1_187' title='bbox 1143 2955 1400 3024; x_wconf 90' lang='lat' dir='ltr'><strong>alienam,</strong></span> <span class='ocrx_word' id='word_1_188' title='bbox 1438 2971 1628 3012; x_wconf 91' lang='lat' dir='ltr'><strong>verum</strong></span> 
     </span>
    </p>
   </div>
   <div class='ocr_carea' id='block_1_32' title="bbox 68 3039 1628 3119">
    <p class='ocr_par' dir='ltr' id='par_1_32' title="bbox 68 3039 1628 3119">
     <span class='ocr_line' id='line_1_32' title="bbox 68 3039 1628 3119; baseline 0.008 -27"><span class='ocrx_word' id='word_1_189' title='bbox 68 3039 111 3092; x_wconf 90' lang='lat' dir='ltr'><strong>in</strong></span> <span class='ocrx_word' id='word_1_190' title='bbox 130 3056 237 3097; x_wconf 88' lang='lat' dir='ltr'><strong>eam</strong></span> <span class='ocrx_word' id='word_1_191' title='bbox 265 3059 384 3116; x_wconf 66' lang='lat' dir='ltr'><strong>quae</strong></span> <span class='ocrx_word' id='word_1_192' title='bbox 413 3045 475 3100; x_wconf 90' lang='lat' dir='ltr'><strong>in</strong></span> <span class='ocrx_word' id='word_1_193' title='bbox 498 3046 753 3103; x_wconf 89' lang='lat' dir='ltr'><strong>omnibus</strong></span> <span class='ocrx_word' id='word_1_194' title='bbox 795 3055 849 3102; x_wconf 91' lang='lat' dir='ltr'><strong>et</strong></span> <span class='ocrx_word' id='word_1_195' title='bbox 884 3063 982 3119; x_wconf 90' lang='lat' dir='ltr'><strong>per</strong></span> <span class='ocrx_word' id='word_1_196' title='bbox 1005 3047 1190 3104; x_wconf 87' lang='lat' dir='ltr'><strong>omnia</strong></span> <span class='ocrx_word' id='word_1_197' title='bbox 1228 3047 1383 3106; x_wconf 84' lang='lat' dir='ltr'><strong>vobis</strong></span> <span class='ocrx_word' id='word_1_198' title='bbox 1405 3049 1508 3105; x_wconf 89' lang='lat' dir='ltr'><strong>erit</strong></span> <span class='ocrx_word' id='word_1_199' title='bbox 1533 3064 1628 3104; x_wconf 82' lang='lat' dir='ltr'><strong>ex-</strong></span> 
     </span>
    </p>
   </div>
   <div class='ocr_carea' id='block_1_33' title="bbox 65 3131 1736 3232">
    <p class='ocr_par' dir='ltr' id='par_1_33' title="bbox 65 3131 1736 3232">
     <span class='ocr_line' id='line_1_33' title="bbox 65 3131 1736 3232; baseline 0.002 -38"><span class='ocrx_word' id='word_1_200' title='bbox 65 3133 219 3232; x_wconf 56' lang='lat' dir='ltr'><strong>pftSita</strong></span> <span class='ocrx_word' id='word_1_201' title='bbox 243 3137 496 3232; x_wconf 69' lang='lat' dir='ltr'><strong>venietis.</strong></span> <span class='ocrx_word' id='word_1_202' title='bbox 522 3138 725 3206; x_wconf 68' lang='lat' dir='ltr'><strong>Et,ta‘m</strong></span> <span class='ocrx_word' id='word_1_203' title='bbox 756 3157 858 3197; x_wconf 90' lang='lat' dir='ltr'><strong>nos</strong></span> <span class='ocrx_word' id='word_1_204' title='bbox 877 3157 1042 3212; x_wconf 89' lang='lat' dir='ltr'><strong>quam</strong></span> <span class='ocrx_word' id='word_1_205' title='bbox 1075 3157 1264 3198; x_wconf 90' lang='lat' dir='ltr'><strong>omnes</strong></span> <span class='ocrx_word' id='word_1_206' title='bbox 1295 3141 1386 3198; x_wconf 83' lang='lat' dir='ltr'><strong>alii</strong></span> <span class='ocrx_word' id='word_1_207' title='bbox 1414 3143 1624 3232; x_wconf 91' lang='lat' dir='ltr'><strong>jussio-</strong></span> <span class='ocrx_word' id='word_1_208' title='bbox 1652 3175 1694 3232; x_wconf 64' lang='grc' dir='ltr'><strong>ρ</strong></span> <span class='ocrx_word' id='word_1_209' title='bbox 1733 3131 1736 3134; x_wconf 58' lang='grc'><strong>’</strong></span> 
     </span>
    </p>
   </div>
   <div class='ocr_carea' id='block_1_34' title="bbox 67 3223 958 3304">
    <p class='ocr_par' dir='ltr' id='par_1_34' title="bbox 67 3223 958 3304">
     <span class='ocr_line' id='line_1_34' title="bbox 67 3223 958 3304; baseline 0.013 -28"><span class='ocrx_word' id='word_1_210' title='bbox 67 3223 202 3282; x_wconf 85' lang='lat' dir='ltr'><strong>nibus</strong></span> <span class='ocrx_word' id='word_1_211' title='bbox 220 3229 415 3288; x_wconf 88' lang='lat' dir='ltr'><strong>vestris</strong></span> <span class='ocrx_word' id='word_1_212' title='bbox 440 3230 958 3304; x_wconf 85' lang='lat' dir='ltr'><strong>obtemperabimus.</strong></span> 
     </span>
    </p>
   </div>
   <div class='ocr_carea' id='block_1_35' title="bbox 785 3323 876 3380">
    <p class='ocr_par' dir='ltr' id='par_1_35' title="bbox 785 3323 876 3380">
     <span class='ocr_line' id='line_1_35' title="bbox 785 3323 876 3380; baseline 0.022 -2"><span class='ocrx_word' id='word_1_213' title='bbox 785 3323 876 3380; x_wconf 75' lang='lat' dir='ltr'><strong>IX.</strong></span> 
     </span>
    </p>
   </div>
   <div class='ocr_carea' id='block_1_36' title="bbox 180 3427 1481 3476">
    <p class='ocr_par' dir='ltr' id='par_1_36' title="bbox 180 3427 1481 3476">
     <span class='ocr_line' id='line_1_36' title="bbox 180 3427 1481 3476; baseline 0.008 -10"><span class='ocrx_word' id='word_1_214' title='bbox 180 3427 227 3466; x_wconf 68' lang='grc' dir='ltr'><strong>Β.</strong></span> <span class='ocrx_word' id='word_1_215' title='bbox 251 3428 315 3468; x_wconf 76' lang='lat' dir='ltr'><strong>DE</strong></span> <span class='ocrx_word' id='word_1_216' title='bbox 334 3428 712 3471; x_wconf 70' lang='lat' dir='ltr'><strong>BLANCESFORT</strong></span> <span class='ocrx_word' id='word_1_217' title='bbox 744 3433 995 3473; x_wconf 68' lang='lat' dir='ltr'><strong>IAGIS’I‘RI</strong></span> <span class='ocrx_word' id='word_1_218' title='bbox 1017 3435 1239 3476; x_wconf 66' lang='lat' dir='ltr'><strong>MILITIE</strong></span> <span class='ocrx_word' id='word_1_219' title='bbox 1265 3435 1481 3476; x_wconf 71' lang='lat' dir='ltr'><strong>TEIPLI.</strong></span> 
     </span>
    </p>
   </div>
   <div class='ocr_carea' id='block_1_37' title="bbox 123 3498 1623 3578">
    <p class='ocr_par' dir='ltr' id='par_1_37' title="bbox 123 3498 1623 3578">
     <span class='ocr_line' id='line_1_37' title="bbox 123 3498 1623 3578; baseline 0.011 -26"><span class='ocrx_word' id='word_1_220' title='bbox 123 3498 391 3572; x_wconf 71' lang='lat' dir='ltr'><strong>LUDOYICO,</strong></span> <span class='ocrx_word' id='word_1_221' title='bbox 427 3505 616 3562; x_wconf 88' lang='lat' dir='ltr'><strong>divina</strong></span> <span class='ocrx_word' id='word_1_222' title='bbox 658 3508 830 3578; x_wconf 89' lang='lat' dir='ltr'><strong>gratia</strong></span> <span class='ocrx_word' id='word_1_223' title='bbox 878 3509 1254 3566; x_wconf 88' lang='lat' dir='ltr'><strong>illustrissimo</strong></span> <span class='ocrx_word' id='word_1_224' title='bbox 1283 3511 1623 3568; x_wconf 88' lang='lat' dir='ltr'><strong>Francorum</strong></span> 
     </span>
    </p>
   </div>
   <div class='ocr_carea' id='block_1_38' title="bbox 65 3591 1625 3675">
    <p class='ocr_par' dir='ltr' id='par_1_38' title="bbox 65 3591 1625 3675">
     <span class='ocr_line' id='line_1_38' title="bbox 65 3591 1625 3675; baseline 0.012 -33"><span class='ocrx_word' id='word_1_225' title='bbox 65 3591 178 3662; x_wconf 84' lang='lat' dir='ltr'><strong>regi,</strong></span> <span class='ocrx_word' id='word_1_226' title='bbox 207 3593 260 3650; x_wconf 88' lang='grc' dir='ltr'><strong>Β.</strong></span> <span class='ocrx_word' id='word_1_227' title='bbox 281 3611 346 3652; x_wconf 77' lang='lat' dir='ltr'><strong>ne</strong></span> <span class='ocrx_word' id='word_1_228' title='bbox 374 3596 784 3668; x_wconf 63' lang='lat' dir='ltr'><strong>Bnmcssroar,</strong></span> <span class='ocrx_word' id='word_1_229' title='bbox 817 3601 1006 3656; x_wconf 90' lang='lat' dir='ltr'><strong>eadem</strong></span> <span class='ocrx_word' id='word_1_230' title='bbox 1037 3603 1210 3675; x_wconf 88' lang='lat' dir='ltr'><strong>gratia</strong></span> <span class='ocrx_word' id='word_1_231' title='bbox 1241 3605 1498 3674; x_wconf 84' lang='lat' dir='ltr'><strong>pauperis</strong></span> <span class='ocrx_word' id='word_1_232' title='bbox 1520 3605 1625 3660; x_wconf 90' lang='lat' dir='ltr'><strong>mi-</strong></span> 
     </span>
    </p>
   </div>
   <div class='ocr_carea' id='block_1_39' title="bbox 64 3679 1626 3766">
    <p class='ocr_par' dir='ltr' id='par_1_39' title="bbox 64 3679 1626 3766">
     <span class='ocr_line' id='line_1_39' title="bbox 64 3679 1626 3766; baseline 0.011 -33"><span class='ocrx_word' id='word_1_233' title='bbox 64 3679 174 3738; x_wconf 70' lang='lat' dir='ltr'><strong>litia:</strong></span> <span class='ocrx_word' id='word_1_234' title='bbox 195 3684 396 3759; x_wconf 82' lang='lat' dir='ltr'><strong>Templi</strong></span> <span class='ocrx_word' id='word_1_235' title='bbox 433 3691 697 3761; x_wconf 87' lang='lat' dir='ltr'><strong>magister</strong></span> <span class='ocrx_word' id='word_1_236' title='bbox 709 3693 910 3758; x_wconf 86' lang='lat' dir='ltr'><strong>dictus,</strong></span> <span class='ocrx_word' id='word_1_237' title='bbox 943 3711 1069 3749; x_wconf 90' lang='lat' dir='ltr'><strong>cum</strong></span> <span class='ocrx_word' id='word_1_238' title='bbox 1099 3695 1356 3750; x_wconf 85' lang='lat' dir='ltr'><strong>universo</strong></span> <span class='ocrx_word' id='word_1_239' title='bbox 1377 3697 1626 3766; x_wconf 86' lang='lat' dir='ltr'><strong>ejusdem</strong></span> 
     </span>
    </p>
   </div>
   <div class='ocr_carea' id='block_1_40' title="bbox 63 3773 1627 3857">
    <p class='ocr_par' dir='ltr' id='par_1_40' title="bbox 63 3773 1627 3857">
     <span class='ocr_line' id='line_1_40' title="bbox 63 3773 1627 3857; baseline 0.012 -32"><span class='ocrx_word' id='word_1_240' title='bbox 63 3773 244 3833; x_wconf 69' lang='lat' dir='ltr'><strong>militiae</strong></span> <span class='ocrx_word' id='word_1_241' title='bbox 266 3789 568 3857; x_wconf 82' lang='lat' dir='ltr'><strong>conventu,</strong></span> <span class='ocrx_word' id='word_1_242' title='bbox 591 3784 967 3840; x_wconf 90' lang='lat' dir='ltr'><strong>omnimodum</strong></span> <span class='ocrx_word' id='word_1_243' title='bbox 1000 3801 1124 3840; x_wconf 89' lang='lat' dir='ltr'><strong>eum</strong></span> <span class='ocrx_word' id='word_1_244' title='bbox 1157 3787 1336 3842; x_wconf 87' lang='lat' dir='ltr'><strong>debita</strong></span> <span class='ocrx_word' id='word_1_245' title='bbox 1374 3803 1627 3843; x_wconf 88' lang='lat' dir='ltr'><strong>reveren-</strong></span> 
     </span>
    </p>
   </div>
   <div class='ocr_carea' id='block_1_41' title="bbox 64 3859 827 3928">
    <p class='ocr_par' dir='ltr' id='par_1_41' title="bbox 64 3859 827 3928">
     <span class='ocr_line' id='line_1_41' title="bbox 64 3859 827 3928; baseline 0.022 -17"><span class='ocrx_word' id='word_1_246' title='bbox 64 3859 125 3914; x_wconf 87' lang='lat' dir='ltr'><strong>tia</strong></span> <span class='ocrx_word' id='word_1_247' title='bbox 145 3861 458 3924; x_wconf 79' lang='lat' dir='ltr'><strong>famulatum</strong></span> <span class='ocrx_word' id='word_1_248' title='bbox 488 3869 545 3926; x_wconf 90' lang='lat' dir='ltr'><strong>in</strong></span> <span class='ocrx_word' id='word_1_249' title='bbox 573 3870 827 3928; x_wconf 85' lang='lat' dir='ltr'><strong>Domino.</strong></span> 
     </span>
    </p>
   </div>
   <div class='ocr_carea' id='block_1_42' title="bbox 119 3950 1628 4039">
    <p class='ocr_par' dir='ltr' id='par_1_42' title="bbox 119 3950 1628 4039">
     <span class='ocr_line' id='line_1_42' title="bbox 119 3950 1628 4039; baseline 0.011 -31"><span class='ocrx_word' id='word_1_250' title='bbox 119 3950 394 4017; x_wconf 82' lang='lat' dir='ltr'><strong>Orientalis</strong></span> <span class='ocrx_word' id='word_1_251' title='bbox 427 3962 577 4033; x_wconf 81' lang='lat' dir='ltr'><strong>regni</strong></span> <span class='ocrx_word' id='word_1_252' title='bbox 601 3965 1065 4034; x_wconf 84' lang='lat' dir='ltr'><strong>perturbationem</strong></span> <span class='ocrx_word' id='word_1_253' title='bbox 1087 3981 1279 4039; x_wconf 90' lang='lat' dir='ltr'><strong>graves</strong></span> <span class='ocrx_word' id='word_1_254' title='bbox 1298 3975 1525 4025; x_wconf 90' lang='lat' dir='ltr'><strong>eventus</strong></span> <span class='ocrx_word' id='word_1_255' title='bbox 1543 3967 1628 4024; x_wconf 93' lang='lat' dir='ltr'><strong>in-</strong></span> 
     </span>
    </p>
   </div>
   <div class='ocr_carea' id='block_1_43' title="bbox 61 4050 1626 4146">
    <p class='ocr_par' dir='ltr' id='par_1_43' title="bbox 61 4050 1626 4146">
     <span class='ocr_line' id='line_1_43' title="bbox 61 4050 1626 4146; baseline 0.01 -46"><span class='ocrx_word' id='word_1_256' title='bbox 61 4050 580 4146; x_wconf 60' lang='lat' dir='ltr'><strong>textosinfortuniis,</strong></span> <span class='ocrx_word' id='word_1_257' title='bbox 615 4056 820 4127; x_wconf 91' lang='lat' dir='ltr'><strong>scripto</strong></span> <span class='ocrx_word' id='word_1_258' title='bbox 848 4058 1004 4114; x_wconf 90' lang='lat' dir='ltr'><strong>vobis</strong></span> <span class='ocrx_word' id='word_1_259' title='bbox 1026 4059 1281 4114; x_wconf 89' lang='lat' dir='ltr'><strong>intimare</strong></span> <span class='ocrx_word' id='word_1_260' title='bbox 1305 4074 1482 4129; x_wconf 69' lang='lat' dir='ltr'><strong>opera:</strong></span> <span class='ocrx_word' id='word_1_261' title='bbox 1503 4076 1626 4132; x_wconf 90' lang='lat' dir='ltr'><strong>pre-</strong></span> 
     </span>
    </p>
   </div>
   <div class='ocr_carea' id='block_1_44' title="bbox 55 4140 1628 4217">
    <p class='ocr_par' dir='ltr' id='par_1_44' title="bbox 55 4140 1628 4217">
     <span class='ocr_line' id='line_1_44' title="bbox 55 4140 1628 4217; baseline 0.011 -29"><span class='ocrx_word' id='word_1_262' title='bbox 55 4140 180 4192; x_wconf 84' lang='lat' dir='ltr'><strong>tium</strong></span> <span class='ocrx_word' id='word_1_263' title='bbox 205 4140 485 4210; x_wconf 88' lang='lat' dir='ltr'><strong>duximus,</strong></span> <span class='ocrx_word' id='word_1_264' title='bbox 518 4159 643 4200; x_wconf 91' lang='lat' dir='ltr'><strong>eum</strong></span> <span class='ocrx_word' id='word_1_265' title='bbox 666 4161 1054 4217; x_wconf 89' lang='lat' dir='ltr'><strong>prosperorum</strong></span> <span class='ocrx_word' id='word_1_266' title='bbox 1078 4149 1366 4204; x_wconf 87' lang='lat' dir='ltr'><strong>nuntiandi</strong></span> <span class='ocrx_word' id='word_1_267' title='bbox 1395 4148 1628 4206; x_wconf 87' lang='lat' dir='ltr'><strong>facultas</strong></span> 
     </span>
    </p>
   </div>
   <div class='ocr_carea' id='block_1_45' title="bbox 61 4226 1628 4310">
    <p class='ocr_par' dir='ltr' id='par_1_45' title="bbox 61 4226 1628 4310">
     <span class='ocr_line' id='line_1_45' title="bbox 61 4226 1628 4310; baseline 0.011 -32"><span class='ocrx_word' id='word_1_268' title='bbox 61 4226 418 4288; x_wconf 86' lang='lat' dir='ltr'><strong>universaliter</strong></span> <span class='ocrx_word' id='word_1_269' title='bbox 439 4233 554 4289; x_wconf 84' lang='lat' dir='ltr'><strong>fere</strong></span> <span class='ocrx_word' id='word_1_270' title='bbox 590 4235 750 4292; x_wconf 89' lang='lat' dir='ltr'><strong>nobis</strong></span> <span class='ocrx_word' id='word_1_271' title='bbox 775 4237 1086 4308; x_wconf 87' lang='lat' dir='ltr'><strong>denegetur.</strong></span> <span class='ocrx_word' id='word_1_272' title='bbox 1116 4237 1196 4294; x_wconf 88' lang='lat' dir='ltr'><strong>Ne</strong></span> <span class='ocrx_word' id='word_1_273' title='bbox 1219 4253 1350 4295; x_wconf 88' lang='lat' dir='ltr'><strong>vero</strong></span> <span class='ocrx_word' id='word_1_274' title='bbox 1373 4239 1628 4310; x_wconf 84' lang='lat' dir='ltr'><strong>majesta-</strong></span> 
     </span>
    </p>
   </div>
   <div class='ocr_carea' id='block_1_46' title="bbox 61 4322 1631 4400">
    <p class='ocr_par' dir='ltr' id='par_1_46' title="bbox 61 4322 1631 4400">
     <span class='ocr_line' id='line_1_46' title="bbox 61 4322 1631 4400; baseline 0.011 -30"><span class='ocrx_word' id='word_1_275' title='bbox 61 4322 154 4373; x_wconf 88' lang='lat' dir='ltr'><strong>tem</strong></span> <span class='ocrx_word' id='word_1_276' title='bbox 178 4333 410 4380; x_wconf 86' lang='lat' dir='ltr'><strong>vestram</strong></span> <span class='ocrx_word' id='word_1_277' title='bbox 439 4326 651 4396; x_wconf 89' lang='lat' dir='ltr'><strong>prolixa</strong></span> <span class='ocrx_word' id='word_1_278' title='bbox 696 4328 1152 4400; x_wconf 89' lang='lat' dir='ltr'><strong>improperiorum</strong></span> <span class='ocrx_word' id='word_1_279' title='bbox 1195 4340 1509 4387; x_wconf 90' lang='lat' dir='ltr'><strong>nostrorum</strong></span> <span class='ocrx_word' id='word_1_280' title='bbox 1541 4347 1631 4388; x_wconf 85' lang='lat' dir='ltr'><strong>re-</strong></span> 
     </span>
    </p>
   </div>
   <div class='ocr_carea' id='block_1_47' title="bbox 58 4404 1626 4492">
    <p class='ocr_par' dir='ltr' id='par_1_47' title="bbox 58 4404 1626 4492">
     <span class='ocr_line' id='line_1_47' title="bbox 58 4404 1626 4492; baseline 0.011 -31"><span class='ocrx_word' id='word_1_281' title='bbox 58 4404 240 4468; x_wconf 87' lang='lat' dir='ltr'><strong>latione</strong></span> <span class='ocrx_word' id='word_1_282' title='bbox 279 4416 590 4473; x_wconf 88' lang='lat' dir='ltr'><strong>amaricare</strong></span> <span class='ocrx_word' id='word_1_283' title='bbox 627 4415 932 4484; x_wconf 77' lang='lat' dir='ltr'><strong>videamur,</strong></span> <span class='ocrx_word' id='word_1_284' title='bbox 993 4421 1328 4492; x_wconf 88' lang='lat' dir='ltr'><strong>capitulatim</strong></span> <span class='ocrx_word' id='word_1_285' title='bbox 1363 4422 1518 4478; x_wconf 87' lang='lat' dir='ltr'><strong>vobis</strong></span> <span class='ocrx_word' id='word_1_286' title='bbox 1561 4437 1626 4478; x_wconf 87' lang='lat' dir='ltr'><strong>ea</strong></span> 
     </span>
    </p>
   </div>
   <div class='ocr_carea' id='block_1_48' title="bbox 1725 553 3300 634">
    <p class='ocr_par' dir='ltr' id='par_1_48' title="bbox 1725 553 3300 634">
     <span class='ocr_line' id='line_1_48' title="bbox 1725 553 3300 634; baseline -0.006 -16"><span class='ocrx_word' id='word_1_287' title='bbox 1725 565 1992 618; x_wconf 68' lang='lat' dir='ltr'><strong>universae</strong></span> <span class='ocrx_word' id='word_1_288' title='bbox 2011 559 2193 615; x_wconf 87' lang='lat' dir='ltr'><strong>carnis</strong></span> <span class='ocrx_word' id='word_1_289' title='bbox 2215 558 2496 628; x_wconf 87' lang='lat' dir='ltr'><strong>ingressus</strong></span> <span class='ocrx_word' id='word_1_290' title='bbox 2515 563 2626 634; x_wconf 86' lang='lat' dir='ltr'><strong>est,</strong></span> <span class='ocrx_word' id='word_1_291' title='bbox 2660 553 2870 609; x_wconf 85' lang='lat' dir='ltr'><strong>scilicet</strong></span> <span class='ocrx_word' id='word_1_292' title='bbox 2895 554 3156 609; x_wconf 86' lang='lat' dir='ltr'><strong>damnum</strong></span> <span class='ocrx_word' id='word_1_293' title='bbox 3181 555 3300 610; x_wconf 86' lang='lat' dir='ltr'><strong>die-</strong></span> 
     </span>
    </p>
   </div>
   <div class='ocr_carea' id='block_1_49' title="bbox 1723 646 3304 720">
    <p class='ocr_par' dir='ltr' id='par_1_49' title="bbox 1723 646 3304 720">
     <span class='ocr_line' id='line_1_49' title="bbox 1723 646 3304 720; baseline -0.005 -9"><span class='ocrx_word' id='word_1_294' title='bbox 1723 655 1826 710; x_wconf 89' lang='lat' dir='ltr'><strong>bus</strong></span> <span class='ocrx_word' id='word_1_295' title='bbox 1857 653 2058 710; x_wconf 91' lang='lat' dir='ltr'><strong>nostris</strong></span> <span class='ocrx_word' id='word_1_296' title='bbox 2084 649 2526 720; x_wconf 80' lang='lat' dir='ltr'><strong>incomparabile.</strong></span> <span class='ocrx_word' id='word_1_297' title='bbox 2548 646 2671 702; x_wconf 65' lang='lat' dir='ltr'><strong>Haec</strong></span> <span class='ocrx_word' id='word_1_298' title='bbox 2703 656 2757 702; x_wconf 92' lang='lat' dir='ltr'><strong>et</strong></span> <span class='ocrx_word' id='word_1_299' title='bbox 2782 647 2868 703; x_wconf 89' lang='lat' dir='ltr'><strong>his</strong></span> <span class='ocrx_word' id='word_1_300' title='bbox 2893 646 3090 703; x_wconf 87' lang='lat' dir='ltr'><strong>similia</strong></span> <span class='ocrx_word' id='word_1_301' title='bbox 3120 646 3304 704; x_wconf 69' lang='lat' dir='ltr'><strong>Ecde-</strong></span> 
     </span>
    </p>
   </div>
   <div class='ocr_carea' id='block_1_50' title="bbox 1721 739 3304 816">
    <p class='ocr_par' dir='ltr' id='par_1_50' title="bbox 1721 739 3304 816">
     <span class='ocr_line' id='line_1_50' title="bbox 1721 739 3304 816; baseline -0.004 -15"><span class='ocrx_word' id='word_1_302' title='bbox 1721 746 1818 802; x_wconf 65' lang='lat' dir='ltr'><strong>siae</strong></span> <span class='ocrx_word' id='word_1_303' title='bbox 1861 752 2238 816; x_wconf 89' lang='lat' dir='ltr'><strong>persecutores</strong></span> <span class='ocrx_word' id='word_1_304' title='bbox 2295 742 2657 803; x_wconf 86' lang='lat' dir='ltr'><strong>attendentes,</strong></span> <span class='ocrx_word' id='word_1_305' title='bbox 2699 740 2768 795; x_wconf 90' lang='lat' dir='ltr'><strong>ab</strong></span> <span class='ocrx_word' id='word_1_306' title='bbox 2803 739 3062 795; x_wconf 79' lang='lat' dir='ltr'><strong>extremis</strong></span> <span class='ocrx_word' id='word_1_307' title='bbox 3110 755 3304 795; x_wconf 91' lang='lat' dir='ltr'><strong>eorum</strong></span> 
     </span>
    </p>
   </div>
   <div class='ocr_carea' id='block_1_51' title="bbox 1721 830 3304 904">
    <p class='ocr_par' dir='ltr' id='par_1_51' title="bbox 1721 830 3304 904">
     <span class='ocr_line' id='line_1_51' title="bbox 1721 830 3304 904; baseline -0.004 -11"><span class='ocrx_word' id='word_1_308' title='bbox 1721 837 1922 893; x_wconf 88' lang='lat' dir='ltr'><strong>ﬁnibus</strong></span> <span class='ocrx_word' id='word_1_309' title='bbox 1949 836 2003 890; x_wconf 93' lang='lat' dir='ltr'><strong>in</strong></span> <span class='ocrx_word' id='word_1_310' title='bbox 2030 851 2197 892; x_wconf 91' lang='lat' dir='ltr'><strong>unum</strong></span> <span class='ocrx_word' id='word_1_311' title='bbox 2227 834 2558 890; x_wconf 89' lang='lat' dir='ltr'><strong>conveniunt</strong></span> <span class='ocrx_word' id='word_1_312' title='bbox 2607 831 2765 904; x_wconf 92' lang='lat' dir='ltr'><strong>quasi</strong></span> <span class='ocrx_word' id='word_1_313' title='bbox 2796 831 2879 886; x_wconf 91' lang='lat' dir='ltr'><strong>vir</strong></span> <span class='ocrx_word' id='word_1_314' title='bbox 2904 847 3071 894; x_wconf 88' lang='lat' dir='ltr'><strong>unus.</strong></span> <span class='ocrx_word' id='word_1_315' title='bbox 3107 830 3304 886; x_wconf 85' lang='lat' dir='ltr'><strong>adver-</strong></span> 
     </span>
    </p>
   </div>
   <div class='ocr_carea' id='block_1_52' title="bbox 1721 924 3303 994">
    <p class='ocr_par' dir='ltr' id='par_1_52' title="bbox 1721 924 3303 994">
     <span class='ocr_line' id='line_1_52' title="bbox 1721 924 3303 994; baseline -0.006 -8"><span class='ocrx_word' id='word_1_316' title='bbox 1721 947 1818 986; x_wconf 86' lang='lat' dir='ltr'><strong>sus</strong></span> <span class='ocrx_word' id='word_1_317' title='bbox 1839 927 2210 986; x_wconf 89' lang='lat' dir='ltr'><strong>sanctuarium</strong></span> <span class='ocrx_word' id='word_1_318' title='bbox 2232 925 2350 994; x_wconf 88' lang='lat' dir='ltr'><strong>Dei,</strong></span> <span class='ocrx_word' id='word_1_319' title='bbox 2381 925 2561 980; x_wconf 90' lang='lat' dir='ltr'><strong>delere</strong></span> <span class='ocrx_word' id='word_1_320' title='bbox 2585 925 2652 980; x_wconf 93' lang='lat' dir='ltr'><strong>de</strong></span> <span class='ocrx_word' id='word_1_321' title='bbox 2682 931 2827 979; x_wconf 90' lang='lat' dir='ltr'><strong>terra</strong></span> <span class='ocrx_word' id='word_1_322' title='bbox 2855 924 3176 978; x_wconf 88' lang='lat' dir='ltr'><strong>memoriam</strong></span> <span class='ocrx_word' id='word_1_323' title='bbox 3200 938 3303 976; x_wconf 86' lang='lat' dir='ltr'><strong>no-</strong></span> 
     </span>
    </p>
   </div>
   <div class='ocr_carea' id='block_1_53' title="bbox 1722 1015 3308 1091">
    <p class='ocr_par' dir='ltr' id='par_1_53' title="bbox 1722 1015 3308 1091">
     <span class='ocr_line' id='line_1_53' title="bbox 1722 1015 3308 1091; baseline -0.004 -13"><span class='ocrx_word' id='word_1_324' title='bbox 1722 1031 1914 1090; x_wconf 88' lang='lat' dir='ltr'><strong>stram,</strong></span> <span class='ocrx_word' id='word_1_325' title='bbox 1949 1019 2364 1091; x_wconf 87' lang='lat' dir='ltr'><strong>Eeclesiamque</strong></span> <span class='ocrx_word' id='word_1_326' title='bbox 2387 1018 2648 1085; x_wconf 88' lang='lat' dir='ltr'><strong>ﬁdelium,</strong></span> <span class='ocrx_word' id='word_1_327' title='bbox 2681 1017 2828 1088; x_wconf 89' lang='lat' dir='ltr'><strong>quod</strong></span> <span class='ocrx_word' id='word_1_328' title='bbox 2866 1017 3036 1073; x_wconf 87' lang='lat' dir='ltr'><strong>absit!</strong></span> <span class='ocrx_word' id='word_1_329' title='bbox 3080 1015 3308 1072; x_wconf 64' lang='lat' dir='ltr'><strong>inﬁnita:</strong></span> 
     </span>
    </p>
   </div>
   <div class='ocr_carea' id='block_1_54' title="bbox 1720 1109 3303 1182">
    <p class='ocr_par' dir='ltr' id='par_1_54' title="bbox 1720 1109 3303 1182">
     <span class='ocr_line' id='line_1_54' title="bbox 1720 1109 3303 1182; baseline -0.006 -12"><span class='ocrx_word' id='word_1_330' title='bbox 1720 1129 1911 1170; x_wconf 89' lang='lat' dir='ltr'><strong>eorum</strong></span> <span class='ocrx_word' id='word_1_331' title='bbox 1935 1111 2300 1168; x_wconf 87' lang='lat' dir='ltr'><strong>multitudinis</strong></span> <span class='ocrx_word' id='word_1_332' title='bbox 2321 1110 2675 1182; x_wconf 88' lang='lat' dir='ltr'><strong>oppressione</strong></span> <span class='ocrx_word' id='word_1_333' title='bbox 2694 1109 2992 1180; x_wconf 84' lang='lat' dir='ltr'><strong>depravare</strong></span> <span class='ocrx_word' id='word_1_334' title='bbox 3015 1116 3303 1164; x_wconf 81' lang='lat' dir='ltr'><strong>conantur.</strong></span> 
     </span>
    </p>
   </div>
   <div class='ocr_carea' id='block_1_55' title="bbox 1723 1201 3308 1276">
    <p class='ocr_par' dir='ltr' id='par_1_55' title="bbox 1723 1201 3308 1276">
     <span class='ocr_line' id='line_1_55' title="bbox 1723 1201 3308 1276; baseline -0.005 -15"><span class='ocrx_word' id='word_1_335' title='bbox 1723 1205 1898 1276; x_wconf 89' lang='lat' dir='ltr'><strong>Super</strong></span> <span class='ocrx_word' id='word_1_336' title='bbox 1925 1205 2030 1260; x_wconf 90' lang='lat' dir='ltr'><strong>hoc</strong></span> <span class='ocrx_word' id='word_1_337' title='bbox 2075 1203 2173 1260; x_wconf 88' lang='lat' dir='ltr'><strong>Dei</strong></span> <span class='ocrx_word' id='word_1_338' title='bbox 2202 1219 2268 1260; x_wconf 89' lang='lat' dir='ltr'><strong>ae</strong></span> <span class='ocrx_word' id='word_1_339' title='bbox 2294 1211 2540 1259; x_wconf 91' lang='lat' dir='ltr'><strong>vestrum</strong></span> <span class='ocrx_word' id='word_1_340' title='bbox 2589 1201 2877 1270; x_wconf 81' lang='lat' dir='ltr'><strong>auxilium,</strong></span> <span class='ocrx_word' id='word_1_341' title='bbox 2917 1201 3208 1257; x_wconf 89' lang='lat' dir='ltr'><strong>consilium</strong></span> <span class='ocrx_word' id='word_1_342' title='bbox 3253 1208 3308 1254; x_wconf 90' lang='lat' dir='ltr'><strong>et</strong></span> 
     </span>
    </p>
   </div>
   <div class='ocr_carea' id='block_1_56' title="bbox 1721 1291 3310 1367">
    <p class='ocr_par' dir='ltr' id='par_1_56' title="bbox 1721 1291 3310 1367">
     <span class='ocr_line' id='line_1_56' title="bbox 1721 1291 3310 1367; baseline -0.004 -15"><span class='ocrx_word' id='word_1_343' title='bbox 1721 1297 2048 1364; x_wconf 89' lang='lat' dir='ltr'><strong>subsidium,</strong></span> <span class='ocrx_word' id='word_1_344' title='bbox 2084 1294 2504 1367; x_wconf 86' lang='lat' dir='ltr'><strong>ingemiscentes</strong></span> <span class='ocrx_word' id='word_1_345' title='bbox 2534 1293 2896 1365; x_wconf 91' lang='lat' dir='ltr'><strong>postulamus.</strong></span> <span class='ocrx_word' id='word_1_346' title='bbox 2941 1291 3188 1364; x_wconf 81' lang='lat' dir='ltr'><strong>Regnum</strong></span> <span class='ocrx_word' id='word_1_347' title='bbox 3233 1300 3310 1346; x_wconf 88' lang='lat' dir='ltr'><strong>et-</strong></span> 
     </span>
    </p>
   </div>
   <div class='ocr_carea' id='block_1_57' title="bbox 1719 1383 3306 1470">
    <p class='ocr_par' dir='ltr' id='par_1_57' title="bbox 1719 1383 3306 1470">
     <span class='ocr_line' id='line_1_57' title="bbox 1719 1383 3306 1470; baseline -0.005 -24"><span class='ocrx_word' id='word_1_348' title='bbox 1719 1389 1864 1446; x_wconf 90' lang='lat' dir='ltr'><strong>enim</strong></span> <span class='ocrx_word' id='word_1_349' title='bbox 1879 1387 2452 1470; x_wconf 78' lang='lat' dir='ltr'><strong>Hierosolymitanum,</strong></span> <span class='ocrx_word' id='word_1_350' title='bbox 2464 1387 2592 1442; x_wconf 91' lang='lat' dir='ltr'><strong>licet</strong></span> <span class='ocrx_word' id='word_1_351' title='bbox 2607 1385 2901 1456; x_wconf 90' lang='lat' dir='ltr'><strong>plurimum</strong></span> <span class='ocrx_word' id='word_1_352' title='bbox 2920 1383 3156 1455; x_wconf 88' lang='lat' dir='ltr'><strong>propriis</strong></span> <span class='ocrx_word' id='word_1_353' title='bbox 3169 1383 3306 1441; x_wconf 82' lang='lat' dir='ltr'><strong>viri-</strong></span> 
     </span>
    </p>
   </div>
   <div class='ocr_carea' id='block_1_58' title="bbox 1721 1464 3310 1548">
    <p class='ocr_par' dir='ltr' id='par_1_58' title="bbox 1721 1464 3310 1548">
     <span class='ocr_line' id='line_1_58' title="bbox 1721 1464 3310 1548; baseline -0.005 -11"><span class='ocrx_word' id='word_1_354' title='bbox 1721 1482 1824 1538; x_wconf 86' lang='lat' dir='ltr'><strong>bus</strong></span> <span class='ocrx_word' id='word_1_355' title='bbox 1847 1464 2171 1538; x_wconf 65' lang='lat' dir='ltr'><strong>destitu&#39;tum</strong></span> <span class='ocrx_word' id='word_1_356' title='bbox 2194 1479 2285 1547; x_wconf 88' lang='lat' dir='ltr'><strong>sit,</strong></span> <span class='ocrx_word' id='word_1_357' title='bbox 2317 1493 2542 1535; x_wconf 89' lang='lat' dir='ltr'><strong>necesse</strong></span> <span class='ocrx_word' id='word_1_358' title='bbox 2563 1487 2646 1534; x_wconf 91' lang='lat' dir='ltr'><strong>est</strong></span> <span class='ocrx_word' id='word_1_359' title='bbox 2664 1485 3170 1548; x_wconf 87' lang='lat' dir='ltr'><strong>tamenquatenus,</strong></span> <span class='ocrx_word' id='word_1_360' title='bbox 3197 1474 3310 1530; x_wconf 81' lang='lat' dir='ltr'><strong>An-</strong></span> 
     </span>
    </p>
   </div>
   <div class='ocr_carea' id='block_1_59' title="bbox 1720 1567 3312 1642">
    <p class='ocr_par' dir='ltr' id='par_1_59' title="bbox 1720 1567 3312 1642">
     <span class='ocr_line' id='line_1_59' title="bbox 1720 1567 3312 1642; baseline -0.004 -16"><span class='ocrx_word' id='word_1_361' title='bbox 1720 1571 1937 1628; x_wconf 58' lang='lat' dir='ltr'><strong>tiochiae</strong></span> <span class='ocrx_word' id='word_1_362' title='bbox 1973 1569 2299 1642; x_wconf 90' lang='lat' dir='ltr'><strong>principatui</strong></span> <span class='ocrx_word' id='word_1_363' title='bbox 2335 1569 2561 1626; x_wconf 91' lang='lat' dir='ltr'><strong>omnino</strong></span> <span class='ocrx_word' id='word_1_364' title='bbox 2609 1567 2857 1624; x_wconf 90' lang='lat' dir='ltr'><strong>desolato</strong></span> <span class='ocrx_word' id='word_1_365' title='bbox 2917 1581 3142 1622; x_wconf 86' lang='lat' dir='ltr'><strong>manum</strong></span> <span class='ocrx_word' id='word_1_366' title='bbox 3175 1579 3312 1620; x_wconf 88' lang='lat' dir='ltr'><strong>con-</strong></span> 
     </span>
    </p>
   </div>
   <div class='ocr_carea' id='block_1_60' title="bbox 1720 1657 3308 1733">
    <p class='ocr_par' dir='ltr' id='par_1_60' title="bbox 1720 1657 3308 1733">
     <span class='ocr_line' id='line_1_60' title="bbox 1720 1657 3308 1733; baseline -0.008 -10"><span class='ocrx_word' id='word_1_367' title='bbox 1720 1665 2005 1723; x_wconf 89' lang='lat' dir='ltr'><strong>solationis</strong></span> <span class='ocrx_word' id='word_1_368' title='bbox 2052 1665 2326 1732; x_wconf 87' lang='lat' dir='ltr'><strong>extendat,</strong></span> <span class='ocrx_word' id='word_1_369' title='bbox 2362 1663 2620 1733; x_wconf 89' lang='lat' dir='ltr'><strong>viresque</strong></span> <span class='ocrx_word' id='word_1_370' title='bbox 2655 1676 2814 1732; x_wconf 87' lang='lat' dir='ltr'><strong>quas,</strong></span> <span class='ocrx_word' id='word_1_371' title='bbox 2866 1667 2930 1715; x_wconf 89' lang='lat' dir='ltr'><strong>ut</strong></span> <span class='ocrx_word' id='word_1_372' title='bbox 2980 1659 3054 1715; x_wconf 87' lang='lat' dir='ltr'><strong>ita</strong></span> <span class='ocrx_word' id='word_1_373' title='bbox 3107 1657 3308 1721; x_wconf 88' lang='lat' dir='ltr'><strong>dicam,</strong></span> 
     </span>
    </p>
   </div>
   <div class='ocr_carea' id='block_1_61' title="bbox 1722 1750 3311 1826">
    <p class='ocr_par' dir='ltr' id='par_1_61' title="bbox 1722 1750 3311 1826">
     <span class='ocr_line' id='line_1_61' title="bbox 1722 1750 3311 1826; baseline -0.005 -15"><span class='ocrx_word' id='word_1_374' title='bbox 1722 1772 1830 1815; x_wconf 90' lang='lat' dir='ltr'><strong>non</strong></span> <span class='ocrx_word' id='word_1_375' title='bbox 1870 1756 2052 1826; x_wconf 87' lang='lat' dir='ltr'><strong>habet,</strong></span> <span class='ocrx_word' id='word_1_376' title='bbox 2083 1757 2309 1811; x_wconf 89' lang='lat' dir='ltr'><strong>viriliter</strong></span> <span class='ocrx_word' id='word_1_377' title='bbox 2333 1754 2616 1826; x_wconf 77' lang='lat' dir='ltr'><strong>largiatur.</strong></span> <span class='ocrx_word' id='word_1_378' title='bbox 2650 1751 2756 1808; x_wconf 84' lang='lat' dir='ltr'><strong>Sed</strong></span> <span class='ocrx_word' id='word_1_379' title='bbox 2793 1751 2924 1823; x_wconf 89' lang='lat' dir='ltr'><strong>quid</strong></span> <span class='ocrx_word' id='word_1_380' title='bbox 2963 1750 3141 1822; x_wconf 79' lang='lat' dir='ltr'><strong>egenti</strong></span> <span class='ocrx_word' id='word_1_381' title='bbox 3170 1763 3311 1819; x_wconf 70' lang='lat' dir='ltr'><strong>pra:-</strong></span> 
     </span>
    </p>
   </div>
   <div class='ocr_carea' id='block_1_62' title="bbox 1657 1829 3314 1922">
    <p class='ocr_par' dir='ltr' id='par_1_62' title="bbox 1657 1829 3314 1922">
     <span class='ocr_line' id='line_1_62' title="bbox 1657 1829 3314 1922; baseline -0.01 -13"><span class='ocrx_word' id='word_1_382' title='bbox 1657 1829 1698 1884; x_wconf 71' lang='grc' dir='ltr'>Β</span> <span class='ocrx_word' id='word_1_383' title='bbox 1725 1861 1870 1908; x_wconf 88' lang='lat' dir='ltr'><strong>stare</strong></span> <span class='ocrx_word' id='word_1_384' title='bbox 1897 1851 2114 1922; x_wconf 89' lang='lat' dir='ltr'><strong>poterit,</strong></span> <span class='ocrx_word' id='word_1_385' title='bbox 2147 1851 2241 1920; x_wconf 92' lang='lat' dir='ltr'><strong>qui</strong></span> <span class='ocrx_word' id='word_1_386' title='bbox 2277 1856 2516 1920; x_wconf 87' lang='lat' dir='ltr'><strong>egestate</strong></span> <span class='ocrx_word' id='word_1_387' title='bbox 2556 1847 2786 1902; x_wconf 82' lang='lat' dir='ltr'><strong>afﬂictus</strong></span> <span class='ocrx_word' id='word_1_388' title='bbox 2818 1846 2876 1902; x_wconf 91' lang='lat' dir='ltr'><strong>in</strong></span> <span class='ocrx_word' id='word_1_389' title='bbox 2920 1845 3102 1914; x_wconf 87' lang='lat' dir='ltr'><strong>seipso</strong></span> <span class='ocrx_word' id='word_1_390' title='bbox 3140 1857 3314 1912; x_wconf 86' lang='lat' dir='ltr'><strong>angu-</strong></span> 
     </span>
    </p>
   </div>
   <div class='ocr_carea' id='block_1_63' title="bbox 1726 1929 3316 2012">
    <p class='ocr_par' dir='ltr' id='par_1_63' title="bbox 1726 1929 3316 2012">
     <span class='ocr_line' id='line_1_63' title="bbox 1726 1929 3316 2012; baseline -0.008 -13"><span class='ocrx_word' id='word_1_391' title='bbox 1726 1943 1957 1999; x_wconf 86' lang='lat' dir='ltr'><strong>stiatur?</strong></span> <span class='ocrx_word' id='word_1_392' title='bbox 1977 1939 2399 2012; x_wconf 89' lang='lat' dir='ltr'><strong>Oppressionem</strong></span> <span class='ocrx_word' id='word_1_393' title='bbox 2427 1939 2594 2009; x_wconf 85' lang='lat' dir='ltr'><strong>igitur</strong></span> <span class='ocrx_word' id='word_1_394' title='bbox 2615 1935 2910 1993; x_wconf 82' lang='lat' dir='ltr'><strong>Orientalis</strong></span> <span class='ocrx_word' id='word_1_395' title='bbox 2935 1933 3110 2006; x_wconf 85' lang='lat' dir='ltr'><strong>regni,</strong></span> <span class='ocrx_word' id='word_1_396' title='bbox 3132 1941 3186 1986; x_wconf 91' lang='lat' dir='ltr'><strong>et</strong></span> <span class='ocrx_word' id='word_1_397' title='bbox 3211 1929 3316 1986; x_wconf 83' lang='lat' dir='ltr'><strong>Ec-</strong></span> 
     </span>
    </p>
   </div>
   <div class='ocr_carea' id='block_1_64' title="bbox 1725 2021 3316 2105">
    <p class='ocr_par' dir='ltr' id='par_1_64' title="bbox 1725 2021 3316 2105">
     <span class='ocr_line' id='line_1_64' title="bbox 1725 2021 3316 2105; baseline -0.01 -13"><span class='ocrx_word' id='word_1_398' title='bbox 1725 2035 1924 2102; x_wconf 62' lang='lat' dir='ltr'><strong>clesia,</strong></span> <span class='ocrx_word' id='word_1_399' title='bbox 1953 2034 2070 2105; x_wconf 89' lang='lat' dir='ltr'><strong>ipsa</strong></span> <span class='ocrx_word' id='word_1_400' title='bbox 2093 2029 2426 2088; x_wconf 88' lang='lat' dir='ltr'><strong>conscientia</strong></span> <span class='ocrx_word' id='word_1_401' title='bbox 2451 2037 2630 2084; x_wconf 88' lang='lat' dir='ltr'><strong>vestra</strong></span> <span class='ocrx_word' id='word_1_402' title='bbox 2653 2027 2938 2097; x_wconf 85' lang='lat' dir='ltr'><strong>diligenter</strong></span> <span class='ocrx_word' id='word_1_403' title='bbox 2959 2024 3232 2095; x_wconf 87' lang='lat' dir='ltr'><strong>inspiciat,</strong></span> <span class='ocrx_word' id='word_1_404' title='bbox 3257 2021 3316 2076; x_wconf 86' lang='lat' dir='ltr'><strong>in</strong></span> 
     </span>
    </p>
   </div>
   <div class='ocr_carea' id='block_1_65' title="bbox 1725 2113 3315 2196">
    <p class='ocr_par' dir='ltr' id='par_1_65' title="bbox 1725 2113 3315 2196">
     <span class='ocr_line' id='line_1_65' title="bbox 1725 2113 3315 2196; baseline -0.009 -14"><span class='ocrx_word' id='word_1_405' title='bbox 1725 2126 1999 2196; x_wconf 90' lang='lat' dir='ltr'><strong>passionis</strong></span> <span class='ocrx_word' id='word_1_406' title='bbox 2042 2120 2571 2190; x_wconf 86' lang='lat' dir='ltr'><strong>resurrectionisque</strong></span> <span class='ocrx_word' id='word_1_407' title='bbox 2603 2117 2710 2174; x_wconf 90' lang='lat' dir='ltr'><strong>loci</strong></span> <span class='ocrx_word' id='word_1_408' title='bbox 2758 2115 3064 2173; x_wconf 89' lang='lat' dir='ltr'><strong>subsidium</strong></span> <span class='ocrx_word' id='word_1_409' title='bbox 3103 2113 3315 2170; x_wconf 80' lang='lat' dir='ltr'><strong>inﬂam-</strong></span> 
     </span>
    </p>
   </div>
   <div class='ocr_carea' id='block_1_66' title="bbox 1725 2203 3314 2280">
    <p class='ocr_par' dir='ltr' id='par_1_66' title="bbox 1725 2203 3314 2280">
     <span class='ocr_line' id='line_1_66' title="bbox 1725 2203 3314 2280; baseline -0.01 -6"><span class='ocrx_word' id='word_1_410' title='bbox 1725 2228 1923 2274; x_wconf 91' lang='lat' dir='ltr'><strong>metur.</strong></span> <span class='ocrx_word' id='word_1_411' title='bbox 1955 2215 2190 2273; x_wconf 91' lang='lat' dir='ltr'><strong>Oramus</strong></span> <span class='ocrx_word' id='word_1_412' title='bbox 2226 2211 2568 2270; x_wconf 90' lang='lat' dir='ltr'><strong>obsecrando</strong></span> <span class='ocrx_word' id='word_1_413' title='bbox 2616 2208 2764 2280; x_wconf 90' lang='lat' dir='ltr'><strong>quod</strong></span> <span class='ocrx_word' id='word_1_414' title='bbox 2803 2221 3142 2278; x_wconf 87' lang='lat' dir='ltr'><strong>possumus,.</strong></span> <span class='ocrx_word' id='word_1_415' title='bbox 3165 2203 3314 2274; x_wconf 88' lang='lat' dir='ltr'><strong>quod</strong></span> 
     </span>
    </p>
   </div>
   <div class='ocr_carea' id='block_1_67' title="bbox 1727 2297 3318 2380">
    <p class='ocr_par' dir='ltr' id='par_1_67' title="bbox 1727 2297 3318 2380">
     <span class='ocr_line' id='line_1_67' title="bbox 1727 2297 3318 2380; baseline -0.01 -16"><span class='ocrx_word' id='word_1_416' title='bbox 1727 2309 1830 2380; x_wconf 91' lang='lat' dir='ltr'><strong>ipsi</strong></span> <span class='ocrx_word' id='word_1_417' title='bbox 1857 2307 2174 2379; x_wconf 72' lang='lat' dir='ltr'><strong>quaarimus,</strong></span> <span class='ocrx_word' id='word_1_418' title='bbox 2207 2303 2506 2360; x_wconf 66' lang='lat' dir='ltr'><strong>Dominieaa</strong></span> <span class='ocrx_word' id='word_1_419' title='bbox 2527 2316 2558 2356; x_wconf 89' lang='lat' dir='ltr'><strong>a</strong></span> <span class='ocrx_word' id='word_1_420' title='bbox 2589 2299 2750 2355; x_wconf 88' lang='lat' dir='ltr'><strong>nobis</strong></span> <span class='ocrx_word' id='word_1_421' title='bbox 2770 2298 2926 2354; x_wconf 90' lang='lat' dir='ltr'><strong>locus</strong></span> <span class='ocrx_word' id='word_1_422' title='bbox 2952 2297 3206 2367; x_wconf 88' lang='lat' dir='ltr'><strong>impetret</strong></span> <span class='ocrx_word' id='word_1_423' title='bbox 3227 2309 3318 2349; x_wconf 90' lang='lat' dir='ltr'><strong>re-</strong></span> 
     </span>
    </p>
   </div>
   <div class='ocr_carea' id='block_1_68' title="bbox 1725 2392 3317 2468">
    <p class='ocr_par' dir='ltr' id='par_1_68' title="bbox 1725 2392 3317 2468">
     <span class='ocr_line' id='line_1_68' title="bbox 1725 2392 3317 2468; baseline -0.01 -11"><span class='ocrx_word' id='word_1_424' title='bbox 1725 2399 2102 2458; x_wconf 90' lang='lat' dir='ltr'><strong>surrectionis.</strong></span> <span class='ocrx_word' id='word_1_425' title='bbox 2132 2398 2356 2468; x_wconf 88' lang='lat' dir='ltr'><strong>Singula</strong></span> <span class='ocrx_word' id='word_1_426' title='bbox 2383 2392 2836 2466; x_wconf 86' lang='lat' dir='ltr'><strong>improperiorum</strong></span> <span class='ocrx_word' id='word_1_427' title='bbox 2872 2399 3205 2453; x_wconf 88' lang='lat' dir='ltr'><strong>nostrorum,</strong></span> <span class='ocrx_word' id='word_1_428' title='bbox 3231 2394 3317 2442; x_wconf 86' lang='lat' dir='ltr'><strong>at-</strong></span> 
     </span>
    </p>
   </div>
   <div class='ocr_carea' id='block_1_69' title="bbox 1728 2481 3316 2558">
    <p class='ocr_par' dir='ltr' id='par_1_69' title="bbox 1728 2481 3316 2558">
     <span class='ocr_line' id='line_1_69' title="bbox 1728 2481 3316 2558; baseline -0.009 -8"><span class='ocrx_word' id='word_1_429' title='bbox 1728 2494 2058 2550; x_wconf 90' lang='lat' dir='ltr'><strong>tenuationis</strong></span> <span class='ocrx_word' id='word_1_430' title='bbox 2100 2500 2320 2558; x_wconf 61' lang='lat' dir='ltr'><strong>nostra,</strong></span> <span class='ocrx_word' id='word_1_431' title='bbox 2359 2487 2614 2544; x_wconf 89' lang='lat' dir='ltr'><strong>elationis</strong></span> <span class='ocrx_word' id='word_1_432' title='bbox 2648 2485 2998 2541; x_wconf 88' lang='lat' dir='ltr'><strong>inimicorum</strong></span> <span class='ocrx_word' id='word_1_433' title='bbox 3036 2481 3316 2554; x_wconf 86' lang='lat' dir='ltr'><strong>passionis</strong></span> 
     </span>
    </p>
   </div>
   <div class='ocr_carea' id='block_1_70' title="bbox 1729 2573 3316 2648">
    <p class='ocr_par' dir='ltr' id='par_1_70' title="bbox 1729 2573 3316 2648">
     <span class='ocr_line' id='line_1_70' title="bbox 1729 2573 3316 2648; baseline -0.009 -6"><span class='ocrx_word' id='word_1_434' title='bbox 1729 2603 1793 2643; x_wconf 86' lang='lat' dir='ltr'><strong>ac</strong></span> <span class='ocrx_word' id='word_1_435' title='bbox 1819 2583 2236 2641; x_wconf 86' lang='lat' dir='ltr'><strong>resurrectionis</strong></span> <span class='ocrx_word' id='word_1_436' title='bbox 2277 2579 2504 2648; x_wconf 81' lang='lat' dir='ltr'><strong>Christi,</strong></span> <span class='ocrx_word' id='word_1_437' title='bbox 2555 2579 2828 2634; x_wconf 89' lang='lat' dir='ltr'><strong>malorum</strong></span> <span class='ocrx_word' id='word_1_438' title='bbox 2871 2575 3027 2632; x_wconf 88' lang='lat' dir='ltr'><strong>vobis</strong></span> <span class='ocrx_word' id='word_1_439' title='bbox 3067 2573 3316 2640; x_wconf 85' lang='lat' dir='ltr'><strong>scribere</strong></span> 
     </span>
    </p>
   </div>
   <div class='ocr_carea' id='block_1_71' title="bbox 1729 2663 3312 2745">
    <p class='ocr_par' dir='ltr' id='par_1_71' title="bbox 1729 2663 3312 2745">
     <span class='ocr_line' id='line_1_71' title="bbox 1729 2663 3312 2745; baseline -0.009 -12"><span class='ocrx_word' id='word_1_440' title='bbox 1729 2675 2094 2733; x_wconf 89' lang='lat' dir='ltr'><strong>numerositas</strong></span> <span class='ocrx_word' id='word_1_441' title='bbox 2116 2673 2369 2745; x_wconf 87' lang='lat' dir='ltr'><strong>impedit;</strong></span> <span class='ocrx_word' id='word_1_442' title='bbox 2403 2687 2525 2742; x_wconf 64' lang='lat' dir='ltr'><strong>quae</strong></span> <span class='ocrx_word' id='word_1_443' title='bbox 2544 2685 2646 2726; x_wconf 89' lang='lat' dir='ltr'><strong>nos</strong></span> <span class='ocrx_word' id='word_1_444' title='bbox 2671 2669 2909 2724; x_wconf 84' lang='lat' dir='ltr'><strong>latorum</strong></span> <span class='ocrx_word' id='word_1_445' title='bbox 2938 2663 3312 2736; x_wconf 73' lang='lat' dir='ltr'><strong>praesentium,</strong></span> 
     </span>
    </p>
   </div>
   <div class='ocr_carea' id='block_1_72' title="bbox 1731 2760 3316 2827">
    <p class='ocr_par' dir='ltr' id='par_1_72' title="bbox 1731 2760 3316 2827">
     <span class='ocr_line' id='line_1_72' title="bbox 1731 2760 3316 2827; baseline -0.009 0"><span class='ocrx_word' id='word_1_446' title='bbox 1731 2771 1936 2827; x_wconf 87' lang='lat' dir='ltr'><strong>scilicet</strong></span> <span class='ocrx_word' id='word_1_447' title='bbox 1969 2768 2200 2825; x_wconf 87' lang='lat' dir='ltr'><strong>fratrum</strong></span> <span class='ocrx_word' id='word_1_448' title='bbox 2247 2775 2564 2823; x_wconf 89' lang='lat' dir='ltr'><strong>nostrorum</strong></span> <span class='ocrx_word' id='word_1_449' title='bbox 2604 2761 2858 2820; x_wconf 87' lang='lat' dir='ltr'><strong>relationi</strong></span> <span class='ocrx_word' id='word_1_450' title='bbox 2906 2760 3136 2816; x_wconf 85' lang='lat' dir='ltr'><strong>fideliter</strong></span> <span class='ocrx_word' id='word_1_451' title='bbox 3159 2773 3316 2813; x_wconf 89' lang='lat' dir='ltr'><strong>com-</strong></span> 
     </span>
    </p>
   </div>
   <div class='ocr_carea' id='block_1_73' title="bbox 1729 2848 3317 2924">
    <p class='ocr_par' dir='ltr' id='par_1_73' title="bbox 1729 2848 3317 2924">
     <span class='ocr_line' id='line_1_73' title="bbox 1729 2848 3317 2924; baseline -0.008 -10"><span class='ocrx_word' id='word_1_452' title='bbox 1729 2859 2130 2924; x_wconf 85' lang='lat' dir='ltr'><strong>mendavimus,</strong></span> <span class='ocrx_word' id='word_1_453' title='bbox 2159 2872 2226 2913; x_wconf 81' lang='lat' dir='ltr'><strong>ac</strong></span> <span class='ocrx_word' id='word_1_454' title='bbox 2253 2856 2358 2913; x_wconf 89' lang='lat' dir='ltr'><strong>sub</strong></span> <span class='ocrx_word' id='word_1_455' title='bbox 2378 2870 2570 2912; x_wconf 89' lang='lat' dir='ltr'><strong>eorum</strong></span> <span class='ocrx_word' id='word_1_456' title='bbox 2601 2851 2916 2911; x_wconf 87' lang='lat' dir='ltr'><strong>testimonio</strong></span> <span class='ocrx_word' id='word_1_457' title='bbox 2938 2848 3208 2908; x_wconf 89' lang='lat' dir='ltr'><strong>reservari</strong></span> <span class='ocrx_word' id='word_1_458' title='bbox 3229 2848 3317 2903; x_wconf 87' lang='lat' dir='ltr'><strong>di-</strong></span> 
     </span>
    </p>
   </div>
   <div class='ocr_carea' id='block_1_74' title="bbox 1730 2950 2266 3022">
    <p class='ocr_par' dir='ltr' id='par_1_74' title="bbox 1730 2950 2266 3022">
     <span class='ocr_line' id='line_1_74' title="bbox 1730 2950 2266 3022; baseline -0.002 -16"><span class='ocrx_word' id='word_1_459' title='bbox 1730 2966 1895 3022; x_wconf 81' lang='lat' dir='ltr'><strong>gnum</strong></span> <span class='ocrx_word' id='word_1_460' title='bbox 1919 2950 2266 3009; x_wconf 86' lang='lat' dir='ltr'><strong>credidimus.</strong></span> 
     </span>
    </p>
   </div>
   <div class='ocr_carea' id='block_1_75' title="bbox 2489 3040 2559 3097">
    <p class='ocr_par' dir='ltr' id='par_1_75' title="bbox 2489 3040 2559 3097">
     <span class='ocr_line' id='line_1_75' title="bbox 2489 3040 2559 3097; baseline 0.029 -2"><span class='ocrx_word' id='word_1_461' title='bbox 2489 3040 2559 3097; x_wconf 79' lang='grc' dir='ltr'><strong>Χ.</strong></span> 
     </span>
    </p>
   </div>
   <div class='ocr_carea' id='block_1_76' title="bbox 2399 3149 2648 3190">
    <p class='ocr_par' dir='ltr' id='par_1_76' title="bbox 2399 3149 2648 3190">
     <span class='ocr_line' id='line_1_76' title="bbox 2399 3149 2648 3190; baseline -0.02 1"><span class='ocrx_word' id='word_1_462' title='bbox 2399 3149 2648 3190; x_wconf 69' lang='grc' dir='ltr'><strong>ειυεοειι.</strong></span> 
     </span>
    </p>
   </div>
   <div class='ocr_carea' id='block_1_77' title="bbox 1803 3222 3326 3300">
    <p class='ocr_par' dir='ltr' id='par_1_77' title="bbox 1803 3222 3326 3300">
     <span class='ocr_line' id='line_1_77' title="bbox 1803 3222 3326 3300; baseline -0.005 -17"><span class='ocrx_word' id='word_1_463' title='bbox 1803 3229 2090 3294; x_wconf 80' lang='lat' dir='ltr'><strong>Luuovieo,</strong></span> <span class='ocrx_word' id='word_1_464' title='bbox 2115 3228 2210 3283; x_wconf 87' lang='lat' dir='ltr'><strong>Dei</strong></span> <span class='ocrx_word' id='word_1_465' title='bbox 2235 3229 2412 3300; x_wconf 86' lang='lat' dir='ltr'><strong>gratia</strong></span> <span class='ocrx_word' id='word_1_466' title='bbox 2433 3225 2805 3284; x_wconf 89' lang='lat' dir='ltr'><strong>illustrissimo</strong></span> <span class='ocrx_word' id='word_1_467' title='bbox 2824 3223 3161 3280; x_wconf 83' lang='lat' dir='ltr'><strong>Francorum</strong></span> <span class='ocrx_word' id='word_1_468' title='bbox 3180 3222 3326 3294; x_wconf 80' lang='lat' dir='ltr'><strong>regi,</strong></span> 
     </span>
    </p>
   </div>
   <div class='ocr_carea' id='block_1_78' title="bbox 1729 3315 3321 3392">
    <p class='ocr_par' dir='ltr' id='par_1_78' title="bbox 1729 3315 3321 3392">
     <span class='ocr_line' id='line_1_78' title="bbox 1729 3315 3321 3392; baseline -0.003 -18"><span class='ocrx_word' id='word_1_469' title='bbox 1729 3321 1790 3376; x_wconf 87' lang='grc' dir='ltr'><strong>Β.</strong></span> <span class='ocrx_word' id='word_1_470' title='bbox 1810 3321 2005 3377; x_wconf 90' lang='lat' dir='ltr'><strong>domus</strong></span> <span class='ocrx_word' id='word_1_471' title='bbox 2029 3321 2237 3390; x_wconf 85' lang='lat' dir='ltr'><strong>Templi</strong></span> <span class='ocrx_word' id='word_1_472' title='bbox 2266 3321 2524 3392; x_wconf 67' lang='lat' dir='ltr'><strong>magister</strong></span> <span class='ocrx_word' id='word_1_473' title='bbox 2543 3319 2744 3383; x_wconf 79' lang='lat' dir='ltr'><strong>dictus,</strong></span> <span class='ocrx_word' id='word_1_474' title='bbox 2769 3315 3020 3386; x_wconf 88' lang='lat' dir='ltr'><strong>quamvis</strong></span> <span class='ocrx_word' id='word_1_475' title='bbox 3041 3315 3321 3386; x_wconf 82' lang='lat' dir='ltr'><strong>indignus,</strong></span> 
     </span>
    </p>
   </div>
   <div class='ocr_carea' id='block_1_79' title="bbox 1729 3403 3317 3482">
    <p class='ocr_par' dir='ltr' id='par_1_79' title="bbox 1729 3403 3317 3482">
     <span class='ocr_line' id='line_1_79' title="bbox 1729 3403 3317 3482; baseline -0.006 -15"><span class='ocrx_word' id='word_1_476' title='bbox 1729 3427 1852 3467; x_wconf 90' lang='lat' dir='ltr'><strong>eum</strong></span> <span class='ocrx_word' id='word_1_477' title='bbox 1883 3409 2126 3482; x_wconf 84' lang='lat' dir='ltr'><strong>ejusdem</strong></span> <span class='ocrx_word' id='word_1_478' title='bbox 2169 3411 2368 3465; x_wconf 88' lang='lat' dir='ltr'><strong>domus</strong></span> <span class='ocrx_word' id='word_1_479' title='bbox 2391 3417 2688 3474; x_wconf 84' lang='lat' dir='ltr'><strong>conventu,</strong></span> <span class='ocrx_word' id='word_1_480' title='bbox 2712 3404 2996 3461; x_wconf 80' lang='lat' dir='ltr'><strong>servitium</strong></span> <span class='ocrx_word' id='word_1_481' title='bbox 3030 3419 3155 3459; x_wconf 89' lang='lat' dir='ltr'><strong>cum</strong></span> <span class='ocrx_word' id='word_1_482' title='bbox 3177 3403 3317 3458; x_wconf 82' lang='lat' dir='ltr'><strong>dile-</strong></span> 
     </span>
    </p>
   </div>
   <div class='ocr_carea' id='block_1_80' title="bbox 1729 3504 3038 3560">
    <p class='ocr_par' dir='ltr' id='par_1_80' title="bbox 1729 3504 3038 3560">
     <span class='ocr_line' id='line_1_80' title="bbox 1729 3504 3038 3560; baseline -0.006 0"><span class='ocrx_word' id='word_1_483' title='bbox 1729 3504 1929 3560; x_wconf 88' lang='lat' dir='ltr'><strong>ctione.</strong></span> <span class='ocrx_word' id='word_1_484' title='bbox 3031 3539 3038 3547; x_wconf 93' lang='lat'><strong>.</strong></span> 
     </span>
    </p>
   </div>
   <div class='ocr_carea' id='block_1_81' title="bbox 1797 3585 3319 3657">
    <p class='ocr_par' dir='ltr' id='par_1_81' title="bbox 1797 3585 3319 3657">
     <span class='ocr_line' id='line_1_81' title="bbox 1797 3585 3319 3657; baseline -0.007 -8"><span class='ocrx_word' id='word_1_485' title='bbox 1797 3592 2076 3649; x_wconf 81' lang='lat' dir='ltr'><strong>Nohilitati</strong></span> <span class='ocrx_word' id='word_1_486' title='bbox 2101 3601 2299 3648; x_wconf 73' lang='lat' dir='ltr'><strong>vestra:</strong></span> <span class='ocrx_word' id='word_1_487' title='bbox 2319 3600 2507 3647; x_wconf 91' lang='lat' dir='ltr'><strong>notum</strong></span> <span class='ocrx_word' id='word_1_488' title='bbox 2533 3590 2653 3645; x_wconf 88' lang='lat' dir='ltr'><strong>ﬁeri</strong></span> <span class='ocrx_word' id='word_1_489' title='bbox 2686 3588 2942 3644; x_wconf 87' lang='lat' dir='ltr'><strong>volumus</strong></span> <span class='ocrx_word' id='word_1_490' title='bbox 2961 3587 3110 3657; x_wconf 91' lang='lat' dir='ltr'><strong>quod</strong></span> <span class='ocrx_word' id='word_1_491' title='bbox 3139 3585 3319 3640; x_wconf 88' lang='lat' dir='ltr'><strong>domi-</strong></span> 
     </span>
    </p>
   </div>
   <div class='ocr_carea' id='block_1_82' title="bbox 1729 3676 3321 3752">
    <p class='ocr_par' dir='ltr' id='par_1_82' title="bbox 1729 3676 3321 3752">
     <span class='ocr_line' id='line_1_82' title="bbox 1729 3676 3321 3752; baseline -0.008 -11"><span class='ocrx_word' id='word_1_492' title='bbox 1729 3701 1835 3742; x_wconf 88' lang='lat' dir='ltr'><strong>nus</strong></span> <span class='ocrx_word' id='word_1_493' title='bbox 1861 3684 2190 3740; x_wconf 87' lang='lat' dir='ltr'><strong>Guillermus</strong></span> <span class='ocrx_word' id='word_1_494' title='bbox 2216 3683 2285 3739; x_wconf 91' lang='lat' dir='ltr'><strong>de</strong></span> <span class='ocrx_word' id='word_1_495' title='bbox 2326 3682 2564 3749; x_wconf 83' lang='lat' dir='ltr'><strong>Donner,</strong></span> <span class='ocrx_word' id='word_1_496' title='bbox 2593 3687 2885 3752; x_wconf 84' lang='lat' dir='ltr'><strong>postquam</strong></span> <span class='ocrx_word' id='word_1_497' title='bbox 2907 3678 2977 3734; x_wconf 90' lang='lat' dir='ltr'><strong>ad</strong></span> <span class='ocrx_word' id='word_1_498' title='bbox 3005 3676 3321 3733; x_wconf 87' lang='lat' dir='ltr'><strong>Orientales</strong></span> 
     </span>
    </p>
   </div>
   <div class='ocr_carea' id='block_1_83' title="bbox 1728 3768 3321 3848">
    <p class='ocr_par' dir='ltr' id='par_1_83' title="bbox 1728 3768 3321 3848">
     <span class='ocr_line' id='line_1_83' title="bbox 1728 3768 3321 3848; baseline -0.006 -17"><span class='ocrx_word' id='word_1_499' title='bbox 1728 3785 1911 3848; x_wconf 87' lang='lat' dir='ltr'><strong>partes</strong></span> <span class='ocrx_word' id='word_1_500' title='bbox 1939 3775 2335 3844; x_wconf 82' lang='lat' dir='ltr'><strong>transfretavit,</strong></span> <span class='ocrx_word' id='word_1_501' title='bbox 2365 3782 2428 3830; x_wconf 91' lang='lat' dir='ltr'><strong>ut</strong></span> <span class='ocrx_word' id='word_1_502' title='bbox 2458 3773 2805 3830; x_wconf 90' lang='lat' dir='ltr'><strong>Dominicum</strong></span> <span class='ocrx_word' id='word_1_503' title='bbox 2844 3771 3094 3828; x_wconf 90' lang='lat' dir='ltr'><strong>visitaret</strong></span> <span class='ocrx_word' id='word_1_504' title='bbox 3133 3768 3321 3839; x_wconf 85' lang='lat' dir='ltr'><strong>sepul-</strong></span> 
     </span>
    </p>
   </div>
   <div class='ocr_carea' id='block_1_84' title="bbox 1727 3861 3322 3940">
    <p class='ocr_par' dir='ltr' id='par_1_84' title="bbox 1727 3861 3322 3940">
     <span class='ocr_line' id='line_1_84' title="bbox 1727 3861 3322 3940; baseline -0.006 -16"><span class='ocrx_word' id='word_1_505' title='bbox 1727 3885 1905 3936; x_wconf 89' lang='lat' dir='ltr'><strong>crum,</strong></span> <span class='ocrx_word' id='word_1_506' title='bbox 1936 3879 2244 3940; x_wconf 66' lang='lat' dir='ltr'><strong>caeteraque</strong></span> <span class='ocrx_word' id='word_1_507' title='bbox 2271 3867 2513 3924; x_wconf 88' lang='lat' dir='ltr'><strong>oratoria</strong></span> <span class='ocrx_word' id='word_1_508' title='bbox 2538 3866 2816 3934; x_wconf 86' lang='lat' dir='ltr'><strong>cireuiret,</strong></span> <span class='ocrx_word' id='word_1_509' title='bbox 2841 3863 3074 3936; x_wconf 37' lang='lat' dir='ltr'><strong>quidam.</strong></span> <span class='ocrx_word' id='word_1_510' title='bbox 3089 3862 3210 3932; x_wconf 88' lang='lat' dir='ltr'><strong>ejus</strong></span> <span class='ocrx_word' id='word_1_511' title='bbox 3233 3861 3322 3914; x_wconf 92' lang='lat' dir='ltr'><strong>vi-</strong></span> 
     </span>
    </p>
   </div>
   <div class='ocr_carea' id='block_1_85' title="bbox 1729 3953 3324 4026">
    <p class='ocr_par' dir='ltr' id='par_1_85' title="bbox 1729 3953 3324 4026">
     <span class='ocr_line' id='line_1_85' title="bbox 1729 3953 3324 4026; baseline -0.006 -8"><span class='ocrx_word' id='word_1_512' title='bbox 1729 3959 1838 4018; x_wconf 90' lang='lat' dir='ltr'><strong>eini</strong></span> <span class='ocrx_word' id='word_1_513' title='bbox 1881 3975 2040 4016; x_wconf 88' lang='lat' dir='ltr'><strong>suam</strong></span> <span class='ocrx_word' id='word_1_514' title='bbox 2075 3967 2278 4014; x_wconf 89' lang='lat' dir='ltr'><strong>terram</strong></span> <span class='ocrx_word' id='word_1_515' title='bbox 2316 3957 2610 4014; x_wconf 88' lang='lat' dir='ltr'><strong>crudeliter</strong></span> <span class='ocrx_word' id='word_1_516' title='bbox 2649 3957 2989 4023; x_wconf 89' lang='lat' dir='ltr'><strong>invaserunt,</strong></span> <span class='ocrx_word' id='word_1_517' title='bbox 3033 3953 3157 4026; x_wconf 87' lang='lat' dir='ltr'><strong>igne</strong></span> <span class='ocrx_word' id='word_1_518' title='bbox 3196 3967 3324 4009; x_wconf 87' lang='lat' dir='ltr'><strong>eam</strong></span> 
     </span>
    </p>
   </div>
   <div class='ocr_carea' id='block_1_86' title="bbox 1728 4049 3322 4124">
    <p class='ocr_par' dir='ltr' id='par_1_86' title="bbox 1728 4049 3322 4124">
     <span class='ocr_line' id='line_1_86' title="bbox 1728 4049 3322 4124; baseline -0.006 -17"><span class='ocrx_word' id='word_1_519' title='bbox 1728 4052 1966 4124; x_wconf 91' lang='lat' dir='ltr'><strong>pessime</strong></span> <span class='ocrx_word' id='word_1_520' title='bbox 1985 4051 2346 4108; x_wconf 89' lang='lat' dir='ltr'><strong>devastantes.</strong></span> <span class='ocrx_word' id='word_1_521' title='bbox 2374 4049 2530 4107; x_wconf 89' lang='lat' dir='ltr'><strong>Unde</strong></span> <span class='ocrx_word' id='word_1_522' title='bbox 2556 4049 2907 4107; x_wconf 88' lang='lat' dir='ltr'><strong>serenitatem</strong></span> <span class='ocrx_word' id='word_1_523' title='bbox 2938 4054 3178 4103; x_wconf 89' lang='lat' dir='ltr'><strong>vestram</strong></span> <span class='ocrx_word' id='word_1_524' title='bbox 3201 4057 3322 4098; x_wconf 87' lang='lat' dir='ltr'><strong>mo-</strong></span> 
     </span>
    </p>
   </div>
   <div class='ocr_carea' id='block_1_87' title="bbox 1727 4136 3321 4216">
    <p class='ocr_par' dir='ltr' id='par_1_87' title="bbox 1727 4136 3321 4216">
     <span class='ocr_line' id='line_1_87' title="bbox 1727 4136 3321 4216; baseline -0.006 -15"><span class='ocrx_word' id='word_1_525' title='bbox 1727 4145 1814 4202; x_wconf 89' lang='lat' dir='ltr'><strong>dis</strong></span> <span class='ocrx_word' id='word_1_526' title='bbox 1839 4144 2097 4200; x_wconf 89' lang='lat' dir='ltr'><strong>omnibus</strong></span> <span class='ocrx_word' id='word_1_527' title='bbox 2117 4145 2494 4216; x_wconf 89' lang='lat' dir='ltr'><strong>deprecamur,</strong></span> <span class='ocrx_word' id='word_1_528' title='bbox 2515 4150 2787 4215; x_wconf 86' lang='lat' dir='ltr'><strong>quatenus</strong></span> <span class='ocrx_word' id='word_1_529' title='bbox 2808 4141 2933 4208; x_wconf 91' lang='lat' dir='ltr'><strong>hoc,</strong></span> <span class='ocrx_word' id='word_1_530' title='bbox 2955 4149 3223 4211; x_wconf 88' lang='lat' dir='ltr'><strong>quantum</strong></span> <span class='ocrx_word' id='word_1_531' title='bbox 3251 4136 3321 4192; x_wconf 86' lang='lat' dir='ltr'><strong>ad</strong></span> 
     </span>
    </p>
   </div>
   <div class='ocr_carea' id='block_1_88' title="bbox 1727 4231 3320 4309">
    <p class='ocr_par' dir='ltr' id='par_1_88' title="bbox 1727 4231 3320 4309">
     <span class='ocr_line' id='line_1_88' title="bbox 1727 4231 3320 4309; baseline -0.006 -14"><span class='ocrx_word' id='word_1_532' title='bbox 1727 4253 1828 4295; x_wconf 86' lang='lat' dir='ltr'><strong>vos</strong></span> <span class='ocrx_word' id='word_1_533' title='bbox 1862 4238 2114 4309; x_wconf 88' lang='lat' dir='ltr'><strong>pertinet,</strong></span> <span class='ocrx_word' id='word_1_534' title='bbox 2137 4238 2257 4294; x_wconf 86' lang='lat' dir='ltr'><strong>ﬁeri</strong></span> <span class='ocrx_word' id='word_1_535' title='bbox 2294 4253 2402 4294; x_wconf 90' lang='lat' dir='ltr'><strong>non</strong></span> <span class='ocrx_word' id='word_1_536' title='bbox 2430 4236 2783 4308; x_wconf 87' lang='lat' dir='ltr'><strong>permittatis,</strong></span> <span class='ocrx_word' id='word_1_537' title='bbox 2819 4235 2914 4290; x_wconf 91' lang='lat' dir='ltr'><strong>sed</strong></span> <span class='ocrx_word' id='word_1_538' title='bbox 2959 4233 3222 4288; x_wconf 88' lang='lat' dir='ltr'><strong>ultionem</strong></span> <span class='ocrx_word' id='word_1_539' title='bbox 3263 4231 3320 4286; x_wconf 89' lang='lat' dir='ltr'><strong>in</strong></span> 
     </span>
    </p>
   </div>
   <div class='ocr_carea' id='block_1_89' title="bbox 1727 4326 3318 4400">
    <p class='ocr_par' dir='ltr' id='par_1_89' title="bbox 1727 4326 3318 4400">
     <span class='ocr_line' id='line_1_89' title="bbox 1727 4326 3318 4400; baseline -0.006 -14"><span class='ocrx_word' id='word_1_540' title='bbox 1727 4345 1825 4386; x_wconf 91' lang='lat' dir='ltr'><strong>eos</strong></span> <span class='ocrx_word' id='word_1_541' title='bbox 1855 4329 1951 4400; x_wconf 89' lang='lat' dir='ltr'><strong>qui</strong></span> <span class='ocrx_word' id='word_1_542' title='bbox 1987 4330 2091 4386; x_wconf 91' lang='lat' dir='ltr'><strong>hoe</strong></span> <span class='ocrx_word' id='word_1_543' title='bbox 2115 4338 2456 4400; x_wconf 73' lang='lat' dir='ltr'><strong>praesumunt</strong></span> <span class='ocrx_word' id='word_1_544' title='bbox 2484 4327 2718 4393; x_wconf 90' lang='lat' dir='ltr'><strong>faciatis,</strong></span> <span class='ocrx_word' id='word_1_545' title='bbox 2755 4337 2816 4382; x_wconf 92' lang='lat' dir='ltr'><strong>ut</strong></span> <span class='ocrx_word' id='word_1_546' title='bbox 2843 4326 3046 4394; x_wconf 56' lang='lat' dir='ltr'><strong>exteri,</strong></span> <span class='ocrx_word' id='word_1_547' title='bbox 3076 4333 3318 4381; x_wconf 90' lang='lat' dir='ltr'><strong>vestram</strong></span> 
     </span>
    </p>
   </div>
   <div class='ocr_carea' id='block_1_90' title="bbox 1724 4414 3320 4493">
    <p class='ocr_par' dir='ltr' id='par_1_90' title="bbox 1724 4414 3320 4493">
     <span class='ocr_line' id='line_1_90' title="bbox 1724 4414 3320 4493; baseline -0.005 -16"><span class='ocrx_word' id='word_1_548' title='bbox 1724 4421 1992 4493; x_wconf 84' lang='lat' dir='ltr'><strong>justitiam</strong></span> <span class='ocrx_word' id='word_1_549' title='bbox 2021 4423 2322 4490; x_wconf 88' lang='lat' dir='ltr'><strong>audientes,</strong></span> <span class='ocrx_word' id='word_1_550' title='bbox 2349 4430 2561 4477; x_wconf 89' lang='lat' dir='ltr'><strong>tantum</strong></span> <span class='ocrx_word' id='word_1_551' title='bbox 2595 4419 2774 4478; x_wconf 90' lang='lat' dir='ltr'><strong>scelus</strong></span> <span class='ocrx_word' id='word_1_552' title='bbox 2805 4418 3035 4475; x_wconf 88' lang='lat' dir='ltr'><strong>ulterius</strong></span> <span class='ocrx_word' id='word_1_553' title='bbox 3065 4414 3320 4473; x_wconf 83' lang='lat' dir='ltr'><strong>commit-</strong></span> 
     </span>
    </p>
   </div>
   <div class='ocr_carea' id='block_1_91' title="bbox 60 4500 3317 4586">
    <p class='ocr_par' dir='ltr' id='par_1_91' title="bbox 60 4500 3317 4586">
     <span class='ocr_line' id='line_1_91' title="bbox 60 4500 3317 4586; baseline 0.004 -33"><span class='ocrx_word' id='word_1_554' title='bbox 60 4500 276 4561; x_wconf 86' lang='lat' dir='ltr'><strong>scribere</strong></span> <span class='ocrx_word' id='word_1_555' title='bbox 307 4507 469 4564; x_wconf 88' lang='lat' dir='ltr'><strong>inviti</strong></span> <span class='ocrx_word' id='word_1_556' title='bbox 499 4509 896 4580; x_wconf 85' lang='lat' dir='ltr'><strong>compellimur.</strong></span> <span class='ocrx_word' id='word_1_557' title='bbox 915 4511 1055 4569; x_wconf 85' lang='lat' dir='ltr'><strong>Ecce</strong></span> <span class='ocrx_word' id='word_1_558' title='bbox 1077 4523 1457 4584; x_wconf 89' lang='lat' dir='ltr'><strong>persecutores</strong></span> <span class='ocrx_word' id='word_1_559' title='bbox 1480 4512 1628 4569; x_wconf 87' lang='lat' dir='ltr'><strong>veri-</strong></span> <span class='ocrx_word' id='word_1_560' title='bbox 1655 4511 1708 4573; x_wconf 89' lang='lat' dir='ltr'><strong><em>D</em></strong></span> <span class='ocrx_word' id='word_1_561' title='bbox 1734 4523 1846 4570; x_wconf 91' lang='lat' dir='ltr'><strong>tere</strong></span> <span class='ocrx_word' id='word_1_562' title='bbox 1871 4531 1980 4570; x_wconf 90' lang='lat' dir='ltr'><strong>non</strong></span> <span class='ocrx_word' id='word_1_563' title='bbox 2014 4523 2298 4570; x_wconf 90' lang='lat' dir='ltr'><strong>attentent.</strong></span> <span class='ocrx_word' id='word_1_564' title='bbox 2337 4513 2592 4586; x_wconf 86' lang='lat' dir='ltr'><strong>Magnum</strong></span> <span class='ocrx_word' id='word_1_565' title='bbox 2623 4513 2896 4585; x_wconf 91' lang='lat' dir='ltr'><strong>siquidem</strong></span> <span class='ocrx_word' id='word_1_566' title='bbox 2931 4513 3317 4568; x_wconf 89' lang='lat' dir='ltr'><strong>detrimentum</strong></span> 
     </span>
    </p>
   </div>
   <div class='ocr_carea' id='block_1_92' title="bbox 58 4595 1623 4676">
    <p class='ocr_par' dir='ltr' id='par_1_92' title="bbox 58 4595 1623 4676">
     <span class='ocr_line' id='line_1_92' title="bbox 58 4595 1623 4676; baseline 0.01 -29"><span class='ocrx_word' id='word_1_567' title='bbox 58 4595 170 4651; x_wconf 83' lang='lat' dir='ltr'><strong>tatis</strong></span> <span class='ocrx_word' id='word_1_568' title='bbox 197 4613 257 4654; x_wconf 90' lang='lat' dir='ltr'><strong>ac</strong></span> <span class='ocrx_word' id='word_1_569' title='bbox 283 4601 431 4671; x_wconf 88' lang='lat' dir='ltr'><strong>ﬁdei,</strong></span> <span class='ocrx_word' id='word_1_570' title='bbox 460 4602 703 4675; x_wconf 88' lang='lat' dir='ltr'><strong>inspecta</strong></span> <span class='ocrx_word' id='word_1_571' title='bbox 727 4606 1106 4676; x_wconf 88' lang='lat' dir='ltr'><strong>angustiarum</strong></span> <span class='ocrx_word' id='word_1_572' title='bbox 1133 4615 1446 4664; x_wconf 91' lang='lat' dir='ltr'><strong>nostrarum</strong></span> <span class='ocrx_word' id='word_1_573' title='bbox 1477 4606 1623 4662; x_wconf 91' lang='lat' dir='ltr'><strong>mul-</strong></span> 
     </span>
    </p>
   </div>
   <div class='ocr_carea' id='block_1_93' title="bbox 60 4681 1626 4764">
    <p class='ocr_par' dir='ltr' id='par_1_93' title="bbox 60 4681 1626 4764">
     <span class='ocr_line' id='line_1_93' title="bbox 60 4681 1626 4764; baseline 0.01 -29"><span class='ocrx_word' id='word_1_574' title='bbox 60 4681 290 4760; x_wconf 85' lang='lat' dir='ltr'><strong>titudine,</strong></span> <span class='ocrx_word' id='word_1_575' title='bbox 332 4692 539 4749; x_wconf 89' lang='lat' dir='ltr'><strong>insoliti</strong></span> <span class='ocrx_word' id='word_1_576' title='bbox 579 4693 784 4751; x_wconf 82' lang='lat' dir='ltr'><strong>furoris</strong></span> <span class='ocrx_word' id='word_1_577' title='bbox 815 4696 1042 4752; x_wconf 89' lang='lat' dir='ltr'><strong>audacia</strong></span> <span class='ocrx_word' id='word_1_578' title='bbox 1075 4701 1368 4752; x_wconf 87' lang='lat' dir='ltr'><strong>adversum</strong></span> <span class='ocrx_word' id='word_1_579' title='bbox 1400 4711 1502 4751; x_wconf 92' lang='lat' dir='ltr'><strong>nos</strong></span> <span class='ocrx_word' id='word_1_580' title='bbox 1536 4710 1626 4764; x_wconf 86' lang='lat' dir='ltr'><strong>ar-</strong></span> 
     </span>
    </p>
   </div>
   <div class='ocr_carea' id='block_1_94' title="bbox 60 4781 1627 4859">
    <p class='ocr_par' dir='ltr' id='par_1_94' title="bbox 60 4781 1627 4859">
     <span class='ocr_line' id='line_1_94' title="bbox 60 4781 1627 4859; baseline 0.01 -31"><span class='ocrx_word' id='word_1_581' title='bbox 60 4787 277 4836; x_wconf 85' lang='lat' dir='ltr'><strong>mantur.</strong></span> <span class='ocrx_word' id='word_1_582' title='bbox 301 4781 456 4854; x_wconf 85' lang='lat' dir='ltr'><strong>Ipsos</strong></span> <span class='ocrx_word' id='word_1_583' title='bbox 485 4800 724 4856; x_wconf 86' lang='lat' dir='ltr'><strong>namque</strong></span> <span class='ocrx_word' id='word_1_584' title='bbox 761 4785 826 4841; x_wconf 74' lang='grc' dir='ltr'><strong>[ι.</strong></span> <span class='ocrx_word' id='word_1_585' title='bbox 865 4787 1127 4859; x_wconf 90' lang='lat' dir='ltr'><strong>principis</strong></span> <span class='ocrx_word' id='word_1_586' title='bbox 1147 4787 1452 4843; x_wconf 71' lang='lat' dir='ltr'><strong>Antiochia:</strong></span> <span class='ocrx_word' id='word_1_587' title='bbox 1475 4787 1627 4854; x_wconf 63' lang='grc' dir='ltr'><strong>εχει-τ</strong></span> 
     </span>
    </p>
   </div>
   <div class='ocr_carea' id='block_1_95' title="bbox 59 4873 1626 4952">
    <p class='ocr_par' dir='ltr' id='par_1_95' title="bbox 59 4873 1626 4952">
     <span class='ocr_line' id='line_1_95' title="bbox 59 4873 1626 4952; baseline 0.008 -29"><span class='ocrx_word' id='word_1_588' title='bbox 59 4873 128 4922; x_wconf 83' lang='lat' dir='ltr'><strong>tat</strong></span> <span class='ocrx_word' id='word_1_589' title='bbox 147 4874 445 4944; x_wconf 80' lang='lat' dir='ltr'><strong>captivitas,</strong></span> <span class='ocrx_word' id='word_1_590' title='bbox 474 4878 758 4950; x_wconf 66' lang='lat' dir='ltr'><strong>caedesque</strong></span> <span class='ocrx_word' id='word_1_591' title='bbox 783 4895 1009 4936; x_wconf 91' lang='lat' dir='ltr'><strong>suorum</strong></span> <span class='ocrx_word' id='word_1_592' title='bbox 1039 4888 1094 4937; x_wconf 87' lang='lat' dir='ltr'><strong>et</strong></span> <span class='ocrx_word' id='word_1_593' title='bbox 1117 4890 1430 4952; x_wconf 85' lang='lat' dir='ltr'><strong>magnatum</strong></span> <span class='ocrx_word' id='word_1_594' title='bbox 1474 4880 1626 4952; x_wconf 89' lang='lat' dir='ltr'><strong>prin-</strong></span> 
     </span>
    </p>
   </div>
   <div class='ocr_carea' id='block_1_96' title="bbox 60 4961 1622 5042">
    <p class='ocr_par' dir='ltr' id='par_1_96' title="bbox 60 4961 1622 5042">
     <span class='ocr_line' id='line_1_96' title="bbox 60 4961 1622 5042; baseline 0.007 -25"><span class='ocrx_word' id='word_1_595' title='bbox 60 4961 252 5031; x_wconf 88' lang='lat' dir='ltr'><strong>cipatus</strong></span> <span class='ocrx_word' id='word_1_596' title='bbox 277 4965 503 5025; x_wconf 72' lang='lat' dir='ltr'><strong>factaein</strong></span> <span class='ocrx_word' id='word_1_597' title='bbox 533 4970 797 5042; x_wconf 88' lang='lat' dir='ltr'><strong>principis</strong></span> <span class='ocrx_word' id='word_1_598' title='bbox 819 4973 1089 5042; x_wconf 87' lang='lat' dir='ltr'><strong>captione.</strong></span> <span class='ocrx_word' id='word_1_599' title='bbox 1119 4970 1258 5027; x_wconf 89' lang='lat' dir='ltr'><strong>Iline</strong></span> <span class='ocrx_word' id='word_1_600' title='bbox 1277 4971 1347 5026; x_wconf 89' lang='lat' dir='ltr'><strong>ab</strong></span> <span class='ocrx_word' id='word_1_601' title='bbox 1374 4971 1458 5028; x_wconf 92' lang='lat' dir='ltr'><strong>eis</strong></span> <span class='ocrx_word' id='word_1_602' title='bbox 1477 4980 1622 5028; x_wconf 88' lang='lat' dir='ltr'><strong>terra</strong></span> 
     </span>
    </p>
   </div>
   <div class='ocr_carea' id='block_1_97' title="bbox 60 5049 1626 5133">
    <p class='ocr_par' dir='ltr' id='par_1_97' title="bbox 60 5049 1626 5133">
     <span class='ocr_line' id='line_1_97' title="bbox 60 5049 1626 5133; baseline 0.004 -21"><span class='ocrx_word' id='word_1_603' title='bbox 60 5049 358 5126; x_wconf 68' lang='lat' dir='ltr'><strong>depopulata</strong></span> <span class='ocrx_word' id='word_1_604' title='bbox 388 5061 538 5133; x_wconf 89' lang='lat' dir='ltr'><strong>ipsos</strong></span> <span class='ocrx_word' id='word_1_605' title='bbox 557 5063 810 5119; x_wconf 67' lang='lat' dir='ltr'><strong>laetiﬁcat.</strong></span> <span class='ocrx_word' id='word_1_606' title='bbox 841 5063 980 5119; x_wconf 91' lang='lat' dir='ltr'><strong>Hine</strong></span> <span class='ocrx_word' id='word_1_607' title='bbox 1003 5073 1139 5120; x_wconf 91' lang='lat' dir='ltr'><strong>nutu</strong></span> <span class='ocrx_word' id='word_1_608' title='bbox 1167 5063 1374 5130; x_wconf 87' lang='lat' dir='ltr'><strong>divino,</strong></span> <span class='ocrx_word' id='word_1_609' title='bbox 1407 5072 1626 5119; x_wconf 89' lang='lat' dir='ltr'><strong>nostro-</strong></span> 
     </span>
    </p>
   </div>
   <div class='ocr_carea' id='block_1_98' title="bbox 61 5151 1624 5227">
    <p class='ocr_par' dir='ltr' id='par_1_98' title="bbox 61 5151 1624 5227">
     <span class='ocr_line' id='line_1_98' title="bbox 61 5151 1624 5227; baseline 0.006 -26"><span class='ocrx_word' id='word_1_610' title='bbox 61 5159 169 5202; x_wconf 87' lang='lat' dir='ltr'><strong>rum</strong></span> <span class='ocrx_word' id='word_1_611' title='bbox 200 5151 444 5224; x_wconf 80' lang='lat' dir='ltr'><strong>exigente</strong></span> <span class='ocrx_word' id='word_1_612' title='bbox 488 5155 632 5212; x_wconf 92' lang='lat' dir='ltr'><strong>mole</strong></span> <span class='ocrx_word' id='word_1_613' title='bbox 665 5157 1063 5227; x_wconf 86' lang='lat' dir='ltr'><strong>peccaminum,</strong></span> <span class='ocrx_word' id='word_1_614' title='bbox 1104 5167 1416 5214; x_wconf 81' lang='lat' dir='ltr'><strong>terraemotu</strong></span> <span class='ocrx_word' id='word_1_615' title='bbox 1459 5155 1624 5212; x_wconf 87' lang='lat' dir='ltr'><strong>dissi-</strong></span> 
     </span>
    </p>
   </div>
   <div class='ocr_carea' id='block_1_99' title="bbox 61 5246 1623 5321">
    <p class='ocr_par' dir='ltr' id='par_1_99' title="bbox 61 5246 1623 5321">
     <span class='ocr_line' id='line_1_99' title="bbox 61 5246 1623 5321; baseline 0.008 -28"><span class='ocrx_word' id='word_1_616' title='bbox 61 5249 186 5305; x_wconf 66' lang='lat' dir='ltr'><strong>pata:</strong></span> <span class='ocrx_word' id='word_1_617' title='bbox 207 5246 553 5315; x_wconf 83' lang='lat' dir='ltr'><strong>munitiones,</strong></span> <span class='ocrx_word' id='word_1_618' title='bbox 605 5264 792 5304; x_wconf 91' lang='lat' dir='ltr'><strong>eversa</strong></span> <span class='ocrx_word' id='word_1_619' title='bbox 823 5251 1044 5306; x_wconf 88' lang='lat' dir='ltr'><strong>castella</strong></span> <span class='ocrx_word' id='word_1_620' title='bbox 1075 5251 1500 5321; x_wconf 88' lang='lat' dir='ltr'><strong>quamplurima,</strong></span> <span class='ocrx_word' id='word_1_621' title='bbox 1539 5249 1623 5304; x_wconf 87' lang='lat' dir='ltr'><strong>in-</strong></span> 
     </span>
    </p>
   </div>
   <div class='ocr_carea' id='block_1_100' title="bbox 63 5335 1622 5410">
    <p class='ocr_par' dir='ltr' id='par_1_100' title="bbox 63 5335 1622 5410">
     <span class='ocr_line' id='line_1_100' title="bbox 63 5335 1622 5410; baseline 0.008 -27"><span class='ocrx_word' id='word_1_622' title='bbox 63 5335 364 5406; x_wconf 88' lang='lat' dir='ltr'><strong>numerique</strong></span> <span class='ocrx_word' id='word_1_623' title='bbox 408 5353 548 5408; x_wconf 91' lang='lat' dir='ltr'><strong>quos</strong></span> <span class='ocrx_word' id='word_1_624' title='bbox 593 5340 902 5396; x_wconf 82' lang='lat' dir='ltr'><strong>dirutorum</strong></span> <span class='ocrx_word' id='word_1_625' title='bbox 953 5357 1240 5397; x_wconf 88' lang='lat' dir='ltr'><strong>murorum</strong></span> <span class='ocrx_word' id='word_1_626' title='bbox 1281 5340 1492 5396; x_wconf 90' lang='lat' dir='ltr'><strong>collisio</strong></span> <span class='ocrx_word' id='word_1_627' title='bbox 1521 5354 1622 5410; x_wconf 91' lang='lat' dir='ltr'><strong>op-</strong></span> 
     </span>
    </p>
   </div>
   <div class='ocr_carea' id='block_1_101' title="bbox 63 5425 1620 5502">
    <p class='ocr_par' dir='ltr' id='par_1_101' title="bbox 63 5425 1620 5502">
     <span class='ocr_line' id='line_1_101' title="bbox 63 5425 1620 5502; baseline 0.008 -28"><span class='ocrx_word' id='word_1_628' title='bbox 63 5425 278 5492; x_wconf 87' lang='lat' dir='ltr'><strong>pressit,</strong></span> <span class='ocrx_word' id='word_1_629' title='bbox 329 5430 688 5502; x_wconf 89' lang='lat' dir='ltr'><strong>multiplicato</strong></span> <span class='ocrx_word' id='word_1_630' title='bbox 722 5447 914 5489; x_wconf 92' lang='lat' dir='ltr'><strong>eorum</strong></span> <span class='ocrx_word' id='word_1_631' title='bbox 947 5431 1132 5490; x_wconf 84' lang='lat' dir='ltr'><strong>furore</strong></span> <span class='ocrx_word' id='word_1_632' title='bbox 1177 5432 1468 5490; x_wconf 76' lang='lat' dir='ltr'><strong>adversum</strong></span> <span class='ocrx_word' id='word_1_633' title='bbox 1517 5445 1620 5487; x_wconf 89' lang='lat' dir='ltr'><strong>nos</strong></span> 
     </span>
    </p>
   </div>
   <div class='ocr_carea' id='block_1_102' title="bbox 63 5513 1618 5595">
    <p class='ocr_par' dir='ltr' id='par_1_102' title="bbox 63 5513 1618 5595">
     <span class='ocr_line' id='line_1_102' title="bbox 63 5513 1618 5595; baseline 0.008 -31"><span class='ocrx_word' id='word_1_634' title='bbox 63 5513 219 5590; x_wconf 75' lang='lat' dir='ltr'><strong>multo</strong></span> <span class='ocrx_word' id='word_1_635' title='bbox 245 5519 424 5577; x_wconf 83' lang='lat' dir='ltr'><strong>aerius</strong></span> <span class='ocrx_word' id='word_1_636' title='bbox 458 5523 622 5580; x_wconf 90' lang='lat' dir='ltr'><strong>solito</strong></span> <span class='ocrx_word' id='word_1_637' title='bbox 643 5525 910 5581; x_wconf 90' lang='lat' dir='ltr'><strong>accendit.</strong></span> <span class='ocrx_word' id='word_1_638' title='bbox 949 5524 1089 5583; x_wconf 85' lang='lat' dir='ltr'><strong>Ecce</strong></span> <span class='ocrx_word' id='word_1_639' title='bbox 1118 5527 1314 5593; x_wconf 76' lang='lat' dir='ltr'><strong>iterum</strong></span> <span class='ocrx_word' id='word_1_640' title='bbox 1363 5523 1618 5595; x_wconf 70' lang='lat' dir='ltr'><strong>praadicta</strong></span> 
     </span>
    </p>
   </div>
   <div class='ocr_carea' id='block_1_103' title="bbox 66 5606 1620 5702">
    <p class='ocr_par' dir='ltr' id='par_1_103' title="bbox 66 5606 1620 5702">
     <span class='ocr_line' id='line_1_103' title="bbox 66 5606 1620 5702; baseline 0.001 -31"><span class='ocrx_word' id='word_1_641' title='bbox 66 5606 250 5702; x_wconf 48' lang='lat' dir='ltr'><strong>Gravia,</strong></span> <span class='ocrx_word' id='word_1_642' title='bbox 272 5613 438 5702; x_wconf 86' lang='lat' dir='ltr'><strong>multa</strong></span> <span class='ocrx_word' id='word_1_643' title='bbox 461 5615 732 5686; x_wconf 82' lang='lat' dir='ltr'><strong>graviora,</strong></span> <span class='ocrx_word' id='word_1_644' title='bbox 759 5632 825 5674; x_wconf 90' lang='lat' dir='ltr'><strong>ac</strong></span> <span class='ocrx_word' id='word_1_645' title='bbox 851 5617 1115 5675; x_wconf 84' lang='lat' dir='ltr'><strong>flebiliora</strong></span> <span class='ocrx_word' id='word_1_646' title='bbox 1143 5618 1411 5674; x_wconf 85' lang='lat' dir='ltr'><strong>flebilibus</strong></span> <span class='ocrx_word' id='word_1_647' title='bbox 1433 5615 1620 5672; x_wconf 90' lang='lat' dir='ltr'><strong>novis-</strong></span> 
     </span>
    </p>
   </div>
   <div class='ocr_carea' id='block_1_104' title="bbox 67 5700 1618 5796">
    <p class='ocr_par' dir='ltr' id='par_1_104' title="bbox 67 5700 1618 5796">
     <span class='ocr_line' id='line_1_104' title="bbox 67 5700 1618 5796; baseline 0.011 -50"><span class='ocrx_word' id='word_1_648' title='bbox 67 5700 196 5796; x_wconf 40' lang='lat' dir='ltr'><strong>sime.</strong></span> <span class='ocrx_word' id='word_1_649' title='bbox 229 5700 512 5796; x_wconf 82' lang='lat' dir='ltr'><strong>subsecuta</strong></span> <span class='ocrx_word' id='word_1_650' title='bbox 549 5717 696 5764; x_wconf 89' lang='lat' dir='ltr'><strong>sunt.</strong></span> <span class='ocrx_word' id='word_1_651' title='bbox 740 5707 854 5765; x_wconf 77' lang='lat' dir='ltr'><strong>Rex</strong></span> <span class='ocrx_word' id='word_1_652' title='bbox 888 5725 1128 5780; x_wconf 89' lang='lat' dir='ltr'><strong>namque</strong></span> <span class='ocrx_word' id='word_1_653' title='bbox 1156 5707 1472 5775; x_wconf 90' lang='lat' dir='ltr'><strong>Balduinus,</strong></span> <span class='ocrx_word' id='word_1_654' title='bbox 1522 5707 1618 5776; x_wconf 89' lang='lat' dir='ltr'><strong>qui</strong></span> 
     </span>
    </p>
   </div>
   <div class='ocr_carea' id='block_1_105' title="bbox 69 5789 1618 5876">
    <p class='ocr_par' dir='ltr' id='par_1_105' title="bbox 69 5789 1618 5876">
     <span class='ocr_line' id='line_1_105' title="bbox 69 5789 1618 5876; baseline 0.019 -42"><span class='ocrx_word' id='word_1_655' title='bbox 69 5789 198 5840; x_wconf 85' lang='lat' dir='ltr'><strong>omni</strong></span> <span class='ocrx_word' id='word_1_656' title='bbox 232 5789 350 5848; x_wconf 77' lang='lat' dir='ltr'><strong>vita:</strong></span> <span class='ocrx_word' id='word_1_657' title='bbox 371 5810 478 5855; x_wconf 71' lang='lat' dir='ltr'><strong>suae</strong></span> <span class='ocrx_word' id='word_1_658' title='bbox 501 5807 759 5874; x_wconf 86' lang='lat' dir='ltr'><strong>tempore,</strong></span> <span class='ocrx_word' id='word_1_659' title='bbox 792 5817 984 5860; x_wconf 86' lang='lat' dir='ltr'><strong>murus</strong></span> <span class='ocrx_word' id='word_1_660' title='bbox 1013 5801 1159 5860; x_wconf 90' lang='lat' dir='ltr'><strong>stetit</strong></span> <span class='ocrx_word' id='word_1_661' title='bbox 1188 5802 1618 5876; x_wconf 72' lang='lat' dir='ltr'><strong>inexpugnabiiis</strong></span> 
     </span>
    </p>
   </div>
   <div class='ocr_carea' id='block_1_106' title="bbox 1727 4601 3320 4677">
    <p class='ocr_par' dir='ltr' id='par_1_106' title="bbox 1727 4601 3320 4677">
     <span class='ocr_line' id='line_1_106' title="bbox 1727 4601 3320 4677; baseline -0.004 -15"><span class='ocrx_word' id='word_1_662' title='bbox 1727 4605 1782 4662; x_wconf 88' lang='lat' dir='ltr'><strong>in</strong></span> <span class='ocrx_word' id='word_1_663' title='bbox 1829 4605 1930 4662; x_wconf 90' lang='lat' dir='ltr'><strong>hoc</strong></span> <span class='ocrx_word' id='word_1_664' title='bbox 1986 4607 2184 4677; x_wconf 90' lang='lat' dir='ltr'><strong>poterit</strong></span> <span class='ocrx_word' id='word_1_665' title='bbox 2229 4603 2521 4662; x_wconf 91' lang='lat' dir='ltr'><strong>Orientalis</strong></span> <span class='ocrx_word' id='word_1_666' title='bbox 2561 4603 2806 4662; x_wconf 88' lang='lat' dir='ltr'><strong>Ecclesia</strong></span> <span class='ocrx_word' id='word_1_667' title='bbox 2857 4603 3148 4670; x_wconf 89' lang='lat' dir='ltr'><strong>sustinere,</strong></span> <span class='ocrx_word' id='word_1_668' title='bbox 3188 4601 3320 4672; x_wconf 87' lang='lat' dir='ltr'><strong>quia</strong></span> 
     </span>
    </p>
   </div>
   <div class='ocr_carea' id='block_1_107' title="bbox 1727 4693 3320 4768">
    <p class='ocr_par' dir='ltr' id='par_1_107' title="bbox 1727 4693 3320 4768">
     <span class='ocr_line' id='line_1_107' title="bbox 1727 4693 3320 4768; baseline -0.004 -16"><span class='ocrx_word' id='word_1_669' title='bbox 1727 4697 1886 4753; x_wconf 88' lang='lat' dir='ltr'><strong>multi</strong></span> <span class='ocrx_word' id='word_1_670' title='bbox 1909 4698 1991 4753; x_wconf 90' lang='lat' dir='ltr'><strong>sic</strong></span> <span class='ocrx_word' id='word_1_671' title='bbox 2013 4714 2112 4754; x_wconf 91' lang='lat' dir='ltr'><strong>sua</strong></span> <span class='ocrx_word' id='word_1_672' title='bbox 2133 4697 2358 4768; x_wconf 90' lang='lat' dir='ltr'><strong>perdere</strong></span> <span class='ocrx_word' id='word_1_673' title='bbox 2379 4705 2704 4765; x_wconf 90' lang='lat' dir='ltr'><strong>metuentes,</strong></span> <span class='ocrx_word' id='word_1_674' title='bbox 2722 4694 3082 4752; x_wconf 88' lang='lat' dir='ltr'><strong>transfretare</strong></span> <span class='ocrx_word' id='word_1_675' title='bbox 3101 4693 3320 4749; x_wconf 85' lang='lat' dir='ltr'><strong>dubita-</strong></span> 
     </span>
    </p>
   </div>
   <div class='ocr_carea' id='block_1_108' title="bbox 1727 4785 3316 4862">
    <p class='ocr_par' dir='ltr' id='par_1_108' title="bbox 1727 4785 3316 4862">
     <span class='ocr_line' id='line_1_108' title="bbox 1727 4785 3316 4862; baseline -0.005 -16"><span class='ocrx_word' id='word_1_676' title='bbox 1727 4790 1885 4846; x_wconf 86' lang='lat' dir='ltr'><strong>bunt.</strong></span> <span class='ocrx_word' id='word_1_677' title='bbox 1926 4789 2194 4862; x_wconf 83' lang='lat' dir='ltr'><strong>Majestati</strong></span> <span class='ocrx_word' id='word_1_678' title='bbox 2221 4798 2419 4846; x_wconf 70' lang='lat' dir='ltr'><strong>vestra:</strong></span> <span class='ocrx_word' id='word_1_679' title='bbox 2447 4797 2630 4862; x_wconf 87' lang='lat' dir='ltr'><strong>grates</strong></span> <span class='ocrx_word' id='word_1_680' title='bbox 2659 4789 3034 4844; x_wconf 90' lang='lat' dir='ltr'><strong>indesinenter</strong></span> <span class='ocrx_word' id='word_1_681' title='bbox 3077 4785 3316 4842; x_wconf 84' lang='lat' dir='ltr'><strong>exsolvi-</strong></span> 
     </span>
    </p>
   </div>
   <div class='ocr_carea' id='block_1_109' title="bbox 1729 4879 3416 4950">
    <p class='ocr_par' dir='ltr' id='par_1_109' title="bbox 1729 4879 3416 4950">
     <span class='ocr_line' id='line_1_109' title="bbox 1729 4879 3416 4950; baseline -0.002 -13"><span class='ocrx_word' id='word_1_682' title='bbox 1729 4897 1854 4938; x_wconf 90' lang='lat' dir='ltr'><strong>mus</strong></span> <span class='ocrx_word' id='word_1_683' title='bbox 1874 4881 1940 4938; x_wconf 92' lang='lat' dir='ltr'><strong>de</strong></span> <span class='ocrx_word' id='word_1_684' title='bbox 1963 4882 2228 4938; x_wconf 88' lang='lat' dir='ltr'><strong>beneﬁcio</strong></span> <span class='ocrx_word' id='word_1_685' title='bbox 2258 4883 2418 4939; x_wconf 87' lang='lat' dir='ltr'><strong>nobis</strong></span> <span class='ocrx_word' id='word_1_686' title='bbox 2439 4889 2493 4938; x_wconf 91' lang='lat' dir='ltr'><strong>et</strong></span> <span class='ocrx_word' id='word_1_687' title='bbox 2520 4879 2781 4937; x_wconf 87' lang='lat' dir='ltr'><strong>fratribus</strong></span> <span class='ocrx_word' id='word_1_688' title='bbox 2817 4879 3023 4936; x_wconf 86' lang='lat' dir='ltr'><strong>nostris</strong></span> <span class='ocrx_word' id='word_1_689' title='bbox 3045 4879 3315 4950; x_wconf 86' lang='lat' dir='ltr'><strong>impenso.</strong></span> <span class='ocrx_word' id='word_1_690' title='bbox 3411 4929 3416 4933; x_wconf 83' lang='lat'><strong>.</strong></span> 
     </span>
    </p>
   </div>
   <div class='ocr_carea' id='block_1_110' title="bbox 2474 4971 2564 5028">
    <p class='ocr_par' dir='ltr' id='par_1_110' title="bbox 2474 4971 2564 5028">
     <span class='ocr_line' id='line_1_110' title="bbox 2474 4971 2564 5028; baseline 0.022 -2"><span class='ocrx_word' id='word_1_691' title='bbox 2474 4971 2564 5028; x_wconf 82' lang='lat' dir='ltr'><strong>XI.</strong></span> 
     </span>
    </p>
   </div>
   <div class='ocr_carea' id='block_1_111' title="bbox 1888 5078 3158 5122">
    <p class='ocr_par' dir='ltr' id='par_1_111' title="bbox 1888 5078 3158 5122">
     <span class='ocr_line' id='line_1_111' title="bbox 1888 5078 3158 5122; baseline -0.002 -2"><span class='ocrx_word' id='word_1_692' title='bbox 1888 5081 2136 5121; x_wconf 73' lang='lat' dir='ltr'><strong>GILBEB&#39;I&#39;I</strong></span> <span class='ocrx_word' id='word_1_693' title='bbox 2167 5081 2424 5122; x_wconf 79' lang='lat' dir='ltr'><strong>CUSTODIS</strong></span> <span class='ocrx_word' id='word_1_694' title='bbox 2454 5079 2767 5121; x_wconf 74' lang='lat' dir='ltr'><strong>IIOSPI&#39;I‘ALIS</strong></span> <span class='ocrx_word' id='word_1_695' title='bbox 2802 5078 3158 5119; x_wconf 71' lang='lat' dir='ltr'><strong>HIEBUSALEI.</strong></span> 
     </span>
    </p>
   </div>
   <div class='ocr_carea' id='block_1_112' title="bbox 1798 5155 3317 5229">
    <p class='ocr_par' dir='ltr' id='par_1_112' title="bbox 1798 5155 3317 5229">
     <span class='ocr_line' id='line_1_112' title="bbox 1798 5155 3317 5229; baseline -0.002 -16"><span class='ocrx_word' id='word_1_696' title='bbox 1798 5159 2172 5216; x_wconf 88' lang='lat' dir='ltr'><strong>Illnstrissimo</strong></span> <span class='ocrx_word' id='word_1_697' title='bbox 2186 5167 2350 5229; x_wconf 91' lang='lat' dir='ltr'><strong>atque</strong></span> <span class='ocrx_word' id='word_1_698' title='bbox 2385 5155 2841 5212; x_wconf 88' lang='lat' dir='ltr'><strong>excellentissimo</strong></span> <span class='ocrx_word' id='word_1_699' title='bbox 2874 5156 3098 5212; x_wconf 90' lang='lat' dir='ltr'><strong>domino</strong></span> <span class='ocrx_word' id='word_1_700' title='bbox 3135 5155 3317 5211; x_wconf 76' lang='lat' dir='ltr'><strong>Leno-</strong></span> 
     </span>
    </p>
   </div>
   <div class='ocr_carea' id='block_1_113' title="bbox 1725 5246 3319 5322">
    <p class='ocr_par' dir='ltr' id='par_1_113' title="bbox 1725 5246 3319 5322">
     <span class='ocr_line' id='line_1_113' title="bbox 1725 5246 3319 5322; baseline -0.004 -14"><span class='ocrx_word' id='word_1_701' title='bbox 1725 5268 1870 5318; x_wconf 81' lang='lat' dir='ltr'><strong>vico,</strong></span> <span class='ocrx_word' id='word_1_702' title='bbox 1900 5251 1995 5307; x_wconf 88' lang='lat' dir='ltr'><strong>Dei</strong></span> <span class='ocrx_word' id='word_1_703' title='bbox 2019 5250 2194 5322; x_wconf 87' lang='lat' dir='ltr'><strong>gratia</strong></span> <span class='ocrx_word' id='word_1_704' title='bbox 2221 5251 2334 5321; x_wconf 89' lang='lat' dir='ltr'><strong>regi</strong></span> <span class='ocrx_word' id='word_1_705' title='bbox 2360 5249 2696 5304; x_wconf 88' lang='lat' dir='ltr'><strong>Francorum</strong></span> <span class='ocrx_word' id='word_1_706' title='bbox 2727 5247 3146 5320; x_wconf 83' lang='lat' dir='ltr'><strong>benignissimo,</strong></span> <span class='ocrx_word' id='word_1_707' title='bbox 3187 5246 3319 5303; x_wconf 81' lang='lat' dir='ltr'><strong>Gtt.—</strong></span> 
     </span>
    </p>
   </div>
   <div class='ocr_carea' id='block_1_114' title="bbox 1727 5339 3318 5414">
    <p class='ocr_par' dir='ltr' id='par_1_114' title="bbox 1727 5339 3318 5414">
     <span class='ocr_line' id='line_1_114' title="bbox 1727 5339 3318 5414; baseline -0.002 -15"><span class='ocrx_word' id='word_1_708' title='bbox 1727 5357 1955 5410; x_wconf 80' lang='lat' dir='ltr'><strong>asnrns,</strong></span> <span class='ocrx_word' id='word_1_709' title='bbox 1980 5343 2168 5400; x_wconf 87' lang='lat' dir='ltr'><strong>eadem</strong></span> <span class='ocrx_word' id='word_1_710' title='bbox 2197 5341 2369 5414; x_wconf 88' lang='lat' dir='ltr'><strong>gratia</strong></span> <span class='ocrx_word' id='word_1_711' title='bbox 2419 5340 2595 5397; x_wconf 91' lang='lat' dir='ltr'><strong>sancti</strong></span> <span class='ocrx_word' id='word_1_712' title='bbox 2641 5339 2937 5412; x_wconf 90' lang='lat' dir='ltr'><strong>Hospitalis</strong></span> <span class='ocrx_word' id='word_1_713' title='bbox 2977 5339 3318 5397; x_wconf 80' lang='lat' dir='ltr'><strong>Hierusalem</strong></span> 
     </span>
    </p>
   </div>
   <div class='ocr_carea' id='block_1_115' title="bbox 1725 5434 3314 5506">
    <p class='ocr_par' dir='ltr' id='par_1_115' title="bbox 1725 5434 3314 5506">
     <span class='ocr_line' id='line_1_115' title="bbox 1725 5434 3314 5506; baseline -0.003 -15"><span class='ocrx_word' id='word_1_714' title='bbox 1725 5443 1934 5503; x_wconf 89' lang='lat' dir='ltr'><strong>custos,</strong></span> <span class='ocrx_word' id='word_1_715' title='bbox 1957 5435 2085 5492; x_wconf 91' lang='lat' dir='ltr'><strong>licet</strong></span> <span class='ocrx_word' id='word_1_716' title='bbox 2113 5434 2392 5506; x_wconf 88' lang='lat' dir='ltr'><strong>indignus,</strong></span> <span class='ocrx_word' id='word_1_717' title='bbox 2415 5449 2541 5490; x_wconf 92' lang='lat' dir='ltr'><strong>eum</strong></span> <span class='ocrx_word' id='word_1_718' title='bbox 2570 5434 2722 5489; x_wconf 89' lang='lat' dir='ltr'><strong>omni</strong></span> <span class='ocrx_word' id='word_1_719' title='bbox 2752 5434 2985 5490; x_wconf 85' lang='lat' dir='ltr'><strong>fratrum</strong></span> <span class='ocrx_word' id='word_1_720' title='bbox 3019 5441 3314 5498; x_wconf 91' lang='lat' dir='ltr'><strong>conventu,</strong></span> 
     </span>
    </p>
   </div>
   <div class='ocr_carea' id='block_1_116' title="bbox 1725 5523 3318 5592">
    <p class='ocr_par' dir='ltr' id='par_1_116' title="bbox 1725 5523 3318 5592">
     <span class='ocr_line' id='line_1_116' title="bbox 1725 5523 3318 5592; baseline -0.003 -9"><span class='ocrx_word' id='word_1_721' title='bbox 1725 5526 1844 5583; x_wconf 87' lang='lat' dir='ltr'><strong>salu</strong></span> <span class='ocrx_word' id='word_1_722' title='bbox 1853 5535 1960 5581; x_wconf 89' lang='lat' dir='ltr'><strong>tem</strong></span> <span class='ocrx_word' id='word_1_723' title='bbox 1983 5535 2038 5582; x_wconf 89' lang='lat' dir='ltr'><strong>et</strong></span> <span class='ocrx_word' id='word_1_724' title='bbox 2063 5541 2342 5581; x_wconf 90' lang='lat' dir='ltr'><strong>sacrarum</strong></span> <span class='ocrx_word' id='word_1_725' title='bbox 2367 5525 2676 5582; x_wconf 88' lang='lat' dir='ltr'><strong>orationum</strong></span> <span class='ocrx_word' id='word_1_726' title='bbox 2699 5523 3036 5583; x_wconf 84' lang='lat' dir='ltr'><strong>Hierusalem</strong></span> <span class='ocrx_word' id='word_1_727' title='bbox 3057 5534 3318 5592; x_wconf 78' lang='lat' dir='ltr'><strong>aeternam</strong></span> 
     </span>
    </p>
   </div>
   <div class='ocr_carea' id='block_1_117' title="bbox 1724 5612 2377 5690">
    <p class='ocr_par' dir='ltr' id='par_1_117' title="bbox 1724 5612 2377 5690">
     <span class='ocr_line' id='line_1_117' title="bbox 1724 5612 2377 5690; baseline 0.005 -18"><span class='ocrx_word' id='word_1_728' title='bbox 1724 5617 2216 5690; x_wconf 89' lang='lat' dir='ltr'><strong>participationem.</strong></span> <span class='ocrx_word' id='word_1_729' title='bbox 2375 5612 2377 5614; x_wconf 64' lang='grc'><strong><em>’</em></strong></span> 
     </span>
    </p>
   </div>
   <div class='ocr_carea' id='block_1_118' title="bbox 1798 5707 3315 5785">
    <p class='ocr_par' dir='ltr' id='par_1_118' title="bbox 1798 5707 3315 5785">
     <span class='ocr_line' id='line_1_118' title="bbox 1798 5707 3315 5785; baseline -0.001 -20"><span class='ocrx_word' id='word_1_730' title='bbox 1798 5711 1940 5768; x_wconf 77' lang='lat' dir='ltr'><strong>Inter</strong></span> <span class='ocrx_word' id='word_1_731' title='bbox 1961 5719 2154 5768; x_wconf 64' lang='lat' dir='ltr'><strong>caetera</strong></span> <span class='ocrx_word' id='word_1_732' title='bbox 2183 5710 2470 5770; x_wconf 88' lang='lat' dir='ltr'><strong>eharitatis</strong></span> <span class='ocrx_word' id='word_1_733' title='bbox 2511 5727 2673 5785; x_wconf 87' lang='lat' dir='ltr'><strong>opera</strong></span> <span class='ocrx_word' id='word_1_734' title='bbox 2713 5712 2914 5784; x_wconf 83' lang='lat' dir='ltr'><strong>quibus</strong></span> <span class='ocrx_word' id='word_1_735' title='bbox 2944 5709 3013 5766; x_wconf 91' lang='lat' dir='ltr'><strong>ad</strong></span> <span class='ocrx_word' id='word_1_736' title='bbox 3047 5723 3213 5780; x_wconf 81' lang='lat' dir='ltr'><strong>regna</strong></span> <span class='ocrx_word' id='word_1_737' title='bbox 3253 5707 3315 5764; x_wconf 83' lang='lat' dir='ltr'><strong>ﬁt</strong></span> 
     </span>
    </p>
   </div>
   <div class='ocr_carea' id='block_1_119' title="bbox 1726 5806 3312 5885">
    <p class='ocr_par' dir='ltr' id='par_1_119' title="bbox 1726 5806 3312 5885">
     <span class='ocr_line' id='line_1_119' title="bbox 1726 5806 3312 5885; baseline -0.005 -22"><span class='ocrx_word' id='word_1_738' title='bbox 1726 5821 1984 5865; x_wconf 78' lang='lat' dir='ltr'><strong>ascensus</strong></span> <span class='ocrx_word' id='word_1_739' title='bbox 2033 5806 2296 5876; x_wconf 72' lang='lat' dir='ltr'><strong>cmlestia,</strong></span> <span class='ocrx_word' id='word_1_740' title='bbox 2346 5807 2689 5880; x_wconf 85' lang='lat' dir='ltr'><strong>cleemosyna</strong></span> <span class='ocrx_word' id='word_1_741' title='bbox 2719 5806 2988 5878; x_wconf 77' lang='lat' dir='ltr'><strong>praecipue</strong></span> <span class='ocrx_word' id='word_1_742' title='bbox 3031 5818 3312 5885; x_wconf 74' lang='lat' dir='ltr'><strong>summum</strong></span> 
     </span>
    </p>
   </div>
  </div>
