3832 6314
518 335 652 409 127i

1086 347 1176 403 AD
1217 346 1665 410 GODEFIUDUM
1703 344 1994 404 APPEND.
2033 345 2097 403 ll.
2137 377 2208 388 -ο
2248 347 2515 406 NONUM.
2558 348 2648 404 DE
2686 348 2906 406 BElLO
2949 341 3195 407 SACRO.

3625 349 3722 403 1272

513 466 692 524 locum
717 464 1130 533 obtinet,'onmi
1155 473 1266 522 tam
1296 463 1505 520 Veteris
1541 462 1706 533 quam
1748 461 1882 518 Novi
1913 462 2107 519 Testa-
2138 471 2182 528 Α
2213 465 2504 534 strissime,
2545 474 2658 521 tota
2688 464 3076 523 Christianitas
3100 466 3158 520 in
3196 461 3414 523 Oriente
3451 459 3724 521 vehementer

512 559 683 616 menti
723 559 923 631 pagina
950 573 1145 616 verum
1181 572 1344 628 super
1381 558 1487 613 hoc
1515 556 1832 627 perhibente
1861 557 2110 612 testimo-

510 653 688 708 nium.
720 652 894 722 llujus
919 652 1104 723 itaque
1130 650 1436 708 devotionis
1458 649 1678 723 intpitu,
1701 649 1898 718 regalis
1918 657 2112 706 vestra:

514 743 818 814 majestatis
866 741 1302 814 magnificentia,
1361 740 1565 812 Spiritu
1613 749 1803 796 sant-to
1850 741 2111 797 divinitus

516 837 810 900 illustrata,
841 836 1247 892 sanctissimam
1277 834 1501 889 domum
1531 849 1831 903 pauperum
1857 832 2110 903 Hospita-

513 928 580 983 lis
605 928 964 994 Hierusalem,
984 927 1285 996 placentem
1315 925 1426 980 Deo
1445 934 1498 980 et
1523 940 1618 994 per
1641 926 1828 980 omnia
1863 934 2111 994 accepta-

513 1022 678 1077 bilem
700 1062 714 1086 ,
741 1021 930 1075 devote
968 1018 1192 1089 diligere
1213 1058 1229 1083 ,
1260 1027 1620 1074 manutenere
1639 1059 1654 1084 ,
1691 1027 2112 1088 vestrarumque

511 1104 793 1170 beneficiis
832 1111 1304 1182 eleemosynarum
1347 1111 1496 1182 larga
1530 1126 1696 1168 manu
1720 1111 1897 1168 ditare
1927 1125 1991 1165 ac
2019 1125 2110 1166 re-

511 1220 696 1260 creare
721 1219 937 1274 semper
965 1204 1270 1260 consuevit.
1308 1203 1485 1275 Super
1505 1219 1616 1275 quo
1645 1219 1754 1259 non
1775 1212 1860 1260 est
1880 1203 2109 1260 dubium

507 1299 638 1370 quin
675 1307 898 1369 propter
924 1298 1202 1354 sincerum
1229 1308 1426 1354 vestra:
1452 1297 1800 1369 benignitatis
1830 1296 2108 1362 affectum,

502 1403 668 1458 quem
722 1387 1034 1458 specialiter
1082 1403 1183 1459 pro
1237 1403 1406 1459 regno
1449 1389 1717 1444 ctelorum
1755 1386 2109 1458 adipiscendo

505 1493 635 1551 erga
665 1478 860 1547 Deum,
884 1489 940 1536 et
959 1495 1089 1552 erga
1118 1481 1304 1536 omnia
1326 1496 1450 1550 qua:
1473 1481 1576 1537 sibi
1599 1471 1889 1551 pertinent,
1918 1481 1971 1534 in
1997 1488 2109 1535 toto

507 1586 677 1644 regno
699 1580 884 1628 vestro
914 1573 1297 1638 consistentia,
1327 1573 1652 1629 cbaritativc
1690 1572 1980 1628 exhibens.
2007 1571 2111 1626 'l‘ot

507 1663 756 1720 barbarie
815 1672 1028 1735 gentes,
1071 1673 1346 1735 tantaque
1391 1665 1734 1721 diversorum
1782 1665 2107 1735 populorum

507 1755 782 1821 nationes,
805 1762 1001 1810 vestra:
1025 1754 1092 1809 de
1113 1755 1200 1810 die
1223 1756 1278 1809 in
1302 1754 1445 1810 diem
1469 1757 1867 1828 subjungentur
1888 1754 2107 1813 ditionis

507 1843 742 1916 Dignum
769 1844 916 1900 enim
937 1853 992 1900 et
1015 1844 1226 1915 justum
1251 1861 1374 1902 esse
1395 1845 1708 1915 judicamus
1735 1853 1793 1899 ut
1821 1846 1915 1914 qui
1938 1843 2108 1898 Deum
2143 1829 2184 1889 Β

506 1939 686 2010 diligit
714 1939 944 2010 ejusque
969 1939 1242 1994 mandatis
1271 1956 1410 2009 puro
1434 1941 1598 1996 corde
1627 1940 2002 2009 obtemperare
2027 1936 2112 1990 ni-

507 2032 665 2098 titur,
705 2031 761 2087 in
794 2031 954 2087 bonis
987 2039 1042 2086 et
1090 2031 1158 2086 de.
1194 2031 1353 2087 bonis
1383 2031 1598 2086 Domini
1638 2030 1889 2102 gaudeat,
1929 2039 2112 2085 teneat

509 2133 680 2194 atque
725 2122 1024 2179 victoriose
1078 2123 1376 2193 possideat.
1431 2121 1489 2176 Si
1540 2122 1688 2177 enim
1741 2119 2112 2192 protOplastus

505 2216 705 2284 Adam,
735 2217 865 2289 quia
917 2217 1240 2272 inobediens
1281 2215 1386 2270 fuit
1426 2215 1547 2269 voci
1582 2213 1900 2278 Dominieze,
1945 2228 2109 2267 mun-

505 2310 638 2367 dum
679 2325 805 2364 cum
845 2309 1106 2364 omnibus
1130 2309 1186 2363 in
1223 2324 1291 2364 eo
1320 2307 1587 2364 creaturis
1613 2305 1990 2362 adversarium
2028 2312 2111 2358 at-

506 2417 614 2471 que
640 2401 979 2457 contrarium
1022 2401 1129 2457 sibi
1160 2401 1362 2455 habere
1388 2400 1713 2470 promeruit,
1737 2399 1813 2458 ita
1842 2397 1889 2453 si
1913 2397 2112 2468 aliquis

508 2493 686 2549 ﬁdelis
712 2493 980 2549 voluntati
1007 2491 1226 2548 Domini
1247 2493 1384 2548 bene
1414 2492 1678 2552 obcrliens
1700 2491 1998 2561 aliquando
2028 2490 2112 2543 in-

505 2585 726 2640 venitur
752 2585 924 2656 (quod
969 2599 1098 2640 raro
1139 2585 1454 2656 contingit),
1493 2592 1604 2640 tam
1636 2584 1902 2638 mundum
1943 2598 2109 2652 quam

504 2676 692 2734 omnia
733 2677 1012 2738 mundana
1042 2677 1382 2746 beneplacito
1426 2691 1529 2731 suo
1557 2675 1718 2730 debet
1755 2674 1956 2730 habere
1982 2674 2112 2729 sub—

506 2771 668 2840 jecta,
714 2779 765 2825 et
800 2771 922 2826 sine
965 2770 1116 2825 omni
1158 2771 1444 2826 obstaculo
1489 2769 1735 2826 invenire
1778 2778 1989 2839 parata.
2043 2766 2114 2824 Ut

507 2861 675 2933 igitur
701 2862 903 2928 divina
933 2862 1198 2918 bonitatis
1227 2862 1517 2918 clementia
1541 2903 1557 2928 ,
1611 2862 1732 2918 sine
1769 2861 1932 2933 cujus
1974 2869 2112 2917 nutu

507 2953 647 3008 nihil
689 2953 815 3009 boni
863 2954 982 3009 fieri
1012 2963 1211 3024 potest,
1242 2954 1361 3009 haec
1399 2955 1682 3025 prtedieta,
1711 2970 1809 3011 rex
1853 2953 2104 3010 illustriso

507 3043 666 3109 sime,
687 3043 842 3114 juata
877 3045 1046 3100 vestri
1074 3044 1330 3100 affectum
1365 3045 1556 3112 animi,
1590 3047 1890 3102 concedere
1912 3046 2104 3116 digne-

509 3143 618 3201 tur,
655 3134 824 3191 Deum
849 3150 1066 3206 semper
1092 3150 1206 3205 prae
1231 3134 1407 3192 oculis
1429 3135 1644 3202 habete,
1673 3144 1729 3192 et
1757 3151 1822 3190 ea
1859 3150 1983 3206 quae
2012 3134 2109 3191 Dei

509 3235 640 3286 sunt
687 3227 744 3282 in
783 3241 954 3298 regno
994 3236 1179 3282 vestro
1209 3227 1360 3282 salva
1387 3237 1443 3284 et
1487 3242 1680 3284 secura
1721 3227 2010 3294 custodite,
2057 3236 2114 3283 et

511 3320 786 3390 praecipue
829 3328 886 3375 et
917 3319 1228 3390 specialiter
1266 3319 1576 3388 praxdietam
1618 3321 1843 3375 domum
1892 3328 2114 3376 sancto.—

511 3427 635 3466 rum
675 3425 980 3481 pauperum
1024 3409 1324 3481 Hospitalis
1364 3410 1726 3477 Hierusalem,
1755 3412 1808 3466 in
1836 3427 1946 3482 qua
1987 3426 2114 3466 vere

510 3503 770 3559 Christus
793 3503 848 3558 in
873 3504 1139 3559 membris
1163 3505 1280 3560 suis
1303 3505 1622 3574 suscipitur,
1646 3505 1789 3560 sicut
1809 3505 2008 3562 vestris
2030 3519 2114 3560 as-

517 3595 746 3665 pexistis
774 3595 985 3661 oculis,
1025 3595 1366 3667 diversisque
1399 3596 1578 3654 modis
1621 3597 1895 3665 servitur,
1938 3597 2114 3654 solita:

513 3697 710 3745 vestra:
729 3689 948 3760 pietatis
972 3704 1129 3744 more
1147 3689 1376 3761 diligite,
1399 3698 1770 3757 manutenete,
1793 3698 1848 3745 et
1869 3691 1938 3744 ab
1962 3689 2113 3744 omni

511 3781 700 3836 hostili
739 3795 908 3838 manu
947 3789 1210 3850 tanquam
1249 3781 1428 3838 bonus
1469 3791 1735 3852 patronus
1780 3781 2114 3852 protegendo

511 3872 802 3941 defendite,
826 3882 888 3929 ut
905 3874 1190 3929 beatorum
1214 3874 1470 3944 precibus
1489 3882 1541 3929 et
1564 3873 1960 3930 intercessione
1979 3889 2114 3943 pau-

511 3981 728 4037 perum,
759 3965 961 4036 quibus
984 3981 1215 4036 regnum
1243 3965 1511 4021 cmlorum
1538 3981 1569 4021 a
1600 3966 1823 4022 Christo
1851 3965 2114 4020 traditum

511 4067 616 4124 est,
658 4058 714 4113 in
751 4058 1006 4128 praesenti
1049 4059 1470 4130 prosperitatem
1515 4061 1716 4116 mentis
1749 4069 1804 4114 et
1843 4059 2117 4129 corporis,

513 4163 707 4222 pacem
731 4149 789 4204 in
809 4163 981 4220 regno
1004 4159 1184 4206 vestro
1205 4160 1258 4206 et
1278 4149 1750 4220 tranquillitatem,
1775 4151 1843 4206 de
1867 4150 2120 4205 hostibus

517 4242 896 4313 trtumphum,
923 4251 978 4298 et
1021 4252 1149 4313 post
1187 4243 1354 4314 hujus
1395 4245 1523 4300 vitae
1559 4244 1874 4309 transitum,
1920 4243 2119 4298 stolam

517 4335 948 4390 immortalitatis
986 4350 1112 4390 cum
1141 4337 1350 4392 eisdem
1375 4336 1709 4408 pauperibus
1736 4336 1790 4390 in
1817 4351 1989 4408 regno
2009 4351 2122 4392 cte-

515 4425 696 4483 lorum
723 4425 955 4482 feliciter
977 4427 1210 4498 adipisci
1235 4427 1576 4483 mereamini.
1607 4426 1808 4484 Amen.

1251 4519 1367 4574 XII.

800 4611 1102 4686 qustum]
1146 4628 1300 4668 necis
1336 4625 1837 4667 nrsnosou'uonuu.

584 4705 882 4774 Lunovtco,
906 4706 1002 4762 Dei
1026 4707 1201 4779 gratia
1222 4698 1560 4760 Francorum
1580 4705 1692 4775 regi
1716 4704 2118 4775 gloriosissimo

516 4807 572 4852 et
603 4797 1020 4868 incomparabili
1067 4798 1206 4862 viro,
1255 4797 1617 4852 dilectissimo
1659 4810 1782 4860 suo,
1831 4797 1897 4849 A.
1941 4796 2117 4865 gratia

515 4887 764 4958 ejusdem
808 4887 1314 4958 Hierosolymorum
1345 4903 1463 4953 rex,
1496 4875 1728 4942 salutem
1771 4894 1824 4939 et
1863 4885 2116 4940 dilectio-

521 4995 670 5035 nem.

587 5072 1025 5147 Lacrymabilem
1052 5083 1108 5130 et
1149 5074 1458 5129 luctuosum
1502 5071 1570 5127 de
1609 5069 1834 5126 domino
1854 5085 1920 5126 ac
1950 5069 2118 5126 fratre

517 5175 711 5222 nostro
745 5167 950 5241 inclyto
991 5181 1118 5236 rege
1145 5165 1206 5220 Β.
1251 5179 1551 5230 rumorem,
1580 5163 1685 5218 heu
1716 5164 1729 5216 ε
1761 5163 1904 5218 heu!
1958 5162 2117 5217 vobis

519 5270 616 5327 per
659 5259 949 5328 prmsentia
980 5259 1184 5328 scripta
1218 5257 1560 5323 intimamus,
1583 5254 1984 5326 idenuntiantcs
2013 5269 2116 5309 vo-

523 5349 630 5414 bis,
673 5349 938 5421 quoniam
980 5351 1037 5406 in
1065 5351 1154 5406 die
1195 5349 1510 5406 Scolastica:
1541 5346 1790 5419 virginis,
1828 5346 2117 5403 vocatione

521 5443 709 5498 divina
744 5443 1000 5511 migravit
1023 5445 1091 5501 ad
1119 5459 1371 5514 superos.
1401 5441 1786 5498 Verumtamen
1821 5454 1924 5496 nos
1951 5453 2119 5509 regno

525 5534 738 5604 ipsius,
790 5533 939 5605 quod
989 5535 1149 5590 nobis
1195 5533 1539 5590 haereditario
1582 5532 1707 5602 jure
1754 5527 2121 5596 o'uveniebat,

526 5643 675 5682 nunc
697 5627 960 5698 petimur,
993 5635 1049 5682 et
1089 5625 1207 5681 sine
1243 5625 1392 5680 omni
1440 5625 1828 5693 impedimento
1869 5630 2033 5691 atque
2064 5619 2118 5673 in

525 5718 673 5774 bona
708 5718 959 5774 omnium
981 5717 1268 5773 hominum
1300 5725 1616 5773 nostrorum
1639 5717 1920 5771 voluntate
1947 5713 2002 5767 in
2032 5728 2124 5766 so-

533 5811 609 5865 lio
633 5811 784 5882 regni
828 5811 1002 5867 nostri
1033 5809 1353 5866 consolidati
1387 5824 1598 5866 smnus.
1625 5808 1766 5876 Quia
1801 5817 1953 5876 vero,
1997 5805 2123 5862 illu-

2210 559 2390 612 attrita
2415 567 2468 614 et.
2493 559 2712 629 gravius
2737 559 2902 614 solito
2930 574 3214 628 oppressa,
3256 557 3478 610 nimium
3511 561 3646 622 alitur
3669 574 3717 610 ιιι-

2211 651 2383 705 mium
2416 651 2647 716 laborat,
2684 660 2797 706 tum
2829 665 2897 707 ex
2933 649 3236 705 infortunio
3262 647 3327 703 Il.
3370 649 3576 706 illustris
3596 663 3723 704 auos-

2209 742 2334 796 dam
2380 743 2644 813 principis
2683 741 3036 808 Antiocheni,
3067 741 3166 812 qui
3196 751 3256 796 ut
3299 741 3412 810 jam
3442 757 3531 795 vos
3575 744 3722 799 dudum

2210 834 2431 889 audisse
2470 834 2824 900 arbitramur,
2847 833 3066 889 rediens
3109 833 3180 888 ab
3219 832 3570 903 expeditione,
3588 850 3727 905 canus

2211 926 2334 993 fuit,
2366 926 2525 981 musis
2545 936 2640 981 aut
2667 927 2844 996 captis
2873 925 2987 981 fere
3015 925 3278 980 omnibus
3310 925 3417 979 illis
3441 926 3526 995 qui
3549 927 3593 979 in
3609 931 3726 982 comi-

2212 1028 2324 1074 tatu
2359 1019 2532 1090 ipsius
2560 1028 2738 1084 erant,
2768 1026 2884 1073 tum
2911 1025 2966 1073 et
2998 1033 3064 1072 ex
3095 1027 3432 1082 terrasmotu,
3463 1018 3613 1086 quiin
3636 1036 3728 1088 pra-

2211 1112 2371 1168 tcrito
2384 1112 2654 1182 Augusto,
2673 1111 2844 1165 totius
2859 1110 3202 1180 principatus
3220 1109 3535 1162 Antiocheni
3549 1113 3728 1178 castella,

2212 1216 2392 1266 turres
2411 1215 2465 1261 et
2485 1204 2785 1274 municipia
2814 1203 2926 1259 fere
2948 1203 3134 1258 omnia
3165 1201 3416 1256 funditus
3432 1204 3618 1263 evenit.
3636 1207 3732 1259 solo-

2209 1317 2317 1372 que
2336 1297 2658 1369 coaequavit,
2680 1312 2941 1368 rogamus
2967 1295 3320 1351 serenitatem
3353 1295 3652 1350 celsitudinis
3671 1313 3732 1350 te

2211 1403 2360 1460 straz,
2384 1400 2445 1447 ut
2471 1406 2572 1462 pro
2601 1398 2748 1444 terra
2789 1389 2881 1442 illa
2909 1403 3075 1457 quam
3109 1384 3381 1441 Dominus
3416 1400 3511 1440 sua
3531 1380 3732 1455 corporali

2210 1483 2500 1555 praesentia
2533 1482 2778 1547 visitare,
2807 1479 3082 1534 illustrare
3108 1486 3162 1532 et
3192 1491 3514 1532 consecrare
3545 1477 3735 1547 dignatus

2208 1585 2311 1642 est,
2339 1590 2504 1645 quam
2527 1573 2791 1638 etiam,ut
2816 1568 3026 1640 liquido
3051 1576 3290 1634 constat,
3316 1582 3535 1638 regnum
3555 1577 3735 1624 vestrum

2210 1667 2488 1739 spurcitiis
2510 1664 2809 1720 infidelium
2833 1668 3084 1732 potenter
3104 1658 3330 1728 eripuit,
3353 1667 3410 1712 et
3433 1658 3584 1712 cultui
3601 1658 3737 1712 divino

2208 1760 2525 1826 vindicavit,
2568 1757 2838 1814 sollicitus
2863 1753 3007 1820 sitis,
3034 1761 3108 1820 et,
3136 1752 3268 1806 dum
3297 1750 3425 1806 licet
3448 1759 3591 1819 atque
3608 1761 3736 1812 vetat.

2213 1865 2404 1909 notum
2448 1851 2663 1907 faciatis
2693 1849 2952 1906 omnibus
2985 1859 3098 1918 quo
3136 1845 3350 1910 animo,
3381 1858 3488 1913 quo
3513 1842 3740 1896 comisat-

2213 1947 2384 2012 fectu,
2415 1961 2522 2016 qua
2556 1944 2749 1999 intima
2779 1939 3095 1999 sinceritate
3123 1937 3470 1998 Dominicum
3497 1935 3738 2004 sepulcra

2214 2038 2500 2106 hucusque
2521 2033 2808 2090 dilexistis.
2839 2031 3043 2088 Scitote
3067 2043 3307 2097 namque
3328 2026 3575 2097 quoniam
3594 2026 3652 2080 ab
3670 2027 3743 2078 ini-

2213 2131 2311 2196 tio,
2344 2138 2405 2184 ut
2425 2144 2456 2184 a
2487 2125 2837 2198 praesentium
2865 2123 3134 2180 latoribus
3156 2121 3366 2182 certius
3390 2119 3566 2174 audire
3586 2120 3741 2186 poteri-

2212 2223 2305 2287 tis,
2329 2221 2563 2276 consilio
2603 2219 2826 2289 quidem
2865 2227 3068 2281 vestro,
3100 2224 3154 2270 et
3191 2213 3395 2269 festino
3426 2211 3632 2276 auxilio,
3659 2221 3745 2265 tm-

2213 2326 2328 2372 tum
2361 2329 2521 2384 Opus,
2547 2328 2649 2367 nec
2679 2311 2963 2368 consimile
2992 2308 3114 2364 fuit.
3141 2306 3210 2362 Et
3239 2306 3288 2361 si
3315 2306 3467 2362 vobis
3488 2307 3538 2359 in
3566 2315 3743 2360 mentem

2213 2408 2423 2462 veniret
2448 2405 2794 2460 Dominicum
2823 2402 3135 2472 sepulcrum
3165 2398 3338 2464 adire,
3379 2413 3486 2452 non
3521 2398 3569 2450 in
3596 2406 3746 2451 terram

2213 2501 2473 2565 alienam,
2501 2513 2690 2552 verum
2719 2495 2882 2552 etiam
2916 2495 2971 2550 in
3001 2509 3123 2548 eam
3145 2506 3272 2562 quae
3305 2499 3417 2545 tota
3445 2499 3610 2544 vestra
3630 2500 3693 2544 est
3711 2497 3750 2541 et

2212 2590 2317 2644 crit
2351 2599 2596 2659 tempore
2631 2586 2850 2656 quidem
2887 2592 3079 2640 nostro
3119 2583 3278 2638 vobis
3314 2581 3576 2650 exposita,
3609 2579 3751 2649 procul

2213 2682 2384 2737 dubio
2405 2680 2684 2736 veniretis.
2719 2675 2832 2733 Nos
2858 2676 3005 2732 enim
3040 2684 3102 2730 ut
3127 2684 3342 2730 tantum
3383 2682 3594 2743 tamque
3622 2670 3753 2726 subli-

2214 2791 2359 2830 mem
2383 2774 2688 2839 dominum,
2723 2786 2823 2826 vos
2866 2768 3045 2825 modis
3072 2767 3332 2824 omnibus
3361 2765 3636 2830 honorare,
3659 2762 3757 2817 dili—

2213 2882 2341 2937 gere
2368 2875 2421 2922 et
2442 2863 2627 2920 omnia
2652 2879 2774 2934 qua:
2796 2861 2967 2918 vestri
2987 2861 3129 2931 juris
3157 2868 3256 2915 aut
3289 2866 3420 2914 sunt
3446 2869 3537 2912 aut
3565 2857 3757 2912 fuel-unt.

2286 2959 2418 3015 Data
2442 2959 2509 3015 ad
2530 2959 2736 3015 fontem
2769 2955 3069 3028 Sephoriae,
3099 2970 3155 3008 vr
3179 2951 3306 3009 ldus
3325 2951 3550 3022 Aprilis.

2942 3043 3081 3098 X11}.

2319 3160 2368 3200 Β.
2406 3159 2475 3198 DE
2509 3154 2880 3198 BLANCESFORT
2918 3151 3171 3194 MAGIS?!“
3209 3150 3440 3192 ιιιιτιι
3483 3149 3681 3189 τεεηι.

2137 3191 2186 3256 c
2288 3235 2594 3301 Lunovtco,
2650 3232 2747 3287 Dei
2791 3231 2966 3302 gratia
3019 3226 3426 3300 gloriosissimo
3477 3226 3769 3280 Francorum

2214 3329 2350 3400 regi,
2373 3337 2426 3383 et
2453 3325 2678 3382 domino
2715 3340 2818 3380 suo
2849 3321 3154 3386 excellenti,
3182 3320 3242 3375 Β.
3263 3336 3331 3374 ne
3367 3319 3586 3384 Busa,
3617 3317 3772 3372 eadem

2215 3421 2389 3492 gratia
2427 3418 2683 3489 pauperis
2714 3416 2926 3472 militiae
2960 3413 3147 3484 templi
3193 3411 3452 3468 minister
3491 3411 3712 3490 humilis,
3732 3420 3772 3461 et

2215 3523 2366 3571 totus
2393 3511 2622 3567 fratrum
2650 3525 2881 3566 suorum
2919 3515 3246 3572 conventus,
3270 3504 3582 3560 orationum
3611 3516 3775 3556 muniis

2215 3620 2340 3661 cum
2363 3604 2558 3660 salute.

2290 3695 2347 3751 In
2377 3694 2700 3750 venerandae
2728 3691 2993 3749 celsitatis
3021 3698 3217 3744 vestrae
3239 3688 3536 3759 pmsentia
3567 3700 3778 3754 saepem!-

2215 3806 2368 3846 mcro
2407 3788 2636 3843 relatum
2683 3785 2980 3850 credimus,
3021 3783 3280 3853 qualiter,
3316 3781 3570 3851 quandin
3615 3789 3666 3832 et
3701 3793 3782 3845 qua

2218 3880 2516 3937 intentione
2546 3878 2650 3932 sub
2680 3875 2979 3932 salutiferae
3017 3875 3199 3930 crucis
3236 3873 3438 3928 vexillo
3478 3882 3535 3926 et
3563 3886 3680 3925 cum
3712 3869 3784 3920 de»

2217 3974 2369 4029 mino
2393 3985 2518 4039 rege.
2537 3967 2958 4026 militaverimus
2979 3966 3033 4020 in
3060 3964 3317 4037 Egypto;
3344 3965 3390 4018 si
3413 3965 3567 4018 enim
3593 3962 3788 4018 scelera—

2219 4061 2467 4118 tissimus
2492 4057 2585 4120 ifle
2612 4055 2946 4122 Noredinus,
2974 4055 3372 4110 interveniente
3401 4050 3698 4124 Syraconis
3716 4066 3790 4102 au-

2217 4154 2395 4221 dacia,
2430 4167 2598 4224 regno
2629 4148 3078 4221 Babyloniorum,
3105 4155 3167 4200 ut
3201 4144 3520 4206 allectabat,
3539 4144 3796 4215 potiretur,

2220 4246 2594 4317 multiplicatis
2629 4244 2842 4299 viribus
2868 4249 3055 4297 tantus
3097 4239 3448 4294 incumberet
3475 4237 3683 4292 Christi
3724 4250 3792 4287 re-

2223 4355 2332 4412 gno
2354 4347 2414 4394 ut
2438 4354 2534 4408 per
2554 4336 2842 4408 piraticam
2865 4334 3055 4390 clauso
3070 4330 3234 4395 mari,
3262 4329 3644 4399 periculosum
3667 4328 3800 4380 etiam

2221 4432 2365 4504 fugae
2403 4432 2584 4486 locum
2623 4443 2736 4484 non
2771 4425 3095 4483 concederet
3138 4421 3348 4478 timidis
3378 4430 3438 4476 et
3481 4420 3710 4492 ignavis.
3745 4415 3799 4468 Li

2143 4531 2195 4593 Ι)
2221 4527 2367 4582 enim
2405 4532 2524 4579 erat
2551 4521 2918 4578 intentionum
2946 4531 3171 4574 suarum
3217 4529 3468 4582 summa,
3497 4529 3678 4583 eaque
3703 4525 3802 4579 gn-

2223 4616 2298 4671 tia
2329 4615 2553 4670 miserat
2597 4612 2653 4666 in
2699 4609 3030 4682 Babylonem
3063 4606 3425 4678 Syraconcm,
3458 4615 3527 4659 ut
3570 4602 3802 4658 inﬁnitam

2225 4707 2648 4779 Babyloniorum
2671 4701 3098 4767 multitudinem,
3119 4687 3208 4754 vel
3223 4697 3273 4751 vi
3297 4697 3728 4756 dominationis,
3746 4692 3810 4745 vel

2227 4795 2499 4851 simulata:
2523 4793 2677 4864 pacis
2705 4791 2903 4847 astutia
2931 4805 3117 4846 secum
3142 4789 3470 4861 ascisecrct,
3500 4787 3642 4843 etin
3669 4783 3808 4838 abuti

2231 4888 2430 4942 tionem
2463 4883 2761 4939 Christiani
2793 4883 3054 4946 nominis,
3083 4881 3194 4936 duo
3216 4879 3625 4950 potentissima
3657 4892 3811 4946 regna.

2229 4978 2524 5051 Babylonis
2543 4978 2752 5033 scilicet
2770 4989 2824 5031 et
2848 4973 3096 5030 Damasci
3124 4972 3420 5028 ftnderaret
3447 4972 3710 5027 invicem.
3735 4966 3814 5018 Ve-

2226 5088 2349 5128 rmn
2402 5069 2645 5140 respexit
2679 5083 2786 5124 nos.
2810 5068 3045 5136 desuper
3081 5062 3263 5119 divina
3313 5062 3654 5125 clementia,
3675 5056 3817 5114 dedit-

2225 5179 2334 5234 que
2369 5161 2673 5219 cultoribus
2697 5160 2814 5216 suis
2847 5158 3103 5214 Christus
3129 5163 3319 5210 noster
3341 5170 3463 5208 non
3497 5155 3814 5208 incruentam

2223 5257 2292 5312 de
2334 5255 2651 5311 infidelitate
2685 5251 2995 5308 victoriam.
3039 5248 3214 5318 Supra
3253 5257 3625 5302 memoratus
3653 5237 3817 5299 etsuis:-

2226 5347 2461 5406 Turcus.
2484 5361 2648 5415 quem
2675 5340 3014 5412 adipiscendi
3045 5338 3196 5409 regni
3226 5337 3406 5408 gratia
3435 5339 3685 5393 missum
3707 5346 3817 5402 pr:-

2222 5437 2581 5509 signavimus,
2597 5433 2916 5490 Derbesium
2941 5430 3333 5486 validissimam
3358 5428 3664 5484 civitatem
3684 5423 3818 5494 ig}-

2222 5531 2322 5601 pti,
2346 5545 2511 5598 quam
2551 5527 2716 5583 etiam
2751 5525 3140 5582 obfirmaverat
3183 5531 3239 5576 et
3265 5521 3614 5576 muniverat
3638 5519 3818 5601 trigirq

2225 5595 2470 5675 millibus
2523 5617 2874 5682 bellatorum,
2920 5615 2979 5668 in
3037 5611 3389 5681 triumphalis
3437 5611 3679 5667 tandem
3724 5595 3818 5674 tigni

2227 5711 2427 5766 virtute
2448 5715 2678 5765 coactus
2701 5715 2786 5764 est
2811 5707 3037 5762 reddere
3062 5703 3240 5758 servis
3264 5702 3495 5769 crucis,
3520 5713 3582 5758 et
3607 5718 3716 5755 non
3736 5698 3818 5757 sisi

2225 5817 2426 5874 magno
2447 5816 2672 5858 suorum
2700 5798 3030 5854 detrimento
3044 5795 3237 5866 pulsus
3264 5804 3354 5852 est
3385 5810 3416 5849 a
3454 5796 3675 5867 patria,
3697 5807 3818 5870 quas
