3832 6314
146 373 247 441 ηπ

1040 360 1302 432 uacua,
1341 360 1519 430 me,
1561 359 1709 418 ere.
1751 362 1843 417 AD
1880 360 2133 423 Luoov.
2172 360 2323 419 JUN.

3174 368 3315 431 ηπ

138 493 296 569 quidem
342 480 511 541 triduo
569 479 798 550 amplius
844 477 1090 534 tardante
1134 492 1421 542 succursu,
1476 476 1627 533 nullo
1655 481 1699 540 Α
1729 479 1980 544 intrasse,
2005 478 2359 550 Syraconem,
2387 473 2647 531 Noradini
2673 477 3104 535 comestabufum
3127 497 3220 551 qut
3242 482 3311 536 ad

138 567 219 644 erat
250 574 617 637 contradicente
657 572 710 626 in
745 568 1043 626 dominium
1090 585 1466 640 possessurus.
1517 567 1629 624 Nos

135 682 265 731 autem
294 673 397 739 post
425 663 541 720 haec
586 662 767 717 omnia
813 669 1164 728 revertentes,
1195 660 1501 717 invenimus
1528 675 1628 731 pro

130 761 310 839 p‘tx‘llis
326 754 511 813 nostris
533 762 731 809 terram
762 761 1005 809 sanctam
1031 752 1166 809 satis
1189 768 1255 809 ae
1275 752 1508 823 desuper
1535 753 1629 808 de.

129 857 319 917 sitatam,
346 846 742 916 Paneademque
770 844 1068 912 civitatem,
1101 860 1209 915 qua
1261 861 1372 900 non
1409 853 1527 900 erat
1571 844 1626 899 in

130 959 212 1004 toto
240 957 377 1014 regno
410 938 690 1005 munitior,
745 936 891 993 furto
940 937 1209 993 sublatam
1258 946 1313 993 et
1361 937 1628 992 redditam

125 1037 269 1094 Turcis
298 1048 383 1106 per
417 1044 611 1086 manus
637 1030 998 1100 proditorum,
1029 1026 1370 1085 Antiochiam
1410 1040 1630 1101 quoque

124 1130 320 1187 miseram
351 1136 408 1178 ac
438 1120 825 1187 miserabilem,
854 1121 1192 1176 eversionem
1230 1119 1316 1175 sui
1356 1118 1469 1188 jam
1503 1134 1629 1188 pro-

118 1223 290 1284 x'tnam,
316 1222 363 1271 et
399 1221 631 1284 stragem
663 1226 886 1267 suorum
917 1210 1337 1266 inenarrabilem
1366 1209 1630 1265 insolabi—

117 1314 225 1370 libus
246 1305 471 1380 lacrymis
490 1305 893 1376 deplorantem;
916 1304 983 1359 de
1005 1319 1112 1374 qua
1140 1303 1356 1375 quidem
1383 1302 1494 1373 jam
1518 1318 1629 1358 non

111 1413 172 1460 est
191 1401 381 1458 dubium
412 1397 540 1468 quin
570 1403 665 1452 aut
692 1396 747 1451 in
772 1395 1084 1451 Grzecorum
1113 1406 1208 1451 aut
1235 1395 1290 1450 in
1322 1393 1627 1450 Tureornm

113 1507 264 1552 manus
285 1490 468 1555 veniat,
503 1497 558 1544 et
586 1488 642 1543 in
672 1490 943 1559 proximo,
980 1486 1091 1544 nisi
1121 1489 1169 1542 ei
1194 1487 1375 1542 divina
1405 1486 1631 1542 misera-

107 1591 164 1644 tio
182 1595 434 1655 vestraque
478 1581 914 1652 superexcellens
938 1582 1279 1637 immensitas
1302 1594 1626 1636 succursum

107 1675 344 1749 providerit
366 1672 700 1728 festinatum.
727 1668 915 1741 Neque
942 1670 1086 1725 enim
1120 1678 1298 1741 potest
1324 1686 1415 1723 rex
1440 1675 1631 1723 noster

101 1770 166 1834 A.,
189 1780 391 1839 magnus
411 1764 552 1830 licet,
582 1762 694 1819 Deo
727 1764 950 1834 gratias,
977 1778 1043 1817 ac
1066 1761 1388 1833 magniﬁcus
1431 1760 1498 1815 ad
1527 1760 1625 1815 de-

1727 578 1910 640 partes
1939 569 2061 625 illas
2088 568 2457 624 declinaverat
2498 576 2559 623 ut
2600 583 2694 623 eas
2744 568 2850 623 sibi
2891 569 3210 642 vindicaret,
3254 571 3313 628 iu

1725 662 1984 719 Berbesio
2009 662 2307 719 obsedisse.
2330 659 2455 733 Ipso
2482 677 2672 717 mense
2707 661 2868 716 ﬁnem
2898 663 3083 731 dante,
3111 673 3168 718 et
3220 679 3311 720 se-

1726 766 1924 826 quente
1949 755 2063 826 jam
2084 755 2323 811 intrante
2347 756 2583 810 ﬁxerunt
2606 753 2680 809 ibi
2701 740 2953 821 tentoria.
2979 754 3098 823 Quo
3123 756 3315 812 audito

1725 845 2037 902 Noradinus
2091 844 2407 917 indignatus
2448 846 2634 900 animo
2687 854 2743 901 et
2794 854 2976 901 mente
3020 844 3311 913 confusus,

1723 940 1912 994 eadem
1938 946 2254 1009 tempestate
2277 937 2471 993 litteris
2492 946 2546 993 et
2580 938 2772 1010 legatis
2794 938 2911 994 suis
2935 953 3128 994 omnes
3181 953 3311 1009 par-7

1725 1039 1807 1086 tes
1835 1045 1959 1102 quae
1986 1045 2185 1086 nomen
2218 1030 2391 1117 ipsius
2416 1030 2703 1086 audierant
2732 1039 2785 1087 et
2825 1031 3134 1087 tremebant
3180 1044 3316 1085 con-

1724 1123 1911 1189 traxit,
1933 1130 1988 1177 et
2008 1122 2313 1190 castellum,
2344 1123 2489 1193 quod
2515 1121 2940 1180 diciturﬂarenc
2964 1131 3018 1178 ct
3037 1123 3091 1178 in
3109 1123 3314 1179 ﬁnibus

1724 1211 2029 1269 Antiochia:
2055 1222 2111 1268 et
2134 1214 2339 1285 Alapize
2374 1214 2539 1271 situm
2566 1224 2670 1283 est,
2694 1216 2824 1271 olim
2846 1216 3051 1272 tumaci
3103 1225 3158 1272 et
3217 1231 3313 1271 su-

1724 1305 1911 1375 perbia
1934 1303 2169 1360 obsedit.
2202 1304 2502 1376 Applicatis
2526 1308 2798 1363 machinis
2818 1317 2873 1364 et
2898 1308 3153 1379 petrariis
3170 1309 3308 1376 suis,

1725 1402 1806 1450 tot
1829 1402 1883 1449 et
1903 1394 2070 1450 tantis
2094 1395 2415 1452 vulneribus
2442 1381 2701 1455 obsessos
2730 1399 3070 1468 invaserunt,
3121 1408 3183 1455 ut
3226 1398 3312 1456 fe-

1730 1500 1791 1541 re
1826 1484 2049 1540 cibariis
2091 1492 2143 1540 et
2194 1500 2337 1555 aqua
2369 1495 2620 1544 carentes
2646 1488 2882 1559 amplius
2924 1489 3156 1545 tolerare
3194 1504 3311 1545 non

1723 1576 1986 1629 valerent.
2013 1574 2151 1630 Cum
2185 1584 2366 1630 autem
2395 1576 2510 1632 haec
2532 1577 3030 1649 itaqueagerentur,
3054 1579 3314 1651 princeps

1725 1665 2101 1731 Boemundus,
2133 1665 2229 1736 qui
2254 1665 2558 1723 Antiochia
2576 1669 2924 1738 praesidebat,
2959 1686 3148 1727 curam
3179 1672 3310 1726 novi

1724 1756 2066 1827 principatus
2086 1757 2173 1813 sui
2196 1757 2427 1813 viriliter
2449 1774 2637 1831 agens,
2678 1762 2877 1818 comite
2892 1762 3231 1834 Tripolitano
3254 1771 3314 1820 et

103 1828 347 1913 [uisionem
376 1828 677 1911 Antiochia:
702 1828 756 1910 et
785 1852 1043 1925 Tripolis,
1068 1828 1407 1909 Hierusalem
1435 1860 1490 1908 et
1521 1848 1626 1906 Ba-
1656 1828 1699 1883 Β
1724 1849 1950 1903 domino
1979 1846 2229 1917 Torosio,
2259 1828 2507 1922 duccque
2528 1850 2916 1920 Marmistensi,
2943 1828 3009 1910 et-
3031 1853 3099 1911 de
3120 1854 3311 1912 fratri-

96 1948 268 2020 hylonis
282 1960 395 2017 quae
412 1945 580 2001 servit
605 1960 731 2000 cum
760 1943 887 2000 ﬁliis
909 1944 1046 2010 suis,
1080 1951 1134 1997 et
1161 1943 1247 1997 cui
1276 1941 1625 2012 potissimum

96 2039 388 2097 metuendum
432 2047 537 2107 est,
592 2037 1051 2110 quadripartitum
1100 2050 1292 2107 agmen
1339 2033 1623 2104 ingerere,

92 2150 198 2205 quas
220 2146 394 2187 omnes
435 2138 616 2202 potest
648 2127 981 2195 Noradinus,
1012 2143 1123 2183 uno
1161 2134 1217 2182 et
1256 2125 1443 2181 eodem
1483 2132 1623 2179 tem-

92 2241 223 2296 pore,
261 2223 304 2279 si
349 2222 510 2291 velit,
550 2220 1122 2293 superabundantibus
1152 2234 1350 2275 canum
1396 2230 1625 2273 suorum

89 2317 222 2386 copiis
260 2312 533 2369 infestare.
573 2312 809 2369 Proinde
848 2312 1060 2369 noverit
1089 2309 1409 2382 magnitudo
1445 2315 1624 2363 vestra

87 2406 293 2461 dilectum
323 2403 547 2459 fratrem
573 2414 846 2471 nostrum,
875 2401 1138 2458 famulum
1168 2414 1385 2472 quoque
1413 2405 1466 2455 et
1489 2397 1626 2452 ami—

86 2511 180 2551 cum
198 2505 448 2564 vestrum,
507 2493 737 2551 fratrem
778 2493 1020 2551 Heustan
1055 2508 1246 2551 canem
1281 2507 1381 2563 pro
1419 2505 1624 2546 exone-

83 2591 251 2643 ratione
279 2596 333 2644 et
353 2588 692 2644 reiaxatione
731 2604 830 2645 sua
852 2597 1079 2661 cogente
1116 2585 1361 2656 corporis
1388 2582 1627 2639 inﬁrmi-

84 2692 180 2749 tate,
204 2683 350 2739 toties
371 2683 736 2755 supplicasse,
764 2693 825 2739 ut
840 2684 955 2755 jam
977 2698 1084 2738 non
1105 2696 1393 2753 possemus
1412 2678 1461 2735 ei
1477 2678 1627 2734 salva

79 2775 237 2843 pietate
255 2774 652 2832 contradicere.
680 2774 945 2831 Mittimus
966 2790 1096 2847 ergo
1122 2774 1177 2829 in
1201 2774 1324 2829 loco
1349 2772 1470 2843 ejus
1489 2786 1631 2843 prae-

77 2865 270 2921 sentium
298 2867 554 2936 latorem,
585 2865 808 2924 fratrem
836 2866 1161 2934 Walterum,
1186 2866 1366 2922 virum
1387 2866 1626 2938 pruden-

76 2966 158 3012 tem
181 2967 229 3012 et
253 2958 578 3027 discretum,
606 2961 823 3033 gemina
852 2975 1072 3031 quoque
1101 2958 1458 3033 ingenuitate,
1493 2971 1626 3014 avo-

75 3064 168 3103 rum
205 3049 402 3107 scilicet
436 3060 495 3107 et
522 3067 742 3109 morum
781 3053 922 3108 bene
960 3053 1341 3123 conspicuum,
1371 3067 1533 3125 quem
1573 3059 1629 3107 et

70 3156 148 3196 nos
185 3141 263 3198 bis
282 3144 675 3214 praesentibus,
707 3154 968 3216 tanquam
1009 3147 1443 3217 praesentialiter,
1469 3146 1626 3202 vobis
1653 3173 1696 3231 ο

69 3235 359 3291 ctmandato
393 3245 587 3292 vestro
621 3236 1020 3293 committimus
1048 3246 1103 3294 et
1137 3238 1534 3306 submittimus,
1572 3247 1628 3295 et

66 3327 190 3394 quasi
214 3342 375 3383 manu
396 3327 471 3383 ad
498 3342 730 3383 manum
761 3327 1050 3396 tradimus,
1073 3338 1332 3403 rogantes
1358 3337 1420 3385 ut
1446 3329 1625 3401 ipsum

67 3411 136 3468 Dei
161 3431 333 3472 amore
365 3427 424 3473 et
458 3424 660 3473 nostro
687 3417 742 3472 in
777 3416 1001 3491 agendis
1045 3420 1274 3487 nostris,
1304 3435 1427 3490 qua:
1456 3428 1511 3475 et
1538 3435 1629 3475 ve-

62 3512 148 3557 stra
170 3514 309 3572 sunt,
338 3513 537 3563 vestra
564 3521 668 3577 ope
695 3506 957 3574 fulciatis,
991 3517 1046 3563 et
1065 3508 1302 3580 benigno
1324 3510 1510 3565 favore
1536 3523 1630 3565 ve.

63 3604 445 3668 s1ro,tanquam
482 3598 756 3654 famulum
784 3608 1027 3655 vestrum
1057 3602 1335 3672 proprium
1369 3601 1424 3656 in
1452 3600 1630 3657 omni-

58 3685 137 3742 bus
156 3697 205 3743 et
222 3705 317 3760 per
337 3692 538 3746 omnia
567 3692 907 3763 sustentetis.
934 3690 1071 3747 Nam
1112 3702 1166 3749 et
1186 3693 1303 3763 ipse
1342 3693 1482 3748 sicut
1502 3692 1627 3747 diu-

58 3785 188 3833 turna
213 3781 331 3851 ejus
355 3784 791 3839 conversatione
821 3784 1182 3856 cognoscetis,
1226 3794 1312 3841 est
1334 3785 1498 3841 etiam
1531 3800 1630 3857 per

54 3878 101 3921 te
120 3867 367 3925 honorari
396 3871 794 3944 dignissimus.

801 3984 943 4041 XIV.

135 4087 179 4129 ϐ.
205 4090 504 4132 πιοιιειιη
556 4092 962 4133 νηοουκλτοιιιδ
1001 4093 1255 4134 υοιιοιιωι
1293 4096 1517 4136 κιιιτιλε

738 4163 954 4202 τεηριι.

100 4232 382 4311 lorovtco,
419 4235 526 4300 Dei
572 4238 746 4315 gratia
780 4237 1120 4299 Francorum
1178 4240 1289 4310 regi
1342 4242 1629 4297 sanctissi-

46 4347 135 4398 tuo,
159 4333 381 4391 domino
409 4345 470 4391 et
511 4340 700 4392 amico
722 4352 824 4392 suo
847 4353 993 4391 max.
1041 4334 1207 4393 frater
1240 4335 1305 4394 Ο.
1337 4333 1630 4395 Fntcnumt

42 4424 301 4485 domorum
330 4444 618 4501 pauperis
648 4429 856 4485 militia:
877 4428 1089 4500 Templi
1120 4440 1445 4501 procurator
1486 4430 1630 4485 indi—

1725 1940 1829 1996 bus
1850 1940 2054 1997 nostris
2081 1957 2248 2012 quam
2274 1942 2522 2012 pluribus
2548 1943 2653 1999 sibi
2681 1945 2987 2013 accersitis,
3015 1944 3213 2002 fratres
3256 1955 3317 2004 et

1725 2033 1977 2090 homines
2032 2048 2183 2100 suos,
2242 2042 2501 2105 tanquam
2555 2036 2734 2094 bonus
2784 2037 3095 2095 Mathathia:
3142 2038 3312 2108 illius,

1726 2138 2042 2181 succurrere
2069 2128 2374 2197 proposuit.
2400 2126 2607 2184 Tantos
2638 2131 2840 2185 etenim
2864 2130 3063 2187 milites
3089 2141 3144 2188 et
3167 2130 3312 2189 Tur-

1725 2216 1946 2286 copolos
1973 2224 2029 2271 et
2052 2216 2259 2286 pedites
2290 2217 2638 2283 coadunavit,
2666 2221 2813 2290 quod
2868 2237 3153 2295 nunquam
3204 2240 3311 2280 no-

1725 2306 1856 2363 stris
1891 2307 2227 2377 temporibus
2253 2308 2322 2364 ab
2355 2309 2464 2365 illis
2492 2311 2739 2380 partibus
2767 2321 2876 2368 tam
2910 2316 3139 2385 pulchra
3179 2332 3313 2372 coa-

1725 2399 1952 2455 dunatio
1972 2399 2212 2455 ﬁdelium
2235 2400 2501 2458 adversus
2548 2402 2794 2461 inﬁdeles
2848 2416 3057 2463 armata
3087 2423 3312 2480 proces-

1726 2492 1878 2547 serit.
1902 2490 2126 2547 Factam
2153 2500 2238 2549 est
2261 2502 2445 2549 autem
2494 2495 2626 2551 dum
2674 2495 2940 2554 adversus
2986 2502 3167 2557 crucis
3215 2500 3317 2558 ini—

1726 2583 1923 2651 micos,
1956 2600 2035 2639 xtt
2080 2584 2170 2640 die
2205 2592 2440 2642 exeunte
2486 2585 2755 2660 Augusto,
2795 2591 2992 2647 armati
3048 2593 3314 2663 procede-

1726 2682 1868 2740 rent,
1891 2690 1988 2730 eos
2021 2674 2279 2746 in'primo
2308 2676 2564 2733 conflictu
2589 2678 2934 2751 fugaverunt,
2966 2684 3061 2739 sed
3085 2684 3139 2739 in
3173 2685 3317 2742 mul-

1726 2765 1959 2821 titudine
2004 2766 2249 2837 gentium
2281 2766 2475 2823 conﬁsi
2523 2779 2579 2825 et
2620 2770 2918 2841 plurimunt
2950 2772 3270 2834 resistentes
3295 2817 3315 2846 ,

1727 2870 1948 2917 nostros
1974 2861 2360 2919 sustinuerunt
2405 2872 2461 2920 et
2504 2865 2976 2937 disconfecerunt,
3013 2870 3317 2942 principem

1726 2960 1785 3010 et
1813 2954 2070 3008 comitem
2102 2963 2386 3025 ceperunt,
2415 2956 2543 3013 licet
2572 2958 2731 3013 multi
2761 2974 2952 3014 eorum
2977 2961 3320 3019 corruissent

1727 3044 1784 3101 in
1818 3047 2018 3118 gladio.
2081 3046 2225 3115 Quid
2275 3049 2461 3105 ultra?
2487 3051 2772 3107 victoriam
2810 3053 3156 3124 habuerunt,
3221 3055 3319 3113 sed

1729 3148 2036 3195 cruentam.
2066 3139 2335 3197 Praeterea
2359 3143 2469 3199 huc
2499 3155 2664 3216 atque
2690 3144 2820 3200 illuc
2848 3160 2947 3216 per
2968 3153 3169 3202 terram
3204 3147 3321 3203 dis-

1727 3241 2013 3288 currentes
2061 3231 2277 3292 Harenc
2304 3244 2568 3307 ceperunt
2612 3244 2668 3291 et
2713 3235 3057 3305 Antidchiam
3091 3239 3319 3295 obsede-

1727 3332 1879 3379 runt.
1918 3321 2037 3379 Non
2067 3334 2151 3382 est
2177 3327 2325 3383 enim
2356 3327 2452 3399 qui
2483 3342 2671 3383 eorum
2700 3327 3028 3383 immanitati
3058 3330 3315 3397 resistat;

1694 3414 1795 3471 .de
1847 3417 2122 3474 sexcentis
2163 3418 2433 3475 militibus
2475 3427 2530 3475 et
2559 3419 2845 3475 duodecim
2892 3419 3135 3477 millibus
3161 3421 3319 3492 pedi-

1730 3512 1869 3574 tum,
1898 3509 1987 3563 vix
2024 3509 2186 3579 pauci
2228 3510 2325 3582 qui
2373 3512 2687 3566 nuntiarent
2738 3527 2981 3569 evasere.
3033 3511 3318 3569 Elevatum

1726 3598 1894 3671 igitur
1919 3616 2091 3656 cornu
2125 3601 2474 3659 inimicorum
2516 3612 2853 3671 nostrorum,
2899 3602 3183 3659 humiliata
3232 3612 3319 3660 est

1726 3690 1783 3746 in
1812 3692 2097 3749 laboribus
2124 3692 2300 3749 virtus
2332 3701 2542 3748 nostra.
2583 3690 2868 3764 Supplices
2913 3694 3114 3750 ctenim
3158 3680 3317 3752 ﬁexis

1726 3783 1958 3855 genibus
1989 3782 2192 3851 cordis,
2219 3783 2506 3840 charitatis
2532 3792 2727 3840 vestra:
2755 3785 2984 3855 pedibus
3021 3778 3315 3857 provoluti,

1726 3893 1758 3932 a
1794 3877 2120 3933 liberalitate
2153 3886 2336 3933 vestra
2380 3876 2645 3932 auxilium
2675 3877 3019 3949 postulamus
3041 3887 3097 3935 et
3122 3894 3318 3951 exspe-

1726 3978 1961 4025 ctamus.
1993 3968 2300 4040 lnterpellet
2319 3985 2419 4026 vos
2446 3969 2561 4041 ipsa
2586 3970 2925 4026 conscientia
2950 3979 3156 4039 vestra,
3178 3987 3306 4028 mo-

1728 4069 1851 4116 veat
1892 4076 1991 4117 vos
2045 4062 2275 4118 sincera;
2324 4062 2620 4118 cbaritatis
2650 4061 2898 4132 allectus,
2926 4063 3318 4135 redemptionis

1728 4162 1931 4209 nostra:
1952 4154 2127 4222 locus,
2143 4163 2284 4209 terra
2317 4163 2539 4221 sancta,
2586 4155 2718 4211 urbs
2744 4153 3100 4224 fortitudinis,
3130 4155 3320 4212 Eccle-

1730 4246 1809 4301 sia
1842 4246 2136 4316 primitiva.
2173 4245 2353 4301 Semel
2382 4261 2448 4301 ac
2485 4247 2686 4317 saepius
2730 4248 2887 4303 vobis
2920 4249 3043 4303 talia
3085 4250 3319 4304 manda-

1730 4338 1909 4398 vimus
1932 4381 1944 4404 ,
1975 4354 2124 4394 nunc
2148 4349 2330 4394 autem
2368 4339 2670 4410 impensius
2695 4356 2760 4395 ac
2781 4340 3121 4412 impressius.
3148 4340 3320 4397 Nobis
3362 4340 3381 4347 “

1729 4436 1983 4507 equidem
2032 4431 2347 4503 orationes,
2403 4448 2469 4487 ac
2510 4448 2736 4502 rogare;
2768 4433 2925 4488 vobis
2963 4442 3147 4489 autem
3183 4448 3317 4503 ope-

43 4521 731 4609 gnus,salutem,‘mittere
748 4536 886 4590 rem,
936 4522 985 4579 si
1016 4522 1143 4594 quis
1173 4539 1279 4595 qua
1309 4534 1459 4579 caret
1509 4523 1625 4595 ipse
1656 4538 1702 4601 ι)
1728 4527 1971 4581 rationes
2012 4542 2078 4583 ac
2130 4536 2320 4598 rugata
2367 4523 2629 4599 perficere
2692 4521 2874 4583 divina
2938 4524 3110 4599 gratia
3178 4538 3319 4598 prte-

39 4620 205 4678 potest.

96 4702 445 4763 Antiochente
467 4715 643 4763 terra:
680 4706 1098 4774 desolationem,
1126 4705 1628 4779 Hierosolymorum

40 4796 290 4854 turbatum
326 4816 609 4873 regnum,
640 4816 834 4872 graves
871 4810 1122 4865 eventus,
1147 4801 1489 4871 importunus
1537 4816 1630 4869 ca-

39 4904 134 4955 sus,
154 4891 612 4950 Christianitatis
642 4893 830 4966 plagas
858 4894 1168 4961 continuas,
1197 4894 1454 4965 lugubres
1474 4892 1629 4949 vobis

39 4978 267 5041 intimare
300 4987 735 5059 compellimur,
759 5002 887 5043 cum
916 5001 1180 5060 prospera
1222 4986 1510 5042 nuntiandi
1532 4985 1628 5040 de-

35 5073 95 5126 sit
120 5073 375 5133 facultas.
408 5076 871 5148 lmportunitatis
890 5086 1073 5135 tamen
1100 5085 1155 5133 et
1186 5076 1496 5147 impropcrii
1528 5091 1631 5130 no-

34 5164 116 5219 stri
147 5167 393 5242 singula,
448 5169 626 5225 vobis
671 5171 913 5226 scribere
950 5170 1219 5226 malorum
1266 5168 1636 5224 numerositas

32 5256 258 5329 impedit,
290 5263 434 5319 dum
461 5262 569 5318 vix
598 5271 695 5318 aut
717 5278 1001 5335 nunquam
1039 5278 1299 5334 prospera
1320 5261 1482 5317 nobis
1507 5272 1635 5316 eve-

32 5349 186 5409 niant.
245 5352 664 5411 Pmétermissa
710 5353 876 5425 igitur
898 5353 1031 5408 tanti
1082 5351 1362 5407 infortunii
1392 5351 1637 5406 multitu-

31 5438 160 5509 tiine,
188 5445 498 5516 graviores
521 5453 752 5500 nostros
784 5453 1011 5499 eventus
1037 5443 1193 5499 vobis
1223 5443 1461 5499 revelare
1491 5450 1637 5497 sata-

32 5530 213 5604 gimus,
238 5553 372 5594 cum
407 5536 676 5609 linguam
712 5535 985 5606 loquentis
1006 5534 1260 5607 lacrymae
1280 5532 1636 5589 desolationis

30 5627 335 5701 impediant.
362 5631 525 5687 Anni
558 5638 742 5686 autem
796 5628 956 5684 istius
994 5643 1184 5685 mense
1210 5626 1375 5693 Julio,
1408 5624 1638 5697 contigit

30 5735 197 5787 regem
247 5735 528 5782 nostrum
583 5722 650 5778 Α.
696 5732 750 5778 et
795 5722 1117 5794 magistrum
1162 5729 1434 5786 nostrum,
1469 5728 1632 5775 caste-

30 5831 217 5893 rosque
244 5831 427 5879 terra:
477 5826 701 5877 sanctae
749 5831 1001 5889 proceres
1039 5815 1174 5870 ﬁnes
1208 5811 1632 5886 Babyloniorum

1734 4619 1890 4674 stitit.

2450 4709 2587 4765 'XV.

2119 4800 2419 4875 altricum]
2456 4818 2611 4858 REGIS
2646 4818 2996 4858 lilEBUSALl-Zlo

1804 4890 2096 4961 Lunovtco,
2126 4909 2224 4964 per
2250 4893 2345 4950 Dei
2374 4896 2605 4966 gratiam
2634 4895 2974 4951 Francorum
2996 4894 3114 4966 regi
3133 4892 3316 4950 excel-

1731 4984 2058 5054 lentissimo,
2088 4985 2237 5041 Patri
2259 4986 2314 5041 in
2341 4986 2563 5043 Christo
2579 4987 3032 5054 cbarissimo.A.,
3057 5001 3156 5058 per
3167 5000 3323 5042 eam-

1734 5076 1855 5131 dem
1899 5075 2401 5149 Hierosolymorum
2431 5092 2560 5144 rex,
2587 5077 2843 5144 salutem,
2894 5085 2951 5133 et
2996 5076 3068 5132 ab
3116 5091 3183 5132 eo
3223 5073 3319 5146 qui

1733 5168 1978 5222 omnium
2004 5182 2193 5239 regum
2223 5176 2306 5223 est
2332 5167 2443 5221 Rex
2474 5168 2609 5239 regi.

1807 5258 2082 5325 Quoniam
2113 5274 2182 5313 ex
2206 5258 2354 5329 regia
2384 5260 2670 5327 majestate
2696 5275 2791 5315 vos
2819 5247 2981 5330 posse
3015 5259 3242 5323 scimus,
3266 5266 3322 5313 et

1737 5364 1801 5404 ex
1835 5350 2123 5404 devotione
2147 5350 2247 5420 pia:
2270 5350 2567 5405 voluntatis
2601 5367 2700 5407 vos
2724 5351 3037 5406 desiderare
3064 5366 3172 5405 non
3197 5365 3319 5404 am—

1737 5440 1978 5511 bigimus
2001 5484 2018 5508 ,
2057 5441 2315 5496 omnibus
2344 5443 2726 5497 necessitatem
2756 5443 3089 5513 patientibus
3132 5440 3318 5495 auxilii

1740 5531 1904 5586 vestri
1934 5532 2383 5587 interventionem
2412 5531 2676 5600 proiicere
2695 5573 2711 5599 ,
2743 5532 2944 5586 ideirco
2964 5547 3061 5600 per
3083 5543 3322 5599 praesen—

1738 5626 1813 5681 tia
1854 5626 2080 5695 scripta,
2104 5623 2404 5680 deﬂendam
2437 5625 2695 5679 omnibus
2731 5624 3171 5680 Christianorum
3223 5618 3320 5689 qui

1738 5718 1793 5774 in
1831 5726 1974 5773 terra
1999 5725 2188 5774 sancta
2220 5712 2556 5769 Hierusalem
2593 5717 2753 5781 sunt,
2786 5712 2981 5769 erectis
3010 5709 3319 5764 Turcorum

1741 5810 2005 5869 cornibus
2058 5806 2501 5882 deprcssionem,
2552 5804 2873 5864 sublimitati
2921 5810 3156 5865 vestrae,
3192 5796 3322 5852 licet
