3832 6314
505 391 647 452 ΙΞἹΞ

1071 399 1164 454 AD
1199 399 1646 458 GODEFRIDUM
1685 401 1976 457 APPEND.
2019 401 2083 457 II.
2123 435 2188 443 —
2215 406 2488 468 MONUM.
2531 408 2621 463 DE
2656 404 2879 462 θειιο
2918 405 3165 463 SACRO.

3593 417 3692 473 I276

500 526 624 568 eam
648 512 763 584 jam
813 513 951 570 forte
993 515 1297 584 audieritis,
1337 533 1608 588 exponere
1653 517 1877 590 dignum
1926 518 2086 574 duxi-
2113 528 2158 582 Α
2190 525 2330 582 beati
2354 526 2582 582 Joannis
2613 522 3186 593 Constantinopoleos,
3245 523 3553 596 nuntiusque
3599 547 3693 588 san-

500 621 646 662 mus.
694 603 864 663 Nobis
913 609 1057 679 apud
1098 608 1395 681 Algyptum
1432 627 1555 667 eum
1595 610 1879 684 Syracuno
1925 614 2087 669 dimi-

501 699 777 768 cantibus,
835 707 892 756 et
938 717 1038 773 per
1079 703 1337 759 virtutem
1389 704 1687 762 Dominicae
1733 707 1916 763 crucis
1963 708 2088 763 inde

500 808 649 860 eum,
678 794 916 851 maxime
944 797 990 851 si
1013 795 1086 852 ibi
1109 799 1523 868 permansisset,
1549 800 1893 856 universitati
1929 800 2090 856 Chri-

502 885 801 944 stianitatis
832 888 1167 957 nociturum,
1205 891 1624 961 expellentibus,
1664 892 1872 949 factum
1912 902 2089 949 estut

503 994 690 1035 comes
742 970 1113 1051 Tripolitanus
1143 991 1199 1038 et
1240 984 1496 1056 princeps
1542 985 1916 1043 Antiochenus
1959 1002 2087 1042 cum

502 1070 678 1125 multo
699 1072 940 1128 exercitu
968 1073 1037 1127 ad
1071 1073 1414 1130 liberandum
1445 1077 1727 1132 castellum
1757 1093 1926 1148 prope
1975 1076 2088 1131 An-

501 1163 762 1218 tiochiam
803 1165 994 1233 situm,
1047 1167 1270 1222 nomine
1322 1167 1549 1242 Haring,
1589 1171 1734 1240 quod
1777 1167 2088 1227 Noradinus

500 1269 627 1308 cum
657 1254 946 1312 innumera
972 1259 1326 1316 multitudine
1357 1262 1662 1328 obsederat,
1701 1262 1873 1329 irent,
1903 1273 1958 1317 et
1985 1279 2085 1318 au-

499 1345 633 1400 xilio
655 1345 842 1402 divino
864 1347 1120 1406 hostibus
1161 1366 1353 1406 eorum
1385 1352 1645 1407 adventui
1671 1353 1989 1408 cedentibus
2017 1355 2086 1407 li-

498 1437 776 1495 berarent.
809 1439 1024 1498 Accidit
1051 1452 1232 1500 autem
1268 1454 1330 1499 ut
1353 1445 1484 1500 dum
1514 1445 1724 1516 praafati
1753 1447 2006 1518 princeps
2035 1457 2091 1503 et

498 1543 710 1598 comes,
752 1547 865 1588 non
905 1536 1147 1590 contenti
1199 1545 1352 1591 tanto
1382 1536 1476 1592 Dei
1521 1537 1806 1606 beneficio,
1856 1521 2090 1610 superbe

498 1623 688 1681 hostes
730 1627 799 1683 ad
823 1627 942 1684 loca
972 1631 1299 1686 naturaliter
1334 1632 1705 1688 munitissima
1734 1633 2091 1705 insequeren-

498 1725 612 1785 tur,
644 1719 796 1788 ipsos
826 1720 897 1775 ab
923 1720 1180 1779 hostibus
1210 1725 1362 1794 capi,
1391 1732 1445 1780 et
1468 1740 1686 1779 omnem
1738 1724 1850 1782 fere
1896 1742 2086 1782 eorum

497 1810 802 1866 exercitum
830 1813 1032 1883 partim
1071 1816 1221 1885 capi,
1271 1817 1472 1887 partim
1525 1819 1719 1874 occidi.
1750 1819 1981 1875 Additus
2004 1830 2088 1875 est

499 1908 761 1969 praeterea
783 1881 912 1958 huic
934 1903 1092 1959 dolor
1120 1881 1317 1960 dolori.
1348 1903 1483 1960 Nam
1509 1908 1832 1962 traditarum
1867 1924 2084 1976 manus,
2115 1881 2162 1941 Β

499 1989 728 2060 praefato
749 1991 1050 2062 Noradino,
1085 2013 1211 2052 cum
1237 1998 1418 2054 adhuc
1454 1999 1509 2053 in
1549 1998 1786 2070 Egypto
1813 2016 2084 2068 essemus,

499 2077 810 2138 Panudium
837 2126 853 2153 ,
889 2086 1037 2156 quod
1075 2088 1239 2158 vulgo
1292 2088 1510 2145 Belinas
1556 2090 1789 2156 dicitur,
1846 2091 2086 2145 tradide-

500 2183 652 2229 runt.
691 2172 783 2231 Sic
807 2176 994 2248 itaque
1017 2179 1176 2249 quasi
1210 2180 1265 2234 in
1296 2181 1562 2250 angustia:
1602 2182 1865 2252 pendulo,
1898 2192 2088 2238 sancta

499 2263 762 2322 laborans
785 2276 952 2337 terra,
985 2279 1230 2326 vestrum
1255 2281 1310 2326 et
1355 2282 1665 2328 vestrorum
1697 2274 2043 2344 potissimum
2069 2317 2085 2342 ,

497 2354 647 2424 quod
682 2355 787 2411 sibi
809 2357 1248 2416 ellicacissimum
1273 2360 1392 2418 fore
1431 2379 1741 2434 speramus,
1789 2366 2082 2422 nobiseum

498 2443 756 2515 implorat
784 2449 1073 2506 auxilium.
1093 2449 1301 2509 Valete.

570 2534 711 2594 Data
736 2538 1042 2598 Antiochiae
1078 2544 1320 2600 secundo
1353 2544 1478 2602 ldus
1501 2544 1767 2601 Januarii.

1224 2637 1368 2692 XVI.

752 2742 807 2781 ΙΙ.
849 2743 981 2784 οιιιί
1017 2746 1231 2786 PBIOBIS
1267 2746 1333 2784 DE
1372 2745 1549 2785 ΙΟΝΤΕ
1593 2745 1823 2784 ΤΒΑΒΟΚ.

571 2814 1044 2877 Excellentissimo
1068 2822 1183 2894 regi
1214 2822 1582 2889 Francorum,
1629 2821 1719 2890 IL,
1774 2840 1884 2878 non
1920 2839 2087 2892 nunc,

501 2910 596 2967 scd
623 2911 902 2982 quondam
927 2915 1078 2985 prior
1099 2915 1166 2970 de
1186 2923 1372 2970 monte
1395 2913 1636 2981 Thabor,
1658 2915 1785 2970 licet
1808 2915 2088 2986 indignus,

504 2997 563 3054 S.
618 3001 934 3072 intimasque
980 3003 1289 3060 dilectionis
1343 3003 1595 3060 effectum
1645 3019 1773 3060 cum
1826 3007 2003 3063 salute
2033 3007 2089 3062 in

505 3090 750 3146 Christo.

575 3179 850 3248 Quoniam
891 3183 979 3240 sui
1008 3191 1111 3252 est,
1135 3183 1574 3257 uniuscujusque
1602 3195 1686 3244 est
1710 3187 1936 3245 domino
1984 3204 2089 3245 suo
2117 3227 2162 3291 C

502 3282 680 3330 status
709 3282 765 3330 et
795 3275 992 3331 seriem
1021 3276 1358 3334 habitudinis
1387 3293 1502 3334 suae
1545 3279 1743 3337 litteris
1786 3281 2086 3350 declarare,

504 3366 712 3422 idcirco
752 3382 874 3422 mea
909 3367 1164 3438 epistola,
1189 3370 1442 3440 quamvis
1476 3387 1677 3444 magna
1702 3373 1919 3430 intersit
1939 3375 2090 3431 loco-

503 3474 629 3513 rum
677 3458 981 3527 distantia,
1039 3462 1278 3531 praetulit
1331 3463 1400 3518 ad
1441 3474 1657 3520 vestras
1696 3480 1861 3536 posse
1905 3468 2091 3524 venire

501 3567 721 3620 manus,
745 3560 801 3608 et
822 3553 961 3607 nihil
988 3562 1072 3609 est
1106 3553 1174 3609 de
1224 3569 1334 3625 quo
1360 3555 1535 3611 laztior
1569 3573 1690 3613 esse
1736 3573 1935 3628 queam
1982 3577 2091 3631 qua

504 3660 677 3714 usque
699 3645 768 3700 ad
792 3645 961 3701 vestri
993 3647 1364 3716 praesentiam,
1390 3647 1503 3704 Deo
1529 3650 1884 3720 concedente,
1907 3669 2094 3724 super-

505 3738 734 3794 venerit.
764 3737 1129 3795 Considerato
1159 3755 1191 3795 a
1221 3739 1454 3795 minimo
1484 3740 1652 3796 etiam
1687 3755 1883 3799 vestrae
1925 3746 2093 3801 curiae

508 3831 733 3901 clerico,
787 3833 980 3889 sciatis
1031 3848 1120 3888 me
1167 3832 1225 3887 in
1281 3833 1434 3889 curia
1485 3833 1696 3889 domini
1745 3835 2094 3905 imperatoris

504 3920 1016 3997 Constantinopolis
1071 3941 1185 3996 prae
1253 3925 1511 3981 omnibus
1571 3926 1688 3982 suis
1729 3925 2094 3986 familiaribus

499 4018 800 4086 primatum
824 4026 1046 4088 tenere,
1080 4020 1264 4091 ibique
1287 4020 1548 4091 quoniam
1581 4029 1891 4077 vestrorum
1925 4021 2092 4078 mini-

505 4108 612 4164 mis
640 4111 1056 4180 praesentialiter
1080 4127 1294 4182 nequeo
1318 4111 1608 4178 famulari,
1632 4127 1759 4167 cum
1787 4111 1972 4168 omnia
2008 4111 2094 4167 af-

507 4200 733 4257 ﬂuentia
757 4202 1031 4258 bonorum
1056 4205 1355 4274 plurimum
1377 4221 1556 4276 egere.
1593 4204 1660 4259 Et
1683 4205 1808 4261 inde
1837 4214 1922 4261 est
1949 4205 2095 4276 quod

506 4295 648 4349 ﬂexo
680 4295 855 4364 capite
875 4304 1115 4351 vestram
1141 4297 1376 4367 imploro
1416 4296 1847 4352 benevolentiam
1867 4339 1883 4364 ,
1912 4305 1971 4350 ut
1994 4297 2098 4350 im-

504 4387 744 4456 peratori
771 4385 1379 4459 Constantinopolitano
1404 4398 1614 4443 vestras
1643 4387 1854 4442 litteras
1885 4389 2098 4444 mittere

506 4480 827 4550 dignemini,
859 4490 1132 4552 quatenus
1171 4482 1239 4537 ad
1269 4497 1389 4550 vos,
1424 4491 1482 4537 ut
1519 4481 1588 4536 ad
1620 4481 2096 4552 meumzcbarissi-

2190 617 2422 673 ctissimi
2459 615 2807 687 imperatoris
2826 656 2842 682 ,
2873 612 2935 668 E.
2966 611 3032 668 N.
3057 623 3112 669 et
3135 613 3422 686 utriusque
3440 618 3549 674 vitae
3571 620 3695 680 felici.

2187 722 2373 768 tatem.

2258 803 2464 859 Nosrat
2489 802 2758 859 celsitudo
2785 808 2967 857 vestra
2991 842 3007 868 ,
3049 800 3269 855 domine
3297 803 3698 874 reverendissime,

2188 898 2335 968 quod
2356 913 2422 952 ex
2449 904 2602 967 parte
2624 895 2834 951 domini
2861 894 3030 948 nostri
3058 893 3429 963 imperatoris,
3447 895 3506 949 ad
3532 912 3611 951 vos
3624 915 3702 969 pro-

2187 990 2304 1060 prie
2334 989 2492 1045 missi
2515 1004 2730 1053 sumus,
2753 997 2808 1043 et
2827 1003 2894 1043 ex
2917 987 3188 1058 praecepto
3211 987 3477 1056 imperiali
3503 989 3703 1049 habemus

2187 1095 2460 1152 quatenus
2492 1094 2732 1137 vestram
2755 1080 2918 1135 citius
2941 1095 3110 1150 quam
3149 1079 3359 1134 domini
3406 1095 3545 1149 papa
3567 1082 3702 1138 visite-

2188 1191 2313 1230 mus
2348 1175 2712 1246 praesentiam.
2754 1174 3097 1244 Quapmpter
3128 1183 3371 1229 vestram
3422 1175 3600 1230 obnixe
3643 1177 3705 1232 de-

2188 1282 2478 1338 precamur
2503 1267 2895 1337 benignitatem
2921 1309 2935 1332 ,
2976 1277 3250 1337 quatenus
3283 1266 3460 1322 velitis
3493 1283 3550 1322 ac
3570 1273 3707 1338 praci-

2188 1359 2351 1430 piatis
2389 1367 2449 1413 ut
2474 1359 2776 1414 secundum
2799 1358 3218 1428 dispositionem
3246 1357 3454 1413 domini
3477 1359 3706 1429 imperato-

2188 1451 2268 1506 ris
2294 1451 2397 1506 lioc
2430 1450 2656 1522 implere
2691 1451 2974 1507 valeamus
3023 1451 3233 1522 absque
3271 1451 3525 1507 seandalo
3557 1453 3708 1511 domini

2189 1543 2472 1612 apostolici
2500 1584 2515 1608 ,
2561 1541 2690 1612 quia
2717 1542 2946 1598 nuntius
2981 1541 3100 1612 ejus
3131 1541 3421 1598 nobiscum
3465 1551 3568 1608 est,
3601 1555 3641 1598 et
3662 1547 3709 1599 ad

2188 1632 2401 1688 curiam
2432 1632 2579 1688 illius
2605 1648 2705 1688 nos
2728 1632 2982 1703 primitus
3003 1633 3083 1688 ire
3105 1633 3411 1702 compellit,
3428 1633 3560 1700 quod
3587 1634 3712 1688 nulla-

2189 1735 2372 1791 tenus,
2398 1725 2570 1780 donec
2589 1734 2826 1780 vestram
2849 1724 3162 1780 videremus
3187 1725 3544 1785 maiestatem.
3568 1725 3715 1782 facere-

2189 1831 2334 1873 mus.
2365 1817 2556 1874 Valeat
2576 1818 2668 1874 diu
2695 1817 2965 1874 celsitudo
2988 1826 3196 1872 vestra.

2882 1907 3070 1963 XVIII.

2189 2013 2241 2051 Α.
2283 2013 2634 2053 PATRIARCIM’.
2670 2014 2938 2054 DOIINICE
2979 2013 3444 2052 BESURRECTIONIS
3485 2013 3715 2054 ECCLESII.

2259 2087 2625 2145 lnvictissimo
2651 2089 2745 2145 Dei
2781 2090 2954 2161 gratia
3008 2088 3283 2144 Lnnovico
3335 2088 3718 2160 Francorumqne

2189 2179 2439 2249 piissimo
2470 2181 2604 2252 regi,
2638 2181 2726 2247 A.,
2771 2181 2962 2236 eadem
3006 2182 3182 2252 gratia
3228 2189 3432 2236 sancta:
3482 2179 3720 2236 Dominiee

2191 2273 2899 2330 ResurrectionisEcclesim
2919 2274 3252 2344 patriarcha,
3277 2289 3384 2327 una
3412 2289 3529 2328 cum
3547 2271 3604 2327 N.
3617 2275 3720 2344 prio-

2190 2382 2282 2432 re,
2329 2375 2385 2421 et
2437 2367 2697 2422 universo
2730 2367 3128 2422 canonicorum
3175 2366 3312 2420 inibi
3353 2365 3462 2420 Deo
3500 2366 3722 2420 famulan-

2190 2457 2328 2513 tium
2385 2467 2653 2514 conventu
2681 2499 2696 2518 .
2760 2459 2993 2514 salutem
3048 2468 3104 2515 et
3154 2458 3371 2514 debitas
3408 2459 3655 2512 orationes
3681 2459 3722 2512 in

2191 2549 2433 2605 Christo.

2261 2641 2372 2699 Pia:
2407 2643 2748 2700 celsitudinis
2782 2653 2980 2700 vestrae
3017 2643 3238 2699 bonitas
3281 2653 3336 2699 et
3383 2644 3723 2707 mansuetudo,

2192 2735 2338 2793 fama
2367 2739 2656 2810 loquente,
2695 2746 2755 2793 ut
2783 2738 2995 2808 experti
3033 2753 3261 2803 sumus,
3316 2735 3469 2792 vobis
3508 2739 3725 2792 veraciter

2193 2829 2452 2896 innotuit,
2486 2827 2632 2900 quod
2664 2828 2719 2883 in
2749 2843 2916 2886 causa
2938 2843 3224 2884 servorum
3251 2826 3349 2882 Dei
3374 2827 3602 2883 studiose
3629 2843 3730 2882 con-

2193 2926 2408 2984 currat,
2451 2927 2506 2974 et
2555 2919 2827 2987 religiosis
2862 2919 2995 2974 viris
3049 2918 3383 2974 sinceritatis
3424 2933 3533 2974 suae
3573 2916 3732 2973 solatia

2193 3011 2595 3068 subministret.
2632 3011 2909 3084 Imprimis
2951 3012 3120 3084 igitur
3152 3011 3394 3068 libertati
3436 3021 3618 3068 vestra
3647 3011 3733 3066 im-

2192 3118 2414 3159 mensas
2440 3104 2736 3176 gratiarum
2767 3104 3011 3160 actiones
3034 3103 3400 3175 persolvimus
3423 3146 3438 3171 ,
3475 3103 3596 3174 quia
3621 3103 3737 3158 sicut

2193 3195 2494 3250 multorum
2541 3196 2809 3251 relatione
2853 3197 3221 3266 suscepimus,
3257 3212 3348 3252 res
3373 3195 3628 3251 Dominici
3665 3212 3736 3250 se-

2193 3286 2370 3358 pulcri
2411 3287 2572 3357 eujus
2604 3287 2748 3343 servi
2778 3303 2994 3354 sumus,
3032 3287 3158 3343 licet
3190 3287 3420 3359 indigni,
3450 3288 3642 3342 amoris
3664 3301 3736 3341 re-

2193 3390 2382 3450 spectu
2406 3380 2575 3436 divini
2609 3380 2830 3451 ubique,
2860 3389 3128 3451 quantum
3151 3382 3411 3450 potestis',
3439 3393 3628 3450 augere
3652 3394 3740 3432 non

2193 3471 2482 3528 desistitis.
2509 3470 2567 3526 In
2594 3471 2680 3527 his
2703 3487 2834 3544 ergo
2866 3487 2989 3542 qua:
3027 3471 3096 3527 ad
3130 3471 3302 3527 Deum
3345 3480 3476 3526 sunt
3519 3479 3635 3524 ante
3672 3483 3740 3523 sa-

2193 3569 2478 3618 crosancta
2501 3561 2620 3616 loca
2653 3560 2930 3632 passionis
2951 3571 3004 3616 et
3031 3560 3449 3616 resurrectionis
3484 3559 3747 3614 Dominicz

2188 3653 2392 3724 jugiter
2417 3667 2515 3722 pro
2549 3651 2705 3706 vobis
2731 3652 3032 3707 existentes
3051 3693 3066 3719 ,
3098 3650 3455 3706 fraternitatis
3476 3659 3664 3706 nostra:
3697 3664 3748 3702 ac

2193 3745 2585 3800 beneficiorum
2614 3753 2927 3799 nostrorum
2955 3759 3054 3799 vos
3093 3753 3409 3799 consortem
3457 3751 3749 3802 statuentes,

2193 3839 2450 3893 dilectum
2479 3837 2704 3894 fratrem
2733 3846 2784 3891 et
2817 3837 3146 3892 canonicum
3182 3845 3431 3890 nostrum
3465 3833 3524 3888 S.
3552 3834 3750 3887 latorem

2193 3929 2584 4000 praesentium,
2633 3928 2957 3998 benignitati
3013 3936 3208 3983 vestrae
3254 3927 3582 3996 propensius
3627 3939 3755 3978 com-

2195 4021 2520 4076 mendamus
2541 4063 2555 4086 ,
2586 4019 2865 4074 humiliter
2895 4017 3140 4090 rogando
3160 4060 3175 4085 ,
3203 4026 3478 4088 quatenus
3499 4014 3551 4071 ei
3578 4015 3647 4068 ob
3679 4028 3752 4065 reo

2195 4113 2494 4169 verentiam
2523 4110 2903 4184 gloriosissimi
2927 4111 3182 4182 sepulcri,
3218 4110 3273 4164 in
3303 4109 3510 4180 quibus
3533 4108 3758 4177 indigue-

2196 4203 2288 4271 rit,
2319 4203 2583 4260 auxilium
2605 4210 2849 4258 vestrum
2873 4201 3061 4272 largiri
3086 4200 3413 4271 dignemini,
3442 4208 3501 4255 et
3515 4211 3632 4258 tam
3655 4212 3760 4253 eum

2198 4311 2364 4366 quam
2388 4310 2476 4350 res
2500 4295 2603 4349 sibi
2635 4293 2962 4349 commissas
2989 4307 3094 4347 suo
3127 4301 3307 4346 vestra
3347 4291 3660 4345 sublimitas
3693 4288 3762 4342 fa-

2197 4402 2330 4442 vore
2365 4394 2717 4440 manutenere
2745 4385 3016 4456 dignetur.
3051 4382 3283 4453 Insuper
3317 4393 3516 4438 vestra:
3549 4383 3764 4451 probita-

2199 4479 2270 4534 tis
2292 4479 2666 4535 excellentiam
2695 4477 2894 4534 obnixe
2931 4477 3312 4547 deprecamur,
3341 4488 3626 4548 qualenus
3653 4491 3767 4545 pra:-

507 4589 660 4628 mum
699 4573 1009 4640 dominum,
1040 4573 1193 4629 omni
1225 4573 1517 4628 occasione
1542 4581 1773 4650 remota,
1802 4588 1890 4628 me
1911 4575 2096 4630 venire
2124 4580 2175 4642 ι)
2200 4570 2345 4625 dicto
2395 4568 2452 4624 S.
2488 4568 2787 4635 canonico,
2819 4565 3097 4637 Hospitale
3125 4567 3404 4638 quoddam
3451 4567 3540 4620 vel
3585 4567 3765 4620 almum

505 4663 764 4729 dimittat,
780 4671 834 4718 et
865 4663 911 4718 si
938 4679 1179 4734 unquam
1205 4663 1424 4732 aliquod
1456 4661 1738 4717 servitium
1763 4663 1910 4733 quod
1935 4665 2092 4721 vobis

507 4755 750 4826 placeret
774 4754 1022 4822 fecerim,
1053 4756 1219 4810 modo
1248 4755 1487 4810 maxime
1509 4764 1787 4824 appareat.
1822 4753 1887 4810 G.
1925 4757 2092 4816 etiam

506 4855 562 4902 et
589 4846 654 4902 R.
683 4847 749 4903 de
779 4847 968 4916 Merlo,
995 4849 1102 4904 mei
1135 4847 1390 4903 videlicet
1422 4847 1734 4917 propinqui,
1760 4847 1916 4905 ﬂexis
1937 4850 2091 4920 geni-

504 4938 610 4995 bus
637 4948 833 4996 vestrae
888 4940 1278 4996 benevolentia:
1318 4927 1684 5010 integritatem
1713 4943 2090 5013 expostulant,

508 5040 570 5086 ut
608 5032 754 5104 quod
782 5033 940 5088 vobis
963 5032 1160 5088 litteris
1183 5032 1321 5088 meis
1345 5030 1750 5102 manifestatur,
1777 5034 1957 5090 facere
1979 5051 2090 5091 non

504 5123 893 5195 dedignemini.
927 5122 992 5177 Et
1013 5123 1238 5194 insuper
1262 5125 1429 5179 vestri
1451 5125 1691 5182 nominis
1716 5128 2091 5184 excellentiam

505 5214 767 5286 efﬂagito,
796 5223 859 5270 ut
883 5215 1013 5270 huic
1038 5215 1224 5285 bajulo
1253 5233 1419 5288 quam
1455 5217 1620 5273 citius
1651 5220 1850 5289 poterit
1891 5220 1960 5274 ad
2004 5235 2093 5276 me

506 5322 818 5374 reversuro,
845 5321 954 5360 non
979 5315 1158 5362 tamen
1186 5324 1284 5378 pro
1309 5309 1414 5364 mei
1453 5310 1678 5376 merito,
1724 5309 1818 5365 sed
1855 5326 1956 5380 pro
2000 5328 2094 5368 ve-

505 5400 608 5455 stri
634 5397 945 5463 clementia,
982 5415 1146 5455 manu
1184 5402 1582 5473 aliquantulum
1608 5404 1756 5473 larga
1803 5403 2094 5459 subvenire

507 5492 744 5550 faciatis.
770 5490 978 5548 Valete.

1216 5584 1380 5641 XVII.

637 5689 796 5726 PETRI
835 5685 1047 5728 ιιιιιοιιιε
1081 5690 1389 5733 HOSPITALIS
1425 5693 1964 5733 CONSTANTINOPOLIS.

581 5760 963 5820 Illustrissimo
986 5764 1081 5820 Dei
1111 5769 1282 5837 gratia
1294 5768 1570 5825 Lunovico
1600 5769 1711 5841 regi
1734 5768 2090 5836 Francorum,

507 5853 595 5922 P.,
620 5852 784 5912 frater
806 5852 1254 5928 Jcrosolymitani
1281 5859 1576 5932 ilospitalis
1604 5870 1653 5916 et
1679 5859 1826 5932 prior
1853 5859 2094 5918 ecclesiae

2201 4661 2496 4733 quemlibet
2524 4661 2702 4715 locum
2733 4659 2836 4715 sub
2861 4660 3196 4730 protectione
3217 4659 3431 4714 alarum
3454 4667 3768 4720 vestrarum,

2201 4753 2292 4808 ubi
2314 4752 2397 4822 ,‘ad
2439 4751 2704 4807 honorem
2741 4751 3039 4808 Dominica:
3061 4752 3488 4808 resurrectionis
3515 4751 3767 4824 refugium

2199 4848 2398 4904 habere
2422 4847 2715 4918 possimus,
2734 4862 2832 4918 pro
2852 4847 3026 4903 salute
3048 4850 3247 4902 anime
3269 4855 3494 4914 vestrae,
3517 4846 3750 4902 omnium
3769 4877 3774 4882 -

2198 4959 2304 5013 que
2333 4942 2594 4996 nobilium
2620 4951 2904 5011 parentum
2920 4952 3256 5005 vestrorum,
3275 4939 3773 5014 concederedigne-

2200 5034 2352 5089 mini.
2385 5032 2572 5088 Valeat
2596 5043 2780 5087 tantus
2809 5048 2902 5086 rex
2931 5031 3294 5087 fortissimus.
3591 5025 3594 5028 ’

2911 5141 3054 5196 XIX.

2196 5251 2420 5292 BUGONIS
2463 5248 2682 5288 ABBATIS
2723 5247 2768 5286 ὃ.
2818 5249 2996 5288 ΠΑΜΑΞ
3037 5248 3427 5289 ΑυκιΑΝοιδοιιε
3471 5251 3552 5290 ετ
3591 5247 3778 5291 νιιοιις

2550 5321 2596 5360 S.
2635 5321 2849 5359 JOANNIS
2886 5320 3429 5361 CONSTANTINOPOLIS.

2268 5395 2733 5452 Excellentissimo
2761 5404 2924 5465 atque
2957 5397 3248 5467 magnifico
3274 5398 3388 5469 regi
3414 5397 3673 5455 Francia
3692 5395 3777 5452 Lt-

2196 5504 2417 5552 nowco,
2458 5485 2607 5540 [luco
2646 5484 2739 5539 Dei
2773 5487 2945 5556 gratia
2979 5486 3193 5541 Sancta:
3227 5486 3413 5542 Math
3448 5488 3778 5556 Adrianoim-

2191 5584 2258 5639 lis
2290 5581 2481 5645 abbas,
2513 5588 2568 5633 et
2600 5577 2747 5649 prior
2785 5577 2971 5633 Sancti
3001 5577 3232 5633 Joannis
3258 5577 3776 5652 Constantinopolis,

2193 5675 2311 5744 ejus
2339 5670 2667 5737 fidelissimi,
2700 5671 2965 5737 salutem,
3003 5679 3057 5724 et
3095 5671 3149 5724 in
3179 5669 3452 5740 regimine
3505 5672 3620 5728 sibi
3655 5687 3773 5726 com-

2194 5767 2367 5823 misso
2393 5766 2606 5836 placere
2625 5778 2843 5820 summo
2866 5761 3101 5818 Rectori.

2266 5859 2384 5918 Non
2423 5859 2585 5913 lateat
2619 5871 2908 5928 personam
2943 5868 3132 5913 vestrae
3167 5856 3620 5930 magnitudinis,
3647 5855 3776 5912 Pater
