3832 6314
492 348 634 408 1279

1183 455 1370 512 XXIII.
1977 513 1981 520 .

519 568 774 612 cwmnt
804 566 1087 610 ιυωιιειιιι
1113 565 1504 606 νκεοερτοιιιε.
1529 563 2042 605 ωειιοεοωιιτλωε

1190 635 1384 676 υοιιυε.

558 737 854 804 Lunovtco,
872 736 967 792 Dei
981 736 1156 808 gratia
1176 735 1572 808 gloriosissimo
1588 736 1699 807 regi
1715 735 2075 806 Francorum,

485 830 713 886 domino
743 846 846 886 suo
873 829 1221 895 charissimo,
1258 827 1427 883 frater
1456 828 1624 886 Gmr.
1657 829 1951 886 FULcusnu
1982 830 2077 886 Je-

487 922 893 994 rosulymitanaa
923 923 1120 978 domus
1148 929 1468 991 prmeeptor,
1503 923 1755 979 salutem.
2061 987 2064 990 ,

560 1017 714 1072 Sicut
749 1015 1017 1072 exstincta
1058 1029 1255 1084 parum
1300 1014 1531 1071 ﬁdeliter
1577 1017 1830 1073 incendia
1868 1017 2077 1089 majore

483 1107 703 1162 tandem
745 1107 963 1162 ﬁamma
999 1106 1360 1172 reviviscunt,
1398 1107 1480 1163 sie
1512 1107 1882 1166 disconfectus
1910 1126 1942 1165 a
1976 1125 2077 1165 no~

483 1199 612 1254 stris
637 1197 798 1267 paulo
824 1207 951 1253 ante
983 1195 1294 1254 Noradinus
1321 1200 1541 1256 transiit
1568 1200 1682 1269 ipse
1709 1199 2067 1271 Euphratem,

479 1287 784 1359 Persasque
816 1304 882 1344 ac
918 1287 1398 1360 Turquemannos,
1429 1289 1700 1348 Ninivitas
1726 1296 1805 1346 ε’.
1830 1301 1885 1348 et
1916 1293 2077 1364 quid-

477 1380 612 1452 quid
648 1381 892 1452 gentium
922 1382 991 1437 ab
1017 1383 1276 1440 extremis
1305 1398 1479 1453 usque
1508 1383 1730 1449 ﬁnibus,
1761 1385 1991 1440 suscitat
2019 1385 2075 1448 in

476 1474 565 1530 sui
604 1473 833 1544 pudoris
870 1475 1154 1530 ultionem.
1192 1473 1542 1546 Colleetaque
1584 1475 1930 1534 multitudine
1959 1488 2073 1535 tam

477 1565 880 1634 inaestimabili,
910 1566 1245 1623 Herennium
1283 1568 1542 1638 Oppidum
1575 1570 1742 1640 coepit
1784 1570 1840 1625 in
1879 1569 2073 1626 Antio-

476 1659 670 1715 cheuis
703 1658 906 1717 ﬁnibus
943 1660 1214 1717 obsidere.
1247 1659 1403 1728 Quod
1439 1662 1658 1720 intuens
1691 1663 1848 1719 bona!
1875 1664 2075 1722 indolis

475 1749 801 1808 adolescens
828 1759 1018 1809 noster
1044 1751 1234 1807 Boam.
1265 1752 1377 1823 jam
1405 1753 1657 1825 princeps
1676 1797 1691 1822 ,
1725 1764 1780 1810 et
1814 1771 2071 1827 magnum

479 1841 631 1898 illum
667 1844 970 1915 genitorem
1018 1860 1179 1900 suum
1222 1844 1499 1914 referens,
1529 1855 1692 1902 tantae
1734 1848 2071 1904 multitudini

478 1950 589 1990 non
622 1933 882 1993 formidat
911 1952 1230 2004 occurrere,
1260 1946 1314 1993 et
1342 1938 1471 1993 dum
1501 1939 1582 1994 eis
1616 1938 1673 1993 in
1703 1948 1928 2009 paterna
1961 1943 2071 1996 vir-

477 2034 594 2082 tute
623 2028 996 2100 congreditur,
1024 2031 1240 2086 occulto
1272 2029 1364 2085 Dei
1391 2031 1600 2101 judicio
1627 2033 1872 2089 devictus
1896 2037 2071 2104 capti~

479 2127 667 2186 vatur,
692 2120 951 2191 quodque
987 2122 1110 2177 sine
1147 2122 1404 2193 lacrymis
1431 2121 1612 2178 dicere
1649 2141 1754 2178 nun
1788 2124 2070 2194 debemus,

475 2209 596 2279 ipse
635 2219 692 2266 et
737 2227 924 2269 eomes
969 2211 1371 2284 Tripolitanus,
1408 2230 1532 2271 cum
1581 2216 1719 2272 duce
1755 2215 2070 2286 Mamistraa,

475 2302 814 2376 dominoque
830 2303 955 2377 Vg‘.
978 2305 1375 2374 de’Leziuiaco,
1402 2318 1457 2363 et
1484 2308 1608 2364 aliis
1626 2310 2070 2380 quamplurimis,

475 2395 725 2466 Alapiam
762 2398 912 2454 ducti
946 2399 1392 2469 iucarcerautur;
1421 2401 1664 2472 reliquus
1702 2411 1884 2457 autem
1911 2419 2071 2459 exer-

471 2489 639 2555 citus,
671 2505 904 2562 magnus
928 2491 1055 2546 licet
1081 2508 1145 2547 ac
1181 2493 1536 2560 metuendus,
1568 2510 1746 2550 caesus
1775 2507 1867 2550 aut
1896 2497 2069 2566 capti~

473 2590 635 2636 vatus
666 2580 777 2637 fere
804 2592 972 2638 totus.
1005 2582 1111 2639 Sed
1142 2593 1196 2639 et
1223 2584 1291 2642 de
1325 2584 1588 2641 fratribus
1626 2587 1830 2642 nostris
1861 2589 2074 2644 cecide-

474 2681 604 2728 ruut
633 2672 688 2727 in
723 2689 818 2728 ore
843 2675 1008 2746 gladii
1038 2675 1130 2742 60,
1159 2675 1360 2733 milites
1398 2676 1706 2744 fortissimi,
1739 2688 1934 2749 preter
1961 2679 2074 2736 fra-

471 2772 588 2820 tres
607 2765 835 2821 clientes
865 2775 920 2821 et
955 2767 1328 2839 Tureopolos;
1358 2787 1458 2826 nec
1488 2771 1594 2825 nisi
1626 2782 1829 2842 septem
1858 2781 2068 2828 tantum

469 2871 701 2912 evasere
755 2858 1084 2928 perieulum.
1141 2860 1432 2918 Antiochia
1483 2863 1796 2933 siquidem,
1851 2865 2072 2921 amissis

475 2947 831 3006 b-llatoribus
873 2951 991 3006 suis
1029 2967 1060 3006 a
1097 2953 1276 3022 primo
1315 2953 1382 3008 ad
1424 2955 1675 3009 ultimum
1701 2997 1715 3020 ,
1748 2963 1858 3010 tota
1902 2964 2067 3024 patet.

477 3039 689 3111 Quippe
718 3057 843 3097 cum
884 3044 940 3098 in
976 3045 1230 3100 omnibus
1269 3045 1470 3102 ﬁnibus
1503 3049 1623 3117 ejus
1669 3049 1802 3102 nihil
1844 3065 2072 3118 prorsus

1059 345 1152 401 AD
1191 342 1640 400 CODEFRIDUM
1679 341 1972 398 APPEND.
2011 341 2074 398 Il.
2113 371 2186 384 --
2221 341 2489 399 MONUM.
2530 341 2620 398 DE
2654 340 2877 398 BELLO
2915 340 3160 399 SACRO.

3587 356 3688 415 ιεω

2100 459 2147 516 Δ
2172 457 2312 513 alios
2333 460 2505 514 nuntii
2533 473 2575 517 δ.
2603 459 2732 530 quia
2759 475 2885 532 rege
2909 469 2966 516 et
2991 458 3259 532 magistro
3291 459 3593 534 absentibus,
3611 487 3694 529 non

2179 548 2445 604 audemus
2477 548 2750 605 dimittere
2773 551 2975 622 probos
3001 551 3253 608 homines
3278 552 3332 608 in
3357 553 3454 611 hoc
3474 568 3616 614 arcto.

2867 641 3060 697 XXIV.

2387 751 2440 790 Β.
2483 750 2740 790 ιιΑιιωΝοι
2777 751 2929 801 FILII,
2967 751 3226 791 PRINCIPIS
3264 752 3566 794 ωτιοεηιε.

2260 827 2556 897 Lunovtco,
2589 827 2683 886 Dei
2706 829 2880 902 gratia
2910 828 3249 885 Francorum
3280 831 3393 903 regi
3422 833 3700 893 nobilissimo

2176 921 2402 978 domino
2449 937 2572 978 suo.
2629 921 2692 977 Β.
2721 965 2738 991 ,
2787 921 3082 979 Raimundi
3140 923 3415 994 quondam
3462 924 3702 986 Antiochia

2176 1016 2440 1086 principis
2469 1015 2635 1084 ﬁlius,
2679 1015 2800 1086 ejus
2832 1017 2998 1072 homo
3036 1025 3091 1072 et
3126 1015 3400 1084 famulus,
3443 1017 3507 1073 ab
3539 1035 3597 1075 eo
3637 1038 3703 1093 qui

2174 1107 2267 1162 dat
2297 1109 2530 1163 salutem
2561 1107 2803 1180 regibus.

2247 1200 2538 1268 Quoniam,
2563 1201 2913 1257 serenissime
2939 1217 3130 1274 regum
3153 1211 3206 1258 et
3227 1202 3465 1270 domine,
3486 1203 3547 1258 de
3561 1211 3707 1261 vestra

2178 1294 2574 1360 magnitudinis
2599 1295 2886 1349 clementia
2916 1310 3023 1350 non
3051 1295 3325 1350 modicam
3372 1295 3603 1351 ﬁduciam
3634 1299 3707 1354 ha-

2174 1386 2390 1454 bemus,
2419 1387 2636 1458 pietatis
2662 1400 2858 1443 vestra:
2889 1387 3120 1460 genibus
3147 1389 3410 1458 prostrati
3449 1390 3565 1444 totis
3581 1390 3709 1448 visee-

2177 1482 2330 1538 ribus
2360 1480 2560 1536 mentis
2583 1479 2934 1546 involvimur,
2958 1488 3230 1551 quatenus
3251 1479 3591 1536 Orientalium
3611 1500 3709 1554 par-

2179 1574 2312 1630 tium
2343 1583 2395 1629 et
2419 1573 2656 1628 maxime
2696 1572 3165 1628 Antiochenarum
3199 1572 3459 1643 frequens
3487 1591 3545 1629 ac
3575 1576 3709 1646 lacry-

2176 1666 2394 1720 mabilis
2430 1665 2650 1720 miseria
2695 1674 2857 1736 atque
2887 1665 3194 1720 devastatio
3237 1665 3536 1720 altitudinis
3567 1677 3712 1723 vestrae

2177 1758 2386 1813 viscera
2415 1764 2780 1823 commoveat,
2802 1764 2862 1811 ut
2890 1767 3075 1811 vestro
3107 1755 3318 1810 auxilio
3355 1764 3514 1826 atque
3536 1757 3713 1811 consilio

2105 1825 2145 1883 Β
2177 1849 2230 1903 in
2253 1848 2374 1919 ejus
2398 1848 2652 1904 manibus
2674 1863 2800 1918 spes
2823 1856 3008 1904 nostra
3036 1855 3200 1918 atque
3223 1846 3494 1918 refugium
3528 1863 3588 1901 ex
3605 1849 3713 1902 omni

2174 1949 2326 2012 parte
2379 1949 2588 2011 spectat
2635 1956 2700 1994 ac
2741 1938 3092 2010 singulariter
3134 1947 3384 2007 constat,
3445 1938 3580 2009 quod
3623 1940 3714 2009 qui-

2173 2035 2300 2090 dem
2343 2034 2642 2105 suspirantl
2675 2034 2862 2088 animo
2889 2031 3134 2104 quotidie
3176 2033 3554 2105 pmstolamur
3577 2032 3718 2088 dicea-

2175 2137 2256 2183 tes
2285 2147 2297 2181 :
2329 2146 2347 2177 ι
2371 2126 2598 2192 Quando
2624 2126 2827 2180 veniet?
2849 2135 3031 2196 putas,
3053 2125 3304 2180 durabo.’
3336 2145 3356 2177 ι
3393 2124 3553 2179 Terra
3579 2137 3717 2180 nostra

2167 2217 2282 2289 jam
2328 2217 2382 2270 in
2421 2226 2574 2272 arcto
2609 2216 2818 2287 posita,
2851 2223 2906 2272 et
2935 2231 3035 2271 nos
3074 2215 3143 2270 ab
3183 2214 3530 2271 inimicorum
3570 2213 3718 2270 Crucis

2172 2307 2376 2365 Christi
2418 2308 2669 2364 faucibus
2698 2308 2890 2379 erepti,
2916 2307 3028 2363 Deo
3066 2323 3198 2363 vero
3224 2307 3418 2362 laudes
3440 2305 3717 2372 referamus;

2174 2408 2228 2454 et
2264 2416 2363 2454 vos
2403 2400 2457 2454 in
2492 2398 2808 2455 cmlestibus
2850 2399 2919 2453 ab
2953 2399 3074 2470 ipso
3119 2397 3229 2455 Dco
3259 2398 3606 2454 coronemiui.
3637 2395 3722 2452 Nos

2173 2493 2341 2560 enim,
2371 2493 2474 2548 nisi
2503 2491 2595 2546 Dei
2625 2491 2831 2547 auxilio
2860 2500 2915 2546 et
2936 2500 3118 2547 vestro
3148 2492 3202 2544 in
3241 2492 3497 2562 proximo
3517 2490 3721 2545 subleve-

2175 2600 2318 2649 ntur,
2345 2601 2468 2639 eum
2508 2585 2685 2655 patria
2726 2594 2912 2639 nostra
2953 2594 3006 2639 et
3049 2593 3242 2655 gente,
3276 2598 3472 2638 omnes
3505 2583 3556 2636 in
3593 2583 3724 2637 mise-

2176 2676 2311 2730 riam
2357 2690 2422 2730 ac
2475 2672 2640 2729 funus
2681 2671 3032 2746 laerymabile
3071 2674 3188 2745 jam
3236 2672 3496 2727 labimur.
3545 2670 3724 2728 Securis

2176 2783 2413 2837 namque
2449 2765 2516 2821 ad
2565 2766 2804 2821 radicem
2831 2766 3045 2822 arboris
3071 2767 3253 2838 posita
3282 2775 3389 2822 est.
3414 2764 3549 2820 Proh
3569 2765 3721 2820 dolor!

2173 2869 2438 2930 quantum
2467 2859 2702 2914 dedecus
2733 2859 2836 2914 erit
2861 2858 3009 2913 omni
3055 2859 3256 2930 populo
3285 2866 3338 2914 et
3372 2859 3543 2924 vobis,
3571 2858 3611 2914 si
3634 2868 3724 2913 ter-

2173 2968 2292 3008 ram
2337 2953 2520 3020 istam,
2553 2960 2752 3008 terram
2795 2952 3016 3022 quidem
3064 2960 3211 3006 tanta
3241 2951 3510 3007 eﬂusione
3543 2951 3728 3023 sangui-

2174 3043 2262 3098 nis
2288 3052 2577 3114 parentum
2609 3051 2942 3107 vestrorum,
2972 3051 3121 3097 tanta
3147 3042 3236 3098 siti
3273 3051 3328 3096 et
3361 3041 3502 3098 fame
3524 3041 3726 3112 acquisi-

474 3141 561 3188 est
591 3133 878 3204 reliquum,
905 3146 1098 3206 praeter
1128 3137 1304 3192 solum
1332 3154 1531 3208 corpus
1559 3139 1772 3194 miserm
1801 3141 2068 3210 civitatis;
2099 3169 2145 3232 α
2178 3145 2287 3191 tam
2308 3178 2323 3204 ,
2353 3153 2383 3191 a
2423 3135 2656 3191 nefanda
2685 3145 2844 3208 gente
2871 3134 3064 3190 violari
3095 3134 3377 3205 permittat
3419 3151 3482 3191 ac
3523 3133 3731 3190 destrui?

477 3225 546 3278 de
583 3240 690 3294 qua
719 3226 882 3280 etiam
909 3228 1149 3294 timetur,
1182 3236 1241 3282 ut
1271 3236 1397 3299 pote
1427 3245 1549 3300 qua:
1583 3245 1883 3298 armorum,
1918 3233 2071 3289 vivo-

473 3332 600 3370 rum
631 3325 686 3373 et
721 3319 1036 3375 victualium
1066 3331 1377 3377 coarctatur
1417 3324 1645 3393 penuria
1665 3367 1679 3389 ,
1716 3341 1894 3395 neque
1923 3327 2069 3382 enim

471 3408 638 3466 habet
663 3411 982 3468 sufﬁcientia
1012 3430 1104 3485 per
1133 3415 1272 3470 duos
1296 3431 1514 3472 menses
1545 3417 1774 3473 cibaria.
1805 3419 2072 3491 Quodque

477 3504 720 3558 nondum
777 3505 902 3561 data
933 3515 1018 3562 est
1058 3507 1110 3560 in
1145 3515 1470 3576 potestatem
1500 3509 1883 3577 inimicorum,
1920 3513 2070 3568 solus

475 3609 599 3666 pust
639 3597 809 3654 Deum
849 3597 976 3655 fecit
1004 3611 1057 3654 et
1088 3599 1218 3656 facit
1249 3601 1560 3670 patriarcha
1580 3645 1596 3669 ,
1625 3603 1720 3674 qui
1757 3605 1826 3658 ad
1857 3613 2072 3675 tempus

476 3698 819 3760 sequestrata
841 3691 1194 3762 patriarchali
1221 3693 1508 3766 dignitate,
1541 3697 1718 3752 munit
1743 3698 1960 3768 oppida,
1983 3698 2071 3752 di-

470 3779 609 3835 vidit
634 3795 791 3838 escas
813 3823 827 3848 ,
860 3782 1088 3853 largitur
1113 3783 1405 3853 donativa,
1433 3802 1543 3843 non
1571 3787 1784 3842 dubitat
1812 3789 1976 3843 etiam
2005 3788 2072 3844 de

471 3872 582 3926 vita
609 3871 906 3943 periclitari
935 3887 1035 3942 pro
1063 3874 1259 3944 patria.
1294 3875 1398 3931 Sed
1426 3877 1555 3948 quid
1584 3877 1742 3933 inde?
1772 3877 2072 3935 Sustinebit

474 3964 684 4035 utique,
717 3965 1012 4022 sustinebit
1041 3965 1283 4036 Tureos;
1324 3970 1418 4024 sed
1448 3969 1764 4039 imperatori
1800 3969 2071 4027 Constan-

472 4056 853 4125 tinopolitano,
875 4058 970 4128 qui
1006 4059 1189 4127 venit,
1222 4077 1330 4116 non
1371 4062 1567 4130 poterit
1595 4062 1884 4128 resistere,
1919 4063 2071 4118 omni

452 4148 718 4204 humano
747 4151 953 4206 auxilio
982 4151 1299 4209 destitutus.
1337 4152 1450 4209 Rex
1478 4153 1626 4210 enim
1658 4163 1874 4222 noster,
1907 4172 2070 4226 quem

475 4254 574 4293 sua
603 4239 776 4310 gratia
801 4252 1088 4302 conservet
1126 4241 1503 4313 Omnipotens,
1532 4244 1636 4300 sub
1663 4247 2072 4302 sanctamrucis

473 4333 692 4400 vexillo,
725 4333 1002 4404 profectus
1033 4337 1087 4391 in
1117 4335 1412 4408 Egyptum
1439 4353 1566 4392 eum
1600 4338 1738 4404 suis,
1761 4347 1962 4394 etcum
1986 4341 2068 4396 al-

475 4431 592 4479 tera
625 4435 778 4494 parte
815 4425 1044 4482 fratrum
1088 4439 1402 4484 nostrorum
1441 4445 1471 4483 a
1506 4429 1683 4500 prima
1715 4430 1804 4486 die
1836 4432 2069 4502 Augusti

474 4525 622 4572 tenet
649 4518 922 4574 inclusum
951 4520 1004 4574 iu
1041 4519 1298 4576 lIerbesio
1331 4521 1553 4576 'civitate
1582 4531 1938 4591 usurpantem
1967 4524 2073 4580 sibi
2108 4521 2154 4581 ο

474 4624 706 4682 regnum
737 4611 1050 4684 Babylonia:
1073 4613 1509 4668 eomcstubulum
1541 4611 1804 4669 Noradini
1837 4613 2072 4688 Syraco-

475 4715 624 4757 nem.
653 4702 720 4759 Et
739 4720 841 4761 nos
865 4705 1086 4776 quidem
1112 4705 1165 4759 in
1187 4703 1543 4776 Jerosolymis
1562 4706 1878 4776 paucissimi
1900 4709 2074 4780 (tanta

459 4805 561 4852 est
588 4795 894 4854 Turcorum
923 4805 998 4865 et,
1026 4806 1086 4852 ut
1110 4797 1294 4852 verius
1311 4797 1520 4866 dicam,
1547 4814 1869 4869 spurcorum
1893 4800 2067 4859 inﬁni-

476 4892 620 4962 tas),
651 4909 758 4948 non
792 4908 986 4948 sumus
1014 4892 1085 4946 ab
1113 4889 1462 4946 infestatione
1485 4900 1538 4946 et
1565 4892 1635 4951 ab
1661 4892 2071 4965 impugnatione

477 4987 675 5043 Securi.
712 4985 918 5042 Videtis
952 5001 1082 5057 ergo
1110 4985 1489 5040 necessitatem
1539 4995 1820 5054 nostram;
1874 4987 2067 5046 videtis

475 5079 737 5149 quoniam
769 5078 814 5134 si
843 5077 1352 5145 dissimulaveritis,
1387 5086 1482 5134 aut
1511 5079 1662 5134 tarde
1693 5079 2065 5146 credideritis,

443 5178 540 5224 ‘ut
577 5168 794 5234 soletis,
822 5184 926 5223 nec
971 5177 1264 5238 antequam
1314 5170 1597 5226 residuum
1635 5169 2066 5226 Christianitatis

475 5271 864 5328 consumatur,
911 5275 1236 5318 succursum
1286 5263 1658 5334 praebueritis,
1714 5263 2065 5318 metuendum

472 5362 562 5408 est
609 5368 708 5420 ne,
753 5369 880 5408 eum
915 5354 1226 5422 volueritis,
1261 5371 1371 5412 non
1410 5355 1654 5426 possitis.
1696 5354 2070 5426 Accingantur

475 5445 661 5516 itaque
683 5447 776 5517 qui
802 5447 897 5503 Dei
931 5456 1089 5515 sunt,
1121 5458 1176 5504 et
1201 5449 1297 5519 qui
1336 5447 1653 5504 Christiano
1686 5446 1910 5502 nomine
1937 5461 2068 5503 cen-

473 5550 688 5604 sentur,
712 5541 928 5597 veniant
949 5541 1122 5611 patris
1142 5541 1228 5597 sui
1253 5555 1477 5612 regnum
1501 5548 1559 5596 et
1576 5539 1842 5596 libertatis
1863 5545 2066 5594 nostra

477 5632 710 5702 patiam
765 5633 1018 5702 liberare,
1073 5650 1143 5689 ne
1182 5641 1398 5704 patrum
1441 5641 1755 5690 nostrorum
1801 5630 2066 5701 sanguine

479 5724 712 5780 viriliter
755 5733 1068 5799 comparata
1086 5768 1101 5792 ,
1130 5725 1463 5797 periclitetur
1489 5724 1722 5796 turpiter
1756 5735 1810 5780 et
1839 5724 2065 5780 irreme—

381 5887 385 5890 Q
481 5816 754 5874 diabilitcr
800 5817 857 5877 in
912 5835 1108 5877 manus
1154 5818 1410 5875 ﬁliorum.
1453 5818 1530 5876 Ne
1574 5817 1897 5880 exspectetis
1937 5816 2066 5874 hinc

2179 3226 2345 3284 Scitis
2373 3229 2656 3300 equidem,
2687 3228 2928 3294 domine,
2961 3238 3021 3284 ut
3042 3228 3230 3292 credo,
3260 3243 3325 3283 ac
3368 3229 3502 3283 satis
3536 3226 3730 3282 audistis

2172 3339 2294 3393 qua:
2325 3332 2378 3377 et
2405 3321 2588 3392 qualia
2615 3321 2812 3376 damna
2845 3321 2898 3375 iu
2930 3320 3133 3374 finibus
3159 3319 3468 3374 Antiochiae
3505 3319 3554 3372 in
3583 3329 3734 3373 trans-

2173 3425 2296 3470 acto
2341 3431 2486 3470 anno
2534 3413 2864 3485 acciderintl,
2917 3422 3029 3470 tum
3074 3411 3325 3468 videlicet
3373 3413 3428 3466 in
3463 3412 3734 3482 captivitate

2173 3508 2438 3579 principis
2472 3517 2525 3564 et
2556 3507 2789 3563 aliorum
2820 3507 3064 3560 virorum
3096 3507 3193 3576 qui
3236 3522 3364 3561 cum
3396 3521 3464 3560 eo
3498 3511 3667 3569 erant,
3693 3511 3736 3556 et

2174 3601 2228 3655 in
2255 3609 2403 3656 tanta
2440 3600 2623 3672 populi
2647 3599 2943 3654 Christiani
2969 3599 3375 3669 depraedatione
3401 3607 3561 3668 atque
3580 3606 3734 3651 exter-

2175 3694 2509 3759 minatione;
2562 3703 2677 3748 tum
2713 3692 2876 3747 etiam
2930 3692 2982 3745 in
3037 3699 3186 3745 tanta
3239 3689 3604 3744 munitionum
3639 3687 3740 3756 igne

2173 3786 2318 3842 ferro
2363 3785 2736 3841 destructione
2785 3794 2944 3854 atque
2989 3783 3415 3852 exstirpatione,
3465 3791 3577 3835 tum
3606 3779 3740 3834 etiam

2172 3889 2326 3938 tanto
2363 3890 2521 3935 terra:
2560 3886 2710 3933 motu
2752 3878 2845 3933 tali
2876 3893 2938 3932 ac
2991 3876 3259 3940 inaudito,
3303 3876 3400 3945 qui
3435 3874 3548 3928 fere
3581 3886 3742 3927 omnes

2173 3971 2508 4029 munitiones
2536 3969 2863 4025 Antioeheui
2907 3968 3247 4039 principatus
3283 3977 3337 4021 et
3367 3966 3554 4032 omnia
3591 3972 3745 4019 castra

2173 4068 2292 4124 solo
2322 4079 2482 4122 tenus
2523 4065 2738 4119 evertit.
2785 4062 2889 4117 Sed
2930 4061 2996 4117 de
3034 4061 3119 4116 his
3157 4061 3225 4116 ad
3272 4076 3522 4130 prtesens
3547 4065 3744 4129 praeter-

2173 4159 2350 4215 mitto.
2387 4158 2656 4212 Cancrum
2697 4164 2878 4209 autem
2933 4170 3056 4225 qua:
3082 4153 3240 4208 vobis
3285 4153 3377 4206 hic
3419 4149 3747 4224 pmsentium

2172 4249 2314 4303 lator
2347 4247 2432 4303 vir
2459 4246 2679 4318 quidem
2713 4261 2926 4316 magum
2961 4243 3239 4315 religionis
3266 4260 3330 4299 ac
3354 4245 3518 4300 bona:
3539 4244 3674 4308 vita,
3697 4255 3748 4293 ex

2173 4351 2327 4414 parte
2355 4351 2543 4398 nostra
2573 4341 2791 4408 dixerit,
2819 4339 3047 4394 fideliter
3081 4337 3341 4392 credatis.

2878 4427 3043 4482 XXV.

2383 4541 2435 4580 ϐ.
2475 4539 2758 4578 FULCIIEBII
2797 4537 3056 4578 CONSEBVI
3097 4535 3325 4575 IILITIE
3375 4534 3605 4573 TEIPLI.

2248 4620 2542 4685 Luuovico,
2583 4618 2675 4673 Dei
2719 4616 2891 4688 gratia
2922 4616 3032 4687 regi
3069 4613 3409 4668 Francorum
3447 4611 3758 4668 charissima

2173 4711 2400 4766 domino
2441 4725 2566 4775 suo,
2598 4707 2768 4764 frater
2805 4706 2871 4762 G.
2902 4704 3104 4762 Funcu.
3135 4705 3328 4760 eadem
3354 4706 3543 4777 gratia
3579 4704 3760 4760 militia:

2174 4800 2386 4872 Templi
2415 4816 2717 4856 conservus
2742 4797 2990 4864 humilis,
3019 4795 3276 4853 salutem.

2245 4895 2514 4950 Beneﬁcia
2546 4901 2598 4948 et
2635 4893 2873 4947 honores
2920 4889 3172 4961 parvitati
3216 4903 3354 4944 mea:
3379 4903 3413 4942 a
3439 4889 3606 4945 vobis
3628 4884 3760 4942 exhi-

2173 4987 2340 5053 bitos,
2365 4986 2544 5057 dignis
2567 4984 2821 5039 laudibus
2852 4983 3100 5037 attollere
3127 4990 3224 5036 aut
3245 4977 3761 5052 recompensationi-

2171 5078 2276 5134 bus
2303 5076 2592 5145 adaequare
2613 5074 2737 5144 quis
2761 5072 2974 5128 valeat?
3005 5069 3342 5136 SolusDeus,
3367 5071 3474 5142 qui
3507 5070 3663 5126 vobis
3685 5083 3763 5124 sua

2173 5172 2347 5241 gratia
2401 5169 2454 5222 in
2495 5177 2697 5222 aeterna
2747 5165 3084 5220 beatitudine
3127 5165 3388 5236 dignetur
3453 5165 3760 5221 retribuere.

2173 5262 2288 5334 Ego
2316 5277 2520 5328 autem,
2550 5259 2659 5315 Deo
2694 5260 2920 5331 gratias,
2949 5274 3118 5314 sanus
3163 5267 3220 5312 et
3268 5257 3583 5313 incolumis
3608 5257 3767 5310 Acron

2175 5351 2381 5422 appuli,
2407 5351 2782 5422 magistroque
2817 5358 2869 5405 et
2909 5349 3171 5404 fratribus
3217 5349 3472 5419 primum
3507 5366 3581 5405 ex
3612 5356 3767 5404 vestra

2174 5452 2332 5516 parte
2359 5444 2647 5510 salutatis,
2688 5449 2950 5512 quantam
2981 5441 3116 5495 mihi
3151 5442 3651 5498 honoriﬁcentiam
3691 5453 3771 5512 pro

2175 5535 2273 5592 Dei
2310 5551 2500 5592 amore
2555 5549 2858 5606 eorumque
2900 5533 3205 5589 reverentia
3233 5533 3655 5601 exhibueratis,
3687 5548 3770 5588 ex-

2174 5631 2370 5701 pressi.
2415 5628 2493 5683 llli
2533 5637 2715 5683 autem
2746 5643 2910 5698 super
2954 5627 3062 5682 hoc
3085 5626 3242 5682 vobis
3286 5627 3511 5698 gratias
3542 5637 3768 5701 agentes.

2177 5735 2346 5790 seque
2387 5728 2443 5775 et
2487 5734 2586 5774 sua
2628 5725 2826 5774 vestrae
2852 5717 3085 5773 celsitati
3133 5716 3640 5776 commendantes.
3666 5731 3768 5770 m-

2178 5813 2388 5870 tionum
2417 5827 2643 5869 suarum
2683 5810 2837 5868 vobis
2873 5821 2923 5867 et
2954 5826 3054 5883 pro
3082 5811 3238 5868 vobis
3283 5810 3538 5870 oﬂ'cntnt
3583 5811 3764 5868 insta-
