3832 6314
127 371 223 432 1281

1280 364 1498 423 EPIST.
1539 367 1598 424 Β.
1635 368 1956 433 LUDOVICI
1995 377 2084 433 IX.

3166 389 3307 460 ηεξ

122 489 234 544 liam.
262 475 373 533 Mihi
403 480 580 529 autem
619 471 822 529 {amulo
867 482 1048 528 vestro
1075 488 1180 529 non
1220 475 1455 532 credatis
1496 478 1611 533 ela-
1641 491 1688 548 Λ
1717 485 1932 552 solatio,
1958 490 2213 558 praesidio
2237 490 2536 552 Dominica:
2557 497 2736 555 crucis
2758 499 3015 562 dominus
3044 525 3138 566 rex
3167 516 3307 574 velle

119 587 254 647 psam,
281 566 404 640 quod
428 564 495 619 ab
529 575 624 619 ore
645 572 855 631 vestro,
884 577 1008 619 cum
1031 580 1061 620 a
1091 566 1247 622 vobis
1278 569 1608 638 recederem,

116 663 330 733 accepisse
370 670 448 711 me
484 653 709 726 gaudeo.
760 653 986 711 Dixistis
1029 655 1173 710 enim
1223 657 1394 725 mihi,
1439 668 1499 714 ut
1545 677 1613 716 ex

113 764 230 830 parte
259 757 438 814 vestra,
465 747 582 801 loca
621 755 806 802 sancta
836 747 1152 815 salutarem,
1182 757 1236 804 et
1261 749 1316 804 in
1341 749 1612 808 visitando

112 863 174 912 ea,
192 838 463 898 memoriam
486 837 650 893 vestri
680 837 915 895 facerem
947 841 1002 895 in
1042 842 1290 913 singulis.
1319 843 1491 916 Cujus
1533 849 1611 902 rei

109 953 191 992 non
225 934 490 997 immemor,
527 929 675 986 hunc
717 933 978 987 annulum
1025 949 1189 1004 quem
1229 935 1384 993 vobis
1421 938 1607 1005 mitto,

107 1042 178 1097 per
207 1037 335 1079 sacra
374 1021 485 1077 loca
517 1020 908 1080 circumferens
942 1033 996 1080 et
1030 1025 1260 1098 singulis
1307 1029 1607 1100 applicans,

107 1119 148 1172 in
167 1113 435 1172 memoriam
455 1115 619 1169 vestri
649 1115 882 1188 singulis
923 1117 1181 1188 imposui.
1213 1117 1320 1176 Pro
1342 1122 1499 1192 cujus
1521 1137 1609 1178 re-

102 1207 304 1274 verentia,
333 1220 512 1277 precor
535 1215 604 1261 ut
641 1209 904 1263 annulum
934 1211 1256 1268 custodiatis
1284 1221 1338 1267 et
1364 1213 1608 1270 habeatis

101 1300 360 1358 chariorem.
385 1296 579 1355 Valete.
607 1297 796 1357 Valete
813 1301 1010 1357 iterum
1035 1317 1161 1358 cum
1191 1305 1298 1360 mei
1321 1307 1602 1363 memoria.

714 1410 907 1467 XXVI.

379 1518 425 1557 ll.
471 1519 693 1558 ιίιιιτω
742 1522 937 1560 τεδηιιι
985 1522 1256 1564 υλϐιετιῑι.

144 1595 390 1660 Lenovtco,
415 1591 506 1648 Dei
533 1596 708 1665 gratia
746 1595 854 1667 regi
887 1598 1344 1663 excellentissimo
1365 1598 1606 1655 Franco—

93 1703 207 1754 rum,
245 1684 560 1753 Brncruvus,
596 1687 803 1742 militiae
835 1687 1042 1760 Templi
1079 1691 1328 1747 minister
1357 1691 1604 1762 humilis,

89 1782 286 1846 salutem,
307 1789 355 1835 et
378 1779 432 1834 in
452 1778 672 1836 Christo
701 1797 951 1852 regnare.

135 1872 200 1928 Ad
222 1888 365 1928 aures
387 1882 579 1928 vestrae
617 1874 968 1931 sublimitatis
999 1877 1311 1947 pervenisse
1352 1895 1459 1934 non
1498 1879 1603 1936 du-

85 1965 426 2035 bitamus,quo
467 1965 664 2022 timore
699 1966 932 2023 alllictus
971 1969 1228 2026 dominus
1278 1982 1465 2029 noster
1507 1990 1604 2031 rex

84 2057 332 2112 Amalricus
356 2058 633 2116 communi
680 2061 913 2116 consilio
942 2061 1370 2122 Christianitatis
1411 2075 1604 2122 contra

85 2148 326 2216 Sairanem,
358 2164 518 2221 quem
554 2148 865 2213 Noradinus
894 2170 1019 2209 cum
1065 2157 1239 2212 multo
1269 2159 1509 2214 exercitu
1534 2158 1603 2214 ad

82 2255 256 2311 regnum
275 2238 577 2314 Babyloniae
602 2243 876 2300 direxerat
899 2246 1002 2302 sibi
1029 2247 1452 2322 subjugandum,
1476 2268 1602 2308 cum

79 2329 262 2397 pretioso
303 2346 467 2387 sacra:
500 2333 684 2389 crucis
729 2335 886 2408 signo
927 2340 1254 2408 perrexerit,
1284 2351 1337 2396 et
1365 2343 1600 2413 qualiter

80 2418 266 2475 redierit.
298 2419 406 2478 Nisi
441 2424 590 2479 enim
617 2435 765 2480 tanta
788 2428 1088 2485 exstitisset
1133 2432 1338 2488 nostris
1382 2449 1600 2503 prome-

78 2510 269 2567 rcntibus
299 2513 469 2586 culpis
493 2524 654 2572 terrae
680 2517 1035 2579 Antiochense
1054 2523 1391 2594 perturbatio
1418 2534 1471 2584 et
1500 2527 1598 2584 de-

1717 592 1878 633 suum
1917 581 1984 636 de
2012 582 2250 640 inimicis
2280 584 2518 644 fecisset.
2569 591 2675 648 Sed
2719 595 2904 651 audita
2955 599 3302 666 incommoda

1714 665 2044 740 Antiochia,
2067 681 2126 728 ut
2149 677 2378 733 consilio
2410 682 2666 752 providit,
2697 685 2823 742 inde
2855 683 3098 748 seceSsit.
3132 695 3305 757 Puta-

1713 759 1808 816 bat
1858 763 2003 819 enim
2057 769 2348 836 praedictus
2391 773 2738 832 adversarius
2779 779 3170 853 Babylonicum
3217 808 3305 847 re-

1713 869 1877 923 gnum
1917 871 2018 912 suo
2057 857 2281 916 domino
2320 864 2630 934 subjacere,
2659 877 2713 924 et
2744 868 3026 930 Christum
3073 879 3304 936 colenti-

1712 944 1817 1000 bus
1857 945 2164 1018 ingressum
2201 953 2266 1008 ad
2317 951 2659 1013 Hierusalem
2716 966 2861 1017 terra
2906 967 3154 1038 marique
3201 971 3304 1025 im-

1709 1037 1914 1107 pedire.
1940 1037 2075 1096 Nam
2108 1041 2252 1100 Deus
2278 1047 2371 1116 qui
2401 1064 2532 1105 suos
2569 1044 2720 1107 nevit
2767 1055 2970 1127 ubique
3003 1062 3299 1133 custodire,

1710 1129 1872 1201 longe
1911 1134 2202 1190 consilium
2250 1138 2423 1210 ipsius
2484 1143 2733 1216 iniquum
2799 1149 2954 1206 aliter
3002 1129 3296 1225 disposuit.

1708 1221 1884 1308 Tanta
1948 1237 2166 1296 autem,
2250 1235 2603 1293 serenissime
2657 1255 2784 1309 rex,
2832 1252 2961 1298 sunt
2997 1245 3299 1319 [utriusque

1707 1316 1930 1387 patriae,
1960 1319 2294 1380 Antioehicae
2340 1327 2642 1390 scilicet_et
2685 1330 3182 1407 Jerosolymitanae,
3210 1316 3290 1394 in-

1709 1410 2019 1479 commoda,
2062 1415 2206 1482 quod
2250 1432 2351 1486 pro
2391 1420 2670 1479 nimietate
2722 1425 2806 1480 sui
2851 1428 3109 1486 nolumus
3137 1432 3295 1488 vobis

1706 1500 1914 1571 ‘scripto
1951 1502 2278 1574 significare.
2321 1505 2566 1580 Denique
2615 1523 2810 1570 vestrae
2843 1518 3058 1576 eximite
3117 1523 3296 1594 digni-

1707 1594 1806 1646 tati
1859 1594 2007 1650 hunc
2047 1600 2398 1667 prmsentium
2447 1603 2672 1659 latorem
2726 1606 2948 1664 fratrem
2994 1611 3293 1673 Galterium

1706 1685 1996 1743 honestum
2026 1699 2080 1744 et
2124 1691 2179 1745 in
2221 1695 2456 1765 negotiis
2502 1696 2594 1751 Dei
2639 1700 2934 1756 sollicitum
2975 1693 3293 1777 dirigimus,

1709 1778 1800 1848 qui
1831 1779 1885 1833 in
1912 1780 2143 1852 negotiis
2174 1783 2310 1854 ipsis
2336 1788 2657 1855 permansit,
2688 1798 2742 1844 et
2770 1790 2984 1847 initium
3017 1794 3294 1866 finemque

1707 1872 1873 1940 vidit;
1901 1873 2016 1944 ipse
2045 1891 2176 1930 vero
2198 1885 2392 1933 vestrae
2439 1881 2714 1936 sanctitati
2767 1883 2965 1953 placita
2998 1901 3159 1956 super
3191 1889 3294 1944 hoc

1705 1966 1992 2022 reserabit.
2019 1966 2152 2034 Quae
2172 1970 2318 2024 enim
2345 1971 2665 2028 sublimitati
2693 1983 2888 2030 vestra:
2909 1975 3127 2044 dixerit,
3163 1994 3295 2033 con-

1706 2060 1934 2116 fidenter
1960 2063 2282 2129 attendatis,
2311 2074 2570 2135 tanquam
2597 2078 2786 2123 nostro
2827 2084 2893 2123 ex
2925 2084 3018 2124 ore
3057 2071 3290 2141 prolata.

1705 2151 1771 2209 Et
1796 2164 2090 2226 cognoscat
2113 2165 2290 2211 vestra
2317 2158 2634 2214 excellentia
2661 2160 2921 2229 quoniam
2951 2161 3094 2216 oculi
3125 2162 3294 2216 totius

1704 2244 2133 2304 Christianitatis
2163 2247 2420 2316 Orientis,
2474 2260 2597 2321 post
2631 2250 2945 2318 Dominum,
2977 2253 3032 2306 in
3071 2268 3170 2307 vos
3204 2268 3292 2306 re-

1707 2342 1976 2412 spiciunt,
2004 2353 2063 2398 ut
2095 2359 2126 2398 a
2169 2344 2336 2400 tantis
2369 2345 2548 2411 malis,
2579 2344 2710 2400 dum
2743 2354 2958 2417 tempus
2995 2344 3163 2401 instat
3192 2351 3292 2417 op—~

1705 2446 1998 2508 portunum
2019 2480 2033 2506 ,
2071 2453 2166 2509 per
2192 2454 2290 2494 vos
2319 2439 2600 2511 eripiatur.

82 2651 3276 2708 Wm-

321 2857 459 2981 B.
566 2760 1332 2997 LUDOVICI
1427 2864 2401 3002 FRANCORUM
2494 2833 2966 3002 REGIS

1327 3119 1961 3227 EPISTOLA

109 3313 183 3368 AD
214 3314 550 3377 SUBDITOS
591 3316 770 3378 SUOS
805 3319 878 3378 IN
908 3321 1144 3382 REGNO
1179 3321 1510 3381 FRANCIE
1545 3323 2064 3397 CONSTITUTOS,
2103 3330 2193 3386 DE
2226 3329 2570 3387 CAPTIONE
2616 3329 2707 3386 ET
2747 3330 3208 3390 LlBERATIONE

1575 3417 1730 3476 SUA.

999 3573 1246 3656 Scripta
1277 3576 1347 3639 in
1377 3578 1576 3650 Aeon,
1609 3593 1780 3639 anno
1810 3579 2075 3642 Domini
2108 3583 2284 3644 1250.

1166 3737 1453 3809 (Boucans,
1485 3737 1665 3805 Gesta,
1688 3747 1818 3806 etc.,
1849 3757 1904 3810 p.
1945 3741 2131 3812 H96.)

95 4055 385 4128 Lunovtcus,
417 4057 522 4116 Dei
555 4058 731 4132 gratia
764 4057 1104 4116 Francorum
1137 4078 1254 4131 rex,
1284 4063 1496 4122 dilectis
1537 4075 1592 4123 et
1619 4077 1664 4141 ο
1696 4069 1859 4127 nullis
1895 4085 2107 4139 eorum,
2134 4073 2226 4144 qui
2257 4073 2324 4128 de
2358 4077 2598 4130 exercitu
2638 4074 3018 4149 Egyptiorum
3067 4080 3274 4137 nostris

45 4148 244 4207 ﬁdelibus
264 4153 400 4219 suis,
414 4152 691 4224 praelatis,
711 4152 1032 4220 baronibus,
1055 4154 1338 4224 militibus,
1356 4157 1590 4227 civibus,

42 4239 354 4314 burgensibus
383 4245 530 4313 suis,
570 4253 625 4300 et
661 4244 784 4300 aliis
811 4245 1087 4301 universis
1113 4247 1166 4300 in
1206 4263 1376 4320 regno
1415 4248 1589 4304 Fran-

41 4333 109 4387 cia
143 4337 467 4404 constitutis,
503 4335 580 4392 ad
635 4351 773 4408 quos
825 4347 1119 4408 praesentes
1158 4339 1350 4396 littera:
1398 4356 1591 4412 perve-

41 4428 192 4497 nerint,
222 4430 482 4486 salutem.

85 4521 152 4574 Ad
170 4522 328 4579 decus
352 4529 409 4579 et
434 4522 677 4596 gloriam
701 4521 871 4577 divini
903 4522 1166 4591 nominis,
1194 4540 1376 4581 crocus
1407 4542 1591 4597 prose-

1694 4173 2073 4233 occurrerant,
2098 4165 2416 4222 interfectis.
2457 4165 2827 4225 Intelleximus
2856 4178 3034 4225 autem
3068 4170 3122 4226 in
3153 4171 3276 4244 ipso

1690 4251 1902 4324 itinere’,
1943 4256 2239 4312 Soldanum
2277 4258 2584 4331 Babyloniae
2631 4261 2698 4316 de
2755 4277 2898 4317 novo
2947 4261 3116 4318 vitam
3169 4264 3276 4319 mi-

1691 4363 1869 4403 seram
1902 4347 2119 4418 ﬁnisse;
2150 4351 2265 4421 qui,
2296 4351 2438 4408 sicut
2464 4353 2680 4423 publice
2708 4353 2920 4410 dicebat
2967 4364 3020 4411 et
3047 4356 3274 4411 miserat

1688 4440 1755 4495 ad
1781 4440 1950 4496 filium
1984 4457 2146 4498 suum
2194 4453 2499 4499 morantem
2548 4445 2602 4499 in
2643 4446 2890 4516 partibus
2925 4443 3186 4516 Orient's,
3213 4457 3273 4503 ut

1689 4532 1743 4585 in
1773 4531 2066 4605 {Egyptum
2103 4535 2330 4603 veniret,
2365 4544 2419 4592 et
2459 4536 2631 4593 eidem
2661 4551 2692 4592 a
2729 4539 2942 4594 cunctis
2987 4539 3070 4594 sui
3116 4553 3275 4594 exer-

41 4609 99 4677 llli
127 4616 396 4682 Cupientes
425 4611 744 4684 negotium,
771 4611 902 4668 totis
939 4610 1223 4669 atTectibus
1247 4615 1590 4672 universitati
1688 4624 1830 4680 citus
1859 4626 2162 4696 majoribus
2191 4627 2464 4683 ﬁdelitatis
2517 4628 2634 4683 fleri
2688 4628 2892 4685 fecerat
2919 4628 3266 4698 iuramenta;

41 4712 185 4758 restrae
205 4704 467 4762 duximus
500 4704 901 4759 intimandum:
933 4705 1080 4776 quod
1117 4715 1242 4777 post
1277 4707 1586 4779 captionem
1686 4714 1874 4770 relicta
1905 4717 2072 4772 totius
2103 4734 2216 4773 sure
2252 4728 2410 4774 terrae
2439 4718 2712 4775 exercitus
2758 4719 3003 4775 custodia
3051 4719 3269 4775 cuidam

41 4791 456 4870 )amiatae,quam
481 4797 758 4852 Dominus
787 4794 948 4852 Jesus
972 4795 1248 4868 Christus,
1279 4816 1375 4870 per
1398 4801 1586 4856 ineffa-
1687 4801 1956 4858 admirato
1993 4821 2115 4873 suo,
2149 4808 2368 4863 nomine
2407 4807 2799 4864 Farchardino.
2853 4808 2977 4863 "rec
3025 4808 3266 4880 quidem,

42 4885 155 4941 litem
182 4905 330 4946 suam
360 4891 832 4960 misericordiam,
860 4893 1020 4962 quasi
1041 4893 1366 4950 miraculose
1393 4905 1586 4966 praeter
1687 4894 1740 4948 in
1771 4909 1992 4951 accessu
2026 4908 2216 4954 nostro
2260 4900 2328 4955 ad
2357 4901 2536 4956 locum
2581 4900 2919 4971 praedictum,
2959 4901 3269 4960 invenimus

41 4975 136 5034 'ires
155 4980 424 5040 humanas
452 4981 789 5039 Christianae
819 4984 1116 5039 tradiderat
1141 4988 1416 5056 potestati,
1443 4989 1586 5044 sicut
1684 5001 1810 5042 vera
1840 5003 1983 5044 esse.

41 5082 98 5124 'os
116 5074 378 5132 credimus
403 5091 524 5131 non
552 5075 738 5142 latere,
769 5072 1006 5132 delibato
1036 5080 1314 5134 communi
1329 5081 1581 5150 consilio,
1754 5079 2084 5138 Accedentes
2115 5085 2278 5155 igitur
2305 5085 2370 5140 ad
2400 5085 2578 5141 locum
2623 5087 2962 5157 praedictum,
2988 5088 3076 5144 die
3119 5087 3265 5144 Mar-

41 5157 71 5212 le
98 5158 332 5220 Damiata
384 5165 754 5234 recessimus,
790 5167 1049 5223 vicesima
1083 5169 1172 5225 die
1219 5172 1425 5228 mensis
1469 5171 1582 5229 No-
1684 5171 1776 5239 tis,
1809 5181 1934 5227 ante
1961 5171 2161 5228 festum
2185 5173 2494 5231 Nativitatis
2517 5176 2834 5246 Dominicaa,
2865 5179 2920 5233 in
2943 5179 3138 5251 primis
3173 5195 3268 5236 ac-

42 5254 190 5309 embri
224 5257 489 5326 proximo
525 5259 822 5329 praeteriti;
878 5270 1207 5334 congregato
1248 5272 1359 5319 tam
1404 5265 1581 5320 navali
1683 5277 1898 5319 cessum
1925 5263 2126 5319 habere
2154 5266 2498 5336 nequivimus
2529 5267 2596 5322 ad
2645 5266 2978 5325 Sarracenos
3021 5271 3262 5338 eosdem,

43 5347 218 5403 xercitu
247 5366 420 5421 quam
458 5351 734 5418 terrestri,
766 5353 1121 5422 procedentes
1155 5355 1417 5412 adversus
1449 5355 1581 5412 Sar-
1613 5423 1653 5433 λ
1685 5363 1906 5425 propter
1941 5358 2231 5426 quemdam
2280 5357 2504 5412 ﬂuvium
2561 5358 2702 5415 inter
2757 5371 3054 5433 utrumque
3104 5377 3265 5417 exer»

41 5448 304 5495 asenorum
334 5441 674 5508 exercitum,
706 5452 1091 5514 congregatum
1139 5455 1194 5500 et
1227 5457 1582 5504 castrameta-
1613 5423 1660 5480 Ῐ)
1685 5423 1854 5500 citum
1903 5423 2248 5514 defluentem,
2291 5448 2384 5518 qui
2434 5448 2634 5504 ﬂuvius
2657 5448 2910 5507 Thaneos
2961 5451 3178 5516 dicitur,
3210 5459 3266 5505 et

41 5540 106 5581 um
134 5545 185 5585 In
212 5531 335 5588 loco
371 5533 476 5604 qui
504 5533 807 5604 vulgariter
855 5533 1122 5592 Massoria
1157 5539 1493 5608 appellatur;
1527 5540 1583 5595 in
1686 5537 1740 5592 in
1769 5538 1892 5594 loco
1917 5537 2010 5593 illo
2038 5555 2068 5594 a
2095 5556 2293 5612 magno
2310 5540 2533 5596 ﬂumine
2558 5542 2853 5598 derivatur.
2887 5543 3030 5598 Inter
3050 5551 3264 5598 utrum-

42 5631 108 5672 )so
130 5623 352 5690 quidem
382 5623 598 5698 itinere
644 5626 1008 5682 sustinuimus
1061 5627 1275 5698 aliquos
1324 5631 1584 5686 Sarracc-
1687 5641 1794 5699 que
1823 5628 2046 5684 fluvium
2072 5632 2358 5701 posuimus
2387 5641 2566 5688 castra
2602 5643 2788 5688 nostra
2830 5631 3206 5704 protendentia
3227 5645 3264 5688 a

44 5725 178 5767 arum
217 5716 497 5784 insultus,
559 5714 620 5769 in
670 5717 872 5786 quibus
919 5718 1138 5775 assidue
1197 5720 1584 5779 detrimentum
1685 5721 1881 5791 majori
1919 5719 2084 5777 fluvio
2115 5723 2183 5778 ad
2212 5723 2514 5788 minorem;
2545 5725 2639 5780 ubi
2674 5723 2967 5795 aliquando
3003 5721 3262 5778 conflictu

41 5815 205 5859 mirum
236 5821 350 5864 non
380 5805 680 5878 modicum
707 5818 1051 5880 receperunt.
1081 5812 1316 5882 quadam
1347 5813 1434 5870 die
1473 5830 1583 5872 non
1687 5814 1871 5871 habito
1897 5829 2020 5870 cum
2054 5813 2392 5885 Sarracenis,
2434 5817 2591 5873 multi
2642 5817 2955 5874 ceciderunt
2996 5830 3064 5873 ex
3102 5813 3258 5886 ipsis,
