3832 6314
537 312 679 368 1285

1106 308 1198 365 AD
1229 307 1675 368 GODEFRIDUM
1715 305 2004 363 APPEND.
2039 305 2103 361 ll.
2139 334 2208 345 —
2244 303 2515 362 NONUM.
2553 305 2642 360 DE
2679 305 2903 364 BELLO
2942 306 3188 366 SACRO.

3625 323 3708 382 Ml

528 439 844 489 nostrorum
869 426 1065 503 gladiis
1092 396 1394 494 interfecti;
1424 425 1660 483 maxima
1687 424 1910 494 insuper
1926 437 2115 478 eorum
2147 429 2190 486 Α
2221 421 2492 490 subsidio,
2523 432 2576 478 et
2623 423 2845 480 tandem
2888 425 3078 481 multis
3132 424 3334 482 ibidem
3389 431 3645 497 vulneratis
3671 460 3710 504 ος

525 522 878 579 multitudine
912 521 1194 577 submersa
1225 519 1280 574 in
1305 517 1463 589 aquis
1496 517 1690 572 validis
1723 524 1779 572 et
1803 514 2109 586 profundis.

527 613 673 670 Sane
701 613 831 685 quia
864 621 1200 668 memoratus
1221 609 1418 665 ﬂuvius
1442 608 1694 665 Thaneos
1715 624 1826 663 non
1866 618 1985 664 erat
2019 623 2114 664 va-

523 706 742 774 dabilis,
781 713 1001 777 propter
1027 702 1451 775 profunditatem
1483 717 1752 772 aquarum
1782 709 1837 757 et
1866 701 2110 772 riparum

523 800 888 868 altitudinem,
913 799 1177 870 coepimus
1206 797 1384 854 facere
1415 813 1579 868 super
1626 813 1752 852 eum
1797 798 2106 865 calciatam,

521 903 584 949 ut
611 909 706 964 per
739 909 860 949 eam
888 900 1097 963 pateret
1137 890 1402 946 transitus
1449 890 1712 946 exercitui
1765 889 2106 957 Christiano,

520 988 590 1043 ad
647 988 752 1042 hoc
806 986 993 1042 multis
1041 984 1234 1040 diebus
1288 999 1414 1040 cum
1465 983 1753 1040 immensis
1806 983 2106 1052 laboribus,

519 1077 777 1148 periculis
805 1085 857 1133 et
887 1077 1196 1147 sumptibus
1218 1075 1556 1132 insistentes.
1583 1075 1874 1133 Sarraceni
1901 1087 2104 1145 autem,

515 1186 547 1224 c
584 1179 774 1226 contra
801 1171 930 1225 totis
961 1170 1277 1227 resistentes
1309 1171 1623 1237 conatibus,
1655 1171 1929 1227 machinis
1977 1185 2108 1227 nos-

513 1260 615 1314 tris
637 1276 776 1331 quas
800 1275 1173 1328 erexeramus,
1206 1261 1404 1316 ibidem
1429 1260 1715 1316 machinas
1730 1267 2107 1331 opposuerunt

508 1353 839 1424 quasplures
873 1395 889 1420 ,
951 1353 1152 1423 quibus
1216 1354 1438 1409 castella
1512 1361 1704 1408 nostra
1754 1353 1934 1424 lignea
1983 1367 2106 1422 qua:

512 1459 677 1514 super
719 1460 943 1514 passum
999 1447 1257 1502 collocari
1309 1446 1618 1502 feceramus
1642 1446 1918 1512 eumdem,
1968 1460 2103 1500 con-

509 1545 776 1603 quassata
813 1535 1088 1606 lapidibus
1119 1544 1174 1592 et
1205 1544 1508 1601 contracta,
1541 1535 1962 1590 combusserunt
2015 1543 2102 1588 to-

509 1625 694 1680 taliter
717 1625 840 1696 igne
865 1625 1075 1682 Grreco.
1106 1625 1227 1692 Quo
1256 1624 1423 1693 facto,
1463 1624 1577 1680 fere
1611 1624 1762 1680 omni
1805 1639 1900 1694 spe
1929 1633 1982 1678 et
2003 1640 2101 1680 ex-

507 1718 845 1786 spectatione
905 1717 1168 1773 frustrata
1212 1733 1310 1790 per
1363 1717 1648 1775 calciatam
1705 1717 1854 1772 illam
1917 1717 2097 1772 taliter

2217 515 2424 571 nostris
2453 524 2507 570 et
2536 517 2694 586 equis
2729 517 2934 572 nostris
2980 533 3081 588 pro
3123 518 3322 590 majori
3371 533 3515 593 parte
3557 529 3710 595 diversis

2214 606 2476 662 sauciatis
2498 607 2818 662 vulneribus
2850 615 2947 662 aut
2975 607 3198 677 occisis,
3227 608 3456 666 Domino
3483 617 3710 694 auxiliante,

2212 711 2470 768 campum
2493 699 2844 768 retinuimus,
2877 709 3197 756 nostrorum
3222 702 3434 760 viribus
3463 711 3708 773 recollectis;

2209 799 2265 846 et
2288 791 2386 859 ibi,
2409 792 2568 864 juxta
2605 791 3036 850 Sarracenorum
3079 795 3391 865 machinas,
3435 814 3562 870 quas
3593 784 3712 878 aequi.

2195 883 2462 952 'sivimus,
2492 885 2682 941 eadem
2732 885 2822 941 die
2875 895 3059 943 castra
3110 896 3300 945 nostra
3342 893 3624 960 posuimus:
3656 903 3709 956 ubi

2209 991 2336 1031 cum
2367 978 2559 1048 paucis
2593 993 2805 1034 moram
2843 977 3079 1036 fecimus
3107 977 3196 1035 die
3225 981 3343 1048 illo,
3369 981 3512 1039 facto
3535 986 3594 1040 ibi
3621 992 3715 1058 prius

2206 1077 2372 1139 ponte
2404 1070 2472 1125 de
2499 1069 2679 1140 lignis,
2715 1085 2812 1140 per
2840 1087 3005 1142 quem
3057 1081 3286 1142 possent
3328 1072 3407 1127 illi
3451 1074 3519 1128 ad
3551 1093 3629 1148 nos
3657 1085 3712 1152 qui

2206 1170 2366 1216 erant
2413 1161 2554 1216 ultra
2588 1161 2814 1217 ﬂuvium
2860 1171 3221 1219 transmeare.
3269 1163 3330 1220 In
3393 1167 3610 1223 crastino
3634 1187 3716 1228 vero

2207 1253 2394 1322 plures
2420 1270 2452 1310 e
2489 1255 2695 1310 nostris
2720 1255 2786 1310 de
2814 1256 3074 1311 mandate
3115 1265 3311 1312 nostro
3354 1257 3570 1314 ﬂuvium
3600 1270 3715 1321 trans.

2205 1352 2426 1410 euntes,
2456 1354 2638 1401 castra
2679 1345 2866 1400 metati
2905 1355 3036 1401 sunt
3063 1345 3223 1417 juxta
3263 1362 3369 1404 nos
3400 1367 3416 1403 :
3453 1357 3508 1405 et
3528 1357 3719 1421 tumule-

2207 1437 2431 1492 structis
2465 1435 2900 1491 Sarracenorum
2950 1438 3246 1507 machinis,
3279 1439 3440 1496 licias
3472 1439 3654 1500 fecimus
3675 1450 3718 1503 ul

2203 1539 2398 1600 pontes
2427 1530 2669 1594 navales,
2700 1546 2798 1600 per
2824 1546 2966 1601 quos
2995 1533 3171 1587 nostri
3200 1533 3270 1588 de
3295 1549 3411 1588 uno
3461 1537 3656 1592 exercitu
3676 1541 3722 1595 ad

2202 1621 2371 1676 alium
2403 1621 2642 1677 transire
2670 1621 2837 1676 libere
2866 1630 3122 1693 poterant
3166 1633 3222 1679 et
3269 1639 3485 1680 secure.
3537 1623 3721 1698 Sequenti

2201 1721 2382 1768 autem
2419 1713 2507 1768 die
2533 1711 2784 1781 Veneris,
2817 1713 2916 1769 ﬁlii
2962 1716 3309 1785 perditionis,
3343 1721 3648 1790 congregatis
3677 1739 3722 1778 ex

509 1785 855 1877 transeundi,
890 1811 1107 1866 tandem
1134 1785 1231 1882 per
1251 1810 1544 1882 quemdam
1589 1808 1950 1865 Sarracenum
1998 1825 2093 1866 ve-
2127 1785 2169 1845 Β
2197 1805 2347 1860 omni
2372 1817 2524 1875 parte
2550 1805 2760 1862 viribus
2785 1807 2922 1874 suis,
2951 1805 3334 1864 Christianum
3355 1812 3629 1866 exercitum
3643 1830 3724 1868 om-

512 1902 750 1959 nientem
781 1904 850 1958 ab
887 1903 1266 1976 {Egyptiorum
1287 1903 1551 1970 exercitu,
1591 1902 1778 1958 datum
1811 1901 2095 1959 fuitnobis

507 1995 737 2068 intelligi
775 1997 954 2052 locum
991 2012 1113 2052 esse
1155 1996 1460 2052 vadahilem
1513 1995 1912 2067 aliquantulum
1955 1995 2094 2052 infe-

506 2087 644 2152 rius,
690 2102 800 2158 quo
844 2096 1058 2158 poterat
1119 2088 1395 2144 exercitus
1452 2087 1802 2145 Christianus
1868 2088 2094 2145 ﬂuvium

506 2186 866 2234 transmeare.
905 2179 1053 2247 Inde,
1087 2181 1498 2237 communicato
1545 2182 1776 2238 consilio
1821 2182 2092 2239 baronum

503 2281 560 2325 et
610 2272 841 2326 aliorum
874 2273 1146 2344 majorum
1194 2273 1262 2330 de
1305 2275 1567 2341 exercitu,
1615 2275 1702 2330 die
1750 2274 1919 2332 Lunze
1963 2285 2093 2332 ante

502 2361 748 2430 Cineres,
790 2361 894 2417 fuit
919 2365 1264 2420 concorditer
1291 2366 1604 2421 ordinatum
1637 2366 1784 2437 quod
1844 2366 1899 2421 in
1942 2382 2094 2422 cras-

502 2453 638 2522 tino,
664 2455 753 2511 die
777 2456 1027 2513 videlicet
1071 2456 1419 2529 Carniprivii,
1449 2475 1668 2515 summo
1695 2475 1854 2515 mane
1888 2475 2090 2516 conve-

499 2547 748 2604 niremus
773 2549 842 2604 ad
887 2548 1069 2605 locum
1115 2551 1457 2620 praedictum,
1503 2550 1730 2606 ﬂuvium
1779 2552 2088 2620 transituri,

499 2641 735 2709 quadam
789 2639 944 2712 parte
991 2644 1264 2698 exercitus
1307 2645 1373 2699 ad
1428 2653 1735 2700 castrorum
1785 2645 2090 2700 custodiam

499 2733 772 2788 ordinata.
805 2733 901 2789 Die
939 2735 1122 2806 itaque
1147 2737 1404 2804 crastina,
1434 2737 1700 2792 ordinatis
1727 2737 1968 2805 aciebus,
1997 2753 2092 2793 ve-

497 2822 714 2878 nientes
741 2823 810 2878 ad
845 2824 1049 2892 locum,
1081 2825 1436 2883 transivimus
1485 2826 1713 2882 ﬂuvium
1761 2844 1871 2883 non
1907 2837 2088 2883 tamen

499 2912 621 2967 sine
651 2914 804 2984 gravi
829 2914 1094 2984 periculo.
1123 2913 1258 2971 Nam
1296 2916 1622 2987 profundior
1649 2923 1705 2973 et
1728 2917 2090 2988 periculosior

497 3013 618 3058 erat
645 3004 821 3073 locus,
849 3022 1015 3076 quam
1047 3007 1204 3064 nobis
1232 3007 1410 3063 fuerat
1439 3009 1787 3065 intimatum:
1833 3009 1907 3064 ita
1941 3008 2087 3080 quod

498 3096 574 3151 ibi
603 3099 842 3167 oportuit
877 3108 1065 3155 natare
1105 3115 1280 3170 equos
1311 3110 1557 3169 nostros,
1601 3111 1652 3157 et
1697 3111 1921 3173 propter
1949 3103 2088 3159 altas

496 3196 555 3244 et
597 3188 849 3246 lutuosas
895 3191 1061 3262 ripas,
1091 3193 1435 3262 periculosus
1483 3202 1600 3249 erat
1620 3195 1799 3250 exitus
1848 3194 2088 3252 ﬂuminis

497 3279 779 3336 antedicti.
814 3279 1116 3337 Transacto
1145 3281 1331 3353 itaque
1360 3281 1604 3350 ﬂumine,
1635 3293 1857 3338 ventum
1887 3294 1972 3340 est
2018 3287 2088 3341 ad

494 3367 679 3426 locum
737 3371 830 3426 ubi
892 3383 1049 3427 erant
1103 3371 1533 3428 Sarracenorum
1593 3373 1880 3441 machinae,
1928 3375 2087 3445 juxta

494 3460 780 3516 calciatam
808 3461 1143 3530 praedictam.
1179 3460 1245 3517 Et
1268 3462 1453 3517 habito
1479 3478 1602 3518 cum
1637 3461 1952 3520 Sarracenis
1987 3481 2084 3536 ag-

495 3566 709 3622 gressu,
765 3551 940 3607 nostri
984 3552 1078 3623 qui
1135 3553 1532 3624 praecedebant,
1579 3553 1798 3610 multos
1840 3571 1905 3611 ex
1949 3557 2084 3627 ipsis

493 3643 839 3699 trucidarunt
873 3644 1088 3715 gladiis,
1119 3660 1231 3701 non
1269 3655 1556 3715 parcentes
1593 3647 1749 3703 sexui
1783 3648 1869 3702 vel
1913 3649 2078 3704 aetati.

492 3729 638 3787 Inter
665 3747 807 3802 quos
833 3733 1178 3803 capitaneum
1200 3734 1541 3802 eorumdem,
1563 3743 1617 3790 et
1643 3737 1912 3806 quosdam
1943 3738 2082 3794 alios

492 3824 792 3883 admiratus
822 3824 1215 3881 interfecerunt
1253 3825 1474 3882 ibidem.
1527 3826 1734 3884 Deinde
1782 3843 1913 3884 vero
1963 3829 2080 3886 dis-

491 3916 670 3987 persis
695 3917 917 3974 aciebus
942 3919 1165 3986 nostris,
1193 3919 1416 3990 quidam
1438 3930 1753 3978 nostrorum
1778 3938 1877 3993 per
1897 3932 2079 3980 castra

481 4005 736 4068 hostium
759 4008 1150 4076 discurrentes,
1166 4021 1436 4068 venerunt
1459 4029 1632 4085 usque
1659 4014 1727 4070 ad
1749 4015 1934 4070 villam
1957 4032 2080 4088 quae

491 4099 735 4156 Massora
780 4100 1000 4170 dicitur,
1065 4112 1333 4174 quotquot
1400 4105 1642 4163 hostium
1719 4109 2079 4164 occurrebant

490 4190 688 4262 gladiis
718 4192 1046 4249 occidentes.
1101 4191 1206 4248 Sed
1237 4194 1456 4250 tandem
1512 4195 1821 4264 Sarraceni,
1859 4198 2077 4269 cognito

489 4297 683 4338 eorum
728 4283 1039 4340 inconsulto
1077 4299 1359 4356 processu,
1390 4288 1686 4357 resumptis
1732 4288 1944 4345 viribus
1996 4290 2074 4344 ir-

487 4381 711 4430 ruentes
742 4374 798 4429 in
821 4389 938 4444 eos,
964 4385 1018 4431 et
1044 4377 1520 4433 circumvallantes
1545 4377 1809 4448 undique,
1842 4393 2074 4450 oppres-

2195 1897 2330 1952 nino
2357 1898 2582 1968 perdere
2628 1899 2989 1968 intendentes,
3015 1900 3067 1955 in
3094 1899 3421 1957 fortitudine
3443 1903 3660 1972 maxima,
3685 1891 3724 1960 εί

2195 1989 2250 2045 in
2275 1991 2623 2046 multitudine
2651 1991 2863 2047 inﬁnita
2887 2001 3265 2048 convenerunt
3284 1993 3354 2048 ad
3375 1993 3528 2050 licias
3546 2004 3723 2062 nostras,

2193 2098 2261 2139 ex
2294 2081 2447 2137 omni
2476 2091 2629 2153 parte
2649 2083 2927 2139 exercitus
2956 2091 3143 2140 tantos
3166 2093 3393 2154 tamque
3420 2084 3654 2141 terribiles
3668 2085 3724 2140 ia-

2194 2176 2400 2231 cientes
2431 2175 2691 2243 insultus,
2721 2183 2959 2247 quantos
2984 2177 3129 2233 sicut
3153 2193 3184 2232 a
3211 2177 3470 2248 pluribus
3490 2177 3726 2245 dicelatur,

2195 2265 2252 2320 in
2277 2267 2358 2322 eis
2407 2266 2642 2322 marinis
2686 2268 2935 2338 partibus
2978 2285 3264 2340 nunquam
3305 2269 3551 2325 viderant
3593 2271 3724 2327 facere

2199 2356 2558 2414 Sarracenos.
2587 2358 2802 2426 Quibus
2849 2369 3054 2428 tamen,
3079 2362 3262 2416 divina
3311 2362 3620 2432 praevalente
3658 2381 3731 2434 po-

2193 2451 2384 2518 tentia,
2412 2449 2665 2506 ordinata
2699 2466 2766 2506 ex
2795 2451 2946 2506 omni
2978 2461 3131 2522 parte
3164 2453 3446 2508 exercitus
3477 2461 3728 2508 nostrorum

2193 2541 2350 2611 copia
2396 2541 2724 2609 restitimus,
2757 2550 2811 2598 et
2832 2542 3069 2613 impetus
3097 2543 3407 2613 repulimus
3452 2543 3732 2608 eorumdem,

2192 2633 2433 2688 maxima
2474 2649 2666 2689 eorum
2701 2635 3051 2690 multitudine
3095 2644 3416 2691 nostrorum
3466 2636 3638 2706 gladiis
3672 2637 3734 2690 in-

2192 2726 2502 2780 cumbente.
2527 2725 2885 2782 Postmodum
2915 2736 3096 2782 autem
3124 2728 3331 2798 elapsis
3359 2729 3567 2798 aliquot
3589 2729 3738 2784 diebus

2191 2815 2503 2870 adventavit
2527 2817 2672 2886 apud
2701 2816 3002 2872 Massoram
3028 2815 3253 2873 Soldani
3284 2817 3457 2885 ﬁlius,
3481 2818 3740 2874 veniensde

2189 2907 2441 2978 partibus
2465 2904 2736 2964 Orientis:
2773 2908 2827 2962 in
2854 2909 3014 2979 cujus
3055 2908 3295 2964 adventu
3346 2910 3745 2982 tympanizantcs

2189 3009 2245 3056 et
2272 3001 2518 3056 latentes
2541 3000 2804 3072 IEgyptii,
2837 3009 3161 3070 receperunt
3182 3016 3311 3056 eum
3335 3001 3412 3056 ad
3444 3000 3702 3055 Dominum
3729 3019 3739 3052 :

2189 3098 2245 3144 et
2268 3105 2337 3144 ex
2361 3090 2466 3146 hoc
2495 3098 2844 3160 augmentata
2871 3098 2955 3145 est
2983 3105 3175 3144 eorum
3201 3107 3312 3144 non
3345 3091 3621 3146 modicum
3655 3088 3747 3144 iure

2190 3184 2385 3239 titudo.
2423 3182 2574 3240 Unde
2597 3184 2741 3255 apud
2787 3199 2890 3239 nos
2939 3184 3316 3254 postmodum,
3345 3185 3626 3241 nescimus
3669 3199 3748 3255 quo

2189 3274 2284 3330 Dei
2312 3276 2545 3347 judicio,
2575 3278 2762 3332 omnia
2795 3277 3002 3332 nostris
3029 3278 3319 3333 desideriis
3352 3277 3414 3332 in
3451 3277 3753 3334 contrarium

2187 3377 2607 3436 successerunt,
2676 3370 2916 3424 inolente
2981 3369 3326 3425 diversarum
3403 3371 3752 3443 aegritudinum

2186 3469 2358 3530 peste.
2387 3469 2442 3516 et
2466 3460 2818 3515 mortalitatis
2847 3461 3012 3516 etiam
3047 3463 3320 3534 generalis
3345 3471 3469 3518 tam
3511 3463 3572 3518 in
3609 3462 3753 3518 homi-

2187 3553 2348 3608 nibus
2375 3568 2542 3623 quam
2571 3553 2625 3607 in
2647 3552 2826 3623 equis,
2856 3554 2928 3607 ita
2959 3555 3108 3624 quod
3135 3555 3228 3608 vix
3250 3563 3418 3610 erant
3465 3557 3523 3610 in
3551 3555 3756 3610 exercitu

2184 3644 2353 3714 aliqui
2378 3645 2474 3714 qui
2498 3652 2748 3700 mortuos
2769 3660 2902 3700 suos
2940 3661 3051 3700 non
3092 3647 3451 3718 plangerent,
3484 3655 3584 3702 aut
3614 3660 3758 3716 agro—

2182 3747 2362 3792 tantes
2385 3736 2453 3791 ad
2480 3746 2735 3792 mortem.
2766 3736 2917 3794 Unde
2944 3754 3043 3808 pro
3071 3755 3268 3810 magna
3291 3751 3466 3810 parte
3489 3741 3763 3796 diminutus

2181 3835 2301 3882 erat
2330 3828 2605 3884 exercitus
2629 3827 3000 3895 Christianus,
3023 3838 3078 3885 et
3101 3840 3490 3902 consumptus

2253 3917 2463 3976 Tantus
2484 3929 2603 3975 erat
2624 3919 2869 3978 defectus
2902 3921 3248 3989 victualium,
3273 3923 3435 3993 quod
3469 3923 3658 3994 plures
3677 3923 3768 3988 ine-

2181 4011 2269 4066 dia
2296 4011 2620 4067 deﬁciebant
2646 4025 2700 4068 et
2723 4012 2887 4068 fame.
2909 4013 3029 4069 Non
3055 4014 3204 4070 enim
3233 4017 3458 4072 vasella
3493 4015 3700 4071 navalia
3718 4013 3770 4066 de

2180 4103 2426 4160 Damieta
2452 4105 2520 4160 ad
2548 4107 2848 4160 exercitum
2888 4105 3123 4162 transire
3169 4115 3466 4178 poterant,
3494 4107 3768 4176 impedien-

2179 4196 2326 4252 tibus
2356 4195 2785 4253 Sarracenorum
2836 4198 3009 4270 galeis
3057 4207 3112 4253 et
3157 4199 3312 4255 vasis
3360 4201 3653 4269 piraticis,
3676 4212 3773 4268 qua!

2177 4303 2276 4357 per
2337 4296 2541 4360 terram
2594 4287 2650 4342 in
2709 4287 2935 4344 ﬂumine
3001 4289 3424 4345 collocaverunt
3503 4291 3773 4345 antedien.

2181 4377 2380 4448 Sicque
2413 4379 2789 4450 compluribus
2815 4380 2964 4435 vasis
2988 4381 3196 4436 nostris
3221 4381 3390 4450 prius
3425 4382 3614 4452 captis
3635 4380 3698 4434 ab
3715 4379 3776 4432 eis

488 4475 681 4525 serunt
706 4468 950 4538 eosdem,
973 4470 1068 4526 ubi
1093 4469 1236 4526 facta
1264 4478 1350 4526 est
1374 4482 1690 4526 nostrorum
1716 4479 1927 4543 strages
1961 4490 2070 4529 non
2100 4477 2149 4536 D
2175 4470 2230 4524 in
2267 4470 2510 4538 ﬂumine,
2536 4472 2757 4527 tandem
2795 4471 2933 4526 duas
2964 4473 3274 4528 successive
3303 4464 3662 4538 caravanas,
3690 4474 3780 4525 vic-

487 4561 706 4618 modica
749 4561 1018 4619 baronum
1079 4572 1134 4618 et
1186 4564 1461 4630 militum,
1517 4572 1630 4620 tam
1689 4565 2071 4636 religiosorum

486 4667 650 4722 quam
669 4653 924 4722 aliorum,
940 4655 1009 4711 de
1027 4671 1136 4725 qua
1155 4671 1265 4710 non
1291 4655 1565 4710 immerito
1581 4655 1856 4712 doluimus
1876 4673 2072 4728 quam-

483 4741 784 4814 plurimum
815 4755 870 4801 et
894 4746 1162 4802 dolemus.
1193 4745 1272 4801 Ibi
1299 4747 1464 4802 etiam
1491 4747 1642 4803 illum
1667 4750 2073 4820 praeeordialcm

483 4846 538 4892 et
566 4838 890 4908 praeclarum
905 4837 1131 4894 fratrem
1151 4849 1424 4908 nostrum,
1449 4842 1753 4899 recolendze
1774 4843 2070 4911 memorias,

483 4935 539 4982 et
590 4928 950 4985 Atrabensem
993 4929 1271 4997 comitem,
1324 4933 1693 5003 temporaliter
1746 4935 2064 4991 amisimus:

484 5020 632 5089 quod
659 5037 785 5076 cum
829 5021 1012 5075 cordis
1050 5023 1414 5078 amaritudine
1462 5026 1756 5082 recolimus
1780 5035 1834 5081 et
1863 5026 2068 5094 dolore,

489 5113 618 5172 licet
644 5113 710 5167 de
732 5113 851 5183 ipso
877 5112 1222 5181 gaudendum
1257 5115 1327 5170 sit
1353 5117 1534 5186 potius
1559 5133 1722 5186 quam
1755 5118 2066 5184 dolendum,

487 5205 750 5278 quoniam
799 5221 899 5276 pro
953 5215 1101 5262 certo
1157 5209 1430 5265 credimus
1481 5219 1534 5264 et
1582 5226 1868 5280 speramus
1917 5226 2066 5279 eum,

484 5313 687 5354 corona
710 5298 975 5370 martyrii,
1008 5299 1076 5354 ad
1102 5300 1375 5356 caelestem
1419 5301 1664 5356 evolasse
1734 5303 1991 5372 patriam,
2012 5312 2068 5358 et

482 5387 558 5443 ibi
581 5403 707 5442 cum
737 5389 943 5445 sanctis
971 5390 1309 5461 martyribus
1345 5391 1658 5460 perenniter
1703 5393 2066 5463 congaudere.

565 5477 753 5548 Itaque
779 5479 866 5535 die
890 5481 1000 5547 illa,
1034 5480 1350 5536 Sarracenis
1377 5497 1539 5551 super
1595 5495 1696 5538 nos
1737 5484 2069 5540 irruentibus

497 5569 756 5639 undique,
781 5586 845 5626 ac
873 5572 1101 5627 imbrem
1120 5573 1492 5628 emittentibus
1513 5574 1853 5644 sagittarum,
1880 5589 2072 5642 graves

496 5658 732 5716 insultus
799 5664 1163 5718 sustinuimus
1223 5665 1540 5720 eorumdem
1611 5681 1820 5735 usque
1856 5667 2073 5721 circiter

489 5749 681 5806 Loram
710 5768 930 5822 nonam,
961 5754 1244 5810 deﬁciente
1283 5755 1442 5810 nobis
1485 5755 1710 5810 omnino
1746 5756 2072 5813 balistarum

2182 4560 2352 4616 tualia
2393 4569 2448 4615 et
2469 4561 2576 4616 alia
2605 4561 2777 4616 multa
2821 4561 2963 4616 bona
2993 4561 3060 4616 ad
3091 4563 3416 4618 exercitum
3468 4563 3778 4622 defereatrs.

2181 4669 2318 4710 czesa
2359 4655 2700 4709 marinorum
2734 4663 2787 4710 et
2819 4655 3051 4710 aliorum
3088 4655 3509 4724 multitudine,
3550 4663 3786 4728 ceperunt

2180 4744 2237 4800 in
2292 4745 2462 4800 totius
2515 4746 2789 4801 exercitus
2826 4747 3234 4802 detrimentum.
3290 4746 3480 4804 Unde
3527 4748 3784 4804 deﬁciente

2179 4837 2404 4892 omnino
2434 4837 2776 4905 victualiuin,
2806 4848 2861 4894 et
2887 4855 3120 4894 annonae
3166 4855 3473 4910 equorum
3529 4840 3784 4910 suffragio.

2179 4937 2466 4999 eruperunt
2495 4929 2549 4984 in
2580 4930 2824 4985 exercitu
2853 4931 3083 4985 deﬁcere
3115 4931 3229 4986 fere
3259 4947 3520 5001 omnes,
3549 4935 3608 4988 in
3654 4933 3786 4987 deso-

2178 5027 2436 5084 lationem
2466 5039 2518 5085 et
2547 5037 2808 5085 terrorem
2841 5047 2950 5086 non
2982 5029 3260 5085 modicum
3311 5031 3677 5092 incidentes.
3713 5030 3788 5085 llis

2176 5119 2342 5191 igitur
2365 5129 2602 5176 arctatos
2631 5121 3015 5188 incommodis,
3030 5130 3140 5176 tam
3163 5133 3418 5193 propter
3437 5125 3696 5181 ciborum
3717 5138 3784 5176 ca-

2173 5211 2405 5266 rentiam
2433 5221 2487 5268 et
2511 5227 2779 5283 equorum
2804 5228 3056 5281 annonae,
3085 5224 3194 5269 tam
3217 5227 3489 5286 propter
3518 5235 3686 5274 casus
3717 5232 3789 5271 su-

2174 5303 2359 5372 perius
2381 5303 2694 5371 adnotatos,
2720 5303 3047 5360 inevitabilis
3068 5307 3401 5386 necessitas
3437 5324 3554 5376 nos
3605 5305 3799 5400 induxit‘

2170 5411 2200 5449 a
2229 5395 2349 5450 loco
2377 5395 2637 5464 praedicto
2659 5396 2931 5462 recedere,
2954 5404 3008 5451 et
3031 5396 3096 5450 ad
3132 5407 3338 5466 partes
3393 5399 3680 5456 Damiata:
3717 5395 3799 5452 ιιι-³

2170 5484 2308 5551 dire,
2350 5485 2393 5539 si
2435 5485 2701 5540 Dominus
2729 5486 3074 5556 providisset.
3108 5485 3234 5551 Sed,
3269 5507 3422 5544 cum
3454 5495 3567 5547 via:
3587 5473 3799 5546 hominit‘

2171 5591 2272 5628 non
2303 5577 2406 5629 sint
2431 5578 2487 5630 in
2509 5594 2589 5643 eo,
2613 5578 2703 5631 sed
2724 5579 2902 5648 potius
2925 5578 2979 5630 in
3002 5577 3118 5644 illo,
3143 5580 3234 5648 qui
3269 5597 3648 5657 quorumque
3670 5601 3799 5670 ςγδι-γ

2169 5685 2259 5722 sua
2287 5667 2492 5740 dirigit,
2523 5681 2571 5724 et
2613 5670 2843 5739 disponit
2889 5670 3050 5739 juxta
3091 5687 3192 5723 sua
3215 5671 3469 5739 placita
3524 5667 3799 5731 τοιιιιιατω

2172 5757 2389 5830 (Jerem.
2417 5776 2474 5828 χ,
2503 5760 2619 5833 25),
2664 5761 2794 5816 dum
2819 5776 3067 5817 essemus
3094 5762 3148 5816 in
3182 5761 3419 5822 itinere
3474 5747 3799 5836 nevertendi,‘
