3832 6314
1281 318 1500 376 EPIST.
1535 318 1593 374 Β.
1635 317 1962 376 ιυυονιῦι
1995 319 2088 376 IX.

3196 320 3336 377 1286

117 449 253 517 quinto
273 442 472 499 scilicet
497 441 593 498 die
622 440 831 498 mensis
850 437 1078 509 Aprilis,
1115 445 1167 493 et
1191 435 1478 491 Sarraceni
1513 433 1642 489 totis
1670 437 1719 493 A
1743 435 1986 490 exercitu
2014 435 2069 488 in
2096 433 2293 492 itinere
2313 434 2566 492 veniendi
2585 435 2852 492 adversus
2894 451 3063 509 prrpe
3112 436 3334 493 Damia—

123 537 202 595 suis
222 537 399 593 viribus
431 532 785 606 congregatis
815 531 870 586 in
898 546 1090 597 unum,
1118 545 1244 584 cum
1289 527 1638 583 multitudine

123 625 270 684 inﬁnita
311 625 556 698 aggressi
601 632 734 680 sunt
775 623 1075 678 exercitum
1109 620 1526 686 Christianum;
1559 628 1633 685 et,

119 711 217 775 sicut
240 717 436 783 accidit,
482 715 847 787 pcrmissione
893 713 1101 780 divina,
1144 711 1380 783 peccatis
1429 710 1635 766 nostris

97 807 402 884 Exigentibus,
428 809 486 862 in
508 824 711 864 manus
732 805 1075 862 inimicorum
1093 804 1416 860 incidimus:
1452 803 1631 870 nobis,

59 901 471 967 nteharissimis
495 899 762 956 fratribus
803 899 1031 965 nostris,
1074 896 1140 952 Α.
1172 896 1550 963 Pictaviensis,
1577 906 1634 953 et

41 995 160 1060 αὶ.
179 990 541 1064 Andegavensis
577 989 890 1057 comitibus,
913 997 970 1046 et
994 988 1204 1044 caneris
1225 988 1317 1058 qui
1344 987 1631 1044 nobiscum

50 1085 450 1154 ﬁevertcbantur
472 1099 572 1154 per
607 1091 830 1148 terram,
861 1081 1078 1137 nemine
1104 1080 1324 1152 penitus
1345 1080 1630 1148 evadente,

61 1177 240 1248 captis
263 1184 306 1231 et
343 1173 660 1230 carceribus
690 1173 1034 1244 mancipatis,
1064 1187 1175 1228 non
1221 1171 1340 1227 sine
1391 1171 1632 1226 maxima

68 1280 245 1339 strage
266 1276 590 1333 nostrorum,
621 1276 677 1322 et
709 1265 976 1322 eﬂ'usione
999 1281 1106 1320 non
1140 1265 1353 1320 modica
1403 1265 1628 1336 sangui-

73 1362 178 1423 nis
195 1359 486 1416 Christiani:
533 1359 732 1430 majori
782 1367 937 1430 parte
985 1358 1203 1413 illorum
1249 1358 1346 1429 qui
1393 1365 1631 1413 reverte-

77 1459 260 1513 bantur
287 1467 376 1524 per
401 1451 651 1518 fluvium,
683 1452 936 1508 similiter
968 1460 1147 1522 capta,
1179 1460 1276 1506 aut
1315 1452 1495 1523 gladio
1539 1451 1627 1506 in-

83 1543 302 1610 teriecta;
328 1543 545 1600 vasellis
569 1543 878 1610 navalibus,
911 1552 971 1598 ut
1018 1543 1336 1614 plurimum,
1377 1544 1628 1599 incendio

89 1637 340 1708 dissipatis,
393 1635 449 1690 in
495 1635 722 1706 quibus
767 1634 1003 1690 incendii
1057 1635 1278 1690 ﬂamma
1325 1635 1629 1691 combussit

92 1737 398 1803 aegrotantum
447 1729 853 1786 multitudinem
903 1730 1237 1786 doloresam.
1301 1731 1445 1786 Sane
1495 1739 1623 1801 post

1736 534 1869 592 tam,
1898 541 1998 596 pro
2039 528 2375 598 complendis
2398 528 2656 584 omnibus
2710 529 3061 598 supradictis,
3109 529 3328 596 accidit,

1735 618 2166 690 divinojudicio,
2207 621 2354 691 quod
2378 620 2601 691 quidam
2645 619 2850 675 milites
2879 618 3190 688 Sarraceni,
3220 636 3329 676 non

1735 709 1857 764 sine
1902 709 2249 766 conniventia
2283 711 2370 766 vel
2398 711 2624 781 majoris
2654 711 2825 781 partis
2860 712 3153 776 exercitus,
3183 714 3328 767 irru-

1733 809 1888 856 entes
1919 801 1972 855 in
2003 799 2304 858 Soldanum
2340 803 2661 874 prmdictum
2704 813 3018 876 surgentem
3063 804 3120 859 in
3167 820 3328 860 mane

1733 892 1799 949 de
1821 909 2032 960 mensa,
2051 903 2174 964 post
2196 896 2506 966 prandium,
2533 896 2708 966 ipsum
2732 896 3046 953 immaniter
3073 896 3330 952 vulnera-

1731 992 1948 1050 verunt,
1976 993 2030 1040 et
2056 985 2122 1041 dc
2161 1003 2262 1042 suo
2281 989 2516 1044 tentorio
2544 998 2858 1057 exeuntem,
2884 999 2945 1045 ut
2971 999 3162 1061 posset
3182 989 3325 1062 fuga:

1730 1076 1996 1132 beneﬁcio
2053 1078 2295 1148 liberari,
2321 1080 2631 1137 videntibus
2672 1080 2787 1137 fere
2839 1083 3097 1139 omnibus
3147 1084 3317 1138 admi-

1731 1169 1886 1236 ratis,
1915 1178 1968 1226 et
1994 1170 2228 1226 aliorum
2277 1171 2708 1230 Sarracenorum
2763 1175 3134 1244 multitudine,
3171 1175 3323 1233 frus-

1729 1261 1888 1316 tatim
1930 1261 2125 1333 gladiis
2180 1265 2541 1321 trucidarunt.
2580 1265 2702 1334 Quo
2750 1277 3080 1339 perpetrato,
3132 1269 3322 1325 statim

1729 1351 1885 1406 multi
1917 1350 2206 1408 Sarraeeni
2237 1356 2453 1421 armati,
2480 1356 2534 1410 in
2566 1357 2658 1411 illo
2693 1357 2895 1415 furoris
2925 1358 3126 1425 calore,
3155 1375 3324 1415 vene-

1728 1450 1858 1496 runt
1881 1443 1948 1496 ad
1973 1455 2221 1498 nostrum
2259 1446 2575 1513 tentorium,
2613 1463 2678 1502 ac
2719 1449 2766 1502 si
2813 1449 3032 1517 vellent,
3058 1458 3118 1504 ut
3163 1450 3322 1506 timc-

1727 1531 1889 1587 batur
1916 1547 1947 1586 a
1975 1533 2185 1600 multis,
2214 1533 2266 1587 in
2287 1549 2387 1589 nos
2414 1544 2466 1589 et
2500 1535 2636 1591 alios
2659 1536 3004 1593 Christianos
3037 1538 3317 1605 desaevirc;

1727 1625 1822 1680 sed
1849 1624 2032 1679 divina
2055 1625 2342 1680 clementia
2387 1641 2577 1680 eorum
2601 1624 2798 1682 furiem
2823 1628 3128 1699 mitigante,
3153 1643 3320 1698 super

1725 1716 2007 1773 ﬁrmandis
2040 1717 2246 1788 trcugis
2282 1717 2599 1788 praebabitis
2634 1735 2760 1773 cum
2798 1717 3060 1787 Soldano,
3087 1728 3142 1776 et
3183 1721 3319 1776 civi—

94 1790 348 1892 εξριίοηεω
401 1830 670 1888 nostram,
723 1836 822 1890 per
865 1820 983 1876 dies
1031 1821 1243 1892 aliqua;
1284 1821 1400 1892 jam
1445 1790 1624 1878 (ti-ctus
1655 1790 1699 1851 Β
1728 1808 1857 1862 tatis
1882 1807 2142 1864 Damiata:
2182 1809 2502 1866 liberatione
2548 1808 2769 1878 festina,
2804 1825 2906 1866 nos
2947 1811 3320 1882 requisierunt

96 1911 316 1968 Soldanus
360 1911 564 1983 requiri
613 1927 717 1967 nos
761 1911 888 1968 fecit
935 1913 1002 1969 de
1050 1914 1259 1984 treugis
1308 1912 1622 1971 faciendis:

94 2012 245 2073 petens
267 2003 542 2070 instanter,
572 2018 682 2058 non
709 2002 828 2060 sine
856 2003 1022 2060 minis
1055 2013 1111 2060 et
1137 2005 1456 2061 austeritate
1497 2021 1624 2061 ver-

92 2094 265 2162 horum,
289 2095 430 2164 quod
483 2095 699 2151 sublato
749 2110 917 2150 mora:
969 2095 1274 2165 dispendio,
1320 2095 1626 2155 faceremus

89 2181 174 2236 sibi
197 2181 381 2236 restitui
405 2180 733 2249 Damiatam,
757 2196 881 2236 cum
914 2183 1170 2239 omnibus
1214 2183 1380 2240 rebus
1423 2183 1624 2240 ibidem

85 2271 279 2326 inventis
295 2312 310 2338 ,
340 2280 394 2326 et
414 2271 807 2328 rcsarciremus
829 2272 1012 2326 omnia
1040 2271 1261 2340 damna,
1284 2281 1338 2328 et
1354 2288 1623 2344 expensas

77 2378 195 2432 quas
212 2362 402 2418 fecerat
428 2378 602 2434 usque
622 2363 690 2418 ad
719 2373 932 2433 tempus
960 2363 1090 2418 illud
1115 2379 1145 2418 a
1175 2364 1264 2419 die
1309 2380 1416 2436 qua
1473 2379 1622 2421 rece-

75 2464 238 2521 perant
290 2453 592 2510 Damietam
651 2454 973 2510 Christiani.
1031 2454 1273 2510 Tandem
1315 2471 1446 2510 vero
1498 2464 1623 2527 post

70 2546 246 2601 multos
265 2553 548 2613 tractatus,
581 2555 801 2617 treugas
826 2546 1085 2604 inivimus
1110 2563 1285 2619 usque
1324 2549 1392 2604 ad
1423 2549 1621 2605 decen-

62 2639 218 2707 nium,
247 2640 347 2695 sub
379 2641 485 2696 hac
513 2639 710 2708 forma,
741 2641 1025 2697 videlicet:

126 2728 263 2797 Quod
307 2731 448 2786 idem
498 2730 772 2789 Soldanus
814 2750 936 2800 nos,
974 2743 1032 2790 et
1079 2749 1270 2792 omnes
1327 2737 1422 2808 qui
1473 2739 1615 2810 capti

51 2815 298 2876 fueranta
323 2821 638 2878 Sarracenis
658 2833 946 2895 postquam
967 2825 1218 2882 venimus
1239 2827 1294 2881 in
1320 2827 1615 2899 Egyptum

46 2905 377 2968 Christianos
411 2913 678 2984 captivos,
707 2929 810 2970 nec
852 2930 962 2971 non
1005 2925 1061 2972 et
1112 2931 1306 2974 omnes
1353 2919 1492 2975 alios
1549 2920 1617 2977 de

41 3002 454 3074 quibuscunque
478 3005 726 3074 partibus
750 3007 1036 3074 oriundos,
1065 3009 1158 3078 qui
1203 3009 1345 3079 capti
1397 3009 1617 3068 fuerant

36 3106 66 3144 a
95 3102 332 3166 tempore
353 3111 466 3166 quo
491 3095 764 3154 Soldanus
790 3096 1033 3169 Kyemel,
1058 3114 1198 3156 avus
1223 3100 1468 3172 ejusdem
1495 3100 1615 3159 Sol-

46 3183 156 3242 iani
205 3187 401 3261 Caym,
427 3205 554 3245 cum
601 3191 932 3261 imperatore
987 3202 1207 3264 treugas
1268 3193 1487 3261 inierat,
1545 3194 1614 3250 de

47 3294 244 3336 arcere
290 3281 570 3350 liberaret,
603 3293 659 3338 et
691 3283 891 3339 liberos
935 3285 1085 3340 abire
1135 3286 1472 3356 permitteret
1521 3286 1614 3342 ubi

23 3373 252 3441 vellent;
286 3381 346 3428 et
393 3373 542 3444 quod
597 3383 772 3432 terras
809 3391 949 3446 quas
995 3375 1292 3432 Christiani
1343 3378 1397 3432 in
1445 3395 1614 3451 regno

24 3459 530 3539 Ilierosolymitano
561 3467 816 3524 tenebant
862 3469 916 3524 in
953 3469 1188 3525 adventu
1238 3479 1449 3538 nostro,
1485 3489 1612 3528 cum

19 3560 278 3615 omnibus
301 3560 648 3630 pertinentiis
679 3561 734 3615 in
763 3577 951 3616 earum
1004 3577 1139 3632 pace
1185 3572 1448 3618 tenerent.
1500 3563 1613 3619 Nos

15 3660 198 3706 autem
223 3651 554 3707 tenebamur
588 3651 638 3707 ei
693 3651 920 3707 reddere
959 3650 1287 3718 Damiatam,
1330 3662 1382 3707 et
1430 3654 1613 3708 octin-

13 3753 170 3808 genta
197 3743 378 3797 millia
405 3741 812 3814 Byzantiorum,
837 3743 1265 3800 Sarracenorum
1296 3759 1396 3814 pro
1418 3743 1614 3799 libera—

10 3833 158 3888 tione
191 3833 568 3904 eaptivorum,
598 3842 655 3890 et
677 3835 914 3901 damnis,
942 3843 997 3889 et
1024 3836 1280 3906 expensis
1303 3836 1609 3906 prtedictis:

10 3923 70 3981 de
95 3926 315 3998 quibus
335 3925 454 3998 jam
479 3926 743 3982 solvimus
773 3927 1202 4000 quadringentos
1230 3947 1242 3982 :
1276 3936 1332 3983 et
1377 3929 1614 3985 liberare

11 4029 200 4072 omnes
232 4015 578 4074 Sarracenos
605 4026 792 4088 captos
814 4017 866 4073 in
899 4017 1136 4090 Egypto
1182 4035 1212 4074 a
1259 4018 1610 4089 Christianis,

13 4115 311 4179 postquam
351 4108 482 4164 illuc
505 4109 777 4178 venimus,
805 4124 907 4166 nec
939 4125 1050 4165 non
1084 4121 1140 4165 et
1175 4125 1271 4165 eos
1320 4110 1415 4181 qui
1467 4112 1610 4182 capti

17 4193 229 4254 fuerant
257 4199 318 4254 in
366 4213 536 4271 regno
570 4197 1082 4272 Hierosolymitano,
1121 4217 1152 4256 a
1184 4209 1426 4272 tempore
1463 4211 1612 4258 treu-

21 4303 196 4354 ;arum
237 4291 384 4345 olim
424 4289 692 4346 factarum
719 4291 859 4347 inter
890 4292 1274 4363 imperatorem
1319 4302 1374 4349 et
1419 4294 1605 4349 Solda-

1642 3148 1686 3206 (ἶ

1727 1900 2013 1956 instanter.
2044 1899 2181 1956 Cum
2206 1902 2430 1974 quibus,
2453 1903 2755 1973 praemissis
2794 1913 2974 1960 tamen
3001 1905 3071 1958 ah
3101 1905 3182 1961 cis
3203 1921 3321 1961 ver-

1725 1991 1920 2048 borum
1952 2002 2007 2048 et
2052 1995 2544 2050 eomminationum
2593 1996 2871 2063 tonitruis,
2897 1996 3116 2052 tandem
3173 1999 3322 2054 sicut

1725 2083 1960 2140 Domin’o
1984 2086 2210 2156 placuit,
2250 2087 2344 2158 qui
2395 2096 2658 2158 tanquam
2710 2097 2866 2158 pater
2909 2087 3320 2144 misericordia-

1724 2193 1872 2243 rum,
1902 2187 1956 2233 et
1982 2180 2104 2250 pius
2133 2179 2188 2232 in
2231 2179 2680 2236 tribulationibus
2706 2181 3042 2248 consolator,
3081 2181 3319 2252 gemitus

1724 2270 2159 2340 compeditorum
2184 2270 2427 2338 exaudit,
2468 2272 2806 2327 ﬁrmavimus
2835 2288 2960 2328 eum
2985 2274 3318 2343 juramentis

1722 2369 1942 2433 treugas
1970 2378 2110 2433 quas
2141 2361 2447 2419 feceramus
2475 2372 2634 2419 antea
2662 2381 2785 2420 cum
2824 2363 3105 2432 Soldano;
3149 2375 3204 2421 et
3247 2367 3318 2422 ab

1721 2450 1982 2510 omnibus
2020 2461 2075 2508 et
2101 2453 2336 2525 singulis
2383 2468 2576 2508 eorum
2622 2453 2933 2524 recepimus
2976 2454 3314 2524 juramenta,

1715 2543 1872 2616 juxta
1905 2545 2077 2617 legem
2107 2545 2427 2601 corumdem
2457 2560 2623 2616 super
2653 2546 2857 2616 treugis
2887 2545 3094 2602 nostris
3125 2547 3317 2602 obser-

1718 2637 1933 2704 vandis,
1979 2637 2356 2693 determinatis
2402 2639 2568 2693 certis
2610 2636 2973 2707 temporibus,
3015 2637 3156 2692 infra
3191 2652 3316 2708 quas

1718 2729 1916 2798 captivi
1948 2729 2314 2785 liberarentur
2350 2729 2479 2784 hinc
2520 2729 2688 2796 inde;
2720 2738 2774 2784 et
2828 2728 3091 2786 Damiata:
3120 2730 3316 2786 civitas

1717 2822 2054 2877 redderetur.
2087 2821 2146 2877 In
2174 2822 2333 2893 cujus
2360 2821 2685 2888 redditione,
2721 2829 2777 2877 et
2803 2831 2931 2878 tunc
2962 2838 3089 2878 eum
3139 2822 3317 2888 admi-

1717 2915 1852 2970 ratis
1871 2915 2102 2984 eisdem,
2133 2925 2188 2970 et
2206 2923 2362 2970 antea
2399 2931 2524 2970 cum
2552 2913 2790 2970 Soldano
2819 2915 2985 2972 ea.de
3003 2929 3170 2970 causa
3199 2929 3313 2969 non

1718 3007 1837 3063 sine
1864 3007 2178 3064 ditlicultate
2198 3007 2580 3074 convenimus,
2607 3008 2738 3079 quia
2765 3023 2890 3078 spes
2924 3007 3072 3062 nulla
3107 3014 3226 3062 erat
3245 3006 3316 3062 de

1718 3101 1998 3156 retinenda
2024 3101 2242 3156 civitate
2259 3100 2374 3170 jam
2389 3100 2554 3166 dicta,
2579 3100 2722 3172 sicut
2742 3099 3049 3156 certissime
3069 3115 3168 3170 per
3189 3099 3313 3157 illos

1719 3195 2087 3251 intelleximus
2132 3195 2227 3266 qui
2249 3195 2317 3250 ad
2341 3210 2445 3250 nos
2466 3195 2534 3249 de
2563 3193 2812 3248 Damiata
2861 3202 3142 3261 venerant,
3168 3193 3314 3260 veri-

1714 3295 1880 3342 tatem
1913 3287 2227 3342 nullatenus
2257 3287 2570 3358 ignorantes
2597 3304 2611 3339 :
2645 3295 2866 3356 propter
2895 3301 3056 3356 quos,
3082 3283 3150 3341 de
3175 3301 3312 3342 con-

1715 3377 1839 3433 silio
1871 3379 2140 3434 baronum
2169 3377 2435 3444 Franciaa,
2463 3387 2518 3433 et
2545 3378 3012 3448 quamplurimum
3047 3377 3306 3444 aliorum,

1714 3469 1897 3538 potius
1923 3469 2189 3540 elegimus
2211 3467 2608 3524 Christianitati
2636 3466 2751 3522 fore
2776 3467 3102 3534 consultius,
3128 3481 3228 3522 nos
3257 3477 3313 3523 et

1714 3559 1961 3627 captivos
1984 3559 2124 3614 alios
2151 3574 2251 3629 pro
2280 3558 2488 3630 treugis
2517 3557 2833 3628 hujusmodi
2875 3556 3117 3625 liberari,
3141 3573 3309 3626 quam

1714 3653 1987 3708 civitatem
2012 3653 2192 3708 taliter
2207 3651 2492 3707 admittere
2513 3666 2638 3707 cum
2662 3649 2884 3706 residuo
2904 3649 3090 3720 populi
3117 3648 3310 3704 Chris-

1715 3743 1847 3798 tiani
1882 3743 2170 3798 existentis
2194 3742 2249 3796 in
2275 3741 2388 3808 illa,
2421 3758 2587 3813 quam
2613 3756 2713 3796 nos
2735 3749 2790 3797 et
2811 3740 2950 3796 alios
2993 3740 3096 3794 sub
3137 3739 3308 3795 tantis

1713 3834 1971 3906 periculis
1997 3834 2051 3888 in
2079 3849 2297 3889 carcere
2323 3849 2624 3890 remanere.
2655 3832 2753 3888 Die
2782 3832 2947 3904 igitur
2981 3838 3186 3888 statuta
3213 3846 3307 3886 rev

1713 3935 1974 3996 ceperunt
1998 3926 2250 3981 admirati
2282 3926 2521 3996 praedicti
2551 3925 2826 3982 civitatem
2869 3925 3150 3979 eamdem:
3195 3939 3306 3993 qua

1701 4024 1950 4086 recepta,
1975 4015 2344 4070 liberaverunt
2362 4031 2463 4071 nos
2506 4024 2560 4069 et
2583 4013 2782 4070 fratres
2803 4022 3050 4080 nostros;
3075 4027 3175 4068 nec
3193 4027 3306 4068 non

1712 4108 1943 4162 comites
1989 4107 2303 4176 Britanniae,
2351 4116 2406 4163 et
2445 4107 2738 4175 Flandrite,
2786 4117 2842 4162 et
2892 4105 3178 4162 Suession.
3236 4104 3307 4160 Et

1711 4201 1916 4255 multos
1931 4199 2068 4261 alios
2089 4199 2344 4267 barones,
2362 4199 2564 4255 milites
2582 4200 2649 4256 de
2672 4215 2840 4271 regno
2862 4199 3126 4266 Francim,
3149 4197 3305 4255 Jero-

1713 4291 2069 4361 solymorum,
2091 4299 2146 4346 et
2159 4289 2343 4363 Cypri.
2363 4289 2571 4346 Ettunc
2586 4305 2737 4360 spem
2756 4290 2968 4345 ﬁrmam
2985 4289 3301 4358 habuimus,

24 4395 126 4436 tum
162 4383 530 4452 praedictum.
562 4382 810 4454 Adjecto,
841 4383 988 4455 quod
1019 4385 1203 4440 omnia
1228 4385 1373 4441 bona
1419 4395 1609 4442 nostra
1709 4400 1774 4439 ex
1792 4401 1902 4454 quo
1925 4400 2026 4440 nos
2050 4385 2420 4440 liberaverunt
2436 4393 2490 4440 et
2511 4384 2649 4439 alios
2673 4384 3038 4456 supradictas,
3061 4385 3206 4455 quod
3233 4385 3303 4440 de

26 4476 254 4542 nobilia,
281 4483 347 4531 et
372 4476 621 4532 omnium
648 4476 880 4532 aliorum
914 4477 1057 4548 apud
1083 4476 1388 4533 Damiatam
1423 4494 1604 4534 remao
1637 4505 1685 4564 υ
1714 4478 2002 4533 reddendis
2041 4486 2094 4533 ct
2137 4478 2436 4534 liberandis
2476 4479 2736 4534 omnibus
2784 4478 2908 4534 aliis
2947 4475 3299 4541 Christianis,

25 4570 210 4636 tentia,
241 4577 383 4640 post
409 4585 686 4626 recessum
713 4579 981 4637 nostrum,
1019 4570 1168 4625 salva
1194 4569 1394 4638 forent,
1423 4580 1476 4626 et
1504 4571 1608 4627 sub
1709 4567 2020 4638 juramenta
2046 4585 2143 4625 sua
2172 4569 2400 4627 firmiter
2425 4571 2803 4638 observarent,
2836 4569 3137 4626 secundum
3163 4582 3298 4623 con-

30 4662 253 4717 ustodia
284 4670 349 4717 et
371 4661 688 4719 defensione
709 4663 952 4734 ejusdem
981 4660 1225 4730 Soldani,
1249 4663 1516 4734 portanda
1539 4662 1606 4718 ad

27 4766 200 4807 L-rram
255 4751 713 4808 Christianorum
755 4753 1194 4824 quandocunque
1223 4753 1607 4823 opportunitas

27 4844 328 4899 aberetur.
365 4841 568 4901 Omnes
608 4844 773 4900 etiam
803 4844 1104 4900 Christiani
1158 4845 1380 4913 inﬁrmi,
1410 4853 1465 4900 et
1513 4845 1605 4899 alii

26 4936 64 4987 ui
97 4951 217 5004 pro
255 4936 568 4992 vendendis
591 4937 755 4992 rebus
787 4937 901 4992 suis
928 4954 1067 5008 quas
1105 4938 1178 4992 ibi
1227 4937 1520 5005 habebant,
1547 4939 1600 4992 in

27 5024 247 5078 amiata
274 5039 499 5079 moram
524 5025 820 5091 traherent,
848 5027 949 5081 tuti
977 5027 1229 5082 similiter
1269 5036 1471 5094 essent,
1518 5043 1602 5082 re-

24 5117 203 5171 ssuri
238 5132 354 5188 per
376 5126 578 5173 terram
612 5115 695 5173 vel
748 5133 846 5188 per
888 5134 1059 5187 mare,
1109 5118 1330 5190 quando
1381 5119 1598 5185 vellent,

25 5224 85 5262 ne
113 5209 547 5278 impedimento
570 5210 655 5265 vel
689 5211 1122 5266 contradictione
1162 5227 1508 5282 quacunque.
1535 5211 1600 5266 Et

22 5301 252 5357 auibus
275 5302 397 5356 illis
419 5302 514 5372 qui
539 5317 638 5372 per
667 5308 867 5356 terram
903 5302 1102 5357 vellent
1144 5302 1416 5368 recedere,
1448 5312 1598 5357 tene-

21 5400 131 5445 itur
164 5391 339 5446 idem
375 5390 659 5447 Soldanus
674 5408 848 5462 usque
863 5392 928 5447 ad
950 5402 1149 5448 terram
1165 5391 1599 5448 Christianorum

21 5498 246 5538 eurum
281 5494 558 5556 praestare
577 5484 932 5540 conductum.

26 5574 213 5632 Unde
244 5593 389 5632 cum
419 5575 745 5648 hujusmodi
776 5583 980 5646 treuga:
1003 5575 1144 5632 inter
1179 5590 1280 5630 nos
1305 5582 1358 5631 et
1409 5573 1602 5629 Solda-

18 5685 86 5723 :m
122 5669 518 5741 praedictum,
543 5667 814 5740 praestitis
837 5667 1168 5738 juramentis
1199 5667 1328 5723 hinc
1359 5667 1483 5722 inde
1509 5666 1602 5720 ﬁr-

17 5772 117 5820 tu:
156 5763 447 5831 fuissent,
478 5773 532 5821 et
557 5764 672 5833 iam
700 5762 844 5818 idem
873 5761 1142 5820 Soldanus
1169 5773 1312 5820 esset
1338 5779 1463 5822 cum
1496 5779 1600 5820 suo

1714 4661 1995 4715 tinentiam
2022 4669 2358 4732 treugarutn.

1783 4750 1880 4808 llis
1930 4753 2116 4824 itaque
2160 4755 2416 4824 peractis,
2448 4771 2479 4809 a
2521 4755 2768 4825 partibus
2803 4753 3024 4826 Egypti
3066 4754 3300 4810 recessi-

1712 4861 1857 4912 mus,
1884 4855 2063 4902 ecrtos
2095 4847 2316 4903 nuntios
2337 4847 2670 4902 dimittentes
2697 4846 2918 4913 ibidem,
2942 4844 3011 4901 ad
3033 4845 3297 4915 recipien-

1709 4937 1837 4991 dum
1864 4937 2109 5008 captivos
2142 4952 2172 4992 a
2205 4937 2545 5004 Sarracenis,
2571 4947 2624 4993 et
2653 4938 2720 4992 ad
2766 4937 3068 4993 custodiam
3107 4952 3296 5010 rerum

1709 5044 1846 5098 quas
1897 5028 2098 5084 ibidem
2147 5029 2458 5083 dimisimus
2489 5070 2504 5095 ,
2533 5037 2588 5084 et
2630 5028 2775 5106 quod
2800 5043 2910 5084 non
2955 5027 3294 5083 habebamus

1708 5121 1924 5194 navigia
1951 5138 2073 5192 qua:
2114 5123 2421 5177 sufﬁcerent
2451 5122 2517 5176 ad
2548 5122 2896 5193 portandum.
2935 5119 3292 5200 Postmodum

1708 5223 1910 5280 autem,
1962 5215 2240 5270 venientes
2284 5214 2338 5269 in
2383 5204 2506 5269 aetu
2552 5215 2618 5269 de
2657 5213 2984 5268 rehabendis
3040 5213 3292 5284 captivis,

1706 5306 1853 5375 quod
1890 5306 2120 5360 multum
2152 5306 2351 5362 insidet
2389 5307 2539 5362 cordi
2582 5315 2772 5362 nostro
2794 5304 3024 5361 sollicite
3050 5306 3286 5376 cogitan-

1705 5402 1807 5460 tes,
1836 5395 2150 5450 remisimus
2176 5396 2314 5451 alios
2337 5397 2612 5453 solemnes
2652 5396 2873 5452 nuntios
2897 5405 2951 5452 et
2976 5395 3191 5466 navigia
3234 5396 3291 5450 in

1709 5485 2028 5558 Egyptum,
2077 5488 2146 5542 ad
2190 5488 2559 5543 reducendum
2601 5488 2866 5558 captivos,
2909 5497 2964 5544 et
3015 5503 3104 5542 res
3153 5485 3290 5541 alias

1703 5594 1841 5649 quas
1877 5579 2263 5634 dimiseramus
2313 5579 2512 5634 ibidem
2548 5594 2561 5630 :
2594 5579 2822 5641 scilicet.
2859 5578 3146 5634 machinas
3189 5590 3291 5630 no-

1703 5684 1866 5739 etras,
1895 5686 2068 5736 arma,
2100 5671 2353 5738 tentoria,
2381 5670 2673 5742 quamdam
2711 5673 3072 5742 quantitatem
3113 5683 3286 5738 equo-

1687 5779 1827 5819 rum
1875 5772 1928 5820 et
1949 5761 2052 5817 alia
2079 5763 2249 5818 multa
2277 5763 2436 5821 bona.
2459 5760 2565 5819 Sed
2586 5762 2850 5820 Admirati
2874 5756 3117 5831 praedicti
3145 5774 3287 5814 nun-
