3832 6314
530 376 667 434 1287

1098 365 1190 421 AD
1229 354 1672 420 GODEFRIDUM
1711 347 2000 407 APPEND.
2037 345 2102 401 Π.

2251 339 2518 398 MONUM.
2557 341 2644 395 DE
2683 337 2903 394 DELLO
2939 337 3188 394 SACRO.

3611 341 3706 400 im

527 505 633 549 tios
675 497 916 554 nostros,
958 499 1083 540 cum
1127 478 1386 535 instantia
1425 472 1766 545 postulantes
1810 464 1962 521 reddi
2007 461 2109 518 sibi
2147 468 2187 519 Α
2217 457 2410 513 diebus
2430 464 2595 523 esset,
2620 454 2759 525 proh
2784 453 2978 508 dolor!
3011 450 3329 507 constituta.
3367 447 3560 520 Captivi
3596 455 3707 512 etiam

527 583 773 654 captivos
814 552 968 649 juxta
1003 572 1233 628 formam
1271 579 1585 636 treugarum
1616 570 1669 617 et
1709 559 1814 613 alia
1863 552 2106 625 supradi-

527 644 635 741 cta,
667 644 1016 729 detinuerunt
1040 665 1245 720 diutius
1280 661 1334 713 in
1365 653 1692 726 Babylonia,
1727 650 1830 706 sub
1865 662 1962 718 spe
1988 644 2115 699 red-

527 765 690 822 dendi
716 761 900 818 omnia
943 773 1062 830 quae
1092 752 1362 825 petebant.
1407 746 1652 801 Tandem
1684 758 1814 796 vero
1855 749 1979 812 post
2017 756 2115 794 ex-

529 856 920 928 spectationem
959 850 1274 905 diuturnam
1312 842 1378 897 de
1413 837 1644 910 captivis
1683 834 1944 890 omnibus
1978 845 2118 902 quos

527 925 756 1005 reddere
800 942 1139 1002 tenebantur,
1188 935 1282 1005 qui
1325 940 1473 999 sunt,
1516 938 1577 984 ut
1626 927 1859 983 ﬁrmiter
1895 925 2115 989 dicitur,

529 1055 760 1096 numero
789 1037 911 1106 plus
931 1047 1095 1104 quam
1131 1026 1416 1083 duodecim
1454 1021 1648 1087 millia,
1690 1020 1834 1074 inter
1863 1017 2120 1086 antiquos

531 1142 584 1187 'et
610 1145 802 1195 novos,
829 1143 937 1181 non
977 1125 1346 1179 liberaverunt
1382 1116 1591 1172 nuntiis
1616 1112 1822 1168 nostris
1857 1110 1964 1166 nisi
1995 1117 2120 1163 tarr-

525 1221 812 1276 tummodo
852 1216 1308 1288 quadringentos;
1346 1211 1413 1266 de
1456 1209 1658 1280 quibus
1697 1221 1826 1277 pars
1872 1202 2121 1274 quaedam

528 1312 696 1368 exivit
721 1311 788 1366 de
809 1324 1028 1366 carcere
1053 1306 1283 1379 pecunia
1307 1303 1594 1358 mediante
1627 1318 1640 1353 :
1669 1299 1736 1354 de
1757 1297 1971 1352 caeteris
1997 1303 2088 1348 tan
2106 1323 2122 1333 -

529 1414 647 1460 tum
692 1405 878 1470 rebus,
926 1401 1065 1457 nihil
1097 1398 1324 1455 omnino
1355 1395 1579 1450 reddere
1619 1393 1935 1445 voluerunt.
1984 1386 2119 1452 lmo,

530 1497 676 1566 quod
702 1503 787 1551 est
815 1489 1213 1553 detestabilius,
1231 1495 1355 1558 post
1377 1494 1596 1554 treugas
1621 1480 1786 1535 initas
1809 1487 1862 1533 et
1883 1478 2117 1548 juratas,

530 1588 676 1643 sicut
698 1585 1066 1641 intelleximus
1095 1597 1190 1652 per
1215 1578 1438 1633 nuntios
1467 1582 1706 1637 nostros,
1731 1580 1785 1626 et
1833 1586 1928 1640 per
1952 1568 2124 1638 capti-

530 1695 630 1735 vos
653 1677 919 1749 quosdam
948 1675 1050 1730 lide
1077 1673 1275 1743 dignos
1303 1670 1370 1724 de
1396 1668 1503 1722 illis
1530 1665 1777 1735 partibus
1805 1663 2118 1730 redeuntes,

532 1773 735 1830 electos
773 1769 1002 1843 juvenes
1040 1767 1106 1821 de
1146 1761 1476 1819 Christianis
1519 1757 1748 1826 captivis
1779 1756 2028 1810 ducendo
2057 1753 2122 1808 ad

2215 548 2512 604 Christiani
2535 547 2629 617 qui
2665 546 2734 600 ab
2763 544 3075 599 inﬁdelibus
3101 542 3432 606 detinentur,
3452 553 3563 611 post
3593 560 3710 602 rores.

2215 653 2340 694 sum
2368 647 2617 694 nostrum
2647 644 2902 706 poterant
2938 649 3040 705 pro
3087 633 3313 704 perditis
3355 634 3591 706 reputari,
3617 643 3712 695 uniti

2217 745 2316 801 spe
2347 730 2417 786 de
2457 729 2781 785 liberatione
2810 728 3054 798 ipsorum
3104 727 3339 782 sublata.
3368 724 3425 779 Si
3454 734 3611 781 autem
3635 744 3713 784 cm-

2215 823 2450 892 tingeret
2477 833 2579 875 nos
2609 819 2834 884 morari,
2866 817 3188 888 sperabatur
3233 814 3378 886 quod
3402 831 3468 870 ex
3500 831 3625 870 mora
3653 835 3715 874 no-

2219 927 2331 971 stra
2376 921 2564 985 posset
2589 910 2812 983 aliquod
2852 911 3057 966 bonum
3103 909 3324 965 evenire
3355 924 3367 960 :
3397 924 3460 964 ex
3496 924 3590 979 quo
3613 913 3715 970 etiam

2220 1007 2472 1063 liberatio
2491 1005 2859 1077 captivorum,
2895 1013 2950 1058 et
2970 1011 3279 1057 castrorum
3301 1010 3357 1056 et
3380 1001 3607 1056 villarum
3627 1009 3716 1076 regni

2217 1100 2668 1173 Jerosolymitani
2691 1097 2944 1164 retentio,
2976 1106 3032 1152 et
3057 1097 3306 1166 quaedam
3338 1095 3446 1150 alia
3479 1097 3568 1150 toti
3597 1095 3719 1155 Chris-

2219 1193 2457 1249 tianitati
2498 1192 2652 1246 utilia
2691 1199 2936 1262 possent,
2977 1197 3162 1245 actore
3197 1187 3453 1250 Domino,
3491 1192 3720 1258 provenire,

2224 1283 2461 1336 maxime
2489 1295 2615 1336 cum
2649 1280 2791 1335 inter
2818 1278 3114 1334 Soluanum
3146 1277 3377 1348 Alapim,
3401 1286 3455 1337 et
3487 1276 3722 1348 Babylonios

2223 1373 2405 1446 gravis
2434 1372 2708 1430 discordia
2735 1372 2806 1427 sit
2827 1383 3035 1427 exorta.
3061 1369 3164 1437 Qui
3198 1367 3493 1436 Soldanus,
3514 1385 3724 1444 congrege

2224 1468 2294 1522 tis
2319 1465 2436 1522 suis
2465 1465 2797 1520 exercitibus
2817 1506 2830 1532 ,
2862 1465 2976 1535 jam
3027 1465 3171 1534 cepit
3201 1462 3542 1529 Damascum,
3566 1473 3610 1518 et
3628 1481 3724 1534 que-

2223 1558 2351 1613 dam
2375 1567 2554 1613 castra
2578 1559 2682 1613 sub
2712 1557 2960 1613 dominio
2993 1555 3312 1627 Babylonia:
3355 1555 3725 1625 constitutamc-

2224 1666 2506 1719 cessurus,
2529 1660 2589 1705 ut
2608 1666 2639 1705 a
2664 1651 2854 1705 multis
2883 1650 3169 1714 asseritur,
3202 1649 3258 1702 in
3293 1647 3569 1718 Egyptum
3590 1649 3638 1700 ad
3655 1653 3728 1703 rin-

2228 1745 2524 1800 dicandum
2577 1753 2810 1798 mortem
2855 1741 3128 1797 interfecti
3167 1741 3416 1807 Soldani,
3443 1739 3573 1795 etad
3597 1747 3728 1794 terram

532 1817 833 1931 “criminin,
867 1873 1126 1932 tanquam
1157 1873 1310 1926 oves,
1346 1861 1613 1928 quantum
1640 1849 1798 1906 meis
1819 1861 2124 1912 eraLcom-
2159 1817 2203 1875 Β
2233 1837 2381 1892 illam
2409 1845 2679 1906 quantum
2711 1835 2910 1906 poterit
2936 1834 3336 1904 occupandam.
3379 1830 3472 1887 His
3499 1833 3632 1902 igitur
3646 1850 3732 1888 con-

533 1958 806 2030 pellebant
833 1960 1143 2026 apostatare
1173 1965 1204 2004 a
1240 1949 1344 2004 ﬁde
1381 1947 1670 2013 catholica,
1712 1938 1976 2014 appositis
2014 1938 2127 2011 gla—

535 2049 642 2104 diis
667 2063 831 2118 super
855 2060 1044 2100 eorum
1071 2041 1399 2106 cervicibus.
1431 2048 1484 2094 et
1513 2039 1750 2093 clamare
1793 2035 1966 2105 legem
2010 2046 2128 2085 sce-

536 2139 852 2196 leratissimi
883 2135 1242 2200 Machometi;
1274 2147 1510 2203 quorum
1551 2129 1708 2184 multi
1749 2124 2046 2181 imbecilles
2075 2131 2129 2177 et

537 2231 761 2302 fragiles
784 2229 1234 2285 exorbitaverunt
1262 2242 1292 2279 a
1316 2223 1442 2291 ﬁde,
1467 2223 1642 2294 legem
1667 2221 1816 2275 illam
1834 2215 2130 2272 detestabi-

535 2319 643 2375 lem
669 2318 992 2389 proﬁtendo.
1025 2314 1220 2370 Czeteri
1242 2329 1390 2379 vero,
1414 2321 1674 2381 tanquam
1701 2309 1916 2364 athletae
1944 2305 2131 2360 fortis-

537 2410 685 2476 simi,
718 2409 771 2463 in
801 2409 905 2463 lide
928 2406 1154 2462 radicati
1209 2413 1262 2459 et
1290 2405 1346 2457 in
1374 2403 1533 2456 ﬁrmo
1562 2399 1840 2471 proposito
1873 2404 2131 2452 constan-

536 2501 748 2556 tissime
798 2499 1193 2570 persistentes,
1249 2494 1415 2549 minis
1471 2492 1554 2546 vel
1603 2490 1832 2562 ﬂagellis
1889 2488 2130 2542 hostium

538 2591 786 2661 superari
818 2589 1128 2644 nullatenus
1154 2592 1450 2656 potuerunt
1479 2602 1491 2637 :
1527 2583 1622 2638 sed
1654 2587 1927 2637 certantes
1956 2577 2136 2650 legitis

537 2701 649 2751 me,
683 2698 916 2739 coronas
947 2679 1194 2752 martyrii
1217 2685 1538 2748 receperunt
1565 2673 1830 2744 sanguine
1858 2672 2130 2734 rubritas;

538 2791 776 2847 quorum
805 2773 1054 2846 sanguis,
1092 2781 1152 2827 ut
1173 2785 1273 2842 pro
1295 2777 1446 2826 certo
1473 2777 1746 2832 tenemus,
1767 2765 2041 2820 clamabat
2063 2763 2132 2818 ad

538 2866 833 2922 Dominum
861 2880 961 2936 pro
984 2864 1184 2935 populo
1205 2861 1543 2928 Christiano,
1573 2867 1628 2915 et
1665 2857 1915 2914 advocati
1955 2855 2133 2910 nostri

538 2967 702 3016 erunt
724 2973 910 3014 coram
933 2950 1149 3014 summo
1171 2955 1362 3011 Judice
1384 2955 1436 3010 in
1459 2951 1669 3032 cmlesti
1691 2951 1864 3016 curia,
1882 2950 1937 3003 in
1963 2963 2131 3005 causa

539 3066 709 3122 quam
737 3051 951 3122 agimus
978 3058 1169 3106 contra
1213 3048 1336 3104 ﬁdei
1384 3045 1660 3110 inimicos,
1689 3043 1939 3098 utiliores
1974 3040 2133 3096 nobis

540 3143 596 3197 in
628 3142 722 3197 illa
759 3142 934 3212 patria
972 3157 1135 3212 quam
1172 3140 1220 3196 si
1255 3138 1542 3194 nobiscum
1586 3142 2047 3192 conversarentur
2076 3133 2131 3187 in

540 3234 725 3290 terris.
749 3232 947 3288 Multos
969 3233 1133 3288 etiam
1155 3229 1499 3285 Christianos
1522 3226 1618 3297 qui
1651 3225 1794 3295 apud
1826 3217 2131 3279 Damiatam

541 3333 921 3381 remanserant
945 3329 1296 3394 aegrotantes,
1322 3319 1516 3390 gladiis
1538 3317 1903 3372 trucidarunt.
1933 3314 2044 3371 Nec
2065 3315 2133 3370 de

540 3419 836 3475 liberandis
877 3417 1108 3488 captivis
1149 3413 1479 3469 Christianis
1509 3452 1524 3477 ,
1567 3425 1668 3466 nec
1698 3409 1767 3464 de
1809 3423 1990 3463 rerum
2042 3421 2132 3461 re-

541 3511 826 3567 stitutione
850 3518 1169 3565 nostrarum
1207 3506 1447 3576 aliquam
1478 3500 1862 3559 certitudinem
1891 3499 2132 3554 habeba-

540 3620 687 3672 mus,
735 3603 990 3675 quamvis
1035 3602 1193 3671 pleue
1238 3597 1639 3655 servaverimus
1692 3594 2034 3652 conditiones
2081 3601 2136 3647 et

540 3705 702 3767 pacta
742 3710 865 3766 quae
902 3709 1029 3750 cum
1055 3692 1136 3748 eis
1186 3689 1542 3747 habuerimus
1576 3697 1632 3745 et
1655 3687 1831 3760 parati
1866 3685 2134 3743 fuerimus

541 3790 859 3846 observare.

612 3882 696 3937 Ad
726 3881 834 3936 hoc
872 3895 996 3935 cum
1042 3887 1168 3949 post
1213 3887 1433 3950 trengas
1473 3876 1639 3933 initas
1663 3883 1718 3932 et
1755 3872 2132 3930 liberationem

542 3981 812 4038 nostram,
841 3971 1054 4026 ﬁrmam
1081 3967 1407 4026 haberemus
1447 3969 1726 4035 ﬁduciam,
1753 3966 1901 4038 quod
1927 3965 2133 4020 libera—

542 4067 616 4122 tis
649 4065 899 4136 captivis,
945 4072 1089 4119 terra
1131 4061 1502 4118 transmarina
1527 4077 1694 4132 quam
1725 4057 2025 4115 Christiani
2051 4066 2134 4112 te-

546 4158 768 4222 nebant,
830 4157 886 4210 in
934 4164 1079 4212 statu
1130 4154 1360 4225 paciﬁco
1430 4159 1775 4224 permaneret
1841 4163 2018 4220 usque
2069 4147 2135 4202 ad

545 4259 764 4320 tempus
799 4249 852 4303 in
884 4248 1091 4318 treugis
1115 4243 1402 4302 dii’ﬁnitum
1440 4263 1453 4299 :
1486 4245 1821 4300 voluntatem
1852 4250 1906 4296 et
1933 4255 2137 4312 prepo-

547 4343 714 4398 situm
746 4340 1038 4396 habuimus
1060 4340 1126 4394 ad
1143 4348 1327 4410 partes
1345 4337 1497 4407 regni
1522 4334 1768 4389 Francia:
1795 4332 2130 4389 revertendi:

547 4443 602 4490 et
624 4435 735 4506 jam
760 4433 977 4504 disponi
1020 4431 1257 4488 feceram
1283 4431 1352 4485 de
1379 4426 1618 4498 navigio,
1652 4434 1706 4480 et
1746 4425 1869 4480 aliis
1914 4441 2036 4495 qua:
2069 4424 2136 4478 ad

2230 1926 2484 1984 sideratis
2517 1934 2742 1992 attente,
2777 1925 3048 1996 praedicta;
3077 1932 3234 1979 terra:
3259 1933 3461 1979 sancta‘
3482 1925 3733 1993 compatien.

2231 2031 2313 2078 tes
2358 2020 2600 2076 miseriis
2639 2030 2694 2074 et
2739 2019 3014 2090 pressuris
3039 2059 3054 2085 ,
3093 2016 3188 2087 qui
3234 2015 3303 2070 ad
3357 2015 3475 2086 ejus
3511 2015 3735 2070 subsidium

2229 2129 2576 2179 veneramus,
2605 2127 2671 2166 ac
2696 2111 3037 2181 captivorum
3068 2119 3388 2164 nostrorum
3415 2107 3734 2177 eaptivitatilus

2230 2215 2284 2260 et
2311 2205 2597 2260 doloribus
2617 2203 2993 2268 eondolentes,
3023 2201 3152 2256 licet
3175 2199 3336 2254 nobis
3357 2198 3736 2254 dissuadentium

2231 2297 2422 2351 multis
2453 2295 2657 2350 morari
2689 2295 2741 2348 in
2772 2294 3020 2364 partibus
3049 2290 3475 2347 transmarinis:
3519 2289 3737 2343 maluimus

2233 2398 2416 2444 tamen
2466 2389 2647 2444 adhuc
2697 2387 2914 2442 diﬁ'erze
2970 2385 3317 2456 passagium,
3369 2391 3425 2437 et
3467 2384 3640 2436 morari
3679 2399 3742 2452 per

2232 2490 2451 2553 tempus
2495 2481 2716 2551 aliquod
2759 2480 2817 2534 in
2861 2492 3032 2548 regno
3072 2476 3277 2547 Syrias,
3333 2490 3494 2544 quam
3537 2476 3739 2545 negotium

2232 2575 2438 2634 Christi
2470 2575 2710 2630 totaliter
2761 2571 3072 2640 relinquere
3104 2569 3450 2639 desperatum
3494 2576 3544 2621 et
3569 2570 3745 2637 captivas

2233 2678 2456 2726 nostros
2484 2668 2539 2721 in
2567 2667 2737 2721 tantis
2771 2663 3030 2735 periculis
3057 2662 3411 2717 constitutos.
3453 2659 3746 2716 Charissimcrs

2234 2772 2415 2828 autem
2453 2760 2652 2816 fratres
2681 2768 2899 2813 nostros
2949 2757 3016 2810 A.
3048 2755 3457 2818 Pictauiensem,
3477 2763 3531 2808 et
3559 2752 3753 2818 Qud:-

2233 2867 2508 2929 gavensem
2535 2853 2782 2917 comites,
2808 2851 2874 2905 ad
2901 2847 3242 2905 charissimaa
3267 2847 3502 2901 dominae
3537 2861 3593 2900 ac
3613 2846 3752 2899 matris

2234 2957 2457 3012 nostrae,
2499 2960 2601 3000 nec
2642 2958 2750 2998 non
2793 2952 2848 2997 et
2893 2941 3061 2996 totius
3095 2939 3248 3010 regni
3291 2938 3699 3001 consolationem,
3717 2937 3756 2988 in

2234 3039 2524 3094 Franciam
2552 3036 2811 3092 duximus
2842 3033 3216 3089 remittendos.

2295 3131 2443 3187 Cum
2477 3130 2643 3201 igitur
2666 3143 2858 3182 omnes
2887 3126 2980 3196 qui
3019 3126 3072 3178 in
3104 3125 3332 3178 nomine
3365 3121 3655 3176 Christiano
3673 3137 3759 3175 cro-

2237 3233 2447 3290 sentur,
2473 3223 2648 3276 zelum
2673 3220 2877 3275 habere
2907 3218 3137 3274 debeant
3161 3217 3227 3271 ad
3251 3215 3530 3287 negotium
3553 3229 3756 3268 memora-

2234 3329 2374 3383 tum,
2429 3322 2484 3370 et
2517 3330 2618 3369 vos
2646 3313 2942 3384 praecipue,
2975 3309 3181 3374 clerici,
3232 3309 3330 3379 qui
3363 3308 3427 3362 de
3452 3307 3654 3362 illorum
3672 3321 3766 3359 san-

2235 3410 2400 3482 guine
2442 3406 2823 3472 descendistis,
2867 3419 3007 3474 quos
3039 3401 3309 3457 Dominus
3349 3398 3416 3454 ad
3457 3408 3647 3454 terram
3678 3414 3769 3450 san-

2235 3511 2382 3558 etam
2422 3499 2834 3570 acquirendam,
2881 3506 3146 3566 tanquam
3197 3493 3461 3564 populum
3502 3490 3770 3562 peculiarem

2235 3593 2418 3665 elegit,
2463 3606 2628 3663 quam
2673 3588 3056 3661 acquisitionis
3086 3587 3247 3641 titulo
3274 3587 3553 3656 propriam
3580 3591 3775 3652 reputare

2235 3686 2465 3750 debetis,
2508 3683 2922 3738 universitatem
2971 3691 3211 3736 vestram
3258 3679 3326 3734 ad
3373 3679 3510 3733 illud
3551 3676 3777 3732 servitium

2237 3776 2554 3841 iuvitamus,
2589 3774 2683 3845 qui
2723 3774 2882 3829 nobis
2927 3773 2981 3828 in
3031 3787 3198 3828 cruce
3241 3772 3490 3836 servivit,
3543 3779 3779 3839 etprorc-

2236 3868 2552 3938 demptione
2577 3875 2758 3922 vestra
2794 3866 3114 3936 sanguinem
3153 3864 3440 3934 proprium
3473 3858 3781 3920 eﬁ'undendo,

2237 3961 2464 4027 exstitit,
2495 3961 2571 4015 ita
2595 3960 2741 4030 quod
2769 3961 2934 4015 corda
2961 3969 3142 4013 vestra
3175 3973 3317 4012 nova
3345 3958 3401 4012 in
3429 3956 3648 4012 Christo
3672 3953 3785 4006 lese.

2237 4055 2385 4110 Gens
2411 4054 2558 4109 enim
2592 4053 2683 4107 illa
2710 4053 3158 4116 sceleratissimo,
3183 4051 3237 4104 in
3256 4049 3648 4105 contumeliam
3667 4045 3787 4100 Crea-

2238 4148 2394 4214 toris,
2422 4155 2622 4218 prznter
2656 4145 3026 4216 blasphemias
3057 4159 3196 4213 quas
3227 4142 3498 4197 dicebant
3527 4143 3582 4195 in
3613 4153 3793 4206 conspe-

2238 4251 2330 4297 ctu
2387 4239 2575 4311 populi
2611 4238 2934 4304 Christiani,
2981 4251 3201 4292 crucem
3254 4235 3495 4306 ﬂagellis
3548 4233 3792 4292 cadebant

2239 4335 2512 4404 spuebant
2547 4332 2604 4386 in
2634 4347 2778 4397 eam,
2821 4338 2876 4384 et
2917 4328 3115 4384 deinde
3143 4328 3329 4382 viliter
3353 4327 3597 4399 pedibus
3619 4323 3801 4381 concoi-r

2239 4427 2458 4493 cabant,
2496 4426 2552 4478 in
2601 4422 2956 4495 opprobrium
2990 4421 3111 4476 ﬁdei
3143 4419 3508 4476 Christiana.
3552 4419 3646 4474 Eia
3685 4429 3801 4485 ergo,

549 4533 798 4579 nostrum
812 4522 1123 4595 passagium
1137 4520 1454 4578 necessaria
1472 4517 1817 4572 videbantur.
1845 4515 1951 4570 Sed
1979 4531 2136 4586 aper-
2169 4522 2213 4578 D
2239 4517 2441 4574 milites
2479 4516 2728 4572 Christi!
2773 4515 3069 4587 peculiaris
3107 4530 3262 4584 papae
3301 4515 3406 4568 Dei
3453 4513 3569 4568 vivi
3613 4503 3801 4578 accingi?

549 4624 604 4671 te
624 4617 888 4682 videntes,
917 4630 1014 4686 per
1035 4630 1098 4669 ea
1121 4629 1244 4684 quae
1260 4610 1514 4682 superius
1537 4617 1662 4664 sunt
1683 4623 1963 4678 expressa,
1987 4606 2135 4676 quod

549 4708 803 4764 admirati
835 4705 1080 4778 praedicti
1129 4711 1314 4773 aperte
1349 4709 1538 4756 contra
1571 4708 1790 4771 treugas
1823 4700 2134 4762 veniebant,

549 4808 604 4854 et
625 4807 815 4856 contra
861 4796 1083 4869 propria
1105 4795 1419 4865 juramenta
1468 4791 1628 4846 nobis
1652 4799 1706 4844 et
1730 4790 2136 4845 Christianitati

551 4890 778 4947 illudere
805 4903 919 4944 non
943 4893 1214 4951 verentes,
1249 4882 1583 4952 requisimus
1605 4881 1836 4937 consilia
1860 4881 2132 4936 barormm

549 4983 814 5048 Francia,
851 4978 1222 5050 praelatorum,
1253 4977 1544 5032 domorum
1583 4973 1830 5045 Templi,
1881 4972 2137 5043 Hospita-

549 5075 686 5131 lium
724 5071 913 5128 Sancti
953 5068 1200 5135 Joannis,
1243 5078 1297 5124 et
1341 5066 1555 5123 Sancta:
1592 5066 1776 5122 Mariae
1810 5064 2140 5120 Teutonico-

552 5180 697 5230 rum,
729 5164 998 5216 baronum
1025 5159 1176 5229 regni
1204 5157 1666 5229 Jerosolymitani,
1694 5165 1746 5211 et
1769 5153 2142 5210 communica-

554 5265 668 5309 tum
699 5253 831 5323 quid
867 5260 1012 5306 esset
1046 5252 1211 5307 nobis
1237 5250 1551 5306 ineuntibus
1583 5247 1895 5320 huiusmodi
1936 5245 2142 5301 facien-

553 5344 682 5399 dum
721 5363 735 5397 :
781 5359 1015 5413 quorum
1060 5344 1233 5414 major
1281 5359 1412 5414 pars
1457 5341 1801 5396 concorditer
1840 5338 2138 5404 asserebat,

459 5483 470 5494 .
555 5435 700 5505 quod
731 5436 780 5491 si
811 5451 912 5491 nos
948 5437 1199 5492 recedere
1229 5436 1570 5504 contingeret
1598 5434 1684 5488 his
1703 5433 1918 5498 diebus,
1945 5432 2140 5502 piandi-

554 5534 700 5579 ctam
745 5532 946 5580 terram
989 5527 1387 5581 dimitteremus
1429 5525 1655 5580 omnino
1687 5524 1743 5578 in
1784 5523 2140 5580 admissionis

557 5617 786 5672 articulo
809 5619 1276 5687 constitutam;et
1318 5627 1504 5673 noster
1543 5634 1793 5674 recessus
1836 5634 1943 5672 non
1995 5627 2140 5673 esset

557 5706 726 5774 aliud,
765 5709 873 5763 nisi
897 5724 1018 5764 eam
1050 5709 1286 5762 totaliter
1312 5723 1586 5778 exponere
1624 5708 1944 5764 Sarracenis
1976 5727 1988 5762 :
2021 5725 2139 5763 ma-

557 5796 705 5853 xime
723 5814 849 5856 cum
875 5800 930 5852 in
967 5806 1111 5876 statu
1142 5808 1252 5853 tam
1283 5800 1467 5868 debili,
1497 5810 1551 5856 et
1580 5809 1692 5856 tam
1731 5801 2029 5857 miserabili
2053 5801 2138 5856 his

2242 4610 2399 4676 mini,
2427 4618 2477 4664 et
2501 4617 2676 4664 estote
2706 4608 2810 4662 viri
2838 4616 3085 4678 potentes
3112 4607 3178 4661 ad
3208 4606 3587 4662 vindicandas
3623 4601 3801 4672 injutias

2243 4713 2297 4759 et
2333 4702 2628 4772 opprobria
2669 4701 3018 4771 supradicta;
3053 4709 3210 4756 actus
3240 4708 3471 4756 vestros
3514 4699 3583 4755 ad
3610 4706 3802 4753 arith-

2245 4809 2431 4849 sorum
2458 4803 2765 4849 vestrorum
2785 4792 3034 4862 exempla
3069 4792 3337 4860 reducite,
3373 4793 3480 4863 qui
3527 4788 3802 4862 specialiter,

2245 4888 2388 4942 inter
2415 4895 2638 4942 exteras
2670 4886 2944 4949 nationes,
2984 4884 3207 4939 fuerunt
3248 4885 3304 4938 in
3344 4885 3489 4939 ﬁdei
3531 4881 3802 4938 exaltationa

2245 4981 2449 5048 devoti,
2485 4988 2538 5035 et
2566 4978 2897 5035 sinceritatis
2919 4979 3115 5034 aﬂectu
3158 4978 3413 5032 dominis
3443 4980 3566 5032 suis
3589 4985 3802 5043 tempon‘

2246 5075 2370 5130 liter
2394 5074 2777 5143 obseqUentes,
2802 5081 2976 5127 totum
3002 5073 3187 5126 orbem
3215 5071 3392 5142 gestis
3420 5070 3721 5141 insignibus
3740 5066 3802 5117 im~

2246 5165 2551 5237 plcverunt.
2581 5162 2976 5219 Prrecessimus
2999 5178 3096 5216 vos
3123 5162 3177 5216 in
3209 5161 3563 5232 obsequium
3599 5156 3712 5218 Dei;
3747 5169 3802 5205 iri

2247 5257 2362 5313 nite
2389 5265 2442 5311 et
2470 5272 2590 5322 vos,
2623 5254 2980 5325 aSsequimiui
3021 5269 3122 5307 nos
3164 5269 3266 5322 pro
3293 5253 3422 5308 Deo
3449 5273 3464 5322 ;
3513 5254 3715 5308 tandem
3739 5265 3802 5299 ne

2247 5350 2486 5415 biscum,
2520 5348 2647 5404 licet
2669 5347 2881 5402 tardius
2901 5345 3250 5410 deveneritis,
3280 5347 3602 5415 recepturi,
3633 5342 3802 5395 [linus—ii

2243 5442 2527 5512 largiente,
2561 5440 2887 5501 mercedem.
2921 5453 3084 5507 quam
3117 5436 3494 5508 Evangelicm
3536 5434 3802 5502 Patr-riam

2243 5534 2347 5588 lias
2374 5532 2568 5603 primis
2609 5532 2829 5586 donavit
2859 5528 3032 5584 vinea?
3056 5545 3169 5585 sure
3199 5532 3495 5599 operariis
3527 5542 3579 5585 et
3608 5524 3802 5584 extrema

2245 5623 2463 5694 (Matth.
2499 5639 2592 5688 xx,
2650 5621 2725 5690 8).
2773 5619 3002 5690 insuper
3053 5629 3250 5690 praeter
3299 5621 3707 5695 indulgentiam
3747 5631 3802 5695 ge

2243 5716 2484 5771 neralem
2538 5729 2702 5769 cruce
2759 5711 2988 5783 signatis
3056 5713 3360 5778 indultam,
3422 5717 3717 5773 verienles,
3757 5683 3802 5783 vi,

2242 5814 2558 5878 competens
2606 5804 3036 5860 transmittentes
3084 5804 3142 5857 in
3216 5816 3464 5863 nostros
3539 5765 3802 5874 subsidium:
