3824 6308
50 434 233 493 1289

1158 428 1432 489 VERSUS
1471 428 1562 487 DE
1596 425 1876 486 l’l‘lNEﬁE
1916 424 2281 487 HIEROSOL.

2924 408 2962 421 ,ν

3222 425 3364 484 1290

50 550 202 605 imo
231 545 410 620 potius
441 552 600 601 terra
627 551 854 612 sanctae,
888 542 1023 600 dum
1058 543 1138 600 ibi
1168 554 1466 615 praesentes
1500 542 1672 600 fueri-
1698 550 1747 611 Α
1773 543 2113 615 qualitatem.
2151 540 2258 599 Vos
2294 550 2498 611 autem,
2526 539 2737 614 praelati
2771 550 2829 598 et
2868 539 2962 597 alii
2995 539 3204 598 Christi
3233 541 3367 599 ﬁde-

48 656 236 707 mus,
260 638 402 710 apud
430 637 623 705 Deum,
649 646 703 692 et
725 636 977 693 homines
1002 637 1236 697 multum
1261 637 1368 693 sibi
1396 636 1600 694 favoris
1619 644 1675 692 et

52 730 317 786 honoris
343 729 649 799 acquirent.
685 728 947 799 Expedite
967 739 1152 785 autem
1172 729 1472 802 negotium,
1504 737 1566 785 ut
1596 729 1675 785 illi

48 822 291 893 quibus
314 823 489 877 virtus
511 821 777 878 Α]ιὶεεὶΜὶ
804 821 1100 893 inspirabit
1120 820 1311 877 venire
1349 820 1436 877 vel
1461 820 1677 877 mittere

50 913 121 967 in
181 913 497 968 subsidium
540 921 923 981 memoratum,
964 920 1273 989 praeparent
1318 928 1379 973 se
1414 922 1676 979 venturos

50 1002 155 1057 vel
188 1002 464 1059 missuros
504 1003 559 1058 in
609 1004 853 1077 rassagio
880 1005 1141 1062 instantis
1185 1004 1392 1061 mensis
1425 1004 1553 1060 Maii
1589 1004 1674 1061 vel

52 1092 311 1162 Aprilis.
339 1091 445 1164 Ipsi
467 1104 648 1149 autem
681 1096 775 1166 qui
803 1097 979 1166 parati
1013 1111 1135 1152 esse
1163 1112 1273 1152 non
1300 1105 1564 1168 poterunt
1602 1094 1675 1152 ad

51 1185 569 1241 transmittendum
593 1185 649 1241 in
673 1187 766 1242 illo
796 1188 1069 1260 passagio,
1101 1189 1293 1245 saltem
1333 1188 1389 1244 in
1434 1188 1676 1246 secundo

55 1279 341 1349 sequenti
370 1278 623 1352 passagio
666 1281 842 1337 sancti
883 1280 1113 1338 Joannis
1153 1280 1510 1339 transfretare
1549 1297 1677 1354 pro-

50 1378 283 1426 curent
304 1371 358 1426 in
375 1372 681 1429 subsidium
697 1382 1083 1430 memoratum.
1102 1373 1511 1433 Acceleratione
1530 1374 1681 1431 enim

52 1477 226 1533 opus
260 1474 369 1534 est,
402 1474 456 1521 et
476 1481 630 1521 mora
659 1466 1012 1537 dispendiosa
1034 1467 1270 1537 videtur,
1286 1466 1448 1539 juxta
1475 1467 1681 1537 negotii

77 1578 504 1606 h———.

522 1594 905 1607 —«~——————.——

1776 637 1877 704 les,
1923 651 2023 707 pro
2063 635 2222 691 nobis
2259 650 2326 691 ac
2364 643 2669 691 memorato
2706 635 2927 707 negotio
2965 644 3125 690 terra:
3160 643 3367 692 sancta

1777 729 2090 801 specialiter
2127 728 2442 785 orationum
2487 728 2751 785 instantia
2793 727 3143 799 interpellare
3184 728 3367 786 velitis

1778 822 2145 890 Altissimum,
2172 837 2239 877 ac
2268 821 2323 876 in
2356 821 2493 878 locis
2517 821 2677 878 vobis
2705 820 2970 892 subjectis
2995 817 3212 876 faciatis
3241 834 3370 891 spes

1778 918 1990 974 cialiter
2010 914 2249 983 exorari,
2274 924 2335 970 ut
2360 914 2508 987 quod
2539 925 2728 972 nostra
2748 923 2973 987 peccata
3001 914 3367 987 pmpediunt,

1782 1010 1991 1066 Divina;
2021 1025 2136 1066 suae
2165 1007 2565 1080 propitiationis
2604 1015 2878 1065 annuente
2911 1007 3232 1076 clementia,
3276 1020 3373 1062 ve-

1780 1112 2027 1161 strarum
2061 1101 2405 1172 aliorumque
2430 1100 2704 1156 bonorum
2736 1099 3053 1156 orationum
3092 1095 3371 1168 suﬁ‘ragiis

1784 1198 1978 1255 valeat.

1853 1289 2051 1344 Actum
2094 1288 2267 1357 Acon,
2291 1303 2437 1345 anno
2470 1284 2686 1344 Domini
2710 1281 2872 1354 {200,
2893 1279 3347 1357 quinquagesimo

1789 1396 1982 1438 mense
2007 1381 2276 1453 Augusto.

929 1726 1312 1791 MONITUM
1352 1726 1437 1788 IN
1480 1723 2078 1801 SUBSEQUENTIA
2122 1721 2517 1786 CARMINA.

858 1880 1208 1953 (Edelestand
1242 1901 1312 1941 nu
1341 1882 1543 1955 Mente,
1570 1885 1788 1943 Ροέείιε
1810 1892 1925 1940 aut.
1951 1900 2022 1938 au
2045 1893 2146 1939 xn‘
2170 1881 2347 1953 u‘écle,
2374 1898 2429 1957 p.
2454 1880 2607 1957 408.)

1482 2045 1965 2061 ﬂ

141 2168 637 2225 L‘enthousiasme
662 2167 885 2239 produit
930 2184 1032 2241 par
1068 2168 1150 2225 les
1188 2168 1480 2241 Croisades
1527 2169 1736 2241 inspira
1786 2169 2261 2241 successivement
2293 2184 2371 2225 un
2393 2169 2565 2241 grand
2594 2168 2826 2227 nombre
2848 2168 2917 2228 de
2944 2166 3169 2241 poésies
3200 2183 3382 2241 popu-

63 2242 290 2312 laires;
322 2256 463 2312 nous
504 2255 678 2296 avons
706 2256 805 2295 cru
838 2240 1030 2296 dev’oir
1061 2255 1130 2295 en
1162 2240 1376 2312 ajputer
1416 2240 1875 2312 quelques-unes,
1930 2242 2048 2312 qui,
2098 2240 2344 2312 quoique
2388 2240 2761 2312 posterieures
2790 2242 2826 2295 a
2866 2241 2918 2295 la
2948 2240 3250 2312 'formatio_n
3276 2240 3380 2300 des

70 2311 376 2385 nouvelles
409 2311 657 2385 langues,
686 2326 827 2385 unus
860 2320 958 2385 o_nt
984 2327 1138 2385 paru‘
1160 2310 1316 2385 oll‘yir
1340 2326 1415 2366 un
1434 2309 1712 2385 'véri'table
1754 2309 2332 2385 intérétheIIEci'sc
2353 2309 2547 2366 trouve
2567 2311 2707 2385 dans
2735 2312 2814 2367 les
2834 2312 3068 2385 Amtqu
3102 2309 3381 2385 delinget

64 2383 137 2439 of
162 2381 459 2453 Hoveden,
495 2380 583 2452 ap.
620 2381 839 2453 Saville,
877 2380 1072 2453 Rerum
1105 2382 1455 2453 Anglicarum
1505 2381 1824 2453 Scriptores,
1862 2397 1918 2453 p.
1953 2382 2079 2437 639.
2114 2381 2230 2437 Elle
2270 2380 2354 2437 fut
2396 2382 2693 2453 composée
2744 2397 2870 2438 vers
2904 2381 3094 2453 ill88;
3146 2380 3383 2453 l’autéur

69 2450 619 2537 s‘appelaitﬂllerti‘er
646 2467 719 2535 ou
748 2451 986 2537 Deﬂere,
1018 2452 1153 2508 dont
1168 2450 1544 2537 Symphurie‘n
1567 2450 1773 2537 .Cuyon
1806 2450 2094 2537 faitgnsans
2129 2468 2345 2509 aucuue
2368 2450 2554 2509 raison
2582 2453 2618 2515 lt
2645 2452 2849 2533 l'appui
2884 2452 2954 2509 de
2981 2467 3087 2511 son
3125 2450 3382 2526 Opinion,

72 2522 497 2583 uniconseiller
524 2524 595 2580 du
626 2523 709 2579 roi
732 2522 1127 2595 d‘Angleterre,
1162 2522 1401 2578 Histoire
1423 2522 1729 2592 d’Orléans,

1768 2539 1825 2595 p.
1858 2523 1985 2579 409.

869 2772 911 2829 l.

604 2867 778 2924 Chant
814 2867 907 2922 de:
945 2866 1179 2924 Croités.

309 2961 478 3021 Juxta
499 2961 726 3017 threnos
754 2959 1008 3018 Ieremia

316 3054 458 3111 Vere
486 3053 623 3110 Sion
642 3053 833 3124 lugent
855 3052 979 3121 vite,

312 3144 476 3213 Quod
512 3143 749 3201 solemni
785 3157 897 3199 non
935 3144 1007 3200 sit
1032 3143 1121 3201 die

389 3237 493 3305 Qui
524 3236 840 3307 sepulcrum
860 3234 1068 3304 visitet,

391 3329 490 3387 Vel
519 3344 710 3386 casum
744 3329 1038 3385 resuscitet

465 3420 643 3494 Hujus
671 3420 992 3493 prophetiae.

315 3558 524 3615 Contra
544 3557 695 3630 quod
718 3555 984 3629 propheta
1015 3553 1230 3622 scribit,

317 3649 482 3721 Quod
514 3650 581 3707 de
611 3648 744 3705 Sion
775 3648 864 3703 lex
891 3646 1087 3715 exibit,

313 3742 617 3816 Nunquam
639 3742 715 3798 ibi
747 3742 836 3797 lex
863 3740 1070 3812 peribit

396 3836 511 3893 Nec
530 3835 754 3892 habebit
776 3833 1076 3903 vindicem,

399 3926 505 3985 Ubi
530 3928 788 3984 Christus
806 3926 1031 3982 calicem

471 4017 757 4074 Passionis
785 4014 942 4073 bibit.

468 4109 706 4183 Lignum
726 4110 933 4177 crucis,

475 4199 708 4272 Signum
737 4200 915 4268 ducis,

408 4293 671 4367 Sequitur
695 4295 1006 4363 exercitus;

473 4387 634 4455 Quod
660 4402 772 4443 non
795 4387 983 4457 cessit,

484 4478 593 4535 Sed
628 4478 928 4550 praecessit,

409 4568 469 4625 in
493 4570 547 4625 vi
578 4570 755 4626 sancti
783 4567 1040 4639 Spiritus.

334 4684 421 4739 Ad
459 4684 790 4756 portandum
818 4696 962 4739 onus
992 4678 1129 4752 Tyri

328 4776 475 4834 Num
510 4778 770 4834 deberent
790 4775 962 4832 fortes
991 4773 1098 4830 viri

334 4868 481 4925 Suas
510 4870 656 4925 vires
680 4867 943 4939 experiri,

415 4960 521 5030 Qui
544 4970 757 5017 certant
790 4958 1042 5031 quotidie

410 5053 692 5110 Laudibus
726 5052 937 5108 militia).

481 5144 668 5201 Gratis
689 5142 965 5214 insigniri.

335 5279 446 5337 Sed
476 5279 544 5335 ad
569 5294 809 5351 pugnam
837 5275 1219 5348 congressuris

338 5372 438 5430 Est
457 5372 677 5428 athletis
702 5386 844 5442 opus
863 5372 1023 5427 duris

341 5463 461 5520 Von
481 5464 710 5520 mollitis
743 5462 997 5535 Epicuris

408 5556 531 5614 Non
558 5556 708 5613 enim
728 5556 822 5627 qui
852 5554 1102 5626 pluribus

410 5646 608 5703 Cutem
632 5654 831 5702 curant
860 5645 1172 5716 sumptibus

2148 2773 2353 2829 Emunt
2374 2773 2546 2830 Deum
2570 2774 2723 2833 curis
2760 2766 2862 2848 (1).

2152 2865 2391 2938 Lignum
2412 2870 2619 2936 crucis,

2160 2959 2393 3032 Signum
2421 2960 2601 3029 ducis,

2076 3050 2344 3122 Sequitur
2368 3052 2680 3121 exercitus;

2152 3141 2312 3211 Quod
2336 3160 2449 3201 non
2472 3144 2661 3213 cessit,

2150 3234 2260 3293 Sed
2284 3236 2588 3307 praecessit,

2081 3325 2144 3383 ιιι
2168 3326 2223 3383 vi
2244 3327 2421 3385 sancti
2459 3326 2723 3398 Spiritus.

2084 3439 2225 3496 Novi
2249 3450 2473 3500 rm'sum
2498 3441 2762 3505 Philistzei

2083 3533 2259 3606 Capta
2283 3551 2465 3604 cruce,
2491 3538 2675 3594 crucis
2699 3537 2781 3595 rei

2085 3626 2429 3698 Recepeth
2455 3644 2643 3685 arcam
2675 3628 2798 3701 Dei,

2016 3722 2218 3776 Arcam
2253 3720 2380 3776 novi
2400 3720 2650 3791 finieris,

2017 3811 2156 3869 Rem
2179 3812 2369 3885 ﬁgurae
2390 3814 2594 3871 veteris

2088 3906 2221 3964 Post
2244 3908 2475 3981 ﬁguram
2500 3907 2610 3968 rei.

2021 4040 2130 4097 Sed
2156 4056 2282 4097 cum
2308 4049 2526 4099 constat
2546 4042 2693 4113 quod
2722 4041 2833 4101 sint
2856 4041 2953 4104 isti

2018 4132 2398 4191 Praecursores
2429 4135 2777 4206 Antichristi,

2022 4225 2235 4294 Quibus
2262 4227 2517 4285 Christus
2536 4230 2653 4286 vult
2676 4229 2860 4291 resisti
2889 4247 2911 4292 :

2096 4315 2259 4384 Quid,
2288 4319 2383 4391 qui
2404 4334 2513 4375 non
2541 4321 2828 4393 restiterit.

2101 4405 2453 4477 Respondere
2474 4411 2676 4479 poterit

2026 4495 2084 4552 In
2122 4500 2358 4554 adventu
2384 4498 2628 4556 Christi?

2172 4588 2407 4661 Lignum
2439 4592 2645 4659 crucis,

2180 4681 2410 4754 Signum
2440 4682 2623 4751 ducis,

2105 4771 2369 4845 Sequitur
2389 4778 2695 4844 exercitus;

2174 4866 2331 4936 Quod
2361 4884 2470 4924 non
2507 4870 2692 4943 cessit,

2177 4960 2284 5017 Sed
2318 4961 2618 5031 pmccssit,

2106 5054 2165 5109 in
2192 5055 2246 5110 vi
2275 5054 2450 5111 sancti
2472 5052 2733 5125 Spiritus.

2033 5189 2231 5245 Cructs
2258 5199 2474 5259 spretor
2510 5204 2729 5245 crucem
2756 5185 2977 5260 premit,

2037 5280 2117 5335 Ex
2157 5296 2264 5351 qua
2300 5279 2434 5336 ﬁdes
2472 5295 2661 5352 pressa
2689 5282 2858 5354 gemit
2895 5296 2909 5334 :

2034 5370 2093 5426 In
2124 5371 2422 5428 vindictam
2446 5372 2540 5442 qui
2570 5371 2632 5444 [Ι.
2657 5371 2807 5445 quis]
2844 5372 3208 5432 nonfremiti

2106 5463 2308 5532 Quanti
2343 5464 2504 5520 ﬁdem
2525 5466 2784 5535 aestimat,

2114 5556 2274 5611 Tanti
2302 5572 2521 5612 crucem
2545 5557 2799 5625 redimat,

2042 5651 2100 5705 Si
2136 5666 2298 5723 quem
2326 5666 2461 5707 crux
2491 5650 2743 5707 redemit.

1750 5562 1805 5623 D

178 5828 189 5840 ,
204 5762 281 5840 μ)
307 5759 568 5840 Precibus
599 5775 688 5830 δρα
722 5757 953 5840 Saville;
982 5758 1123 5840 Inanis
1146 5757 1285 5840 dans
1309 5756 1361 5813 le
1395 5766 1541 5840 reste
1568 5756 1636 5840 de
1664 5758 1718 5839 la
1829 5767 1991 5840 mire,
2025 5764 2217 5840 cxv,
2244 5782 2298 5840 p.
2326 5766 2464 5840 333,
2495 5767 2679 5840 donne
2705 5782 2776 5833 au
2802 5782 2928 5825 vers
2972 5781 3080 5823 une
3102 5764 3316 5839 :syllabe
3343 5762 3412 5821 de

150 5829 359 5911 piecele
384 5831 606 5887 dernier
636 5829 773 5911 vers
801 5831 875 5887 du
904 5830 1123 5900 couplet
1159 5830 1454 5911 rimeavec
1474 5829 1553 5886 les
1574 5829 1719 5911 troia
1826 5839 1951 5911 plus
1978 5829 2114 5911 qu‘il
2144 5829 2213 5894 ne
2244 5829 2364 5895 doit
2388 5829 2562 5896 avoir.
2712 5830 2715 5833 ’
2950 5866 2989 5887 ρ-

152 5904 437 5960 orentiers:
464 5904 748 5972 pressaris,
790 5917 896 5971 que
944 5898 1178 5973 propose
1232 5898 1511 5957 l’Histoirs
1566 5898 1716 5955 [ἱερέ-

415 5998 693 6059 Phaon.
726 5992 903 6055 CLV.

3009 6019 3073 6067 VM
