  <div class='ocr_page' id='page_1' title='image "/cluster/home/n/w/nwhite01/storage/ocr_20150623/155/hvd.32044015473838/656.png"; bbox 0 0 3824 6308; ppageno 0'>
   <div class='ocr_carea' id='block_1_1' title="bbox 35 322 144 379">
    <p class='ocr_par' dir='ltr' id='par_1_1' title="bbox 35 322 144 379">
     <span class='ocr_line' id='line_1_1' title="bbox 35 322 144 379; baseline -0.028 0"><span class='ocrx_word' id='word_1_1' title='bbox 35 322 144 379; x_wconf 78' lang='grc'><strong>1301</strong></span> 
     </span>
    </p>
   </div>
   <div class='ocr_carea' id='block_1_2' title="bbox 1117 318 2156 382">
    <p class='ocr_par' dir='ltr' id='par_1_2' title="bbox 1117 318 2156 382">
     <span class='ocr_line' id='line_1_2' title="bbox 1117 318 2156 382; baseline 0.004 -8"><span class='ocrx_word' id='word_1_2' title='bbox 1117 318 1456 378; x_wconf 71' lang='grc' dir='ltr'><strong>ΗΟΜΙΙᾸΑΞ.</strong></span> <span class='ocrx_word' id='word_1_3' title='bbox 1489 353 1565 366; x_wconf 85' lang='lat'><strong>-—</strong></span> <span class='ocrx_word' id='word_1_4' title='bbox 1602 321 1642 378; x_wconf 83' lang='grc' dir='ltr'><strong>ἰ.</strong></span> <span class='ocrx_word' id='word_1_5' title='bbox 1675 319 1771 378; x_wconf 81' lang='lat' dir='ltr'><strong>DE</strong></span> <span class='ocrx_word' id='word_1_6' title='bbox 1809 319 2156 382; x_wconf 69' lang='lat' dir='ltr'><strong>TEMPOKE.</strong></span> 
     </span>
    </p>
   </div>
   <div class='ocr_carea' id='block_1_3' title="bbox 3129 329 3274 390">
    <p class='ocr_par' dir='ltr' id='par_1_3' title="bbox 3129 329 3274 390">
     <span class='ocr_line' id='line_1_3' title="bbox 3129 329 3274 390; baseline 0.007 -1"><span class='ocrx_word' id='word_1_7' title='bbox 3129 329 3274 390; x_wconf 64' lang='lat'><strong>1593</strong></span> 
     </span>
    </p>
   </div>
   <div class='ocr_carea' id='block_1_4' title="bbox 672 443 2492 472">
    <p class='ocr_par' dir='ltr' id='par_1_4' title="bbox 672 443 2492 472">
     <span class='ocr_line' id='line_1_4' title="bbox 672 443 2492 472; baseline -0.001 -6"><span class='ocrx_word' id='word_1_8' title='bbox 672 443 2492 472; x_wconf 54' lang='lat' dir='ltr'><strong>M—</strong></span> 
     </span>
    </p>
   </div>
   <div class='ocr_carea' id='block_1_5' title="bbox 1184 591 2080 756">
    <p class='ocr_par' dir='ltr' id='par_1_5' title="bbox 1184 591 2080 756">
     <span class='ocr_line' id='line_1_5' title="bbox 1184 591 2080 756; baseline 0.003 -44"><span class='ocrx_word' id='word_1_9' title='bbox 1184 591 2080 756; x_wconf 86' lang='lat' dir='ltr'><strong>THEODORETUS</strong></span> 
     </span>
    </p>
   </div>
   <div class='ocr_carea' id='block_1_6' title="bbox 304 785 2964 910">
    <p class='ocr_par' dir='ltr' id='par_1_6' title="bbox 304 785 2964 910">
     <span class='ocr_line' id='line_1_6' title="bbox 304 785 2964 910; baseline 0.002 -20"><span class='ocrx_word' id='word_1_10' title='bbox 304 826 502 892; x_wconf 85' lang='lat' dir='ltr'><strong>Libro</strong></span> <span class='ocrx_word' id='word_1_11' title='bbox 535 829 618 895; x_wconf 90' lang='lat' dir='ltr'><strong>de</strong></span> <span class='ocrx_word' id='word_1_12' title='bbox 647 823 986 890; x_wconf 84' lang='lat' dir='ltr'><strong>curatione</strong></span> <span class='ocrx_word' id='word_1_13' title='bbox 1021 823 1454 889; x_wconf 79' lang='lat' dir='ltr'><strong>Aﬁ&#39;ectionnm</strong></span> <span class='ocrx_word' id='word_1_14' title='bbox 1489 785 1860 888; x_wconf 60' lang='lat' dir='ltr'><strong>Graecarum</strong></span> <span class='ocrx_word' id='word_1_15' title='bbox 1902 829 2148 899; x_wconf 83' lang='lat' dir='ltr'><strong>octavo,</strong></span> <span class='ocrx_word' id='word_1_16' title='bbox 2181 826 2297 906; x_wconf 88' lang='lat' dir='ltr'><strong>qui</strong></span> <span class='ocrx_word' id='word_1_17' title='bbox 2321 829 2515 892; x_wconf 84' lang='lat' dir='ltr'><strong>estde</strong></span> <span class='ocrx_word' id='word_1_18' title='bbox 2551 829 2964 910; x_wconf 82' lang='lat' dir='ltr'><strong>Martyribus.</strong></span> 
     </span>
    </p>
   </div>
   <div class='ocr_carea' id='block_1_7' title="bbox 95 1130 3277 1209">
    <p class='ocr_par' dir='ltr' id='par_1_7' title="bbox 95 1130 3277 1209">
     <span class='ocr_line' id='line_1_7' title="bbox 95 1130 3277 1209; baseline 0.003 -22"><span class='ocrx_word' id='word_1_19' title='bbox 95 1157 111 1187; x_wconf 78' lang='grc' dir='ltr'>ι</span> <span class='ocrx_word' id='word_1_20' title='bbox 133 1133 254 1189; x_wconf 86' lang='lat' dir='ltr'><strong>Nam</strong></span> <span class='ocrx_word' id='word_1_21' title='bbox 281 1140 335 1189; x_wconf 88' lang='lat' dir='ltr'><strong>et</strong></span> <span class='ocrx_word' id='word_1_22' title='bbox 353 1130 659 1189; x_wconf 67' lang='lat' dir='ltr'><strong>Antiochus</strong></span> <span class='ocrx_word' id='word_1_23' title='bbox 683 1131 826 1189; x_wconf 89' lang='lat' dir='ltr'><strong>Deus</strong></span> <span class='ocrx_word' id='word_1_24' title='bbox 839 1143 1068 1190; x_wconf 86' lang='lat' dir='ltr'><strong>vocatus</strong></span> <span class='ocrx_word' id='word_1_25' title='bbox 1093 1143 1199 1201; x_wconf 87' lang='lat' dir='ltr'><strong>est,</strong></span> <span class='ocrx_word' id='word_1_26' title='bbox 1228 1143 1282 1190; x_wconf 90' lang='lat' dir='ltr'><strong>et</strong></span> <span class='ocrx_word' id='word_1_27' title='bbox 1302 1133 1469 1190; x_wconf 86' lang='lat' dir='ltr'><strong>Caius</strong></span> <span class='ocrx_word' id='word_1_28' title='bbox 1491 1135 1586 1206; x_wconf 89' lang='lat' dir='ltr'><strong>qui</strong></span> <span class='ocrx_word' id='word_1_29' title='bbox 1615 1138 1662 1196; x_wconf 73' lang='grc' dir='ltr'>Α</span> <span class='ocrx_word' id='word_1_30' title='bbox 1688 1133 1815 1192; x_wconf 73' lang='lat' dir='ltr'><strong>Haec</strong></span> <span class='ocrx_word' id='word_1_31' title='bbox 1850 1136 2039 1206; x_wconf 78' lang='lat' dir='ltr'><strong>itaque</strong></span> <span class='ocrx_word' id='word_1_32' title='bbox 2063 1135 2316 1193; x_wconf 88' lang='lat' dir='ltr'><strong>omnium</strong></span> <span class='ocrx_word' id='word_1_33' title='bbox 2349 1136 2662 1208; x_wconf 73' lang='lat' dir='ltr'><strong>spectaculo</strong></span> <span class='ocrx_word' id='word_1_34' title='bbox 2693 1148 3035 1209; x_wconf 84' lang='lat' dir='ltr'><strong>exporrecta,</strong></span> <span class='ocrx_word' id='word_1_35' title='bbox 3074 1148 3277 1196; x_wconf 83' lang='lat' dir='ltr'><strong>testan-</strong></span> 
     </span>
    </p>
   </div>
   <div class='ocr_carea' id='block_1_8' title="bbox 35 1224 1587 1297">
    <p class='ocr_par' dir='ltr' id='par_1_8' title="bbox 35 1224 1587 1297">
     <span class='ocr_line' id='line_1_8' title="bbox 35 1224 1587 1297; baseline -0.001 -13"><span class='ocrx_word' id='word_1_36' title='bbox 35 1227 226 1284; x_wconf 81' lang='lat' dir='ltr'><strong>Tiberio</strong></span> <span class='ocrx_word' id='word_1_37' title='bbox 257 1224 577 1296; x_wconf 76' lang='lat' dir='ltr'><strong>imperatori</strong></span> <span class='ocrx_word' id='word_1_38' title='bbox 626 1225 914 1293; x_wconf 76' lang='lat' dir='ltr'><strong>successit,</strong></span> <span class='ocrx_word' id='word_1_39' title='bbox 951 1224 1324 1297; x_wconf 82' lang='lat' dir='ltr'><strong>Vespasianus</strong></span> <span class='ocrx_word' id='word_1_40' title='bbox 1365 1241 1587 1297; x_wconf 87' lang='lat' dir='ltr'><strong>quoque</strong></span> 
     </span>
    </p>
   </div>
   <div class='ocr_carea' id='block_1_9' title="bbox 32 1314 1589 1388">
    <p class='ocr_par' dir='ltr' id='par_1_9' title="bbox 32 1314 1589 1388">
     <span class='ocr_line' id='line_1_9' title="bbox 32 1314 1589 1388; baseline -0.002 -13"><span class='ocrx_word' id='word_1_41' title='bbox 32 1328 78 1375; x_wconf 85' lang='lat' dir='ltr'><strong>et</strong></span> <span class='ocrx_word' id='word_1_42' title='bbox 120 1315 398 1382; x_wconf 83' lang='lat' dir='ltr'><strong>Adrianus,</strong></span> <span class='ocrx_word' id='word_1_43' title='bbox 446 1315 552 1370; x_wconf 89' lang='lat' dir='ltr'><strong>sibi</strong></span> <span class='ocrx_word' id='word_1_44' title='bbox 578 1314 779 1385; x_wconf 88' lang='lat' dir='ltr'><strong>templa</strong></span> <span class='ocrx_word' id='word_1_45' title='bbox 824 1315 1065 1388; x_wconf 78' lang='lat' dir='ltr'><strong>ingentia</strong></span> <span class='ocrx_word' id='word_1_46' title='bbox 1102 1316 1430 1372; x_wconf 83' lang='lat' dir='ltr'><strong>excitarunt.</strong></span> <span class='ocrx_word' id='word_1_47' title='bbox 1479 1315 1589 1372; x_wconf 80' lang='lat' dir='ltr'><strong>Ve-</strong></span> 
     </span>
    </p>
   </div>
   <div class='ocr_carea' id='block_1_10' title="bbox 34 1406 1590 1480">
    <p class='ocr_par' dir='ltr' id='par_1_10' title="bbox 34 1406 1590 1480">
     <span class='ocr_line' id='line_1_10' title="bbox 34 1406 1590 1480; baseline -0.001 -15"><span class='ocrx_word' id='word_1_48' title='bbox 34 1416 206 1465; x_wconf 84' lang='lat' dir='ltr'><strong>mmet</strong></span> <span class='ocrx_word' id='word_1_49' title='bbox 228 1407 371 1462; x_wconf 82' lang='lat' dir='ltr'><strong>vitali</strong></span> <span class='ocrx_word' id='word_1_50' title='bbox 411 1406 581 1462; x_wconf 89' lang='lat' dir='ltr'><strong>simul</strong></span> <span class='ocrx_word' id='word_1_51' title='bbox 637 1422 773 1463; x_wconf 90' lang='lat' dir='ltr'><strong>aura</strong></span> <span class='ocrx_word' id='word_1_52' title='bbox 820 1416 876 1463; x_wconf 87' lang='lat' dir='ltr'><strong>et</strong></span> <span class='ocrx_word' id='word_1_53' title='bbox 925 1407 1096 1479; x_wconf 88' lang='lat' dir='ltr'><strong>impio</strong></span> <span class='ocrx_word' id='word_1_54' title='bbox 1139 1409 1350 1464; x_wconf 85' lang='lat' dir='ltr'><strong>honore</strong></span> <span class='ocrx_word' id='word_1_55' title='bbox 1385 1409 1590 1480; x_wconf 78' lang='lat' dir='ltr'><strong>privati</strong></span> 
     </span>
    </p>
   </div>
   <div class='ocr_carea' id='block_1_11' title="bbox 33 1497 1588 1572">
    <p class='ocr_par' dir='ltr' id='par_1_11' title="bbox 33 1497 1588 1572">
     <span class='ocr_line' id='line_1_11' title="bbox 33 1497 1588 1572; baseline -0.003 -14"><span class='ocrx_word' id='word_1_56' title='bbox 33 1510 158 1558; x_wconf 84' lang='lat' dir='ltr'><strong>sunt.</strong></span> <span class='ocrx_word' id='word_1_57' title='bbox 185 1500 476 1572; x_wconf 75' lang='lat' dir='ltr'><strong>Martyrum</strong></span> <span class='ocrx_word' id='word_1_58' title='bbox 513 1497 647 1555; x_wconf 87' lang='lat' dir='ltr'><strong>vero</strong></span> <span class='ocrx_word' id='word_1_59' title='bbox 683 1499 885 1570; x_wconf 88' lang='lat' dir='ltr'><strong>templa</strong></span> <span class='ocrx_word' id='word_1_60' title='bbox 917 1500 1216 1571; x_wconf 88' lang='lat' dir='ltr'><strong>conspicua</strong></span> <span class='ocrx_word' id='word_1_61' title='bbox 1266 1508 1588 1568; x_wconf 88' lang='lat' dir='ltr'><strong>cernuntur,</strong></span> 
     </span>
    </p>
   </div>
   <div class='ocr_carea' id='block_1_12' title="bbox 33 1590 1594 1663">
    <p class='ocr_par' dir='ltr' id='par_1_12' title="bbox 33 1590 1594 1663">
     <span class='ocr_line' id='line_1_12' title="bbox 33 1590 1594 1663; baseline 0.001 -17"><span class='ocrx_word' id='word_1_62' title='bbox 33 1591 372 1663; x_wconf 76' lang='lat' dir='ltr'><strong>magnitudine</strong></span> <span class='ocrx_word' id='word_1_63' title='bbox 411 1605 537 1660; x_wconf 64' lang='lat' dir='ltr'><strong>quae</strong></span> <span class='ocrx_word' id='word_1_64' title='bbox 571 1590 909 1660; x_wconf 68' lang='lat' dir='ltr'><strong>praestantia,</strong></span> <span class='ocrx_word' id='word_1_65' title='bbox 945 1591 1100 1646; x_wconf 92' lang='lat' dir='ltr'><strong>omni</strong></span> <span class='ocrx_word' id='word_1_66' title='bbox 1143 1601 1403 1662; x_wconf 60' lang='lat' dir='ltr'><strong>praterea</strong></span> <span class='ocrx_word' id='word_1_67' title='bbox 1429 1606 1594 1647; x_wconf 89' lang='lat' dir='ltr'><strong>orna-</strong></span> 
     </span>
    </p>
   </div>
   <div class='ocr_carea' id='block_1_13' title="bbox 37 1679 1593 1755">
    <p class='ocr_par' dir='ltr' id='par_1_13' title="bbox 37 1679 1593 1755">
     <span class='ocr_line' id='line_1_13' title="bbox 37 1679 1593 1755; baseline -0.001 -18"><span class='ocrx_word' id='word_1_68' title='bbox 37 1691 110 1737; x_wconf 88' lang='lat' dir='ltr'><strong>tus</strong></span> <span class='ocrx_word' id='word_1_69' title='bbox 141 1695 329 1751; x_wconf 77' lang='lat' dir='ltr'><strong>genere</strong></span> <span class='ocrx_word' id='word_1_70' title='bbox 377 1679 589 1734; x_wconf 88' lang='lat' dir='ltr'><strong>variata</strong></span> <span class='ocrx_word' id='word_1_71' title='bbox 614 1720 630 1747; x_wconf 97' lang='lat'><strong>,</strong></span> <span class='ocrx_word' id='word_1_72' title='bbox 683 1680 1141 1755; x_wconf 84' lang='lat' dir='ltr'><strong>splendoremque</strong></span> <span class='ocrx_word' id='word_1_73' title='bbox 1189 1681 1593 1752; x_wconf 90' lang='lat' dir='ltr'><strong>quodammodo</strong></span> 
     </span>
    </p>
   </div>
   <div class='ocr_carea' id='block_1_14' title="bbox 34 1771 1596 1844">
    <p class='ocr_par' dir='ltr' id='par_1_14' title="bbox 34 1771 1596 1844">
     <span class='ocr_line' id='line_1_14' title="bbox 34 1771 1596 1844; baseline 0.001 -16"><span class='ocrx_word' id='word_1_74' title='bbox 34 1771 424 1844; x_wconf 88' lang='lat' dir='ltr'><strong>pulchritudinis</strong></span> <span class='ocrx_word' id='word_1_75' title='bbox 471 1787 594 1828; x_wconf 75' lang='lat' dir='ltr'><strong>suae</strong></span> <span class='ocrx_word' id='word_1_76' title='bbox 631 1771 742 1828; x_wconf 86' lang='lat' dir='ltr'><strong>late</strong></span> <span class='ocrx_word' id='word_1_77' title='bbox 771 1771 1075 1828; x_wconf 79' lang='lat' dir='ltr'><strong>fundentia.</strong></span> <span class='ocrx_word' id='word_1_78' title='bbox 1107 1771 1295 1844; x_wconf 84' lang='lat' dir='ltr'><strong>Neque</strong></span> <span class='ocrx_word' id='word_1_79' title='bbox 1318 1789 1448 1828; x_wconf 90' lang='lat' dir='ltr'><strong>vero</strong></span> <span class='ocrx_word' id='word_1_80' title='bbox 1477 1774 1596 1830; x_wconf 83' lang='lat' dir='ltr'><strong>haec</strong></span> 
     </span>
    </p>
   </div>
   <div class='ocr_carea' id='block_1_15' title="bbox 36 1859 1597 1938">
    <p class='ocr_par' dir='ltr' id='par_1_15' title="bbox 36 1859 1597 1938">
     <span class='ocr_line' id='line_1_15' title="bbox 36 1859 1597 1938; baseline -0.001 -17"><span class='ocrx_word' id='word_1_81' title='bbox 36 1883 116 1937; x_wconf 85' lang='lat' dir='ltr'><strong>per</strong></span> <span class='ocrx_word' id='word_1_82' title='bbox 137 1880 328 1921; x_wconf 86' lang='lat' dir='ltr'><strong>annum</strong></span> <span class='ocrx_word' id='word_1_83' title='bbox 375 1864 575 1932; x_wconf 86' lang='lat' dir='ltr'><strong>semel,</strong></span> <span class='ocrx_word' id='word_1_84' title='bbox 602 1859 708 1920; x_wconf 80' lang='lat' dir='ltr'><strong>aut</strong></span> <span class='ocrx_word' id='word_1_85' title='bbox 739 1865 827 1922; x_wconf 91' lang='lat' dir='ltr'><strong>bis</strong></span> <span class='ocrx_word' id='word_1_86' title='bbox 873 1873 970 1920; x_wconf 87' lang='lat' dir='ltr'><strong>aut</strong></span> <span class='ocrx_word' id='word_1_87' title='bbox 1012 1866 1307 1938; x_wconf 86' lang='lat' dir='ltr'><strong>quinquies</strong></span> <span class='ocrx_word' id='word_1_88' title='bbox 1335 1866 1597 1922; x_wconf 85' lang='lat' dir='ltr'><strong>adventa-</strong></span> 
     </span>
    </p>
   </div>
   <div class='ocr_carea' id='block_1_16' title="bbox 36 1947 1594 2031">
    <p class='ocr_par' dir='ltr' id='par_1_16' title="bbox 36 1947 1594 2031">
     <span class='ocr_line' id='line_1_16' title="bbox 36 1947 1594 2031; baseline 0.002 -19"><span class='ocrx_word' id='word_1_89' title='bbox 36 1974 156 2024; x_wconf 84' lang='lat' dir='ltr'><strong>mus,</strong></span> <span class='ocrx_word' id='word_1_90' title='bbox 179 1957 266 2014; x_wconf 89' lang='lat' dir='ltr'><strong>sed</strong></span> <span class='ocrx_word' id='word_1_91' title='bbox 291 1957 344 2012; x_wconf 89' lang='lat' dir='ltr'><strong>in</strong></span> <span class='ocrx_word' id='word_1_92' title='bbox 370 1957 454 2012; x_wconf 89' lang='lat' dir='ltr'><strong>eis</strong></span> <span class='ocrx_word' id='word_1_93' title='bbox 517 1972 897 2021; x_wconf 61' lang='lat' dir='ltr'><strong>saepenumero</strong></span> <span class='ocrx_word' id='word_1_94' title='bbox 929 1957 1050 2015; x_wconf 89' lang='lat' dir='ltr'><strong>dies</strong></span> <span class='ocrx_word' id='word_1_95' title='bbox 1067 1957 1239 2014; x_wconf 91' lang='lat' dir='ltr'><strong>festos</strong></span> <span class='ocrx_word' id='word_1_96' title='bbox 1257 1947 1594 2031; x_wconf 85' lang='lat' dir='ltr'><strong>peragimus,</strong></span> 
     </span>
    </p>
   </div>
   <div class='ocr_carea' id='block_1_17' title="bbox 35 2048 1598 2122">
    <p class='ocr_par' dir='ltr' id='par_1_17' title="bbox 35 2048 1598 2122">
     <span class='ocr_line' id='line_1_17' title="bbox 35 2048 1598 2122; baseline 0.001 -18"><span class='ocrx_word' id='word_1_97' title='bbox 35 2065 155 2120; x_wconf 70' lang='lat' dir='ltr'><strong>saepe</strong></span> <span class='ocrx_word' id='word_1_98' title='bbox 180 2049 362 2105; x_wconf 87' lang='lat' dir='ltr'><strong>diebus</strong></span> <span class='ocrx_word' id='word_1_99' title='bbox 386 2048 630 2120; x_wconf 76' lang='lat' dir='ltr'><strong>singulis</strong></span> <span class='ocrx_word' id='word_1_100' title='bbox 654 2063 848 2104; x_wconf 89' lang='lat' dir='ltr'><strong>eorum</strong></span> <span class='ocrx_word' id='word_1_101' title='bbox 873 2057 1180 2122; x_wconf 82' lang='lat' dir='ltr'><strong>martyrum</strong></span> <span class='ocrx_word' id='word_1_102' title='bbox 1209 2050 1441 2105; x_wconf 76' lang='lat' dir='ltr'><strong>Domino</strong></span> <span class='ocrx_word' id='word_1_103' title='bbox 1468 2051 1598 2105; x_wconf 84' lang='lat' dir='ltr'><strong>lau-</strong></span> 
     </span>
    </p>
   </div>
   <div class='ocr_carea' id='block_1_18' title="bbox 35 2138 1597 2214">
    <p class='ocr_par' dir='ltr' id='par_1_18' title="bbox 35 2138 1597 2214">
     <span class='ocr_line' id='line_1_18' title="bbox 35 2138 1597 2214; baseline 0 -18"><span class='ocrx_word' id='word_1_104' title='bbox 35 2141 115 2197; x_wconf 85' lang='lat' dir='ltr'><strong>des</strong></span> <span class='ocrx_word' id='word_1_105' title='bbox 134 2141 458 2214; x_wconf 88' lang='lat' dir='ltr'><strong>hymnosque</strong></span> <span class='ocrx_word' id='word_1_106' title='bbox 482 2149 801 2196; x_wconf 87' lang='lat' dir='ltr'><strong>cantamus.</strong></span> <span class='ocrx_word' id='word_1_107' title='bbox 827 2138 1045 2212; x_wconf 83' lang='lat' dir='ltr'><strong>Quique</strong></span> <span class='ocrx_word' id='word_1_108' title='bbox 1068 2142 1319 2198; x_wconf 89' lang='lat' dir='ltr'><strong>homines</strong></span> <span class='ocrx_word' id='word_1_109' title='bbox 1335 2157 1597 2213; x_wconf 87' lang='lat' dir='ltr'><strong>prospera</strong></span> 
     </span>
    </p>
   </div>
   <div class='ocr_carea' id='block_1_19' title="bbox 37 2237 1597 2311">
    <p class='ocr_par' dir='ltr' id='par_1_19' title="bbox 37 2237 1597 2311">
     <span class='ocr_line' id='line_1_19' title="bbox 37 2237 1597 2311; baseline -0.001 -15"><span class='ocrx_word' id='word_1_110' title='bbox 37 2248 144 2296; x_wconf 77' lang='lat' dir='ltr'><strong>sunt</strong></span> <span class='ocrx_word' id='word_1_111' title='bbox 160 2239 484 2306; x_wconf 84' lang='lat' dir='ltr'><strong>valetudine,</strong></span> <span class='ocrx_word' id='word_1_112' title='bbox 536 2237 851 2295; x_wconf 85' lang='lat' dir='ltr'><strong>conservari</strong></span> <span class='ocrx_word' id='word_1_113' title='bbox 891 2253 1013 2293; x_wconf 91' lang='lat' dir='ltr'><strong>eam</strong></span> <span class='ocrx_word' id='word_1_114' title='bbox 1056 2238 1160 2294; x_wconf 85' lang='lat' dir='ltr'><strong>sibi</strong></span> <span class='ocrx_word' id='word_1_115' title='bbox 1196 2254 1228 2293; x_wconf 93' lang='lat' dir='ltr'><strong>a</strong></span> <span class='ocrx_word' id='word_1_116' title='bbox 1261 2238 1597 2311; x_wconf 89' lang='lat' dir='ltr'><strong>martyribus</strong></span> 
     </span>
    </p>
   </div>
   <div class='ocr_carea' id='block_1_20' title="bbox 38 2331 1595 2404">
    <p class='ocr_par' dir='ltr' id='par_1_20' title="bbox 38 2331 1595 2404">
     <span class='ocr_line' id='line_1_20' title="bbox 38 2331 1595 2404; baseline -0.001 -18"><span class='ocrx_word' id='word_1_117' title='bbox 38 2339 236 2402; x_wconf 84' lang='lat' dir='ltr'><strong>petunt;</strong></span> <span class='ocrx_word' id='word_1_118' title='bbox 291 2331 387 2404; x_wconf 87' lang='lat' dir='ltr'><strong>qui</strong></span> <span class='ocrx_word' id='word_1_119' title='bbox 439 2346 582 2387; x_wconf 89' lang='lat' dir='ltr'><strong>vero</strong></span> <span class='ocrx_word' id='word_1_120' title='bbox 623 2331 1003 2403; x_wconf 67' lang='lat' dir='ltr'><strong>aegritudinem</strong></span> <span class='ocrx_word' id='word_1_121' title='bbox 1027 2331 1268 2401; x_wconf 82' lang='lat' dir='ltr'><strong>aliquam</strong></span> <span class='ocrx_word' id='word_1_122' title='bbox 1293 2331 1595 2401; x_wconf 88' lang='lat' dir='ltr'><strong>patiuntur,</strong></span> 
     </span>
    </p>
   </div>
   <div class='ocr_carea' id='block_1_21' title="bbox 39 2415 1600 2495">
    <p class='ocr_par' dir='ltr' id='par_1_21' title="bbox 39 2415 1600 2495">
     <span class='ocr_line' id='line_1_21' title="bbox 39 2415 1600 2495; baseline 0.001 -18"><span class='ocrx_word' id='word_1_123' title='bbox 39 2424 293 2479; x_wconf 84' lang='lat' dir='ltr'><strong>sanitatem</strong></span> <span class='ocrx_word' id='word_1_124' title='bbox 324 2431 658 2495; x_wconf 81' lang='lat' dir='ltr'><strong>exposcunt.</strong></span> <span class='ocrx_word' id='word_1_125' title='bbox 682 2421 915 2494; x_wconf 85' lang='lat' dir='ltr'><strong>Insuper</strong></span> <span class='ocrx_word' id='word_1_126' title='bbox 947 2431 1002 2478; x_wconf 89' lang='lat' dir='ltr'><strong>et</strong></span> <span class='ocrx_word' id='word_1_127' title='bbox 1031 2415 1246 2480; x_wconf 87' lang='lat' dir='ltr'><strong>steriles</strong></span> <span class='ocrx_word' id='word_1_128' title='bbox 1270 2423 1375 2478; x_wconf 90' lang='lat' dir='ltr'><strong>viri</strong></span> <span class='ocrx_word' id='word_1_129' title='bbox 1402 2431 1458 2478; x_wconf 93' lang='lat' dir='ltr'><strong>et</strong></span> <span class='ocrx_word' id='word_1_130' title='bbox 1481 2439 1600 2478; x_wconf 85' lang='lat' dir='ltr'><strong>mu-</strong></span> 
     </span>
    </p>
   </div>
   <div class='ocr_carea' id='block_1_22' title="bbox 40 2513 1599 2586">
    <p class='ocr_par' dir='ltr' id='par_1_22' title="bbox 40 2513 1599 2586">
     <span class='ocr_line' id='line_1_22' title="bbox 40 2513 1599 2586; baseline 0.001 -18"><span class='ocrx_word' id='word_1_131' title='bbox 40 2513 175 2572; x_wconf 88' lang='lat' dir='ltr'><strong>lieres</strong></span> <span class='ocrx_word' id='word_1_132' title='bbox 219 2516 334 2571; x_wconf 89' lang='lat' dir='ltr'><strong>dari</strong></span> <span class='ocrx_word' id='word_1_133' title='bbox 387 2514 503 2572; x_wconf 88' lang='lat' dir='ltr'><strong>sibi</strong></span> <span class='ocrx_word' id='word_1_134' title='bbox 555 2515 698 2570; x_wconf 89' lang='lat' dir='ltr'><strong>ﬁlios</strong></span> <span class='ocrx_word' id='word_1_135' title='bbox 723 2523 916 2586; x_wconf 87' lang='lat' dir='ltr'><strong>petunt</strong></span> <span class='ocrx_word' id='word_1_136' title='bbox 974 2533 987 2569; x_wconf 89' lang='lat'><strong>:</strong></span> <span class='ocrx_word' id='word_1_137' title='bbox 1035 2515 1130 2585; x_wconf 89' lang='lat' dir='ltr'><strong>qui</strong></span> <span class='ocrx_word' id='word_1_138' title='bbox 1173 2528 1303 2570; x_wconf 90' lang='lat' dir='ltr'><strong>vero</strong></span> <span class='ocrx_word' id='word_1_139' title='bbox 1345 2523 1599 2584; x_wconf 87' lang='lat' dir='ltr'><strong>parentes</strong></span> 
     </span>
    </p>
   </div>
   <div class='ocr_carea' id='block_1_23' title="bbox 41 2606 1599 2681">
    <p class='ocr_par' dir='ltr' id='par_1_23' title="bbox 41 2606 1599 2681">
     <span class='ocr_line' id='line_1_23' title="bbox 41 2606 1599 2681; baseline -0.001 -17"><span class='ocrx_word' id='word_1_140' title='bbox 41 2618 162 2674; x_wconf 76' lang='lat' dir='ltr'><strong>sunt,</strong></span> <span class='ocrx_word' id='word_1_141' title='bbox 181 2609 379 2681; x_wconf 78' lang='lat' dir='ltr'><strong>integra</strong></span> <span class='ocrx_word' id='word_1_142' title='bbox 401 2609 518 2666; x_wconf 89' lang='lat' dir='ltr'><strong>sibi</strong></span> <span class='ocrx_word' id='word_1_143' title='bbox 541 2616 596 2664; x_wconf 92' lang='lat' dir='ltr'><strong>et</strong></span> <span class='ocrx_word' id='word_1_144' title='bbox 616 2608 838 2679; x_wconf 90' lang='lat' dir='ltr'><strong>propria</strong></span> <span class='ocrx_word' id='word_1_145' title='bbox 858 2606 1124 2664; x_wconf 88' lang='lat' dir='ltr'><strong>custodiri</strong></span> <span class='ocrx_word' id='word_1_146' title='bbox 1153 2621 1277 2678; x_wconf 62' lang='lat' dir='ltr'><strong>qua:</strong></span> <span class='ocrx_word' id='word_1_147' title='bbox 1317 2607 1599 2663; x_wconf 89' lang='lat' dir='ltr'><strong>consecuti</strong></span> 
     </span>
    </p>
   </div>
   <div class='ocr_carea' id='block_1_24' title="bbox 41 2691 1597 2770">
    <p class='ocr_par' dir='ltr' id='par_1_24' title="bbox 41 2691 1597 2770">
     <span class='ocr_line' id='line_1_24' title="bbox 41 2691 1597 2770; baseline -0.002 -16"><span class='ocrx_word' id='word_1_148' title='bbox 41 2709 163 2764; x_wconf 79' lang='lat' dir='ltr'><strong>sunt,</strong></span> <span class='ocrx_word' id='word_1_149' title='bbox 183 2700 337 2756; x_wconf 92' lang='lat' dir='ltr'><strong>dona.</strong></span> <span class='ocrx_word' id='word_1_150' title='bbox 363 2698 508 2756; x_wconf 82' lang='lat' dir='ltr'><strong>Item</strong></span> <span class='ocrx_word' id='word_1_151' title='bbox 540 2699 636 2770; x_wconf 90' lang='lat' dir='ltr'><strong>qui</strong></span> <span class='ocrx_word' id='word_1_152' title='bbox 681 2712 909 2770; x_wconf 79' lang='lat' dir='ltr'><strong>peregre</strong></span> <span class='ocrx_word' id='word_1_153' title='bbox 945 2698 1132 2769; x_wconf 90' lang='lat' dir='ltr'><strong>aliquo</strong></span> <span class='ocrx_word' id='word_1_154' title='bbox 1157 2691 1597 2768; x_wconf 88' lang='lat' dir='ltr'><strong>proﬁciscuntur,</strong></span> 
     </span>
    </p>
   </div>
   <div class='ocr_carea' id='block_1_25' title="bbox 41 2790 1602 2866">
    <p class='ocr_par' dir='ltr' id='par_1_25' title="bbox 41 2790 1602 2866">
     <span class='ocr_line' id='line_1_25' title="bbox 41 2790 1602 2866; baseline 0 -20"><span class='ocrx_word' id='word_1_155' title='bbox 41 2800 201 2860; x_wconf 84' lang='lat' dir='ltr'><strong>petunt</strong></span> <span class='ocrx_word' id='word_1_156' title='bbox 227 2791 494 2866; x_wconf 79' lang='lat' dir='ltr'><strong>Martyres</strong></span> <span class='ocrx_word' id='word_1_157' title='bbox 523 2791 628 2847; x_wconf 90' lang='lat' dir='ltr'><strong>sibi</strong></span> <span class='ocrx_word' id='word_1_158' title='bbox 656 2791 888 2847; x_wconf 90' lang='lat' dir='ltr'><strong>comites</strong></span> <span class='ocrx_word' id='word_1_159' title='bbox 915 2805 1038 2847; x_wconf 89' lang='lat' dir='ltr'><strong>esse</strong></span> <span class='ocrx_word' id='word_1_160' title='bbox 1075 2790 1131 2845; x_wconf 92' lang='lat' dir='ltr'><strong>in</strong></span> <span class='ocrx_word' id='word_1_161' title='bbox 1159 2791 1270 2856; x_wconf 87' lang='lat' dir='ltr'><strong>via,</strong></span> <span class='ocrx_word' id='word_1_162' title='bbox 1299 2791 1383 2846; x_wconf 89' lang='lat' dir='ltr'><strong>vel</strong></span> <span class='ocrx_word' id='word_1_163' title='bbox 1417 2790 1602 2862; x_wconf 89' lang='lat' dir='ltr'><strong>potius</strong></span> 
     </span>
    </p>
   </div>
   <div class='ocr_carea' id='block_1_26' title="bbox 44 2883 1604 2956">
    <p class='ocr_par' dir='ltr' id='par_1_26' title="bbox 44 2883 1604 2956">
     <span class='ocr_line' id='line_1_26' title="bbox 44 2883 1604 2956; baseline 0.001 -21"><span class='ocrx_word' id='word_1_164' title='bbox 44 2883 224 2942; x_wconf 84' lang='lat' dir='ltr'><strong>itineris</strong></span> <span class='ocrx_word' id='word_1_165' title='bbox 249 2887 434 2942; x_wconf 90' lang='lat' dir='ltr'><strong>duces.</strong></span> <span class='ocrx_word' id='word_1_166' title='bbox 459 2883 575 2952; x_wconf 84' lang='lat' dir='ltr'><strong>Qui</strong></span> <span class='ocrx_word' id='word_1_167' title='bbox 598 2899 730 2941; x_wconf 90' lang='lat' dir='ltr'><strong>vero</strong></span> <span class='ocrx_word' id='word_1_168' title='bbox 746 2885 861 2955; x_wconf 87' lang='lat' dir='ltr'><strong>jam</strong></span> <span class='ocrx_word' id='word_1_169' title='bbox 897 2884 1134 2954; x_wconf 89' lang='lat' dir='ltr'><strong>sospites</strong></span> <span class='ocrx_word' id='word_1_170' title='bbox 1157 2884 1454 2950; x_wconf 90' lang='lat' dir='ltr'><strong>redierunt,</strong></span> <span class='ocrx_word' id='word_1_171' title='bbox 1479 2898 1604 2956; x_wconf 85' lang='lat' dir='ltr'><strong>gra-</strong></span> 
     </span>
    </p>
   </div>
   <div class='ocr_carea' id='block_1_27' title="bbox 44 2973 1601 3048">
    <p class='ocr_par' dir='ltr' id='par_1_27' title="bbox 44 2973 1601 3048">
     <span class='ocr_line' id='line_1_27' title="bbox 44 2973 1601 3048; baseline 0.001 -20"><span class='ocrx_word' id='word_1_172' title='bbox 44 2975 129 3031; x_wconf 88' lang='lat' dir='ltr'><strong>tias</strong></span> <span class='ocrx_word' id='word_1_173' title='bbox 151 2985 325 3048; x_wconf 90' lang='lat' dir='ltr'><strong>agunt,</strong></span> <span class='ocrx_word' id='word_1_174' title='bbox 366 2984 663 3048; x_wconf 86' lang='lat' dir='ltr'><strong>acceptum</strong></span> <span class='ocrx_word' id='word_1_175' title='bbox 710 2975 1039 3032; x_wconf 89' lang='lat' dir='ltr'><strong>beneﬁcium</strong></span> <span class='ocrx_word' id='word_1_176' title='bbox 1099 2975 1439 3031; x_wconf 86' lang='lat' dir='ltr'><strong>conﬁtentes.</strong></span> <span class='ocrx_word' id='word_1_177' title='bbox 1481 2973 1601 3030; x_wconf 82' lang='lat' dir='ltr'><strong>Non</strong></span> 
     </span>
    </p>
   </div>
   <div class='ocr_carea' id='block_1_28' title="bbox 44 3067 1628 3138">
    <p class='ocr_par' dir='ltr' id='par_1_28' title="bbox 44 3067 1628 3138">
     <span class='ocr_line' id='line_1_28' title="bbox 44 3067 1628 3138; baseline 0.003 -20"><span class='ocrx_word' id='word_1_178' title='bbox 44 3067 119 3135; x_wconf 87' lang='lat' dir='ltr'><strong>qui</strong></span> <span class='ocrx_word' id='word_1_179' title='bbox 156 3084 209 3124; x_wconf 90' lang='lat' dir='ltr'><strong>se</strong></span> <span class='ocrx_word' id='word_1_180' title='bbox 250 3069 315 3125; x_wconf 90' lang='lat' dir='ltr'><strong>ad</strong></span> <span class='ocrx_word' id='word_1_181' title='bbox 349 3070 492 3126; x_wconf 86' lang='lat' dir='ltr'><strong>deos</strong></span> <span class='ocrx_word' id='word_1_182' title='bbox 531 3068 792 3125; x_wconf 88' lang='lat' dir='ltr'><strong>accedere</strong></span> <span class='ocrx_word' id='word_1_183' title='bbox 819 3068 1174 3135; x_wconf 87' lang='lat' dir='ltr'><strong>arbitrentur,</strong></span> <span class='ocrx_word' id='word_1_184' title='bbox 1201 3067 1296 3123; x_wconf 91' lang='lat' dir='ltr'><strong>sed</strong></span> <span class='ocrx_word' id='word_1_185' title='bbox 1325 3067 1419 3138; x_wconf 90' lang='lat' dir='ltr'><strong>qui</strong></span> <span class='ocrx_word' id='word_1_186' title='bbox 1447 3074 1628 3123; x_wconf 20' lang='lat' dir='ltr'><strong>orent,</strong></span> 
     </span>
    </p>
   </div>
   <div class='ocr_carea' id='block_1_29' title="bbox 45 3156 1608 3234">
    <p class='ocr_par' dir='ltr' id='par_1_29' title="bbox 45 3156 1608 3234">
     <span class='ocr_line' id='line_1_29' title="bbox 45 3156 1608 3234; baseline 0.003 -22"><span class='ocrx_word' id='word_1_187' title='bbox 45 3156 122 3212; x_wconf 83' lang='lat' dir='ltr'><strong>Dei</strong></span> <span class='ocrx_word' id='word_1_188' title='bbox 164 3170 418 3233; x_wconf 86' lang='lat' dir='ltr'><strong>martyres</strong></span> <span class='ocrx_word' id='word_1_189' title='bbox 461 3169 734 3232; x_wconf 82' lang='lat' dir='ltr'><strong>tanquam</strong></span> <span class='ocrx_word' id='word_1_190' title='bbox 781 3160 999 3216; x_wconf 91' lang='lat' dir='ltr'><strong>divinos</strong></span> <span class='ocrx_word' id='word_1_191' title='bbox 1054 3160 1305 3234; x_wconf 82' lang='lat' dir='ltr'><strong>homines</strong></span> <span class='ocrx_word' id='word_1_192' title='bbox 1350 3160 1608 3216; x_wconf 86' lang='lat' dir='ltr'><strong>interces-</strong></span> 
     </span>
    </p>
   </div>
   <div class='ocr_carea' id='block_1_30' title="bbox 45 3252 1607 3324">
    <p class='ocr_par' dir='ltr' id='par_1_30' title="bbox 45 3252 1607 3324">
     <span class='ocr_line' id='line_1_30' title="bbox 45 3252 1607 3324; baseline 0.002 -19"><span class='ocrx_word' id='word_1_193' title='bbox 45 3266 272 3324; x_wconf 74' lang='lat' dir='ltr'><strong>soresque</strong></span> <span class='ocrx_word' id='word_1_194' title='bbox 317 3255 420 3311; x_wconf 85' lang='lat' dir='ltr'><strong>sibi</strong></span> <span class='ocrx_word' id='word_1_195' title='bbox 493 3269 590 3310; x_wconf 87' lang='lat' dir='ltr'><strong>eos</strong></span> <span class='ocrx_word' id='word_1_196' title='bbox 643 3253 786 3324; x_wconf 91' lang='lat' dir='ltr'><strong>apud</strong></span> <span class='ocrx_word' id='word_1_197' title='bbox 838 3252 1010 3309; x_wconf 91' lang='lat' dir='ltr'><strong>Deum</strong></span> <span class='ocrx_word' id='word_1_198' title='bbox 1055 3253 1322 3309; x_wconf 86' lang='lat' dir='ltr'><strong>advocent</strong></span> <span class='ocrx_word' id='word_1_199' title='bbox 1367 3268 1434 3309; x_wconf 92' lang='lat' dir='ltr'><strong>ac</strong></span> <span class='ocrx_word' id='word_1_200' title='bbox 1479 3268 1607 3323; x_wconf 89' lang='lat' dir='ltr'><strong>pre-</strong></span> 
     </span>
    </p>
   </div>
   <div class='ocr_carea' id='block_1_31' title="bbox 46 3345 1608 3417">
    <p class='ocr_par' dir='ltr' id='par_1_31' title="bbox 46 3345 1608 3417">
     <span class='ocr_line' id='line_1_31' title="bbox 46 3345 1608 3417; baseline 0.001 -19"><span class='ocrx_word' id='word_1_201' title='bbox 46 3355 226 3401; x_wconf 87' lang='lat' dir='ltr'><strong>centur.</strong></span> <span class='ocrx_word' id='word_1_202' title='bbox 272 3346 364 3404; x_wconf 88' lang='lat' dir='ltr'><strong>Pie</strong></span> <span class='ocrx_word' id='word_1_203' title='bbox 400 3363 542 3404; x_wconf 88' lang='lat' dir='ltr'><strong>vero</strong></span> <span class='ocrx_word' id='word_1_204' title='bbox 591 3347 937 3417; x_wconf 82' lang='lat' dir='ltr'><strong>ﬁdeliterque</strong></span> <span class='ocrx_word' id='word_1_205' title='bbox 977 3354 1229 3417; x_wconf 90' lang='lat' dir='ltr'><strong>precatos</strong></span> <span class='ocrx_word' id='word_1_206' title='bbox 1269 3361 1334 3401; x_wconf 90' lang='lat' dir='ltr'><strong>ea</strong></span> <span class='ocrx_word' id='word_1_207' title='bbox 1370 3345 1608 3401; x_wconf 87' lang='lat' dir='ltr'><strong>maxime</strong></span> 
     </span>
    </p>
   </div>
   <div class='ocr_carea' id='block_1_32' title="bbox 47 3429 1604 3512">
    <p class='ocr_par' dir='ltr' id='par_1_32' title="bbox 47 3429 1604 3512">
     <span class='ocr_line' id='line_1_32' title="bbox 47 3429 1604 3512; baseline 0.002 -23"><span class='ocrx_word' id='word_1_208' title='bbox 47 3439 422 3512; x_wconf 69' lang='lat' dir='ltr'><strong>Mtsequiquaa</strong></span> <span class='ocrx_word' id='word_1_209' title='bbox 474 3429 813 3505; x_wconf 85' lang='lat' dir='ltr'><strong>desiderant,</strong></span> <span class='ocrx_word' id='word_1_210' title='bbox 866 3446 1141 3494; x_wconf 85' lang='lat' dir='ltr'><strong>testantur</strong></span> <span class='ocrx_word' id='word_1_211' title='bbox 1171 3438 1264 3493; x_wconf 90' lang='lat' dir='ltr'><strong>illa</strong></span> <span class='ocrx_word' id='word_1_212' title='bbox 1300 3453 1425 3509; x_wconf 70' lang='lat' dir='ltr'><strong>qua:</strong></span> <span class='ocrx_word' id='word_1_213' title='bbox 1443 3445 1604 3492; x_wconf 79' lang='lat' dir='ltr'><strong>voto-</strong></span> 
     </span>
    </p>
   </div>
   <div class='ocr_carea' id='block_1_33' title="bbox 49 3527 1608 3602">
    <p class='ocr_par' dir='ltr' id='par_1_33' title="bbox 49 3527 1608 3602">
     <span class='ocr_line' id='line_1_33' title="bbox 49 3527 1608 3602; baseline 0.001 -21"><span class='ocrx_word' id='word_1_214' title='bbox 49 3543 150 3583; x_wconf 88' lang='lat' dir='ltr'><strong>rum</strong></span> <span class='ocrx_word' id='word_1_215' title='bbox 206 3531 281 3587; x_wconf 87' lang='lat' dir='ltr'><strong>rei</strong></span> <span class='ocrx_word' id='word_1_216' title='bbox 339 3531 492 3588; x_wconf 88' lang='lat' dir='ltr'><strong>dona</strong></span> <span class='ocrx_word' id='word_1_217' title='bbox 554 3531 919 3602; x_wconf 83' lang='lat' dir='ltr'><strong>persolvunt,</strong></span> <span class='ocrx_word' id='word_1_218' title='bbox 981 3527 1272 3585; x_wconf 88' lang='lat' dir='ltr'><strong>manifesta</strong></span> <span class='ocrx_word' id='word_1_219' title='bbox 1346 3528 1608 3584; x_wconf 90' lang='lat' dir='ltr'><strong>nimirum</strong></span> 
     </span>
    </p>
   </div>
   <div class='ocr_carea' id='block_1_34' title="bbox 49 3612 1612 3692">
    <p class='ocr_par' dir='ltr' id='par_1_34' title="bbox 49 3612 1612 3692">
     <span class='ocr_line' id='line_1_34' title="bbox 49 3612 1612 3692; baseline 0.002 -19"><span class='ocrx_word' id='word_1_220' title='bbox 49 3619 226 3690; x_wconf 64' lang='lat' dir='ltr'><strong>adeptae</strong></span> <span class='ocrx_word' id='word_1_221' title='bbox 262 3623 521 3680; x_wconf 85' lang='lat' dir='ltr'><strong>sanitatis</strong></span> <span class='ocrx_word' id='word_1_222' title='bbox 557 3622 779 3679; x_wconf 90' lang='lat' dir='ltr'><strong>indicia.</strong></span> <span class='ocrx_word' id='word_1_223' title='bbox 835 3612 974 3676; x_wconf 80' lang='lat' dir='ltr'><strong>Nam</strong></span> <span class='ocrx_word' id='word_1_224' title='bbox 1017 3621 1109 3676; x_wconf 92' lang='lat' dir='ltr'><strong>alii</strong></span> <span class='ocrx_word' id='word_1_225' title='bbox 1160 3620 1381 3692; x_wconf 86' lang='lat' dir='ltr'><strong>quidem</strong></span> <span class='ocrx_word' id='word_1_226' title='bbox 1422 3621 1612 3677; x_wconf 90' lang='lat' dir='ltr'><strong>oculo-</strong></span> 
     </span>
    </p>
   </div>
   <div class='ocr_carea' id='block_1_35' title="bbox 48 3709 1620 3783">
    <p class='ocr_par' dir='ltr' id='par_1_35' title="bbox 48 3709 1620 3783">
     <span class='ocr_line' id='line_1_35' title="bbox 48 3709 1620 3783; baseline 0.001 -21"><span class='ocrx_word' id='word_1_227' title='bbox 48 3721 150 3762; x_wconf 89' lang='lat' dir='ltr'><strong>rum</strong></span> <span class='ocrx_word' id='word_1_228' title='bbox 177 3750 191 3777; x_wconf 91' lang='lat'><strong>,</strong></span> <span class='ocrx_word' id='word_1_229' title='bbox 239 3712 328 3769; x_wconf 89' lang='lat' dir='ltr'><strong>alii</strong></span> <span class='ocrx_word' id='word_1_230' title='bbox 372 3726 513 3770; x_wconf 85' lang='lat' dir='ltr'><strong>vero</strong></span> <span class='ocrx_word' id='word_1_231' title='bbox 553 3711 791 3783; x_wconf 91' lang='lat' dir='ltr'><strong>pedum,</strong></span> <span class='ocrx_word' id='word_1_232' title='bbox 848 3709 940 3766; x_wconf 91' lang='lat' dir='ltr'><strong>alii</strong></span> <span class='ocrx_word' id='word_1_233' title='bbox 986 3726 1154 3782; x_wconf 91' lang='lat' dir='ltr'><strong>porro</strong></span> <span class='ocrx_word' id='word_1_234' title='bbox 1209 3725 1475 3765; x_wconf 88' lang='lat' dir='ltr'><strong>manuum</strong></span> <span class='ocrx_word' id='word_1_235' title='bbox 1535 3710 1620 3765; x_wconf 76' lang='lat' dir='ltr'><strong>si—‘</strong></span> 
     </span>
    </p>
   </div>
   <div class='ocr_carea' id='block_1_36' title="bbox 51 3799 1608 3878">
    <p class='ocr_par' dir='ltr' id='par_1_36' title="bbox 51 3799 1608 3878">
     <span class='ocr_line' id='line_1_36' title="bbox 51 3799 1608 3878; baseline 0.001 -23"><span class='ocrx_word' id='word_1_236' title='bbox 51 3802 261 3860; x_wconf 86' lang='lat' dir='ltr'><strong>mulacra</strong></span> <span class='ocrx_word' id='word_1_237' title='bbox 299 3805 668 3878; x_wconf 85' lang='lat' dir='ltr'><strong>suspendunt,</strong></span> <span class='ocrx_word' id='word_1_238' title='bbox 714 3819 780 3860; x_wconf 76' lang='lat' dir='ltr'><strong>ex</strong></span> <span class='ocrx_word' id='word_1_239' title='bbox 839 3810 1070 3875; x_wconf 88' lang='lat' dir='ltr'><strong>argento</strong></span> <span class='ocrx_word' id='word_1_240' title='bbox 1113 3817 1318 3858; x_wconf 86' lang='lat' dir='ltr'><strong>aurove</strong></span> <span class='ocrx_word' id='word_1_241' title='bbox 1342 3799 1608 3858; x_wconf 87' lang='lat' dir='ltr'><strong>confecta.</strong></span> 
     </span>
    </p>
   </div>
   <div class='ocr_carea' id='block_1_37' title="bbox 1695 1226 3279 1300">
    <p class='ocr_par' dir='ltr' id='par_1_37' title="bbox 1695 1226 3279 1300">
     <span class='ocr_line' id='line_1_37' title="bbox 1695 1226 3279 1300; baseline 0.005 -20"><span class='ocrx_word' id='word_1_242' title='bbox 1695 1233 1787 1280; x_wconf 92' lang='lat' dir='ltr'><strong>tur</strong></span> <span class='ocrx_word' id='word_1_243' title='bbox 1820 1226 2142 1282; x_wconf 87' lang='lat' dir='ltr'><strong>morborum</strong></span> <span class='ocrx_word' id='word_1_244' title='bbox 2177 1226 2577 1298; x_wconf 88' lang='lat' dir='ltr'><strong>depulsionem,</strong></span> <span class='ocrx_word' id='word_1_245' title='bbox 2619 1229 2779 1299; x_wconf 87' lang='lat' dir='ltr'><strong>cujus</strong></span> <span class='ocrx_word' id='word_1_246' title='bbox 2819 1230 2934 1300; x_wconf 90' lang='lat' dir='ltr'><strong>ipsa</strong></span> <span class='ocrx_word' id='word_1_247' title='bbox 2974 1231 3279 1288; x_wconf 88' lang='lat' dir='ltr'><strong>certissima</strong></span> 
     </span>
    </p>
   </div>
   <div class='ocr_carea' id='block_1_38' title="bbox 1695 1316 3280 1388">
    <p class='ocr_par' dir='ltr' id='par_1_38' title="bbox 1695 1316 3280 1388">
     <span class='ocr_line' id='line_1_38' title="bbox 1695 1316 3280 1388; baseline 0.001 -15"><span class='ocrx_word' id='word_1_248' title='bbox 1695 1316 1852 1388; x_wconf 88' lang='lat' dir='ltr'><strong>signa</strong></span> <span class='ocrx_word' id='word_1_249' title='bbox 1881 1323 2035 1385; x_wconf 93' lang='lat' dir='ltr'><strong>sunt,</strong></span> <span class='ocrx_word' id='word_1_250' title='bbox 2092 1331 2123 1372; x_wconf 92' lang='lat' dir='ltr'><strong>a</strong></span> <span class='ocrx_word' id='word_1_251' title='bbox 2169 1317 2403 1374; x_wconf 87' lang='lat' dir='ltr'><strong>sanitate</strong></span> <span class='ocrx_word' id='word_1_252' title='bbox 2433 1319 2745 1374; x_wconf 88' lang='lat' dir='ltr'><strong>consecutis</strong></span> <span class='ocrx_word' id='word_1_253' title='bbox 2777 1319 2940 1374; x_wconf 87' lang='lat' dir='ltr'><strong>allata</strong></span> <span class='ocrx_word' id='word_1_254' title='bbox 2970 1339 2983 1374; x_wconf 93' lang='lat'>:</span> <span class='ocrx_word' id='word_1_255' title='bbox 3016 1320 3153 1386; x_wconf 62' lang='lat' dir='ltr'><strong>ha‘c,</strong></span> <span class='ocrx_word' id='word_1_256' title='bbox 3199 1321 3280 1374; x_wconf 89' lang='lat' dir='ltr'><strong>in-</strong></span> 
     </span>
    </p>
   </div>
   <div class='ocr_carea' id='block_1_39' title="bbox 1693 1408 3281 1482">
    <p class='ocr_par' dir='ltr' id='par_1_39' title="bbox 1693 1408 3281 1482">
     <span class='ocr_line' id='line_1_39' title="bbox 1693 1408 3281 1482; baseline 0.002 -18"><span class='ocrx_word' id='word_1_257' title='bbox 1693 1421 1882 1480; x_wconf 90' lang='lat' dir='ltr'><strong>quam,</strong></span> <span class='ocrx_word' id='word_1_258' title='bbox 1920 1408 2301 1480; x_wconf 91' lang='lat' dir='ltr'><strong>sepulcrorum</strong></span> <span class='ocrx_word' id='word_1_259' title='bbox 2356 1409 2432 1465; x_wconf 91' lang='lat' dir='ltr'><strong>ibi</strong></span> <span class='ocrx_word' id='word_1_260' title='bbox 2487 1418 2790 1482; x_wconf 88' lang='lat' dir='ltr'><strong>martyrum</strong></span> <span class='ocrx_word' id='word_1_261' title='bbox 2825 1426 2949 1482; x_wconf 74' lang='lat' dir='ltr'><strong>quae</strong></span> <span class='ocrx_word' id='word_1_262' title='bbox 2987 1412 3059 1467; x_wconf 89' lang='lat' dir='ltr'><strong>sit</strong></span> <span class='ocrx_word' id='word_1_263' title='bbox 3107 1411 3281 1467; x_wconf 87' lang='lat' dir='ltr'><strong>virtus</strong></span> 
     </span>
    </p>
   </div>
   <div class='ocr_carea' id='block_1_40' title="bbox 1695 1499 3281 1574">
    <p class='ocr_par' dir='ltr' id='par_1_40' title="bbox 1695 1499 3281 1574">
     <span class='ocr_line' id='line_1_40' title="bbox 1695 1499 3281 1574; baseline 0.001 -18"><span class='ocrx_word' id='word_1_264' title='bbox 1695 1501 2010 1558; x_wconf 84' lang='lat' dir='ltr'><strong>ostendunt.</strong></span> <span class='ocrx_word' id='word_1_265' title='bbox 2035 1499 2334 1574; x_wconf 82' lang='lat' dir='ltr'><strong>Martyrum</strong></span> <span class='ocrx_word' id='word_1_266' title='bbox 2359 1511 2542 1556; x_wconf 90' lang='lat' dir='ltr'><strong>autem</strong></span> <span class='ocrx_word' id='word_1_267' title='bbox 2571 1503 2748 1558; x_wconf 89' lang='lat' dir='ltr'><strong>virtus</strong></span> <span class='ocrx_word' id='word_1_268' title='bbox 2773 1519 2935 1573; x_wconf 91' lang='lat' dir='ltr'><strong>quem</strong></span> <span class='ocrx_word' id='word_1_269' title='bbox 2967 1503 3068 1574; x_wconf 91' lang='lat' dir='ltr'><strong>ipsi</strong></span> <span class='ocrx_word' id='word_1_270' title='bbox 3097 1504 3281 1559; x_wconf 88' lang='lat' dir='ltr'><strong>colue-</strong></span> 
     </span>
    </p>
   </div>
   <div class='ocr_carea' id='block_1_41' title="bbox 1695 1579 3280 1661">
    <p class='ocr_par' dir='ltr' id='par_1_41' title="bbox 1695 1579 3280 1661">
     <span class='ocr_line' id='line_1_41' title="bbox 1695 1579 3280 1661; baseline 0 -13"><span class='ocrx_word' id='word_1_271' title='bbox 1695 1600 1826 1648; x_wconf 85' lang='lat' dir='ltr'><strong>runt</strong></span> <span class='ocrx_word' id='word_1_272' title='bbox 1853 1593 2047 1661; x_wconf 90' lang='lat' dir='ltr'><strong>Deum,</strong></span> <span class='ocrx_word' id='word_1_273' title='bbox 2073 1609 2263 1648; x_wconf 88' lang='lat' dir='ltr'><strong>verum</strong></span> <span class='ocrx_word' id='word_1_274' title='bbox 2287 1608 2408 1648; x_wconf 88' lang='lat' dir='ltr'><strong>esse</strong></span> <span class='ocrx_word' id='word_1_275' title='bbox 2426 1590 2595 1648; x_wconf 91' lang='lat' dir='ltr'><strong>Deum</strong></span> <span class='ocrx_word' id='word_1_276' title='bbox 2623 1579 2883 1660; x_wconf 75' lang='lat' dir='ltr'><strong>declarat,</strong></span> <span class='ocrx_word' id='word_1_277' title='bbox 2912 1611 2931 1645; x_wconf 84' lang='grc'><strong>›</strong></span> <span class='ocrx_word' id='word_1_278' title='bbox 2971 1602 3024 1649; x_wconf 91' lang='lat' dir='ltr'><strong>et</strong></span> <span class='ocrx_word' id='word_1_279' title='bbox 3065 1602 3280 1649; x_wconf 67' lang='lat' dir='ltr'><strong>castera.</strong></span> 
     </span>
    </p>
   </div>
   <div class='ocr_carea' id='block_1_42' title="bbox 1693 1683 3284 1756">
    <p class='ocr_par' dir='ltr' id='par_1_42' title="bbox 1693 1683 3284 1756">
     <span class='ocr_line' id='line_1_42' title="bbox 1693 1683 3284 1756; baseline 0 -18"><span class='ocrx_word' id='word_1_280' title='bbox 1693 1714 1768 1726; x_wconf 88' lang='lat'><strong>—-</strong></span> <span class='ocrx_word' id='word_1_281' title='bbox 1806 1684 2009 1741; x_wconf 90' lang='lat' dir='ltr'><strong>Deinde</strong></span> <span class='ocrx_word' id='word_1_282' title='bbox 2059 1703 2076 1740; x_wconf 89' lang='lat'><strong>:</strong></span> <span class='ocrx_word' id='word_1_283' title='bbox 2135 1703 2155 1736; x_wconf 86' lang='grc'><strong><em>‹</em></strong></span> <span class='ocrx_word' id='word_1_284' title='bbox 2186 1685 2254 1739; x_wconf 82' lang='lat' dir='ltr'><strong>At</strong></span> <span class='ocrx_word' id='word_1_285' title='bbox 2292 1683 2602 1754; x_wconf 90' lang='lat' dir='ltr'><strong>philosophi</strong></span> <span class='ocrx_word' id='word_1_286' title='bbox 2671 1684 2892 1755; x_wconf 88' lang='lat' dir='ltr'><strong>quidem</strong></span> <span class='ocrx_word' id='word_1_287' title='bbox 2926 1685 3284 1756; x_wconf 66' lang='lat' dir='ltr'><strong>praeclarique</strong></span> 
     </span>
    </p>
   </div>
   <div class='ocr_carea' id='block_1_43' title="bbox 1695 1775 3286 1846">
    <p class='ocr_par' dir='ltr' id='par_1_43' title="bbox 1695 1775 3286 1846">
     <span class='ocr_line' id='line_1_43' title="bbox 1695 1775 3286 1846; baseline -0.002 -12"><span class='ocrx_word' id='word_1_288' title='bbox 1695 1786 1944 1834; x_wconf 88' lang='lat' dir='ltr'><strong>oratores</strong></span> <span class='ocrx_word' id='word_1_289' title='bbox 1972 1776 2230 1833; x_wconf 84' lang='lat' dir='ltr'><strong>oblivioni</strong></span> <span class='ocrx_word' id='word_1_290' title='bbox 2250 1775 2362 1846; x_wconf 86' lang='lat' dir='ltr'><strong>jam</strong></span> <span class='ocrx_word' id='word_1_291' title='bbox 2391 1776 2501 1831; x_wconf 84' lang='lat' dir='ltr'><strong>dati</strong></span> <span class='ocrx_word' id='word_1_292' title='bbox 2526 1783 2654 1832; x_wconf 90' lang='lat' dir='ltr'><strong>sunt</strong></span> <span class='ocrx_word' id='word_1_293' title='bbox 2687 1795 2700 1831; x_wconf 89' lang='lat'><strong>:</strong></span> <span class='ocrx_word' id='word_1_294' title='bbox 2729 1777 3118 1845; x_wconf 84' lang='lat' dir='ltr'><strong>imperatorum</strong></span> <span class='ocrx_word' id='word_1_295' title='bbox 3155 1792 3286 1831; x_wconf 87' lang='lat' dir='ltr'><strong>vero</strong></span> 
     </span>
    </p>
   </div>
   <div class='ocr_carea' id='block_1_44' title="bbox 1696 1867 3286 1941">
    <p class='ocr_par' dir='ltr' id='par_1_44' title="bbox 1696 1867 3286 1941">
     <span class='ocr_line' id='line_1_44' title="bbox 1696 1867 3286 1941; baseline -0.003 -16"><span class='ocrx_word' id='word_1_296' title='bbox 1696 1884 1762 1925; x_wconf 90' lang='lat' dir='ltr'><strong>ac</strong></span> <span class='ocrx_word' id='word_1_297' title='bbox 1787 1875 2112 1941; x_wconf 84' lang='lat' dir='ltr'><strong>magnorum</strong></span> <span class='ocrx_word' id='word_1_298' title='bbox 2160 1868 2363 1924; x_wconf 84' lang='lat' dir='ltr'><strong>ducum</strong></span> <span class='ocrx_word' id='word_1_299' title='bbox 2405 1883 2473 1923; x_wconf 90' lang='lat' dir='ltr'><strong>ne</strong></span> <span class='ocrx_word' id='word_1_300' title='bbox 2502 1867 2725 1922; x_wconf 89' lang='lat' dir='ltr'><strong>nomina</strong></span> <span class='ocrx_word' id='word_1_301' title='bbox 2754 1867 2974 1938; x_wconf 88' lang='lat' dir='ltr'><strong>quidem</strong></span> <span class='ocrx_word' id='word_1_302' title='bbox 2999 1867 3155 1923; x_wconf 89' lang='lat' dir='ltr'><strong>multi</strong></span> <span class='ocrx_word' id='word_1_303' title='bbox 3188 1867 3286 1920; x_wconf 87' lang='lat' dir='ltr'><strong>ho-</strong></span> 
     </span>
    </p>
   </div>
   <div class='ocr_carea' id='block_1_45' title="bbox 1695 1951 3280 2032">
    <p class='ocr_par' dir='ltr' id='par_1_45' title="bbox 1695 1951 3280 2032">
     <span class='ocr_line' id='line_1_45' title="bbox 1695 1951 3280 2032; baseline -0.002 -15"><span class='ocrx_word' id='word_1_304' title='bbox 1695 1962 1785 2018; x_wconf 90' lang='lat' dir='ltr'><strong>die</strong></span> <span class='ocrx_word' id='word_1_305' title='bbox 1807 1951 2030 2028; x_wconf 87' lang='lat' dir='ltr'><strong>norunt,</strong></span> <span class='ocrx_word' id='word_1_306' title='bbox 2075 1977 2203 2018; x_wconf 91' lang='lat' dir='ltr'><strong>cum</strong></span> <span class='ocrx_word' id='word_1_307' title='bbox 2250 1970 2434 2017; x_wconf 89' lang='lat' dir='ltr'><strong>tamen</strong></span> <span class='ocrx_word' id='word_1_308' title='bbox 2481 1971 2787 2032; x_wconf 88' lang='lat' dir='ltr'><strong>martyrum</strong></span> <span class='ocrx_word' id='word_1_309' title='bbox 2833 1960 3056 2015; x_wconf 89' lang='lat' dir='ltr'><strong>nomina</strong></span> <span class='ocrx_word' id='word_1_310' title='bbox 3103 1961 3280 2029; x_wconf 82' lang='lat' dir='ltr'><strong>magis</strong></span> 
     </span>
    </p>
   </div>
   <div class='ocr_carea' id='block_1_46' title="bbox 1699 2051 3287 2124">
    <p class='ocr_par' dir='ltr' id='par_1_46' title="bbox 1699 2051 3287 2124">
     <span class='ocr_line' id='line_1_46' title="bbox 1699 2051 3287 2124; baseline 0 -17"><span class='ocrx_word' id='word_1_311' title='bbox 1699 2067 1869 2124; x_wconf 88' lang='lat' dir='ltr'><strong>quam</strong></span> <span class='ocrx_word' id='word_1_312' title='bbox 1919 2051 2274 2107; x_wconf 85' lang='lat' dir='ltr'><strong>familiarium</strong></span> <span class='ocrx_word' id='word_1_313' title='bbox 2330 2052 2513 2107; x_wconf 92' lang='lat' dir='ltr'><strong>cuncti</strong></span> <span class='ocrx_word' id='word_1_314' title='bbox 2563 2052 2823 2108; x_wconf 86' lang='lat' dir='ltr'><strong>mortales</strong></span> <span class='ocrx_word' id='word_1_315' title='bbox 2879 2053 3083 2119; x_wconf 87' lang='lat' dir='ltr'><strong>sciant;</strong></span> <span class='ocrx_word' id='word_1_316' title='bbox 3151 2053 3287 2123; x_wconf 91' lang='lat' dir='ltr'><strong>quin</strong></span> 
     </span>
    </p>
   </div>
   <div class='ocr_carea' id='block_1_47' title="bbox 1699 2145 3289 2216">
    <p class='ocr_par' dir='ltr' id='par_1_47' title="bbox 1699 2145 3289 2216">
     <span class='ocr_line' id='line_1_47' title="bbox 1699 2145 3289 2216; baseline 0.001 -14"><span class='ocrx_word' id='word_1_317' title='bbox 1699 2147 1863 2202; x_wconf 85' lang='lat' dir='ltr'><strong>etiam</strong></span> <span class='ocrx_word' id='word_1_318' title='bbox 1895 2147 2251 2202; x_wconf 88' lang='lat' dir='ltr'><strong>nascentibus</strong></span> <span class='ocrx_word' id='word_1_319' title='bbox 2279 2147 2408 2202; x_wconf 93' lang='lat' dir='ltr'><strong>ﬁliis</strong></span> <span class='ocrx_word' id='word_1_320' title='bbox 2433 2160 2496 2200; x_wconf 91' lang='lat' dir='ltr'><strong>ea</strong></span> <span class='ocrx_word' id='word_1_321' title='bbox 2529 2145 2737 2216; x_wconf 91' lang='lat' dir='ltr'><strong>imponi</strong></span> <span class='ocrx_word' id='word_1_322' title='bbox 2761 2156 2977 2214; x_wconf 87' lang='lat' dir='ltr'><strong>curant,</strong></span> <span class='ocrx_word' id='word_1_323' title='bbox 3007 2147 3081 2202; x_wconf 86' lang='lat' dir='ltr'><strong>ita</strong></span> <span class='ocrx_word' id='word_1_324' title='bbox 3104 2155 3289 2203; x_wconf 89' lang='lat' dir='ltr'><strong>custo-</strong></span> 
     </span>
    </p>
   </div>
   <div class='ocr_carea' id='block_1_48' title="bbox 1702 2237 3284 2308">
    <p class='ocr_par' dir='ltr' id='par_1_48' title="bbox 1702 2237 3284 2308">
     <span class='ocr_line' id='line_1_48' title="bbox 1702 2237 3284 2308; baseline -0.002 -16"><span class='ocrx_word' id='word_1_325' title='bbox 1702 2237 1849 2293; x_wconf 91' lang='lat' dir='ltr'><strong>diam</strong></span> <span class='ocrx_word' id='word_1_326' title='bbox 1878 2238 1989 2294; x_wconf 90' lang='lat' dir='ltr'><strong>illis</strong></span> <span class='ocrx_word' id='word_1_327' title='bbox 2035 2237 2371 2308; x_wconf 87' lang='lat' dir='ltr'><strong>tutelamque</strong></span> <span class='ocrx_word' id='word_1_328' title='bbox 2423 2238 2790 2293; x_wconf 88' lang='lat' dir='ltr'><strong>certissimam</strong></span> <span class='ocrx_word' id='word_1_329' title='bbox 2822 2246 3228 2308; x_wconf 90' lang='lat' dir='ltr'><strong>comparantes,</strong></span> <span class='ocrx_word' id='word_1_330' title='bbox 3263 2257 3284 2289; x_wconf 71' lang='grc' dir='ltr'><strong><em>ι</em></strong></span> 
     </span>
    </p>
   </div>
   <div class='ocr_carea' id='block_1_49' title="bbox 1701 2327 3290 2401">
    <p class='ocr_par' dir='ltr' id='par_1_49' title="bbox 1701 2327 3290 2401">
     <span class='ocr_line' id='line_1_49' title="bbox 1701 2327 3290 2401; baseline -0.002 -14"><span class='ocrx_word' id='word_1_331' title='bbox 1701 2338 1756 2387; x_wconf 89' lang='lat' dir='ltr'><strong>et</strong></span> <span class='ocrx_word' id='word_1_332' title='bbox 1780 2338 1997 2386; x_wconf 58' lang='lat' dir='ltr'><strong>caetera.</strong></span> <span class='ocrx_word' id='word_1_333' title='bbox 2024 2359 2099 2371; x_wconf 88' lang='lat'><strong>—-</strong></span> <span class='ocrx_word' id='word_1_334' title='bbox 2125 2328 2255 2385; x_wconf 88' lang='lat' dir='ltr'><strong>Item</strong></span> <span class='ocrx_word' id='word_1_335' title='bbox 2285 2349 2298 2384; x_wconf 90' lang='lat'><strong>:</strong></span> <span class='ocrx_word' id='word_1_336' title='bbox 2328 2349 2346 2381; x_wconf 72' lang='grc' dir='ltr'><strong>ε</strong></span> <span class='ocrx_word' id='word_1_337' title='bbox 2381 2327 2451 2384; x_wconf 88' lang='lat' dir='ltr'><strong>At</strong></span> <span class='ocrx_word' id='word_1_338' title='bbox 2491 2329 2615 2386; x_wconf 90' lang='lat' dir='ltr'><strong>illos</strong></span> <span class='ocrx_word' id='word_1_339' title='bbox 2649 2329 2870 2399; x_wconf 89' lang='lat' dir='ltr'><strong>quidem</strong></span> <span class='ocrx_word' id='word_1_340' title='bbox 2901 2344 3089 2386; x_wconf 89' lang='lat' dir='ltr'><strong>cassos</strong></span> <span class='ocrx_word' id='word_1_341' title='bbox 3114 2329 3290 2401; x_wconf 78' lang='lat' dir='ltr'><strong>gloria</strong></span> 
     </span>
    </p>
   </div>
   <div class='ocr_carea' id='block_1_50' title="bbox 1701 2419 3288 2494">
    <p class='ocr_par' dir='ltr' id='par_1_50' title="bbox 1701 2419 3288 2494">
     <span class='ocr_line' id='line_1_50' title="bbox 1701 2419 3288 2494; baseline -0.002 -17"><span class='ocrx_word' id='word_1_342' title='bbox 1701 2438 1986 2494; x_wconf 89' lang='lat' dir='ltr'><strong>vanosque</strong></span> <span class='ocrx_word' id='word_1_343' title='bbox 2013 2423 2269 2490; x_wconf 87' lang='lat' dir='ltr'><strong>reddidit,</strong></span> <span class='ocrx_word' id='word_1_344' title='bbox 2297 2422 2413 2478; x_wconf 92' lang='lat' dir='ltr'><strong>suis</strong></span> <span class='ocrx_word' id='word_1_345' title='bbox 2443 2430 2625 2477; x_wconf 89' lang='lat' dir='ltr'><strong>autem</strong></span> <span class='ocrx_word' id='word_1_346' title='bbox 2653 2419 2987 2493; x_wconf 89' lang='lat' dir='ltr'><strong>martyribus</strong></span> <span class='ocrx_word' id='word_1_347' title='bbox 3021 2421 3288 2475; x_wconf 90' lang='lat' dir='ltr'><strong>honorem</strong></span> 
     </span>
    </p>
   </div>
   <div class='ocr_carea' id='block_1_51' title="bbox 1704 2510 3291 2586">
    <p class='ocr_par' dir='ltr' id='par_1_51' title="bbox 1704 2510 3291 2586">
     <span class='ocr_line' id='line_1_51' title="bbox 1704 2510 3291 2586; baseline -0.003 -15"><span class='ocrx_word' id='word_1_348' title='bbox 1704 2515 1922 2571; x_wconf 90' lang='lat' dir='ltr'><strong>illorum</strong></span> <span class='ocrx_word' id='word_1_349' title='bbox 1948 2516 2098 2572; x_wconf 85' lang='lat' dir='ltr'><strong>dedit</strong></span> <span class='ocrx_word' id='word_1_350' title='bbox 2127 2535 2140 2571; x_wconf 90' lang='lat'>:</span> <span class='ocrx_word' id='word_1_351' title='bbox 2166 2531 2268 2586; x_wconf 92' lang='lat' dir='ltr'><strong>pro</strong></span> <span class='ocrx_word' id='word_1_352' title='bbox 2289 2514 2518 2570; x_wconf 87' lang='lat' dir='ltr'><strong>Paudiis</strong></span> <span class='ocrx_word' id='word_1_353' title='bbox 2551 2514 2697 2568; x_wconf 91' lang='lat' dir='ltr'><strong>enim</strong></span> <span class='ocrx_word' id='word_1_354' title='bbox 2721 2511 3030 2584; x_wconf 80' lang='lat' dir='ltr'><strong>Diasiisque</strong></span> <span class='ocrx_word' id='word_1_355' title='bbox 3063 2527 3127 2569; x_wconf 91' lang='lat' dir='ltr'><strong>ac</strong></span> <span class='ocrx_word' id='word_1_356' title='bbox 3161 2510 3291 2567; x_wconf 87' lang='lat' dir='ltr'><strong>Dio-</strong></span> 
     </span>
    </p>
   </div>
   <div class='ocr_carea' id='block_1_52' title="bbox 1705 2601 3287 2680">
    <p class='ocr_par' dir='ltr' id='par_1_52' title="bbox 1705 2601 3287 2680">
     <span class='ocr_line' id='line_1_52' title="bbox 1705 2601 3287 2680; baseline -0.005 -16"><span class='ocrx_word' id='word_1_357' title='bbox 1705 2607 1899 2680; x_wconf 88' lang='lat' dir='ltr'><strong>nysiis,</strong></span> <span class='ocrx_word' id='word_1_358' title='bbox 1928 2607 2036 2663; x_wconf 92' lang='lat' dir='ltr'><strong>hoc</strong></span> <span class='ocrx_word' id='word_1_359' title='bbox 2082 2615 2166 2663; x_wconf 92' lang='lat' dir='ltr'><strong>est</strong></span> <span class='ocrx_word' id='word_1_360' title='bbox 2213 2605 2365 2662; x_wconf 84' lang='lat' dir='ltr'><strong>Jovis</strong></span> <span class='ocrx_word' id='word_1_361' title='bbox 2393 2604 2686 2675; x_wconf 89' lang='lat' dir='ltr'><strong>Liberique</strong></span> <span class='ocrx_word' id='word_1_362' title='bbox 2723 2602 2897 2674; x_wconf 86' lang='lat' dir='ltr'><strong>patris</strong></span> <span class='ocrx_word' id='word_1_363' title='bbox 2924 2601 3287 2660; x_wconf 87' lang='lat' dir='ltr'><strong>solemnitati-</strong></span> 
     </span>
    </p>
   </div>
   <div class='ocr_carea' id='block_1_53' title="bbox 1703 2692 3288 2767">
    <p class='ocr_par' dir='ltr' id='par_1_53' title="bbox 1703 2692 3288 2767">
     <span class='ocr_line' id='line_1_53' title="bbox 1703 2692 3288 2767; baseline -0.005 -13"><span class='ocrx_word' id='word_1_364' title='bbox 1703 2699 1830 2763; x_wconf 88' lang='lat' dir='ltr'><strong>bus,</strong></span> <span class='ocrx_word' id='word_1_365' title='bbox 1859 2697 2041 2766; x_wconf 87' lang='lat' dir='ltr'><strong>Petro,</strong></span> <span class='ocrx_word' id='word_1_366' title='bbox 2067 2696 2260 2765; x_wconf 92' lang='lat' dir='ltr'><strong>Paulo,</strong></span> <span class='ocrx_word' id='word_1_367' title='bbox 2293 2697 2537 2762; x_wconf 74' lang='lat' dir='ltr'><strong>Thomaz,</strong></span> <span class='ocrx_word' id='word_1_368' title='bbox 2563 2695 2777 2767; x_wconf 90' lang='lat' dir='ltr'><strong>Sergio,</strong></span> <span class='ocrx_word' id='word_1_369' title='bbox 2809 2693 3085 2761; x_wconf 84' lang='lat' dir='ltr'><strong>Marcello,</strong></span> <span class='ocrx_word' id='word_1_370' title='bbox 3109 2692 3288 2748; x_wconf 91' lang='lat' dir='ltr'><strong>Leon-</strong></span> 
     </span>
    </p>
   </div>
   <div class='ocr_carea' id='block_1_54' title="bbox 1704 2785 3289 2859">
    <p class='ocr_par' dir='ltr' id='par_1_54' title="bbox 1704 2785 3289 2859">
     <span class='ocr_line' id='line_1_54' title="bbox 1704 2785 3289 2859; baseline -0.005 -12"><span class='ocrx_word' id='word_1_371' title='bbox 1704 2791 1801 2858; x_wconf 88' lang='lat' dir='ltr'><strong>tio,</strong></span> <span class='ocrx_word' id='word_1_372' title='bbox 1829 2791 2130 2858; x_wconf 85' lang='lat' dir='ltr'><strong>Antonino,</strong></span> <span class='ocrx_word' id='word_1_373' title='bbox 2169 2789 2425 2846; x_wconf 87' lang='lat' dir='ltr'><strong>Mauritio</strong></span> <span class='ocrx_word' id='word_1_374' title='bbox 2463 2788 2694 2859; x_wconf 89' lang='lat' dir='ltr'><strong>aliisque</strong></span> <span class='ocrx_word' id='word_1_375' title='bbox 2721 2787 2927 2844; x_wconf 87' lang='lat' dir='ltr'><strong>sanctis</strong></span> <span class='ocrx_word' id='word_1_376' title='bbox 2955 2785 3289 2858; x_wconf 81' lang='lat' dir='ltr'><strong>martyribus</strong></span> 
     </span>
    </p>
   </div>
   <div class='ocr_carea' id='block_1_55' title="bbox 1703 2871 3292 2955">
    <p class='ocr_par' dir='ltr' id='par_1_55' title="bbox 1703 2871 3292 2955">
     <span class='ocr_line' id='line_1_55' title="bbox 1703 2871 3292 2955; baseline -0.006 -15"><span class='ocrx_word' id='word_1_377' title='bbox 1703 2871 1955 2955; x_wconf 84' lang='lat' dir='ltr'><strong>populari</strong></span> <span class='ocrx_word' id='word_1_378' title='bbox 2026 2882 2190 2954; x_wconf 91' lang='lat' dir='ltr'><strong>epulo</strong></span> <span class='ocrx_word' id='word_1_379' title='bbox 2251 2889 2609 2953; x_wconf 89' lang='lat' dir='ltr'><strong>peraguntur.</strong></span> <span class='ocrx_word' id='word_1_380' title='bbox 2675 2878 2894 2949; x_wconf 89' lang='lat' dir='ltr'><strong>Proque</strong></span> <span class='ocrx_word' id='word_1_381' title='bbox 2963 2878 3054 2933; x_wconf 90' lang='lat' dir='ltr'><strong>illa</strong></span> <span class='ocrx_word' id='word_1_382' title='bbox 3121 2877 3292 2932; x_wconf 85' lang='lat' dir='ltr'><strong>veteri</strong></span> 
     </span>
    </p>
   </div>
   <div class='ocr_carea' id='block_1_56' title="bbox 1703 2969 3297 3049">
    <p class='ocr_par' dir='ltr' id='par_1_56' title="bbox 1703 2969 3297 3049">
     <span class='ocr_line' id='line_1_56' title="bbox 1703 2969 3297 3049; baseline -0.006 -17"><span class='ocrx_word' id='word_1_383' title='bbox 1703 2993 1925 3049; x_wconf 88' lang='lat' dir='ltr'><strong>pompa,</strong></span> <span class='ocrx_word' id='word_1_384' title='bbox 1960 2991 2060 3048; x_wconf 92' lang='lat' dir='ltr'><strong>pro</strong></span> <span class='ocrx_word' id='word_1_385' title='bbox 2095 2975 2244 3046; x_wconf 92' lang='lat' dir='ltr'><strong>turpi</strong></span> <span class='ocrx_word' id='word_1_386' title='bbox 2290 2974 2630 3030; x_wconf 85' lang='lat' dir='ltr'><strong>obscenitate</strong></span> <span class='ocrx_word' id='word_1_387' title='bbox 2675 2970 3112 3043; x_wconf 52' lang='lat' dir='ltr'><strong>acimpudentia,</strong></span> <span class='ocrx_word' id='word_1_388' title='bbox 3159 2969 3297 3024; x_wconf 87' lang='lat' dir='ltr'><strong>ﬁunt</strong></span> 
     </span>
    </p>
   </div>
   <div class='ocr_carea' id='block_1_57' title="bbox 1705 3063 3296 3140">
    <p class='ocr_par' dir='ltr' id='par_1_57' title="bbox 1705 3063 3296 3140">
     <span class='ocr_line' id='line_1_57' title="bbox 1705 3063 3296 3140; baseline -0.006 -15"><span class='ocrx_word' id='word_1_389' title='bbox 1705 3069 1991 3137; x_wconf 76' lang='lat' dir='ltr'><strong>modestae,</strong></span> <span class='ocrx_word' id='word_1_390' title='bbox 2017 3076 2185 3125; x_wconf 75' lang='lat' dir='ltr'><strong>castae</strong></span> <span class='ocrx_word' id='word_1_391' title='bbox 2225 3083 2290 3124; x_wconf 91' lang='lat' dir='ltr'><strong>ac</strong></span> <span class='ocrx_word' id='word_1_392' title='bbox 2330 3067 2704 3139; x_wconf 73' lang='lat' dir='ltr'><strong>temperantia:</strong></span> <span class='ocrx_word' id='word_1_393' title='bbox 2747 3066 2921 3140; x_wconf 67' lang='lat' dir='ltr'><strong>plena:</strong></span> <span class='ocrx_word' id='word_1_394' title='bbox 2949 3063 3296 3129; x_wconf 83' lang='lat' dir='ltr'><strong>festivitates,</strong></span> 
     </span>
    </p>
   </div>
   <div class='ocr_carea' id='block_1_58' title="bbox 1707 3155 3297 3232">
    <p class='ocr_par' dir='ltr' id='par_1_58' title="bbox 1707 3155 3297 3232">
     <span class='ocr_line' id='line_1_58' title="bbox 1707 3155 3297 3232; baseline -0.006 -14"><span class='ocrx_word' id='word_1_395' title='bbox 1707 3177 1818 3218; x_wconf 94' lang='lat' dir='ltr'><strong>non</strong></span> <span class='ocrx_word' id='word_1_396' title='bbox 1852 3163 1958 3218; x_wconf 72' lang='lat' dir='ltr'><strong>illa:</strong></span> <span class='ocrx_word' id='word_1_397' title='bbox 1983 3161 2205 3232; x_wconf 91' lang='lat' dir='ltr'><strong>quidem</strong></span> <span class='ocrx_word' id='word_1_398' title='bbox 2234 3176 2388 3216; x_wconf 90' lang='lat' dir='ltr'><strong>mero</strong></span> <span class='ocrx_word' id='word_1_399' title='bbox 2421 3160 2698 3228; x_wconf 65' lang='lat' dir='ltr'><strong>delibutas,</strong></span> <span class='ocrx_word' id='word_1_400' title='bbox 2733 3175 2846 3214; x_wconf 90' lang='lat' dir='ltr'><strong>non</strong></span> <span class='ocrx_word' id='word_1_401' title='bbox 2876 3155 3297 3214; x_wconf 87' lang='lat' dir='ltr'><strong>comessationi-</strong></span> 
     </span>
    </p>
   </div>
   <div class='ocr_carea' id='block_1_59' title="bbox 1707 3247 3298 3323">
    <p class='ocr_par' dir='ltr' id='par_1_59' title="bbox 1707 3247 3298 3323">
     <span class='ocr_line' id='line_1_59' title="bbox 1707 3247 3298 3323; baseline -0.007 -12"><span class='ocrx_word' id='word_1_402' title='bbox 1707 3254 1812 3312; x_wconf 88' lang='lat' dir='ltr'><strong>bus</strong></span> <span class='ocrx_word' id='word_1_403' title='bbox 1837 3255 2004 3323; x_wconf 88' lang='lat' dir='ltr'><strong>leves,</strong></span> <span class='ocrx_word' id='word_1_404' title='bbox 2029 3271 2144 3311; x_wconf 90' lang='lat' dir='ltr'><strong>non</strong></span> <span class='ocrx_word' id='word_1_405' title='bbox 2185 3253 2473 3310; x_wconf 89' lang='lat' dir='ltr'><strong>cachinnis</strong></span> <span class='ocrx_word' id='word_1_406' title='bbox 2511 3247 2735 3320; x_wconf 82' lang='lat' dir='ltr'><strong>solutae,</strong></span> <span class='ocrx_word' id='word_1_407' title='bbox 2769 3257 2864 3308; x_wconf 89' lang='lat' dir='ltr'><strong>sed</strong></span> <span class='ocrx_word' id='word_1_408' title='bbox 2893 3248 3098 3307; x_wconf 90' lang='lat' dir='ltr'><strong>divinis</strong></span> <span class='ocrx_word' id='word_1_409' title='bbox 3128 3247 3298 3303; x_wconf 88' lang='lat' dir='ltr'><strong>canti-</strong></span> 
     </span>
    </p>
   </div>
   <div class='ocr_carea' id='block_1_60' title="bbox 1709 3339 3293 3420">
    <p class='ocr_par' dir='ltr' id='par_1_60' title="bbox 1709 3339 3293 3420">
     <span class='ocr_line' id='line_1_60' title="bbox 1709 3339 3293 3420; baseline -0.008 -15"><span class='ocrx_word' id='word_1_410' title='bbox 1709 3349 1790 3405; x_wconf 87' lang='lat' dir='ltr'><strong>cis</strong></span> <span class='ocrx_word' id='word_1_411' title='bbox 1840 3355 2227 3420; x_wconf 91' lang='lat' dir='ltr'><strong>personantes,</strong></span> <span class='ocrx_word' id='word_1_412' title='bbox 2274 3347 2560 3418; x_wconf 88' lang='lat' dir='ltr'><strong>saerisque</strong></span> <span class='ocrx_word' id='word_1_413' title='bbox 2613 3345 2960 3402; x_wconf 90' lang='lat' dir='ltr'><strong>sermonibus</strong></span> <span class='ocrx_word' id='word_1_414' title='bbox 3003 3339 3293 3397; x_wconf 85' lang='lat' dir='ltr'><strong>audiendis</strong></span> 
     </span>
    </p>
   </div>
   <div class='ocr_carea' id='block_1_61' title="bbox 1709 3430 3294 3511">
    <p class='ocr_par' dir='ltr' id='par_1_61' title="bbox 1709 3430 3294 3511">
     <span class='ocr_line' id='line_1_61' title="bbox 1709 3430 3294 3511; baseline -0.008 -15"><span class='ocrx_word' id='word_1_415' title='bbox 1709 3441 1952 3508; x_wconf 56' lang='lat' dir='ltr'><strong>intenta,</strong></span> <span class='ocrx_word' id='word_1_416' title='bbox 1999 3441 2056 3495; x_wconf 93' lang='lat' dir='ltr'><strong>in</strong></span> <span class='ocrx_word' id='word_1_417' title='bbox 2079 3440 2284 3511; x_wconf 90' lang='lat' dir='ltr'><strong>quibus</strong></span> <span class='ocrx_word' id='word_1_418' title='bbox 2303 3439 2372 3495; x_wconf 91' lang='lat' dir='ltr'><strong>ad</strong></span> <span class='ocrx_word' id='word_1_419' title='bbox 2398 3438 2570 3494; x_wconf 88' lang='lat' dir='ltr'><strong>Deum</strong></span> <span class='ocrx_word' id='word_1_420' title='bbox 2597 3453 2787 3508; x_wconf 85' lang='lat' dir='ltr'><strong>preces</strong></span> <span class='ocrx_word' id='word_1_421' title='bbox 2816 3451 2923 3492; x_wconf 91' lang='lat' dir='ltr'><strong>non</strong></span> <span class='ocrx_word' id='word_1_422' title='bbox 2945 3435 3065 3491; x_wconf 89' lang='lat' dir='ltr'><strong>sine</strong></span> <span class='ocrx_word' id='word_1_423' title='bbox 3087 3430 3294 3488; x_wconf 92' lang='lat' dir='ltr'><strong>sanctis</strong></span> 
     </span>
    </p>
   </div>
   <div class='ocr_carea' id='block_1_62' title="bbox 1709 3521 3300 3606">
    <p class='ocr_par' dir='ltr' id='par_1_62' title="bbox 1709 3521 3300 3606">
     <span class='ocr_line' id='line_1_62' title="bbox 1709 3521 3300 3606; baseline -0.009 -19"><span class='ocrx_word' id='word_1_424' title='bbox 1709 3531 1966 3604; x_wconf 89' lang='lat' dir='ltr'><strong>lacrymis</strong></span> <span class='ocrx_word' id='word_1_425' title='bbox 1991 3546 2056 3587; x_wconf 89' lang='lat' dir='ltr'><strong>ac</strong></span> <span class='ocrx_word' id='word_1_426' title='bbox 2081 3529 2337 3601; x_wconf 88' lang='lat' dir='ltr'><strong>suspiriis</strong></span> <span class='ocrx_word' id='word_1_427' title='bbox 2349 3529 2766 3586; x_wconf 85' lang='lat' dir='ltr'><strong>submittuntur.</strong></span> <span class='ocrx_word' id='word_1_428' title='bbox 2781 3525 2918 3606; x_wconf 77' lang='lat' dir='ltr'><strong>Cum</strong></span> <span class='ocrx_word' id='word_1_429' title='bbox 2938 3525 3122 3594; x_wconf 90' lang='lat' dir='ltr'><strong>itaque</strong></span> <span class='ocrx_word' id='word_1_430' title='bbox 3134 3521 3300 3576; x_wconf 84' lang='lat' dir='ltr'><strong>talem</strong></span> 
     </span>
    </p>
   </div>
   <div class='ocr_carea' id='block_1_63' title="bbox 1709 3610 3298 3692">
    <p class='ocr_par' dir='ltr' id='par_1_63' title="bbox 1709 3610 3298 3692">
     <span class='ocr_line' id='line_1_63' title="bbox 1709 3610 3298 3692; baseline -0.009 -13"><span class='ocrx_word' id='word_1_431' title='bbox 1709 3631 2031 3692; x_wconf 88' lang='lat' dir='ltr'><strong>tantamque</strong></span> <span class='ocrx_word' id='word_1_432' title='bbox 2079 3622 2369 3678; x_wconf 82' lang='lat' dir='ltr'><strong>utilitatem</strong></span> <span class='ocrx_word' id='word_1_433' title='bbox 2409 3633 2476 3676; x_wconf 84' lang='lat' dir='ltr'><strong>ex</strong></span> <span class='ocrx_word' id='word_1_434' title='bbox 2521 3619 2854 3691; x_wconf 83' lang='lat' dir='ltr'><strong>martyribus</strong></span> <span class='ocrx_word' id='word_1_435' title='bbox 2906 3617 3117 3672; x_wconf 85' lang='lat' dir='ltr'><strong>honore</strong></span> <span class='ocrx_word' id='word_1_436' title='bbox 3180 3610 3298 3668; x_wconf 86' lang='lat' dir='ltr'><strong>col—</strong></span> 
     </span>
    </p>
   </div>
   <div class='ocr_carea' id='block_1_64' title="bbox 1712 3709 3302 3785">
    <p class='ocr_par' dir='ltr' id='par_1_64' title="bbox 1712 3709 3302 3785">
     <span class='ocr_line' id='line_1_64' title="bbox 1712 3709 3302 3785; baseline -0.008 -15"><span class='ocrx_word' id='word_1_437' title='bbox 1712 3716 1826 3770; x_wconf 86' lang='lat' dir='ltr'><strong>lato</strong></span> <span class='ocrx_word' id='word_1_438' title='bbox 1853 3713 2142 3785; x_wconf 89' lang='lat' dir='ltr'><strong>provenire</strong></span> <span class='ocrx_word' id='word_1_439' title='bbox 2177 3711 2432 3768; x_wconf 89' lang='lat' dir='ltr'><strong>homines</strong></span> <span class='ocrx_word' id='word_1_440' title='bbox 2473 3710 2728 3776; x_wconf 84' lang='lat' dir='ltr'><strong>videatis,</strong></span> <span class='ocrx_word' id='word_1_441' title='bbox 2759 3709 2946 3782; x_wconf 87' lang='lat' dir='ltr'><strong>fugite,</strong></span> <span class='ocrx_word' id='word_1_442' title='bbox 2977 3720 3186 3778; x_wconf 60' lang='lat' dir='ltr'><strong>quaso,</strong></span> <span class='ocrx_word' id='word_1_443' title='bbox 3212 3720 3302 3760; x_wconf 89' lang='lat' dir='ltr'><strong>er—</strong></span> 
     </span>
    </p>
   </div>
   <div class='ocr_carea' id='block_1_65' title="bbox 1713 3791 3300 3880">
    <p class='ocr_par' dir='ltr' id='par_1_65' title="bbox 1713 3791 3300 3880">
     <span class='ocr_line' id='line_1_65' title="bbox 1713 3791 3300 3880; baseline -0.007 -18"><span class='ocrx_word' id='word_1_444' title='bbox 1713 3821 1897 3863; x_wconf 90' lang='lat' dir='ltr'><strong>rorem</strong></span> <span class='ocrx_word' id='word_1_445' title='bbox 1925 3807 2259 3872; x_wconf 78' lang='lat' dir='ltr'><strong>daemonum,</strong></span> <span class='ocrx_word' id='word_1_446' title='bbox 2299 3791 2628 3876; x_wconf 79' lang='lat' dir='ltr'><strong>praevioque</strong></span> <span class='ocrx_word' id='word_1_447' title='bbox 2672 3801 2840 3880; x_wconf 86' lang='lat' dir='ltr'><strong>ductu</strong></span> <span class='ocrx_word' id='word_1_448' title='bbox 2883 3807 3185 3872; x_wconf 80' lang='lat' dir='ltr'><strong>martyrum</strong></span> <span class='ocrx_word' id='word_1_449' title='bbox 3213 3796 3300 3851; x_wconf 87' lang='lat' dir='ltr'><strong>fa-</strong></span> 
     </span>
    </p>
   </div>
   <div class='ocr_carea' id='block_1_66' title="bbox 51 3877 3300 3979">
    <p class='ocr_par' dir='ltr' id='par_1_66' title="bbox 51 3877 3300 3979">
     <span class='ocr_line' id='line_1_66' title="bbox 51 3877 3300 3979; baseline -0.002 -31"><span class='ocrx_word' id='word_1_450' title='bbox 51 3889 338 3953; x_wconf 82' lang='lat' dir='ltr'><strong>Gratissime</strong></span> <span class='ocrx_word' id='word_1_451' title='bbox 374 3896 877 3979; x_wconf 46' lang='lat' dir='ltr'><strong>namquqaccipit</strong></span> <span class='ocrx_word' id='word_1_452' title='bbox 922 3910 1114 3950; x_wconf 88' lang='lat' dir='ltr'><strong>eorum</strong></span> <span class='ocrx_word' id='word_1_453' title='bbox 1167 3893 1433 3950; x_wconf 88' lang='lat' dir='ltr'><strong>Dominus</strong></span> <span class='ocrx_word' id='word_1_454' title='bbox 1467 3908 1608 3964; x_wconf 88' lang='lat' dir='ltr'><strong>qua—</strong></span> <span class='ocrx_word' id='word_1_455' title='bbox 1636 3877 1682 3941; x_wconf 83' lang='lat' dir='ltr'><strong><em>C</em></strong></span> <span class='ocrx_word' id='word_1_456' title='bbox 1716 3898 1983 3968; x_wconf 87' lang='lat' dir='ltr'><strong>cibusque</strong></span> <span class='ocrx_word' id='word_1_457' title='bbox 2027 3906 2274 3962; x_wconf 80' lang='lat' dir='ltr'><strong>utentes,</strong></span> <span class='ocrx_word' id='word_1_458' title='bbox 2327 3895 2472 3951; x_wconf 85' lang='lat' dir='ltr'><strong>viam</strong></span> <span class='ocrx_word' id='word_1_459' title='bbox 2526 3877 2797 3964; x_wconf 84' lang='lat' dir='ltr'><strong>capesclte</strong></span> <span class='ocrx_word' id='word_1_460' title='bbox 2841 3907 2964 3964; x_wconf 74' lang='lat' dir='ltr'><strong>quae</strong></span> <span class='ocrx_word' id='word_1_461' title='bbox 3009 3891 3077 3946; x_wconf 91' lang='lat' dir='ltr'><strong>ad</strong></span> <span class='ocrx_word' id='word_1_462' title='bbox 3125 3891 3300 3943; x_wconf 75' lang='lat' dir='ltr'><strong>Deum</strong></span> 
     </span>
    </p>
   </div>
   <div class='ocr_carea' id='block_1_67' title="bbox 51 3981 1610 4061">
    <p class='ocr_par' dir='ltr' id='par_1_67' title="bbox 51 3981 1610 4061">
     <span class='ocr_line' id='line_1_67' title="bbox 51 3981 1610 4061; baseline 0.002 -26"><span class='ocrx_word' id='word_1_463' title='bbox 51 3981 310 4061; x_wconf 76' lang='lat' dir='ltr'><strong>liacunque</strong></span> <span class='ocrx_word' id='word_1_464' title='bbox 333 3997 471 4047; x_wconf 86' lang='lat' dir='ltr'><strong>sunt</strong></span> <span class='ocrx_word' id='word_1_465' title='bbox 494 3988 662 4055; x_wconf 90' lang='lat' dir='ltr'><strong>dona,</strong></span> <span class='ocrx_word' id='word_1_466' title='bbox 687 4002 790 4044; x_wconf 90' lang='lat' dir='ltr'><strong>nec</strong></span> <span class='ocrx_word' id='word_1_467' title='bbox 817 3987 1016 4059; x_wconf 80' lang='lat' dir='ltr'><strong>exigua</strong></span> <span class='ocrx_word' id='word_1_468' title='bbox 1046 4001 1150 4041; x_wconf 90' lang='lat' dir='ltr'><strong>nee</strong></span> <span class='ocrx_word' id='word_1_469' title='bbox 1191 3985 1321 4040; x_wconf 88' lang='lat' dir='ltr'><strong>vilia</strong></span> <span class='ocrx_word' id='word_1_470' title='bbox 1355 3984 1610 4056; x_wconf 86' lang='lat' dir='ltr'><strong>dedigna-</strong></span> 
     </span>
    </p>
   </div>
   <div class='ocr_carea' id='block_1_68' title="bbox 52 4079 1604 4156">
    <p class='ocr_par' dir='ltr' id='par_1_68' title="bbox 52 4079 1604 4156">
     <span class='ocr_line' id='line_1_68' title="bbox 52 4079 1604 4156; baseline 0.003 -24"><span class='ocrx_word' id='word_1_471' title='bbox 52 4084 143 4145; x_wconf 89' lang='lat' dir='ltr'><strong>tur,</strong></span> <span class='ocrx_word' id='word_1_472' title='bbox 167 4097 358 4155; x_wconf 86' lang='lat' dir='ltr'><strong>qmppe</strong></span> <span class='ocrx_word' id='word_1_473' title='bbox 399 4083 503 4156; x_wconf 85' lang='lat' dir='ltr'><strong>qui</strong></span> <span class='ocrx_word' id='word_1_474' title='bbox 550 4098 614 4139; x_wconf 90' lang='lat' dir='ltr'><strong>ea</strong></span> <span class='ocrx_word' id='word_1_475' title='bbox 659 4097 762 4154; x_wconf 91' lang='lat' dir='ltr'><strong>pro</strong></span> <span class='ocrx_word' id='word_1_476' title='bbox 809 4081 1036 4138; x_wconf 89' lang='lat' dir='ltr'><strong>ferentis</strong></span> <span class='ocrx_word' id='word_1_477' title='bbox 1084 4079 1341 4138; x_wconf 90' lang='lat' dir='ltr'><strong>facultate</strong></span> <span class='ocrx_word' id='word_1_478' title='bbox 1361 4081 1604 4136; x_wconf 90' lang='lat' dir='ltr'><strong>metitur.</strong></span> 
     </span>
    </p>
   </div>
   <div class='ocr_carea' id='block_1_69' title="bbox 1716 3981 3303 4061">
    <p class='ocr_par' dir='ltr' id='par_1_69' title="bbox 1716 3981 3303 4061">
     <span class='ocr_line' id='line_1_69' title="bbox 1716 3981 3303 4061; baseline -0.006 -16"><span class='ocrx_word' id='word_1_479' title='bbox 1716 3989 1989 4061; x_wconf 90' lang='lat' dir='ltr'><strong>perducit,</strong></span> <span class='ocrx_word' id='word_1_480' title='bbox 2019 3997 2080 4044; x_wconf 92' lang='lat' dir='ltr'><strong>ut</strong></span> <span class='ocrx_word' id='word_1_481' title='bbox 2116 3987 2413 4043; x_wconf 89' lang='lat' dir='ltr'><strong>immortali</strong></span> <span class='ocrx_word' id='word_1_482' title='bbox 2438 4001 2554 4042; x_wconf 70' lang='lat' dir='ltr'><strong>aevo</strong></span> <span class='ocrx_word' id='word_1_483' title='bbox 2600 3985 2818 4040; x_wconf 90' lang='lat' dir='ltr'><strong>illorum</strong></span> <span class='ocrx_word' id='word_1_484' title='bbox 2865 3981 3051 4040; x_wconf 88' lang='lat' dir='ltr'><strong>choris</strong></span> <span class='ocrx_word' id='word_1_485' title='bbox 3085 3989 3140 4037; x_wconf 85' lang='lat' dir='ltr'><strong>et</strong></span> <span class='ocrx_word' id='word_1_486' title='bbox 3165 3994 3303 4052; x_wconf 64' lang='lat' dir='ltr'><strong>prsc-</strong></span> 
     </span>
    </p>
   </div>
   <div class='ocr_carea' id='block_1_70' title="bbox 1717 4077 2453 4159">
    <p class='ocr_par' dir='ltr' id='par_1_70' title="bbox 1717 4077 2453 4148">
     <span class='ocr_line' id='line_1_70' title="bbox 1717 4077 2453 4148; baseline -0.01 -14"><span class='ocrx_word' id='word_1_487' title='bbox 1717 4078 1894 4134; x_wconf 90' lang='lat' dir='ltr'><strong>sentia</strong></span> <span class='ocrx_word' id='word_1_488' title='bbox 1913 4077 2294 4148; x_wconf 87' lang='lat' dir='ltr'><strong>perfruamini.</strong></span> <span class='ocrx_word' id='word_1_489' title='bbox 2325 4094 2346 4129; x_wconf 78' lang='grc'>›</span> <span class='ocrx_word' id='word_1_490' title='bbox 2451 4099 2453 4101; x_wconf 58' lang='grc' dir='ltr'><strong><em>ι</em></strong></span> 
     </span>
    </p>
   </div>
   <div class='ocr_carea' id='block_1_71' title="bbox 66 4221 3276 4262">
    <p class='ocr_par' dir='ltr' id='par_1_71' title="bbox 66 4221 3276 4262">
     <span class='ocr_line' id='line_1_71' title="bbox 66 4221 3276 4262; baseline -0.003 -3"><span class='ocrx_word' id='word_1_491' title='bbox 66 4221 3276 4262; x_wconf 55' lang='lat' dir='ltr'><strong>W:</strong></span> 
     </span>
    </p>
   </div>
   <div class='ocr_carea' id='block_1_72' title="bbox 723 4373 2604 4582">
    <p class='ocr_par' dir='ltr' id='par_1_72' title="bbox 723 4373 2604 4582">
     <span class='ocr_line' id='line_1_72' title="bbox 723 4373 2604 4582; baseline -0.004 -42"><span class='ocrx_word' id='word_1_492' title='bbox 723 4383 1320 4582; x_wconf 75' lang='lat' dir='ltr'><strong>RADUiPHl</strong></span> <span class='ocrx_word' id='word_1_493' title='bbox 1381 4373 1974 4554; x_wconf 64' lang='lat' dir='ltr'><strong>animus</strong></span> <span class='ocrx_word' id='word_1_494' title='bbox 2069 4377 2604 4537; x_wconf 72' lang='lat' dir='ltr'><strong>110mm.</strong></span> 
     </span>
    </p>
   </div>
   <div class='ocr_carea' id='block_1_73' title="bbox 1620 4841 1752 4953">
    <p class='ocr_par' dir='ltr' id='par_1_73' title="bbox 1620 4841 1752 4953">
     <span class='ocr_line' id='line_1_73' title="bbox 1620 4841 1752 4953; baseline -0.121 2"><span class='ocrx_word' id='word_1_495' title='bbox 1620 4841 1752 4953; x_wconf 77' lang='lat' dir='ltr'><strong>I-</strong></span> 
     </span>
    </p>
   </div>
   <div class='ocr_carea' id='block_1_74' title="bbox 901 5001 2466 5174">
    <p class='ocr_par' dir='ltr' id='par_1_74' title="bbox 901 5001 2466 5174">
     <span class='ocr_line' id='line_1_74' title="bbox 901 5001 2466 5174; baseline -0.006 -4"><span class='ocrx_word' id='word_1_496' title='bbox 901 5001 1498 5174; x_wconf 15' lang='lat' dir='ltr'><strong>IHOMILIJE</strong></span> <span class='ocrx_word' id='word_1_497' title='bbox 1575 5073 1723 5164; x_wconf 91' lang='lat' dir='ltr'><strong>DE</strong></span> <span class='ocrx_word' id='word_1_498' title='bbox 1797 5031 2408 5166; x_wconf 80' lang='lat' dir='ltr'><strong>TEMPORE.</strong></span> <span class='ocrx_word' id='word_1_499' title='bbox 2464 5029 2466 5033; x_wconf 70' lang='grc'><em>’</em></span> 
     </span>
    </p>
   </div>
   <div class='ocr_carea' id='block_1_75' title="bbox 207 5423 1463 5470">
    <p class='ocr_par' dir='ltr' id='par_1_75' title="bbox 207 5423 1463 5470">
     <span class='ocr_line' id='line_1_75' title="bbox 207 5423 1463 5470; baseline -0.004 -3"><span class='ocrx_word' id='word_1_500' title='bbox 207 5423 258 5466; x_wconf 68' lang='lat' dir='ltr'><strong>IN</strong></span> <span class='ocrx_word' id='word_1_501' title='bbox 293 5427 665 5469; x_wconf 70' lang='lat' dir='ltr'><strong>SOLBINITA&#39;I&#39;B</strong></span> <span class='ocrx_word' id='word_1_502' title='bbox 703 5427 893 5470; x_wconf 76' lang='lat' dir='ltr'><strong>SANC&#39;I&#39;I</strong></span> <span class='ocrx_word' id='word_1_503' title='bbox 924 5427 1147 5467; x_wconf 61' lang='lat' dir='ltr'><strong>ANDREIE</strong></span> <span class='ocrx_word' id='word_1_504' title='bbox 1184 5425 1463 5466; x_wconf 77' lang='lat' dir='ltr'><strong>APOSTOLI.</strong></span> 
     </span>
    </p>
   </div>
   <div class='ocr_carea' id='block_1_76' title="bbox 131 5485 1642 5574">
    <p class='ocr_par' dir='ltr' id='par_1_76' title="bbox 131 5485 1642 5574">
     <span class='ocr_line' id='line_1_76' title="bbox 131 5485 1642 5574; baseline -0.001 -23"><span class='ocrx_word' id='word_1_505' title='bbox 131 5493 286 5554; x_wconf 83' lang='lat' dir='ltr'><strong>Corde</strong></span> <span class='ocrx_word' id='word_1_506' title='bbox 300 5503 532 5558; x_wconf 77' lang='lat' dir='ltr'><strong>creditur</strong></span> <span class='ocrx_word' id='word_1_507' title='bbox 547 5504 617 5558; x_wconf 86' lang='lat' dir='ltr'><strong>ad</strong></span> <span class='ocrx_word' id='word_1_508' title='bbox 635 5503 942 5574; x_wconf 75' lang='lat' dir='ltr'><strong>justitiam;</strong></span> <span class='ocrx_word' id='word_1_509' title='bbox 972 5517 1061 5555; x_wconf 87' lang='lat' dir='ltr'><strong>ore</strong></span> <span class='ocrx_word' id='word_1_510' title='bbox 1085 5509 1260 5554; x_wconf 84' lang='lat' dir='ltr'><strong>autem</strong></span> <span class='ocrx_word' id='word_1_511' title='bbox 1277 5497 1534 5568; x_wconf 78' lang='lat' dir='ltr'><strong>confessio</strong></span> <span class='ocrx_word' id='word_1_512' title='bbox 1559 5485 1642 5566; x_wconf 16' lang='lat' dir='ltr'><strong>ﬁt.</strong></span> 
     </span>
    </p>
   </div>
   <div class='ocr_carea' id='block_1_77' title="bbox 71 5585 1622 5665">
    <p class='ocr_par' dir='ltr' id='par_1_77' title="bbox 71 5585 1622 5665">
     <span class='ocr_line' id='line_1_77' title="bbox 71 5585 1622 5665; baseline 0 -23"><span class='ocrx_word' id='word_1_513' title='bbox 71 5585 130 5637; x_wconf 77' lang='lat' dir='ltr'><strong>ad</strong></span> <span class='ocrx_word' id='word_1_514' title='bbox 158 5589 374 5646; x_wconf 71' lang='lat' dir='ltr'><strong>salutem</strong></span> <span class='ocrx_word' id='word_1_515' title='bbox 405 5593 574 5665; x_wconf 73' lang='lat' dir='ltr'><strong>(Rom.</strong></span> <span class='ocrx_word' id='word_1_516' title='bbox 614 5595 692 5665; x_wconf 69' lang='grc' dir='ltr'><strong>χ),</strong></span> <span class='ocrx_word' id='word_1_517' title='bbox 728 5602 832 5649; x_wconf 90' lang='lat' dir='ltr'><strong>etc.</strong></span> <span class='ocrx_word' id='word_1_518' title='bbox 860 5591 1159 5662; x_wconf 90' lang='lat' dir='ltr'><strong>Tripartita</strong></span> <span class='ocrx_word' id='word_1_519' title='bbox 1181 5599 1266 5646; x_wconf 91' lang='lat' dir='ltr'><strong>est</strong></span> <span class='ocrx_word' id='word_1_520' title='bbox 1296 5591 1413 5646; x_wconf 67' lang='lat' dir='ltr'><strong>haec</strong></span> <span class='ocrx_word' id='word_1_521' title='bbox 1442 5588 1622 5656; x_wconf 90' lang='lat' dir='ltr'><strong>lectio,</strong></span> 
     </span>
    </p>
   </div>
   <div class='ocr_carea' id='block_1_78' title="bbox 72 5673 1622 5754">
    <p class='ocr_par' dir='ltr' id='par_1_78' title="bbox 72 5673 1622 5754">
     <span class='ocr_line' id='line_1_78' title="bbox 72 5673 1622 5754; baseline 0.003 -22"><span class='ocrx_word' id='word_1_522' title='bbox 72 5673 247 5737; x_wconf 82' lang='lat' dir='ltr'><strong>fratres</strong></span> <span class='ocrx_word' id='word_1_523' title='bbox 267 5683 393 5739; x_wconf 89' lang='lat' dir='ltr'><strong>mei.</strong></span> <span class='ocrx_word' id='word_1_524' title='bbox 422 5685 604 5741; x_wconf 87' lang='lat' dir='ltr'><strong>Primo</strong></span> <span class='ocrx_word' id='word_1_525' title='bbox 624 5685 772 5742; x_wconf 90' lang='lat' dir='ltr'><strong>enim</strong></span> <span class='ocrx_word' id='word_1_526' title='bbox 800 5684 1040 5741; x_wconf 90' lang='lat' dir='ltr'><strong>ostendit</strong></span> <span class='ocrx_word' id='word_1_527' title='bbox 1069 5681 1364 5754; x_wconf 89' lang='lat' dir='ltr'><strong>Apostolus</strong></span> <span class='ocrx_word' id='word_1_528' title='bbox 1388 5681 1534 5752; x_wconf 90' lang='lat' dir='ltr'><strong>quod</strong></span> <span class='ocrx_word' id='word_1_529' title='bbox 1555 5696 1622 5736; x_wconf 81' lang='lat' dir='ltr'><strong>ex</strong></span> 
     </span>
    </p>
   </div>
   <div class='ocr_carea' id='block_1_79' title="bbox 73 5767 1622 5844">
    <p class='ocr_par' dir='ltr' id='par_1_79' title="bbox 73 5767 1622 5844">
     <span class='ocr_line' id='line_1_79' title="bbox 73 5767 1622 5844; baseline 0.001 -16"><span class='ocrx_word' id='word_1_530' title='bbox 73 5767 166 5827; x_wconf 81' lang='lat' dir='ltr'><strong>ﬁde</strong></span> <span class='ocrx_word' id='word_1_531' title='bbox 186 5783 236 5830; x_wconf 79' lang='lat' dir='ltr'><strong>et</strong></span> <span class='ocrx_word' id='word_1_532' title='bbox 262 5774 603 5836; x_wconf 84' lang='lat' dir='ltr'><strong>confessione</strong></span> <span class='ocrx_word' id='word_1_533' title='bbox 632 5787 715 5836; x_wconf 88' lang='lat' dir='ltr'><strong>est</strong></span> <span class='ocrx_word' id='word_1_534' title='bbox 745 5777 894 5835; x_wconf 88' lang='lat' dir='ltr'><strong>salus</strong></span> <span class='ocrx_word' id='word_1_535' title='bbox 921 5795 935 5843; x_wconf 89' lang='lat'><strong>;</strong></span> <span class='ocrx_word' id='word_1_536' title='bbox 976 5773 1213 5832; x_wconf 89' lang='lat' dir='ltr'><strong>secundo</strong></span> <span class='ocrx_word' id='word_1_537' title='bbox 1233 5817 1247 5844; x_wconf 82' lang='lat'><strong>,</strong></span> <span class='ocrx_word' id='word_1_538' title='bbox 1274 5774 1417 5832; x_wconf 90' lang='lat' dir='ltr'><strong>unde</strong></span> <span class='ocrx_word' id='word_1_539' title='bbox 1439 5773 1544 5830; x_wconf 84' lang='lat' dir='ltr'><strong>illae</strong></span> <span class='ocrx_word' id='word_1_540' title='bbox 1567 5773 1622 5829; x_wconf 90' lang='lat' dir='ltr'><strong>in</strong></span> 
     </span>
    </p>
   </div>
   <div class='ocr_carea' id='block_1_80' title="bbox 1654 5303 3314 5378">
    <p class='ocr_par' dir='ltr' id='par_1_80' title="bbox 1654 5303 3314 5378">
     <span class='ocr_line' id='line_1_80' title="bbox 1654 5303 3314 5378; baseline -0.005 -10"><span class='ocrx_word' id='word_1_541' title='bbox 1654 5319 1704 5378; x_wconf 83' lang='grc' dir='ltr'><strong>ι)</strong></span> <span class='ocrx_word' id='word_1_542' title='bbox 1729 5310 1888 5367; x_wconf 92' lang='lat' dir='ltr'><strong>nobis</strong></span> <span class='ocrx_word' id='word_1_543' title='bbox 1918 5308 2192 5376; x_wconf 90' lang='lat' dir='ltr'><strong>oriantur;</strong></span> <span class='ocrx_word' id='word_1_544' title='bbox 2217 5307 2376 5364; x_wconf 90' lang='lat' dir='ltr'><strong>tertio</strong></span> <span class='ocrx_word' id='word_1_545' title='bbox 2400 5304 2635 5362; x_wconf 91' lang='lat' dir='ltr'><strong>ostendit</strong></span> <span class='ocrx_word' id='word_1_546' title='bbox 2663 5305 2808 5376; x_wconf 87' lang='lat' dir='ltr'><strong>quod</strong></span> <span class='ocrx_word' id='word_1_547' title='bbox 2842 5304 3016 5376; x_wconf 83' lang='lat' dir='ltr'><strong>magis</strong></span> <span class='ocrx_word' id='word_1_548' title='bbox 3037 5303 3314 5360; x_wconf 81' lang='lat' dir='ltr'><strong>auditores</strong></span> 
     </span>
    </p>
   </div>
   <div class='ocr_carea' id='block_1_81' title="bbox 1726 5395 3311 5473">
    <p class='ocr_par' dir='ltr' id='par_1_81' title="bbox 1726 5395 3311 5473">
     <span class='ocr_line' id='line_1_81' title="bbox 1726 5395 3311 5473; baseline -0.003 -18"><span class='ocrx_word' id='word_1_549' title='bbox 1726 5401 2131 5473; x_wconf 74' lang='lat' dir='ltr'><strong>prmdicationi,</strong></span> <span class='ocrx_word' id='word_1_550' title='bbox 2184 5415 2348 5470; x_wconf 89' lang='lat' dir='ltr'><strong>quam</strong></span> <span class='ocrx_word' id='word_1_551' title='bbox 2401 5395 2722 5468; x_wconf 66' lang='lat' dir='ltr'><strong>prmilicatio</strong></span> <span class='ocrx_word' id='word_1_552' title='bbox 2769 5395 3109 5453; x_wconf 87' lang='lat' dir='ltr'><strong>auditoribus</strong></span> <span class='ocrx_word' id='word_1_553' title='bbox 3150 5396 3311 5453; x_wconf 86' lang='lat' dir='ltr'><strong>desit.</strong></span> 
     </span>
    </p>
   </div>
   <div class='ocr_carea' id='block_1_82' title="bbox 1728 5489 3314 5565">
    <p class='ocr_par' dir='ltr' id='par_1_82' title="bbox 1728 5489 3314 5565">
     <span class='ocr_line' id='line_1_82' title="bbox 1728 5489 3314 5565; baseline -0.004 -15"><span class='ocrx_word' id='word_1_554' title='bbox 1728 5493 2035 5550; x_wconf 88' lang='lat' dir='ltr'><strong>Ostendcns</strong></span> <span class='ocrx_word' id='word_1_555' title='bbox 2076 5492 2240 5564; x_wconf 83' lang='lat' dir='ltr'><strong>igitur</strong></span> <span class='ocrx_word' id='word_1_556' title='bbox 2286 5491 2579 5565; x_wconf 82' lang='lat' dir='ltr'><strong>Apostolus</strong></span> <span class='ocrx_word' id='word_1_557' title='bbox 2608 5508 2674 5547; x_wconf 80' lang='lat' dir='ltr'><strong>ex</strong></span> <span class='ocrx_word' id='word_1_558' title='bbox 2719 5491 2920 5561; x_wconf 89' lang='lat' dir='ltr'><strong>quibus</strong></span> <span class='ocrx_word' id='word_1_559' title='bbox 2963 5489 3314 5560; x_wconf 80' lang='lat' dir='ltr'><strong>proﬁciamus</strong></span> 
     </span>
    </p>
   </div>
   <div class='ocr_carea' id='block_1_83' title="bbox 1726 5567 3288 5654">
    <p class='ocr_par' dir='ltr' id='par_1_83' title="bbox 1726 5567 3288 5654">
     <span class='ocr_line' id='line_1_83' title="bbox 1726 5567 3288 5654; baseline -0.006 -14"><span class='ocrx_word' id='word_1_560' title='bbox 1726 5567 1793 5640; x_wconf 1' lang='lat' dir='ltr'><strong>add</strong></span> <span class='ocrx_word' id='word_1_561' title='bbox 1817 5584 2085 5654; x_wconf 85' lang='lat' dir='ltr'><strong>justitiam</strong></span> <span class='ocrx_word' id='word_1_562' title='bbox 2117 5592 2171 5638; x_wconf 91' lang='lat' dir='ltr'><strong>et</strong></span> <span class='ocrx_word' id='word_1_563' title='bbox 2208 5582 2460 5648; x_wconf 90' lang='lat' dir='ltr'><strong>salutem,</strong></span> <span class='ocrx_word' id='word_1_564' title='bbox 2499 5583 2612 5636; x_wconf 86' lang='lat' dir='ltr'><strong>ait:</strong></span> <span class='ocrx_word' id='word_1_565' title='bbox 2647 5579 2816 5635; x_wconf 74' lang='lat' dir='ltr'><strong>Corde</strong></span> <span class='ocrx_word' id='word_1_566' title='bbox 2861 5580 3096 5634; x_wconf 81' lang='lat' dir='ltr'><strong>creditur</strong></span> <span class='ocrx_word' id='word_1_567' title='bbox 3129 5578 3199 5631; x_wconf 85' lang='lat' dir='ltr'><strong>ad</strong></span> <span class='ocrx_word' id='word_1_568' title='bbox 3223 5579 3288 5648; x_wconf 86' lang='lat' dir='ltr'><strong>ju</strong></span> 
     </span>
    </p>
   </div>
   <div class='ocr_carea' id='block_1_84' title="bbox 1723 5663 3315 5744">
    <p class='ocr_par' dir='ltr' id='par_1_84' title="bbox 1723 5663 3315 5744">
     <span class='ocr_line' id='line_1_84' title="bbox 1723 5663 3315 5744; baseline -0.008 -11"><span class='ocrx_word' id='word_1_569' title='bbox 1723 5678 1950 5742; x_wconf 82' lang='lat' dir='ltr'><strong>stiliam,</strong></span> <span class='ocrx_word' id='word_1_570' title='bbox 1974 5691 2160 5731; x_wconf 84' lang='lat' dir='ltr'><strong>verum</strong></span> <span class='ocrx_word' id='word_1_571' title='bbox 2185 5675 2245 5744; x_wconf 85' lang='lat' dir='ltr'><strong>ﬁt</strong></span> <span class='ocrx_word' id='word_1_572' title='bbox 2268 5673 2527 5743; x_wconf 74' lang='lat' dir='ltr'><strong>confessio</strong></span> <span class='ocrx_word' id='word_1_573' title='bbox 2549 5689 2657 5739; x_wconf 83' lang='lat' dir='ltr'><strong>ore,</strong></span> <span class='ocrx_word' id='word_1_574' title='bbox 2677 5671 2820 5727; x_wconf 68' lang='lat' dir='ltr'><strong>etita</strong></span> <span class='ocrx_word' id='word_1_575' title='bbox 2842 5669 2911 5722; x_wconf 85' lang='lat' dir='ltr'><strong>ad</strong></span> <span class='ocrx_word' id='word_1_576' title='bbox 2933 5667 3176 5722; x_wconf 83' lang='lat' dir='ltr'><strong>salutem.</strong></span> <span class='ocrx_word' id='word_1_577' title='bbox 3199 5663 3315 5721; x_wconf 86' lang='lat' dir='ltr'><strong>Non</strong></span> 
     </span>
    </p>
   </div>
   <div class='ocr_carea' id='block_1_85' title="bbox 1728 5756 3315 5826">
    <p class='ocr_par' dir='ltr' id='par_1_85' title="bbox 1728 5756 3315 5826">
     <span class='ocr_line' id='line_1_85' title="bbox 1728 5756 3315 5826; baseline -0.011 0"><span class='ocrx_word' id='word_1_578' title='bbox 1728 5769 1925 5826; x_wconf 76' lang='lat' dir='ltr'><strong>suilicit</strong></span> <span class='ocrx_word' id='word_1_579' title='bbox 1973 5767 2106 5824; x_wconf 86' lang='lat' dir='ltr'><strong>ﬁdes</strong></span> <span class='ocrx_word' id='word_1_580' title='bbox 2141 5765 2321 5823; x_wconf 81' lang='lat' dir='ltr'><strong>cordis</strong></span> <span class='ocrx_word' id='word_1_581' title='bbox 2365 5763 2483 5821; x_wconf 89' lang='lat' dir='ltr'><strong>sine</strong></span> <span class='ocrx_word' id='word_1_582' title='bbox 2507 5762 2852 5822; x_wconf 83' lang='lat' dir='ltr'><strong>confessione</strong></span> <span class='ocrx_word' id='word_1_583' title='bbox 2887 5759 3000 5817; x_wconf 89' lang='lat' dir='ltr'><strong>oris</strong></span> <span class='ocrx_word' id='word_1_584' title='bbox 3025 5800 3038 5826; x_wconf 93' lang='lat'><strong>,</strong></span> <span class='ocrx_word' id='word_1_585' title='bbox 3078 5756 3315 5826; x_wconf 68' lang='lat' dir='ltr'><strong>maxime</strong></span> 
     </span>
    </p>
   </div>
  </div>
