3832 6314
493 351 644 424 {30$

1801 325 2160 400 MDULPHI
2190 334 2542 396 sunmus

3599 334 3694 392 150i

493 477 585 534 ubi
608 474 1118 547 ﬁdespericlitatur.
1141 469 1338 528 Petrus
1353 465 1573 540 quidem
1597 462 1754 520 ﬁdem
1780 459 2013 518 habebat
2035 456 2088 511 in
2116 455 2168 518 Α
2196 451 2574 547 dentesuaeunc
2603 447 2810 518 salvat.
2861 464 3015 547 aeque
3040 447 3246 504 laicum
3274 454 3329 502 et
3352 443 3609 547 clericum.
3647 468 3699 508 2-

497 570 690 638 corde,
707 570 805 626 sed
834 569 967 640 quia
992 581 1087 624 ore
1115 565 1352 637 negavit,
1371 559 1672 617 mor-taliter
1696 555 1958 628 peccavit.
1984 552 2090 608 De-

491 659 690 715 bemus
717 658 867 713 enim
895 671 1114 713 crucem
1131 652 1333 709 Christi
1350 660 1404 707 et
1423 647 1608 720 aperte
1625 645 1940 717 praedicare,
1956 645 2011 698 et
2031 643 2088 697 in

489 750 842 806 eminent-iuri
866 759 1020 820 parte
1045 745 1240 813 nostri,
1267 743 1395 798 etin
1425 741 1603 795 fronte
1627 747 1861 809 portare,
1888 745 2086 802 etnon,

488 851 552 896 ut
578 841 803 911 quidam
835 838 1071 896 haeretici
1097 878 1113 904 ,
1160 834 1452 906 opprobria
1498 832 1705 888 Christi
1743 830 2083 885 erubescere.

491 930 650 988 Unde
672 932 940 988 Dominus
966 947 980 984 :
1013 949 1030 981 ι
1059 926 1161 994 Qui
1177 925 1526 982 conﬁtebitur
1547 939 1634 978 me
1649 937 1835 977 coram
1850 918 2060 974 homini

488 1019 922 1087 bus,conﬁtebor
935 1027 987 1073 et
1000 1032 1098 1087 ego
1109 1031 1233 1071 eum
1247 1029 1432 1072 coram
1445 1013 1602 1069 Patre
1614 1011 1822 1082 meo(M
1827 1009 2048 1080 att/1.x).
2063 1028 2082 1061 ι

495 1110 820 1168 Econtrario
843 1129 856 1165 :
883 1129 901 1161 ι
932 1107 1330 1176 Quierubuerit
1355 1123 1440 1163 me
1455 1117 1508 1162 et
1531 1120 1682 1161 meos
1706 1119 2011 1168 sermones,
2035 1112 2090 1159 et

489 1203 639 1260 hunc
673 1202 962 1259 erubescet
1019 1199 1194 1256 Filius
1247 1201 1486 1256 hominis
1527 1213 1713 1254 coram
1762 1196 1923 1252 Patre
1963 1211 2088 1251 meo

489 1291 644 1366 (Luc.
663 1292 763 1365 ιι).
785 1311 803 1345 ι
821 1290 978 1359 Quod
991 1304 1175 1362 aperte
1183 1301 1373 1348 contra
1387 1308 1486 1348 nos
1497 1301 1601 1358 est,
1616 1291 1812 1346 fratres
1829 1289 1955 1354 mei,
1967 1289 2085 1360 qui,

491 1385 599 1441 etsi
644 1398 864 1441 crucem
898 1382 1131 1452 Christi,
1160 1401 1286 1456 quae
1311 1401 1461 1441 nunc
1488 1386 1689 1456 ubique
1721 1383 1868 1454 apud
1919 1382 2083 1437 Chri-

487 1478 699 1534 stianos
716 1485 801 1534 est
820 1479 876 1533 in
898 1479 1132 1547 honore,
1145 1494 1254 1534 non
1271 1479 1670 1546 erubescimus;
1695 1486 1876 1534 tamen
1900 1477 2088 1532 humi-

487 1567 718 1636 litatem,
750 1577 1150 1641 paupertatem,
1180 1571 1501 1644 patientiam
1523 1581 1861 1642 caeterasque
1889 1570 2087 1626 Cruci-

489 1657 587 1714 ﬁxi
608 1658 840 1716 virtuteS
863 1657 1024 1715 fateri
1043 1660 1445 1731 erubescimus,
1475 1663 1762 1734 quoniam,
1803 1662 1948 1719 sicut
1977 1661 2087 1717 Do-

490 1751 678 1809 minus
705 1750 1056 1808 conﬁtebitur
1082 1768 1180 1810 eos
1230 1769 1353 1811 esse
1411 1770 1546 1811 suos
1580 1755 1676 1826 qui
1705 1755 1807 1812 has
1849 1754 2083 1811 virtutes

491 1843 827 1900 conﬁtentur
882 1853 937 1902 et
984 1854 1235 1916 portant,
1286 1847 1365 1902 ita
1412 1846 1724 1904 econtrario
1767 1845 2085 1903 diﬁitebitur

489 1933 621 1991 illos
632 1949 755 1992 esse
774 1950 908 1993 suos
926 1935 1020 2008 qui
1035 1953 1184 1994 nunc
1199 1939 1298 1994 has
1316 1938 1545 1994 virtutes
1561 1937 1718 1994 fateri
1731 1941 2085 1996 erubescunt.

489 2023 709 2084 Rursus
740 2044 841 2084 nec
860 2029 1061 2086 sufficit
1081 2031 1358 2087 confessio
1373 2030 1488 2087 oris
1511 2031 1630 2086 sine
1650 2031 1753 2087 ﬁde
1771 2033 1973 2088 cordis.
1995 2032 2087 2087 Fi-

490 2119 602 2175 ctis
625 2119 772 2175 enim
799 2119 1130 2178 Christianis
1145 2131 1200 2177 et
1213 2122 1514 2194 hypocritis
1527 2123 1662 2179 nihil
1675 2125 1899 2194 prodest
1915 2124 2085 2181 Deum

491 2211 744 2269 conﬁteri
762 2228 880 2281 ore,
914 2229 1076 2284 quem
1098 2231 1207 2270 non
1233 2215 1439 2270 habent
1475 2215 1530 2270 in
1572 2217 1756 2272 corde.
1785 2215 1941 2273 Unde
1978 2217 2088 2274 Do-

489 2304 720 2360 minus:
759 2322 778 2358 t
809 2303 1085 2376 Populus,
1123 2307 1322 2378 inquit,
1348 2308 1450 2364 iste
1474 2309 1634 2365 labiis
1685 2326 1774 2366 me
1812 2311 2082 2380 honorat;

489 2408 587 2449 eor
617 2405 797 2450 autem
824 2410 1016 2452 eorum
1051 2397 1211 2468 longe
1236 2407 1320 2453 est
1343 2413 1375 2453 a
1394 2414 1481 2454 me
1506 2397 1644 2469 (Isa.
1685 2416 1839 2469 xxix;
1885 2401 2081 2460 Matth.

486 2484 606 2556 xv).
621 2505 641 2538 ι
662 2485 817 2552 Quod
829 2486 993 2542 etiam
1013 2497 1204 2544 contra
1222 2505 1325 2545 nos
1345 2497 1449 2557 est,
1473 2488 1672 2546 fratres
1692 2491 1820 2558 mei,
1839 2493 1960 2562 qui,
1980 2493 2084 2548 etsi

489 2578 705 2634 orando
726 2586 782 2635 et
823 2579 1134 2637 invocanda
1164 2579 1337 2638 Deum
1381 2582 1711 2639 conﬁtemur
1736 2625 1752 2650 ,
1785 2592 1964 2640 tamen
1988 2600 2086 2656 per

489 2671 667 2727 malas
699 2671 1064 2743 cogitationes
1112 2673 1182 2729 ab
1211 2688 1279 2730 eo
1321 2674 1662 2748 elongamur.
1723 2674 1935 2732 Rursus
1984 2693 2085 2733 nec

489 2762 628 2820 ﬁdes
655 2764 860 2832 cordis,
888 2780 990 2821 nec
1023 2763 1296 2823 confessio
1325 2767 1441 2824 oris
1478 2766 1678 2822 suﬁicit
1702 2767 1819 2824 sine
1853 2777 2082 2823 attesta-

487 2854 645 2912 tione
672 2857 888 2927 operis,
916 2857 1139 2914 habenti
1187 2859 1314 2916 dico
1342 2868 1560 2932 tempus
1609 2861 1900 2931 oper-andi;
1957 2860 2082 2918 falsi

491 2948 644 3004 enim
665 2947 969 3004 Christiani
997 2958 1054 3006 et
1088 2951 1256 3008 etiam
1289 2953 1568 3010 daemones
1597 2955 1830 3010 credunt
1853 2963 1908 3010 ct
1945 2969 2082 3010 con-

487 3039 716 3096 ﬁtentur
737 3039 932 3098 Deum.
956 3037 1110 3098 Unde
1128 3041 1370 3100 Jacobus
1399 3063 1414 3100 :
1444 3044 1762 3101 «Daemones
1775 3046 2006 3102 credunt
2029 3054 2084 3102 et

2190 553 2299 610 que
2327 539 2647 611 religiosum
2687 547 2748 595 et
2793 537 3144 602 saecularem,
3175 549 3332 604 teque
3380 532 3631 591 litteratum
3662 550 3702 596 et

2190 629 2552 697 illitteratum,
2576 643 2732 699 aeque
2779 626 3017 684 nobilem
3059 635 3116 681 et
3140 623 3450 697 ignobilem.
3476 623 3576 679 lino
3605 626 3702 685 idem

2189 725 2374 782 fervor
2426 725 2548 780 ﬁdei
2604 723 2822 780 videtur
2858 737 2980 778 esse
3023 721 3253 792 majoris
3303 721 3477 775 meriti
3519 723 3566 776 in
3605 724 3704 781 laico

2190 831 2358 887 quam
2392 814 2450 870 in
2476 813 2704 882 clerico,
2746 813 2802 868 in
2829 813 3084 868 saeculari
3110 826 3278 882 quam
3327 810 3384 864 in
3417 810 3704 882 religioso,ia

2190 906 2467 962 illitterato
2493 921 2660 977 quam
2699 905 2756 960 in
2790 905 3050 960 litterato.
3098 903 3351 959 Gratiora
3371 903 3554 973 quippe
3573 905 3708 960 viden-

2191 1006 2282 1053 tur
2305 997 2593 1068 obsequia,
2643 1011 2766 1067 qua:
2801 995 3132 1051 exhibentur
3162 992 3233 1047 ab
3256 991 3339 1047 eis
3373 992 3464 1062 qui
3491 993 3709 1050 minuste-

2189 1102 2410 1149 nentur.
2463 1090 2608 1146 Nam
2634 1092 2797 1160 idem,
2835 1091 3036 1162 inquit,
3057 1089 3199 1144 Deus
3227 1088 3480 1143 Dominus
3517 1093 3710 1158 omnium,

2172 1189 2332 1242 .dives
2357 1188 2413 1241 in
2440 1202 2619 1241 omnes
2648 1185 2904 1258 (subaudi
2929 1183 3212 1254 ditandus)
3240 1183 3334 1254 qui
3363 1183 3583 1237 invocant
3611 1203 3712 1241 esst.

2187 1280 2267 1338 Ac
2291 1282 2338 1336 si
2366 1279 2513 1336 dicat
2542 1278 2758 1350 :Reges
2800 1288 2962 1334 teme
3006 1286 3230 1348 propter
3269 1284 3616 1347 paupertatem
3643 1280 3717 1332 ali-

2188 1391 2330 1448 quos
2373 1373 2638 1431 satellites
2686 1387 2822 1429 suos
2868 1371 3199 1443 quandoque
3227 1371 3315 1426 vel
3371 1386 3478 1425 non
3521 1385 3720 1426 remac-

2187 1479 2314 1524 rant
2354 1470 2442 1526 vel
2515 1485 2627 1526 non
2682 1477 2950 1543 quantum
3022 1469 3222 1524 debent
3291 1476 3634 1524 remunerant.
3674 1470 3724 1523 At

2188 1559 2456 1618 Dominus
2521 1545 2890 1632 omnipotens,
2937 1560 2994 1615 in
3033 1559 3296 1616 omnibus
3353 1559 3528 1624 dives,
3575 1558 3724 1616 milites

2187 1669 2321 1712 suos
2349 1671 2546 1712 omnes
2572 1655 2917 1711 abundanter
2936 1662 3277 1710 remunerat.
3312 1650 3517 1706 Deinde
3537 1653 3723 1707 auctori-

2190 1757 2358 1806 tatem
2385 1747 2542 1804 lsaiae
2561 1749 2630 1805 de
2658 1747 3011 1804 confessione
3040 1745 3274 1813 inducit,
3301 1744 3539 1802 subdens
3565 1743 3726 1800 :Oruit

2188 1843 2330 1898 enim
2348 1843 2439 1914 qui
2481 1842 2801 1898 inuocaret-it
2823 1856 3009 1896 nomen
3051 1837 3292 1905 Domini,
3317 1836 3496 1892 saluus
3527 1835 3729 1893 erit.Do-

2189 1935 2404 1990 minum
2447 1935 2671 1990 invocat
2718 1934 2814 2005 qui
2835 1948 2904 1988 ex
2955 1931 3154 1988 intimo
3207 1929 3410 1986 aﬁectu
3445 1944 3563 1984 eum
3582 1939 3726 1997 vocat,

2187 2025 2282 2096 qui
2308 2026 2500 2096 procul
2525 2026 2696 2082 dubio
2716 2024 2968 2092 aﬁectus,
2999 2024 3046 2079 si
3067 2038 3209 2094 opus
3230 2022 3496 2093 subsequi
3523 2038 3619 2077 non
3642 2037 3729 2093 pos-

2188 2120 2280 2188 sit,
2308 2120 2377 2176 ad
2402 2120 2636 2177 salutem
2667 2119 2890 2176 sufﬁcit.

2260 2213 2524 2285 Sequitur
2569 2229 2700 2283 pars
2739 2211 3002 2277 secunda,
3049 2211 3104 2266 in
3136 2227 3248 2281 qua
3290 2210 3592 2266 ostenditur
3628 2210 3729 2264 unde

2185 2306 2324 2363 ﬁdes
2349 2316 2405 2363 et
2432 2306 2712 2364 confessio
2756 2305 2810 2360 in
2854 2304 3016 2361 nobis
3048 2303 3326 2370 oriantur,
3378 2317 3502 2356 cum
3548 2301 3727 2356 subdit:

2188 2399 2463 2466 Quomodo
2492 2416 2615 2471 ergo
2640 2397 2977 2464 invocabant,
3007 2397 3065 2451 in
3097 2412 3254 2467 quem
3285 2412 3391 2450 non
3413 2395 3733 2448 crediderunt?

2191 2491 2256 2546 Et
2283 2492 2543 2564 quomodo
2565 2491 2771 2546 credent
2795 2491 2846 2544 ei
2873 2506 3026 2561 quem
3051 2505 3158 2542 non
3189 2488 3516 2542 audierunt?
3544 2484 3605 2539 Et
3634 2502 3732 2553 quo-

2185 2586 2342 2640 modo
2350 2585 2566 2640 audient
2578 2583 2692 2638 sine
2704 2581 3028 2653 prtudicante
3041 2581 3067 2635 ?
3077 2579 3145 2633 Et
3156 2577 3420 2650 quomodo
3428 2578 3734 2647 pardis-abut

2186 2678 2291 2731 nisi
2342 2678 2663 2732 mittantur?
2720 2673 3029 2732 Ostendens
3072 2663 3170 2743 per
3214 2673 3362 2728 hanc
3414 2670 3733 2743 gradationcm

2185 2770 2330 2842 quod
2356 2786 2466 2825 non
2499 2779 2681 2841 potest
2721 2767 2905 2823 haberi
2930 2765 3232 2833 confessio,
3281 2765 3371 2820 vel
3398 2763 3552 2828 fides,
3583 2763 3669 2816 nisi
3685 2777 3738 2814 ex

2189 2863 2363 2935 gratia
2396 2862 2511 2929 Dei,
2539 2861 2926 2932 praedicatores
2962 2858 3233 2914 mittentis
3259 2866 3316 2912 et
3340 2854 3737 2927 praedicationem

2186 2953 2244 3010 in
2279 2968 2377 3010 cor
2414 2952 2656 3008 hominis
2702 2950 2970 3008 docentis.
3028 2948 3265 3016 Quando
3285 2947 3435 3002 enim
3472 2945 3607 3000 Deus
3631 2943 3738 2999 sub-

2185 3045 2356 3101 trahit
2377 3044 2822 3115 praedicationem
2857 3042 3157 3113 aliquibus,
3181 3055 3252 3095 ne
3282 3039 3372 3094 vel
3413 3038 3638 3102 audiant,
3674 3035 3741 3091 vel

491 3133 928 3191 contremiscunt
978 3133 1121 3207 (lac.
1147 3135 1231 3208 ιι).
1266 3155 1288 3190 ι
1317 3137 1385 3193 Et
1423 3137 1611 3205 etiam,
1651 3147 1714 3193 ut
1753 3138 1986 3194 habetur
2031 3141 2087 3197 in
2118 3149 2162 3210 c
2193 3139 2548 3208 acquiescant
2593 3135 3004 3207 praedi'cationi,
3058 3149 3123 3188 es
3167 3131 3389 3188 occulto
3438 3129 3528 3184 Dei
3572 3129 3744 3201 judicio

490 3223 808 3298 Evangelia,
831 3237 1093 3285 exeuntes
1131 3229 1199 3286 de
1229 3230 1556 3302 corporibus
1574 3230 1928 3287 obsessorum
1955 3232 2099 3290 fate-

490 3319 696 3376 bantur
716 3319 904 3377 Jesnrn
935 3337 1060 3378 esse
1082 3322 1363 3379 Christum
1397 3322 1594 3396 (Marc.
1621 3323 1698 3394 l);
1727 3332 1974 3380 ettamen
1991 3327 2096 3383 Illis

490 3415 546 3470 ol
566 3423 653 3471 est
659 3415 842 3486 potius
857 3433 1022 3488 quam
1036 3417 1277 3488 prodest.
1293 3417 1573 3474 Christum
1588 3418 1810 3474 credere
1825 3420 2099 3487 eorde,vel

493 3508 742 3564 conﬁteri
758 3523 874 3577 ore,
892 3525 1055 3582 quem
1071 3510 1369 3568 diﬁitentur
1399 3526 1565 3582 opere
1591 3529 1605 3566 :
1637 3509 1793 3566 Unde
1818 3511 2059 3570 Jacobus
2080 3533 2094 3570 :

498 3616 522 3650 ε
547 3598 732 3668 Fides,
745 3601 945 3673 inquit,
963 3601 1082 3659 sine
1103 3603 1361 3674 operibus
1381 3612 1598 3660 mortua
1619 3604 1858 3677 est(.lac.
1876 3605 1961 3677 ιι).
1992 3625 2012 3659 ι
2030 3605 2100 3663 Et

493 3685 705 3748 Paulus
730 3709 744 3747 :
783 3710 802 3745 t
839 3691 1184 3750 Conﬁtentur
1207 3708 1267 3750 se
1295 3709 1460 3751 nosse
1489 3693 1690 3763 Deum,
1716 3693 1880 3753 factis
1905 3705 2093 3753 autem

490 3789 697 3852 negant
722 3780 854 3855 (Tit.
871 3782 934 3856 ι).
947 3803 967 3836 ι
983 3781 1276 3856 Propterea
1287 3801 1412 3843 cum
1424 3787 1656 3846 dixisset
1667 3789 1758 3846 hic
1770 3792 1810 3844 A
1815 3805 1887 3864 po
1897 3792 2095 3860 stolus,

496 3871 668 3928 Corde
685 3875 922 3929 creditur
941 3876 1013 3930 ad
1032 3877 1325 3947 justitiam,
1352 3879 1622 3950 adjunxit,
1666 3896 1756 3936 ore
1778 3890 1953 3936 autem
1970 3897 2096 3936 con-

498 3961 662 4032 fessio
686 3964 750 4035 ﬁt
784 3964 856 4019 ad
881 3962 1131 4022 salutem.
1161 3966 1350 4025 Potest
1381 3969 1529 4026 enim
1563 3971 1654 4028 hic
1690 3971 1881 4028 haberi
1923 3972 2094 4042 justi-

496 4054 598 4123 tia,
639 4072 742 4112 nec
771 4056 824 4111 in
850 4056 1037 4114 futuro
1068 4061 1238 4116 salus.
1272 4060 1388 4119 Nos
1407 4077 1567 4135 ergo,
1597 4062 1801 4120 fratres
1829 4064 1937 4120 mei
1967 4105 1983 4131 ,
2031 4073 2095 4120 ut

495 4156 759 4204 aeternam
779 4149 947 4205 vitam
975 4159 1139 4223 atque
1161 4153 1390 4209 salutem
1406 4154 1460 4209 in
1484 4154 1668 4211 futuro
1689 4155 1954 4227 consequi
1978 4171 2090 4211 me-

496 4254 743 4309 reamur,
780 4241 872 4298 hic
919 4251 975 4299 et
1013 4244 1180 4312 corde
1230 4245 1459 4302 ﬁrmiter
1512 4249 1806 4303 credamus
1831 4290 1845 4315 ,
1902 4257 1959 4304 et
1994 4265 2092 4306 ore

498 4345 752 4386 consono
779 4332 1164 4402 conﬁteamur,
1189 4343 1244 4390 et
1262 4337 1374 4391 vita
1409 4338 1662 4407 puritatis
1691 4336 1974 4392 Christum
2003 4346 2090 4394 at-

494 4429 784 4478 testemur.
807 4421 964 4490 Quod
999 4434 1181 4480 autem
1207 4442 1275 4481 ex
1311 4426 1416 4481 ﬁde
1438 4437 1492 4482 et
1517 4426 1868 4484 confessione
1891 4442 2090 4498 perte.

495 4513 684 4569 niatur
711 4514 779 4570 ad
809 4516 1065 4585 salutem,
1111 4518 1308 4588 probat
1334 4517 1653 4588 Apostolus.
1707 4518 1773 4574 Et
1803 4520 1984 4590 primo
2024 4522 2091 4578 de

495 4605 605 4663 ﬁde
635 4607 823 4663 subdit
848 4627 862 4663 :
894 4608 1040 4663 Dicit
1063 4611 1204 4664 enim
1227 4608 1508 4680 Scriptura
1537 4629 1550 4666 :
1586 4609 1770 4666 Omnis
1798 4613 1888 4684 qui
1923 4614 2090 4669 credit

503 4699 564 4753 in
578 4698 758 4766 illum,
781 4715 884 4754 non
906 4700 1280 4771 confundetur.
1300 4699 1406 4767 Qui
1431 4702 1575 4756 enim
1601 4703 1827 4760 ﬁrmiter
1841 4707 2012 4761 credit
2033 4707 2089 4762 in

499 4791 784 4848 Christum
812 4793 918 4850 ﬁde
934 4809 1032 4864 per
1043 4793 1391 4849 dilectionem
1412 4804 1672 4864 operante
1693 4795 1837 4867 (Gal.
1862 4798 1919 4867 v)
1939 4842 1954 4865 ,
1977 4800 2088 4855 etsi

497 4884 644 4942 inter
660 4886 1042 4943 tribulationes
1052 4893 1108 4941 et
1118 4885 1369 4942 miserias
1381 4887 1565 4943 saeculi
1582 4889 1830 4947 videatur
1845 4893 1991 4964 aliqu
1999 4909 2092 4948 an-

499 4977 576 5033 do
610 4978 898 5046 eonfundi,
925 4988 1108 5033 tamen
1140 4977 1197 5032 in
1232 4978 1394 5034 ﬁnem
1426 4995 1536 5034 non
1558 4981 1945 5052 confundetur,
1978 4986 2090 5040 imo

499 5077 768 5140 tanquam
797 5068 945 5125 ﬁlius
967 5069 1348 5127 honorabitur.
1393 5070 1549 5139 Quod
1572 5074 1719 5130 enim
1750 5075 2088 5131 benedixerit

497 5161 888 5216 universaliter
945 5163 1138 5230 omnis,
1183 5164 1523 5234 probateum
1569 5167 1756 5223 subdit
1789 5186 1801 5221 :
1833 5166 1957 5221 Non
2009 5178 2088 5222 est

496 5252 640 5306 enim
677 5252 952 5308 distinctio
976 5251 1156 5310 Judazi
1183 5265 1233 5311 et
1255 5255 1461 5324 :Grazci.
1507 5257 1682 5314 Porro
1722 5257 1894 5313 Judaei
1933 5266 2091 5313 erant

495 5347 738 5419 proximi
785 5347 1006 5406 Christo
1034 5366 1220 5420 carne,
1256 5352 1552 5409 familiares
1590 5354 1741 5410 cultu
1777 5363 1830 5408 et
1851 5354 2086 5410 instituti

497 5453 602 5512 per
637 5440 832 5512 legem.
875 5440 942 5498 Et
961 5453 1208 5513 econtra,
1245 5444 1444 5514 Graeci,
1476 5446 1593 5502 sive
1639 5447 1889 5518 gentiles,
1931 5454 2093 5501 erant

500 5531 701 5586 remoti
730 5548 758 5587 a
799 5531 910 5589 Deo
929 5541 983 5590 et
1013 5535 1206 5606 ignoti,
1231 5544 1285 5590 et
1309 5552 1411 5591 nec
1445 5551 1543 5606 per
1564 5538 1736 5610 legem
1766 5554 1940 5609 neque
1993 5553 2090 5608 per

501 5620 802 5691 prophetas
830 5624 1052 5682 eruditi.
1085 5625 1192 5682 Sed
1223 5627 1368 5696 apud
1392 5626 1585 5694 Deum,
1619 5628 1713 5699 qui
1746 5644 1854 5682 non
1887 5637 1970 5682 est
1999 5643 2090 5682 ac-

505 5722 692 5782 oeptor
710 5731 1072 5788 personarum
1111 5718 1252 5790 (Act.
1280 5718 1356 5788 x),
1385 5737 1489 5774 non
1511 5730 1588 5774 est
1615 5721 1885 5774 distinctio
1909 5719 2091 5775 Judwi

507 5812 559 5859 ct
582 5808 792 5877 gentilis
821 5827 838 5863 :
864 5811 1124 5879 quoniam
1163 5810 1384 5870 iudicas
1422 5822 1475 5870 et
1511 5813 1738 5878 gentiles
1784 5830 1934 5876 teque
1964 5829 2085 5869 ere—

2200 3231 2469 3302 provenit.
2508 3227 2663 3284 Unde
2688 3229 2805 3298 ipse
2834 3227 2944 3283 ait:
2978 3246 2997 3278 ι
3027 3224 3295 3295 Linguam
3327 3232 3476 3277 tuam
3510 3220 3746 3276 adherere

2199 3321 2396 3376 faciam
2425 3321 2607 3391 palato
2629 3328 2746 3383 tuo,
2778 3333 2848 3372 ne
2870 3317 2948 3372 sis
2975 3315 3136 3386 quasi
3186 3314 3271 3368 vir
3315 3313 3622 3383 objurgans,
3641 3310 3747 3380 quia

2199 3414 2468 3470 Dominus
2489 3427 2820 3482 esasperans
2855 3417 2942 3465 est
2977 3407 3195 3479 (Ezech.
3221 3408 3329 3476 ιιι).
3365 3425 3383 3457 ι
3411 3405 3628 3472 Quando
3644 3417 3748 3456 van

2198 3507 2366 3564 mittit
2399 3516 2456 3562 et
2483 3505 2723 3561 immittit
2753 3501 3199 3574 praedicationem
3229 3514 3392 3555 suam
3431 3498 3486 3552 in
3516 3496 3749 3557 homines,

2197 3616 2264 3656 ex
2292 3600 2463 3672 gratia
2493 3598 2691 3655 divinae
2736 3593 3130 3651 misericordiae
3157 3599 3264 3648 est.
3299 3589 3554 3654 Proinde,
3587 3587 3752 3642 fratres

2198 3693 2327 3760 mei,
2379 3691 2510 3748 totis
2550 3690 2763 3747 viribus
2810 3687 3082 3743 orandum
3123 3693 3209 3741 est
3239 3684 3399 3740 nobis
3439 3692 3496 3737 ut
3523 3681 3753 3737 Dominus

2197 3799 2358 3846 veros
2381 3783 2766 3854 praedicatores
2792 3780 2847 3834 in
2877 3778 3141 3850 p0pulum
3189 3792 3356 3831 suum
3392 3775 3588 3840 mittat,
3623 3773 3754 3842 juxta

2196 3877 2343 3948 quod
2366 3877 2482 3947 ipse
2513 3874 2592 3930 ait
2625 3892 2640 3929 :
2681 3894 2698 3926 ι
2733 3872 2929 3928 Messis
2951 3870 3173 3942 quidem
3206 3869 3405 3936 multa,
3437 3867 3757 3938 operariiau-

2197 3979 2304 4026 tem
2330 3969 2511 4041 pauci.
2554 3966 2761 4039 Rogate
2794 3981 2926 4036 ergo
2956 3963 3242 4019 dominum
3273 3961 3498 4029 messis,
3522 3968 3580 4015 ut
3604 3958 3760 4013 mittat

2195 4063 2478 4134 operarios
2500 4061 2557 4116 in
2584 4075 2819 4115 messem
2843 4073 3000 4114 suam
3018 4055 3240 4127 (Matth.
3267 4056 3373 4126 rx),
3412 4073 3432 4107 ι
3455 4063 3511 4110 et
3529 4062 3586 4109 ut
3615 4049 3760 4108 corda

2194 4155 2508 4210 auditorum
2547 4153 2615 4208 ad
2642 4151 2974 4208 credendum
3005 4157 3060 4204 et
3084 4147 3460 4203 conﬁtendum
3491 4151 3761 4216 praeparet;

2193 4243 2300 4300 nisi
2322 4242 2468 4298 enim
2504 4243 2651 4298 intus
2688 4241 2758 4297 sit
2783 4241 2875 4311 qui
2915 4238 3128 4304 doceat,
3155 4239 3210 4294 in
3236 4254 3447 4293 vanum
3477 4237 3654 4306 lingua
3680 4234 3764 4288 do-

2194 4335 2367 4390 centis
2397 4335 2629 4389 laborat.
2656 4332 2833 4398 Quam
2861 4339 3044 4387 autem
3082 4331 3233 4386 utilis
3261 4330 3336 4384 sit
3357 4329 3624 4384 adventus
3646 4340 3768 4396 prt-

2193 4427 2500 4484 dicatorum
2536 4426 2758 4497 populo,
2791 4423 3029 4481 ostendit
3055 4422 3356 4494 Apostolus
3378 4438 3478 4493 per
3498 4419 3770 4476 auctorita-

2119 4497 2306 4575 Dtem
2354 4520 2654 4591 prophctm,
2686 4533 2812 4573 cum
2875 4516 3093 4582 subdit,
3150 4517 3298 4571 sicut
3350 4514 3618 4584 scriptum
3661 4522 3769 4565 est:

2203 4611 2377 4676 Quam
2411 4608 2632 4678 speciosi
2657 4608 2811 4678 pedes
2838 4606 3321 4677 erangelizantium
3340 4621 3547 4674 pacem,
3574 4617 3771 4670 crure:-

2197 4703 2483 4757 lizantium
2528 4701 2702 4755 bona!
2738 4698 2875 4767 Quis
2910 4699 3060 4754 enim
3098 4697 3369 4754 adventus
3419 4707 3602 4767 potest
3639 4695 3774 4748 nobis

2193 4811 2317 4852 esse
2339 4795 2541 4862 utilior,
2564 4801 2618 4850 et
2641 4809 2762 4865 quae
2779 4792 3123 4848 annnntiatio
3141 4800 3323 4862 potest
3335 4807 3460 4848 esse
3476 4792 3682 4863 gratior
3695 4804 3777 4841 ut»

2195 4885 2283 4941 bis
2311 4899 2476 4954 quam
2502 4899 2695 4939 eorum
2726 4898 2849 4953 quae
2877 4881 2974 4938 Dei
2997 4882 3502 4938 reconciliationem
3528 4893 3582 4936 et
3612 4895 3780 4950 pacem

2196 4978 2356 5034 nobis
2381 4976 2614 5032 afferunt
2642 4985 2698 5031 et
2710 4974 2969 5042 oﬁ‘erunt,
3001 4982 3056 5029 et
3085 4975 3229 5030 bona
3267 4974 3430 5028 nobis
3448 4984 3656 5028 aeterna
3674 4986 3781 5040 pm-

2196 5069 2458 5125 mittunt?
2514 5067 2674 5136 Quod
2719 5075 2908 5140 aperte
2959 5075 3152 5123 contra
3214 5067 3489 5136 quosdam
3573 5080 3783 5136 perver—

2197 5177 2292 5218 sos
2338 5171 2444 5229 est,
2496 5161 2593 5233 qui
2626 5161 2866 5216 oblatam
2943 5159 3390 5230 praedicationem
3442 5175 3558 5214 non
3623 5159 3784 5214 solum

2196 5254 2381 5312 facere
2409 5258 2494 5311 vel
2525 5258 2830 5328 suscipere,
2858 5254 2952 5311 sed
2979 5262 3034 5309 et
3075 5269 3177 5308 nec
3205 5253 3403 5307 audire
3429 5253 3654 5318 volunt,
3675 5266 3785 5306 cum

2197 5349 2265 5404 ad
2289 5349 2563 5420 quoslibet
2584 5366 2755 5405 vanos
2786 5361 3035 5403 rumores
3063 5354 3118 5400 et
3139 5346 3355 5400 otiosos
3387 5362 3682 5400 sermones
3704 5361 3787 5398 an-

2197 5441 2428 5497 diendos
2460 5456 2678 5510 semper
2705 5440 2879 5510 parati
2911 5439 3042 5495 sint.
3092 5435 3243 5504 Quos
3276 5447 3491 5508 quanta
3515 5437 3789 5492 damnatio

2195 5541 2494 5604 exspectet,
2537 5533 2774 5588 ostendit
2831 5532 3116 5598 Dominus,
3159 5547 3288 5586 eum
3338 5532 3645 5602 discipulis
3688 5533 3790 5585 suis

2197 5625 2332 5681 dicit
2364 5645 2376 5679 :
2413 5645 2431 5676 ι
2462 5623 2791 5693 Quicunque
2828 5639 2935 5677 non
2960 5622 3270 5693 receperint
3298 5637 3425 5688 vos,
3475 5640 3648 5677 amen
3684 5621 3794 5676 dico

2195 5715 2354 5770 vobis
2381 5715 2509 5784 quia
2537 5715 2876 5771 tolerabilius
2897 5716 3000 5771 erit
3024 5713 3398 5770 Sodomorum
3430 5718 3520 5772 vel
3566 5716 3792 5773 Gomor-

2199 5807 2472 5864 rheeorum
2508 5809 2667 5865 terris
2690 5825 2855 5880 quam
2888 5809 2963 5864 illi
2990 5808 3198 5865 civitati
3224 5805 3449 5879 (.ifutth.
3506 5828 3585 5878 1s;
3637 5809 3789 5866 Mart.
