3824 6308
75 333 203 392 13θὸ

1174 321 1510 381 ΗΟΜΙῌᾸΞ.
1544 351 1614 364 --
1653 320 1693 378 l.
1738 321 1829 378 DE
1862 319 2201 380 TEMPORE.

3206 315 3348 378 1306

69 463 145 514 ﬂ;
173 443 305 510 Luc.
331 440 434 514 ix).
476 460 498 494 ι
536 439 797 512 Sequitur
819 455 947 510 pars
971 439 1151 507 tertia,
1189 438 1244 494 in
1279 453 1389 510 qua
1416 438 1655 495 ostendit
1683 441 1734 500 Α
1761 440 1952 496 minus
1991 439 2261 496 sollicitus
2311 435 2366 492 in
2396 433 2727 504 miserendo,
2761 432 3192 513 demonstratur,
3220 452 3344 493 cum

71 538 204 594 «uod
225 535 402 608 magis
426 534 713 590 auditores
747 531 1124 603 praedicationi
1149 547 1314 609 quam
1343 529 1659 601 praedicatio

71 629 406 689 auditoribus
429 627 598 694 desit,
632 642 758 684 cum
784 625 972 681 subdit
1004 644 1017 680 :
1047 623 1150 680 Sed
1183 641 1288 680 non
1320 640 1498 678 omnes
1534 622 1659 678 obe-

70 725 214 778 diunt
230 720 549 792 Evangelia.
567 719 648 776 Ac
663 718 710 775 si
725 727 914 789 aperte
925 718 1072 774 dicat
1098 736 1111 773 :
1140 717 1278 772 Cum
1302 725 1484 772 autem
1509 716 1660 773 utilis

69 819 134 875 sit
165 813 446 886 Evangelii
472 811 842 878 annuntiatio,
875 819 1061 866 tamen
1105 825 1217 865 non
1242 824 1436 865 omnes
1457 809 1510 864 ei
1536 809 1662 865 obe-

70 910 234 964 diunt.
269 905 379 960 Alii
405 904 559 960 enim
589 904 682 959 vix
710 903 876 959 etiam
903 901 1136 958 audiunt
1159 899 1514 973 Evangelium
1534 919 1549 968 ;
1567 900 1661 956 alii

69 1016 188 1056 vero
202 1000 458 1066 audiunt,
479 999 573 1054 sed
588 1012 698 1053 non
717 996 1058 1067 suscipiunt;
1083 995 1176 1050 alii
1195 1009 1328 1050 vero
1351 1003 1406 1050 et
1421 994 1664 1050 audiunt

69 1107 118 1152 et
141 1094 451 1165 suscipiunt
471 1091 842 1164 professione,
863 1105 991 1147 cum
1013 1105 1124 1145 non
1141 1096 1517 1159 exsequuntur
1532 1101 1664 1158 ope-

68 1204 138 1254 re;
155 1187 242 1243 alii
257 1202 390 1243 vero
409 1194 467 1242 et
487 1183 1107 1255 audiuntetsuscipiunt
1125 1191 1180 1238 et
1199 1189 1576 1252 exsequuntur
1594 1179 1663 1236 ad

69 1288 288 1350 tempus,
303 1279 402 1334 sed
419 1286 607 1333 tamen
620 1292 729 1332 non
743 1282 1114 1347 perseverant.
1131 1271 1336 1330 Omnes
1349 1281 1533 1328 autem
1547 1271 1660 1340 isti,

67 1371 305 1442 quamvis
324 1371 582 1438 audiant,
609 1385 721 1426 non
741 1369 1005 1425 obediunt
1023 1367 1340 1439 Evangelio,
1359 1366 1506 1438 quod
1523 1373 1578 1421 et
1600 1365 1666 1420 fi-

69 1465 200 1532 dem,
235 1471 292 1520 et
317 1478 486 1533 opera
496 1463 726 1531 tionem,
749 1471 804 1519 et
823 1461 1288 1534 perseverantiam
1313 1459 1564 1531 requirit.
1588 1457 1664 1514 De

70 1572 288 1629 quorum
329 1556 710 1612 inobedientia
743 1556 931 1612 dolent
958 1563 1016 1612 et
1050 1562 1469 1625 conquerantur
1502 1552 1665 1609 hodie

69 1647 170 1704 veri
191 1647 600 1718 praedicatores,
614 1647 759 1703 sicut
769 1646 899 1702 olim
917 1644 1356 1716 conquerebatur
1367 1643 1559 1711 Isaias,
1575 1644 1667 1700 diu

69 1754 186 1795 cens
210 1757 224 1794 :
251 1737 498 1808 Domine,
529 1740 646 1812 quis
681 1738 908 1794 credidit
935 1737 1144 1792 auditui
1165 1744 1346 1792 nostro
1371 1735 1668 1793 lvidelicet

71 1829 200 1901 quod
239 1846 340 1887 nos
375 1846 408 1886 a
457 1829 574 1887 Deo
609 1831 841 1887 interius
876 1830 1212 1897 audivimus,
1237 1838 1293 1886 et
1319 1828 1664 1886 auditoribus

70 1923 292 1978 exterius
301 1923 714 1990 ministramus,
727 1923 884 1995 quasi
899 1923 1046 1980 dicat
1058 1906 1238 1978 rariu's
1251 1938 1270 1977 :
1283 1921 1446 1994 Ergo,
1462 1920 1660 1992 inquit,

73 2016 188 2086 ﬁdes
212 2033 276 2072 ea:
311 2017 535 2084 auditu,
563 2018 773 2074 scilicet
819 2015 1246 2088 praedicationis,
1267 2017 1419 2072 venit
1459 2015 1530 2071 ad
1567 2030 1664 2071 cor

73 2107 342 2164 auditoris.
378 2109 617 2164 Auditus
645 2119 823 2164 autem
850 2109 913 2180 ﬁt
960 2126 1054 2182 per
1097 2109 1310 2164 verbum
1350 2107 1475 2177 Dei,
1504 2117 1661 2164 exte-

78 2199 180 2256 rius
217 2217 445 2269 sonans,
467 2211 526 2258 et
557 2219 656 2273 per
685 2203 971 2274 spirituale
991 2203 1220 2258 verbum
1260 2201 1494 2258 interius
1523 2201 1665 2256 invi-

78 2291 286 2348 sibiliter
311 2309 578 2365 operans.
611 2293 716 2350 Sed
734 2295 854 2350 dico
877 2311 896 2348 :
921 2293 1181 2366 Nunquid
1210 2311 1316 2349 non
1339 2294 1666 2349 audierunt?

81 2383 347 2440 audierunt
374 2386 628 2456 quidem,
659 2387 919 2456 quoniam
945 2402 1014 2442 ex
1039 2401 1150 2458 quo
1173 2384 1527 2457 Evangelium
1552 2401 1651 2456 per

81 2480 428 2548 apostolorum
455 2481 906 2552 praedicationem
928 2497 1027 2552 per
1049 2481 1366 2536 universum
1396 2481 1664 2535 mundum

81 2570 394 2644 divulgatum
420 2583 531 2642 est,
562 2574 748 2630 nullus
800 2589 900 2645 per
940 2572 1341 2628 inaudientiam
1382 2587 1443 2628 se
1485 2579 1666 2643 potest

83 2678 340 2721 excusare.
369 2665 531 2722 Unde
558 2675 613 2722 et
648 2683 742 2737 per
762 2667 1146 2722 auctoritatem
1174 2663 1480 2721 Psalmistae
1503 2664 1666 2720 indu-

83 2755 167 2824 cit,
199 2757 423 2816 dicentis
450 2779 466 2816 :
503 2757 569 2814 Et
599 2760 810 2831 quidem
847 2760 904 2814 in
927 2777 1131 2815 omnem
1157 2769 1356 2814 terram
1380 2760 1544 2814 exivit
1569 2776 1658 2814 so-

86 2865 169 2902 nus
187 2867 379 2919 eorum,
405 2861 458 2907 et
491 2853 548 2906 in
595 2853 725 2922 ﬁnes
767 2851 910 2907 orbis
954 2862 1109 2910 terrae
1137 2853 1292 2908 verba
1332 2869 1534 2908 eorum.
1561 2853 1666 2910 Per

87 2953 256 2995 omnes
283 2942 486 3014 quippe
535 2943 727 2998 mundi
775 2952 959 3014 partes
987 2943 1157 3000 exivit
1198 2943 1346 3000 fama
1386 2945 1666 3016 apostolo-

89 3043 214 3085 rum.
238 3029 302 3088 Et
326 3033 442 3105 ipsa
489 3049 683 3090 eorum
720 3036 886 3090 verba
934 3035 1140 3106 ubique
1182 3037 1466 3108 propalata
1512 3046 1661 3094 sunt.

89 3115 261 3227 Petrus
296 3135 481 3183 autem
515 3135 570 3182 et
588 3125 793 3184 Paulus
825 3126 1090 3184 Romanis
1114 3130 1660 3200 evangelizaverunt;
1691 3169 1734 3227 Ο

91 3211 320 3286 Iacobus,
348 3217 633 3290 Hispanis;
673 3219 935 3289 Thomas,
966 3221 1182 3292 populis
1210 3222 1444 3292 majoris
1472 3221 1660 3292 ludite;

91 3303 523 3379 Bartholomteus,
578 3313 796 3384 populis
836 3313 1070 3370 minoris
1117 3313 1310 3382 Indiae;
1351 3315 1661 3384 Mattbaeus,

93 3393 447 3472 llithiopibns;
503 3399 764 3472 Joannes,
825 3404 1078 3474 Asianis;
1135 3404 1324 3461 Simon
1369 3415 1425 3461 et
1470 3405 1662 3474 ludas,

94 3487 336 3562 Egyptiis
368 3505 424 3552 et
474 3493 696 3564 Persis;
737 3496 1004 3564 Andreas,
1059 3498 1220 3569 cujus
1255 3499 1416 3554 hodie
1460 3501 1664 3556 natalia

95 3581 319 3652 colimus,
346 3586 578 3643 Graecis.
615 3585 862 3654 Quorum
894 3588 1213 3659 praedicatio
1244 3589 1521 3643 contemni
1554 3605 1663 3645 non

96 3674 267 3743 potuit,
296 3678 387 3734 sed
416 3679 608 3750 potius
643 3679 1003 3746 admirabilis,
1039 3679 1196 3734 velox
1228 3688 1282 3735 et
1319 3679 1508 3735 efficax
1538 3679 1662 3735 fuit.

96 3760 154 3818 Ει
178 3770 310 3837 quod
329 3770 707 3841 praedicabant
731 3772 936 3840 verbis,
957 3772 1354 3828 confirmabant
1379 3771 1665 3841 exemplis,

99 3857 473 3920 conﬁrmabant
514 3865 817 3934 miraculis,
842 3865 1244 3922 conﬁrmabant
1273 3864 1538 3922 effusione
1579 3863 1666 3920 sui

98 3953 372 4026 sanguinis.
402 3957 519 4015 Nos
547 3974 699 4031 ergo,
737 3959 936 4016 fratres
964 3959 1094 4028 mei,
1121 3975 1314 4016 eorum
1359 3959 1521 4014 verba
1574 3957 1668 4012 fir-

97 4042 236 4100 miter
267 4057 575 4118 teneamus,
631 4051 881 4122 exempla
929 4050 1055 4107 vitae
1104 4066 1296 4106 eorum
1343 4065 1666 4122 sequamur,

100 4134 337 4197 miracula
365 4143 681 4210 credamus,
725 4141 1048 4214 martyrium
1089 4140 1392 4206 imitemur,
1417 4141 1523 4196 etsi
1554 4155 1666 4196 non

101 4229 358 4300 sanguine,
388 4235 587 4290 saltem
631 4233 934 4289 carnalium
986 4232 1562 4304 concupiscentiarum
1611 4233 1669 4288 in

101 4316 240 4374 nobis
263 4325 636 4392 crucifixione,
659 4326 926 4381 mundum
953 4323 1219 4393 odientes,
1237 4324 1459 4381 divitias
1480 4335 1536 4380 et
1565 4324 1668 4380 ho-

103 4419 246 4467 nores
287 4416 477 4472 mundi
514 4425 948 4486 contemnentes,
993 4418 1403 4488 persecutiones
1454 4416 1670 4474 fortiter

1761 531 1967 590 dicitur
1998 550 2013 588 :
2042 531 2335 588 Ambulans
2361 532 2518 588 Iesus
2542 532 2706 604 juxta
2744 547 2892 587 mare
2929 530 3192 587 Galiltec.
3227 530 3346 585 Non
3433 589 3444 598 ,

1761 625 1941 684 solum
1969 624 2114 680 enim
2144 624 2411 682 Dominus
2441 634 2630 682 noster
2651 623 2812 682 Jesus
2837 623 3092 682 Christus
3119 625 3349 680 misere-

1760 720 1945 787 batur,
1970 718 2064 776 sed
2085 729 2142 774 et
2159 720 2440 790 quaerebat
2461 721 2552 776 cui
2581 719 2966 787 misereretur;
2996 727 3050 776 et
3078 719 3206 774 illuc
3227 734 3348 773 am-

1764 814 2020 881 bulabat,
2052 815 2144 870 ubi
2173 813 2298 870 illos
2345 814 2548 886 quibus
2587 813 2941 869 misereretur
2969 827 3091 868 esse
3121 811 3347 868 sciebat.

1764 905 1905 964 Hinc
1931 915 2014 964 est
2039 907 2187 978 quod
2219 905 2486 962 Dominus
2512 905 2828 962 ambulabat
2843 905 3004 975 juxta
3034 920 3178 956 mare
3208 899 3332 958 Gali

1768 1001 1907 1067 ιωω,
1933 1001 2025 1056 ubi
2054 1001 2275 1056 Petrum
2297 1011 2352 1057 et
2371 999 2660 1073 Joannem,
2685 998 2956 1054 Andream
2989 1005 3043 1052 et
3063 993 3350 1059 Jacobum,

1766 1115 1867 1170 per
1909 1098 2347 1155 misericordiam
2390 1104 2688 1152 vocaturus
2724 1101 2863 1149 erat.
2897 1091 3066 1159 Quem
3092 1103 3197 1146 nos
3227 1087 3349 1143 imi-

1769 1200 1973 1258 tantes,
1995 1191 2194 1246 fratres
2221 1190 2350 1255 mei,
2388 1189 2516 1245 illuc
2546 1187 2728 1259 potius
2755 1201 2968 1251 eamus,
2994 1183 3088 1238 ubi
3106 1179 3355 1237 occasio-

1765 1300 1892 1342 nem
1934 1283 2230 1340 miserendi
2270 1297 2373 1337 nos
2410 1283 2732 1336 inventuros
2758 1278 2984 1335 scimus.
3032 1273 3152 1330 Non
3178 1273 3354 1329 simus

1766 1376 1878 1432 illis
1918 1376 2125 1432 similes
2169 1374 2264 1445 qui
2305 1374 2584 1430 declinant
2620 1372 2741 1427 loca
2785 1370 2876 1424 ubi
2924 1382 3192 1440 pauperes
3231 1379 3355 1420 esse

1765 1471 1970 1537 sciunt,
2013 1485 2084 1525 ne
2117 1468 2260 1524 forte
2287 1477 2508 1539 propter
2543 1465 3062 1537 inopportunitatem
3091 1467 3356 1532 cogantur

1765 1563 2014 1620 misereri
2035 1577 2264 1628 eorum;
2295 1561 2393 1616 sed
2418 1575 2540 1626 nos,
2577 1558 2796 1624 fratres,
2815 1573 3006 1612 eamus
3031 1555 3125 1610 ubi
3147 1553 3355 1610 scimus

1764 1672 1890 1714 esse
1913 1664 2182 1724 errantes,
2219 1663 2280 1710 ut
2316 1669 2413 1710 eos
2452 1653 2522 1708 ab
2547 1667 2735 1708 errore
2765 1663 3106 1706 revocemus.
3149 1646 3356 1701 Eamus

1766 1746 1861 1802 ubi
1905 1746 2113 1802 scimus
2133 1759 2256 1800 esse
2287 1757 2576 1814 pauperes,
2612 1748 2676 1796 ut
2693 1739 2774 1796 eis
2805 1737 3217 1796 subveniamus.
3249 1733 3356 1789 Ea-

1695 1819 1740 1876 B
1764 1857 1890 1897 mus
1920 1839 2012 1895 ubi
2055 1839 2262 1894 scimus
2282 1852 2404 1893 esse
2433 1836 2704 1907 lugentes,
2749 1841 2810 1888 ut
2846 1847 2944 1888 eos
2980 1829 3352 1886 consolemur.

1777 1933 1946 2000 Vidit,
1990 1931 2189 2003 inquit,
2237 1930 2368 1985 duos
2403 1929 2598 2000 fratres
2643 1928 2910 1981 mittentes
2948 1932 3056 1978 rete
3089 1923 3146 1976 in
3186 1934 3354 1986 mare,

1765 2028 2031 2100 quoniam
2061 2027 2278 2082 illorum
2310 2023 2584 2096 praecipue
2620 2022 2914 2076 miseretur
2949 2017 3095 2072 Deus
3117 2013 3210 2085 qui
3243 2011 3358 2068 fra-

1767 2121 2077 2178 ternitatem
2100 2120 2352 2191 diligunt,
2368 2117 2463 2188 qui
2487 2131 2607 2172 sese
2634 2113 2982 2183 coadjuvant,
3005 2118 3060 2165 et
3082 2108 3149 2163 de
3167 2105 3358 2160 labore

1767 2227 1868 2268 suo
1889 2211 2102 2266 vivunt.
2137 2209 2208 2264 At
2231 2209 2325 2280 qui
2345 2214 2616 2264 venantur
2644 2202 2870 2257 fratrem
2897 2201 2950 2254 in
2977 2205 3233 2262 mortem,
3259 2192 3357 2264 qui

1767 2317 1887 2358 sese
1929 2307 2369 2371 persequuntur,
2412 2303 2465 2350 et
2527 2313 2546 2346 ι
2587 2293 2640 2347 in
2683 2292 2872 2347 labore
2919 2287 3206 2344 hominum
3246 2299 3358 2340 non

1767 2403 1898 2454 sunt
1945 2393 2120 2465 (Psa‘l.
2161 2393 2391 2461 Lxxu),
2431 2409 2451 2442 ›
2518 2385 2808 2443 vocatione
2859 2381 3009 2454 digni
3055 2395 3164 2435 non
3205 2386 3354 2434 sunt.

1770 2486 2032 2557 Sequitur
2053 2498 2182 2555 pars
2204 2480 2466 2545 secunda,
2510 2478 2567 2533 in
2613 2491 2721 2546 qua
2754 2471 3060 2529 ostenditur
3079 2467 3358 2539 quomodo

1767 2575 2038 2632 Dominus
2074 2572 2296 2628 Petrum
2337 2578 2394 2626 et
2434 2567 2706 2623 Andream
2735 2561 3024 2619 eflicaciter
3061 2557 3357 2624 vocaverit,

1767 2681 1893 2722 cum
1913 2664 1994 2720 eis
2015 2661 2154 2719 dixit
2178 2681 2191 2717 :
2224 2659 2404 2715 Venite
2431 2665 2548 2729 post
2576 2673 2676 2722 me,
2703 2654 2900 2725 faciam
2928 2668 3015 2706 eos
3039 2649 3156 2721 ﬁeri
3180 2649 3360 2718 pisca-

1770 2767 1906 2814 tores
1937 2756 2230 2811 hominum.
2270 2752 2330 2807 ln
2366 2767 2476 2822 qua
2512 2747 2820 2812 vocatione,
2858 2743 3058 2800 fratres
3089 2741 3218 2809 mei,
3254 2741 3360 2795 tria

1767 2846 2165 2906 consideranda
2195 2851 2324 2900 sunt
2348 2861 2362 2898 :
2394 2840 2596 2905 Locus,
2621 2837 2755 2894 ordo
2797 2843 2850 2891 et
2869 2833 3129 2890 efﬁcacia.
3153 2831 3358 2896 Locus,

1767 2941 2028 3014 quoniam
2053 2939 2200 2993 Deus
2217 2937 2284 2992 de
2306 2936 2490 2990 littore
2513 2933 2826 2988 laborantes
2851 2929 2904 2984 in
2937 2926 3101 2994 mari,
3147 2941 3178 2980 a
3217 2921 3361 2978 mari

1767 3041 1947 3090 vocat.
1981 3029 2038 3085 ln
2069 3044 2181 3101 quo
2204 3026 2335 3099 quid
2361 3025 2509 3081 aliud
2532 3022 2892 3094 significatur,
2916 3019 3022 3075 nisi
3043 3019 3172 3089 quia
3195 3031 3225 3070 a
3248 3014 3360 3071 sol-

1769 3125 2049 3181 licitudine
2081 3122 2248 3192 hujus
2280 3117 2473 3175 mundi
2506 3117 2574 3172 ad
2596 3115 2858 3187 quietem,
2897 3128 2926 3167 a
2955 3113 3155 3168 timore
3179 3107 3248 3163 ad
3274 3122 3361 3162 se-

1766 3219 2088 3282 curitatem,
2122 3214 2192 3269 ab
2231 3210 2589 3267 instabilitate
2631 3207 2698 3264 ad
2740 3205 3094 3262 stabilitatem
3143 3209 3363 3256 retenta:

1764 3310 1890 3366 vitae
1913 3322 2009 3362 eos
2041 3303 2270 3360 invitat?
2315 3301 2374 3358 In
2398 3316 2510 3373 quo
2533 3307 2588 3355 et
2626 3314 2723 3354 nos
2754 3305 3070 3370 peccatores
3112 3290 3358 3356 instruit,

1765 3409 1828 3456 ut
1847 3408 1997 3454 extra
2025 3397 2361 3453 mundanam
2400 3390 2904 3463 concupiscentiam
2929 3388 3126 3450 simus,
3152 3383 3199 3440 si
3219 3381 3359 3438 alios

1765 3491 1834 3545 ab
1855 3490 1946 3543 illa
1984 3484 2427 3558 concupiscentia
2447 3495 2704 3538 revocare
2726 3478 2982 3543 velimus,
3009 3489 3099 3540 ne,
3124 3470 3172 3527 si
3198 3468 3356 3540 cupi-

1765 3583 1870 3639 dus
1893 3579 2150 3650 cupidum
2176 3587 2418 3642 moneat,
2447 3575 2586 3630 forte
2610 3573 2826 3629 dicatur
2848 3569 2980 3626 illud
3004 3566 3160 3622 Pauli
3188 3583 3202 3622 :
3235 3584 3252 3616 ε
3275 3561 3359 3619 Tu

1766 3671 2034 3742 praedicas
2063 3685 2176 3723 non
2222 3665 2517 3720 furandum
2560 3673 2614 3719 et
2644 3661 2882 3728 furaris;
2926 3674 3040 3714 non
3073 3655 3361 3712 mtechau-

1766 3762 1898 3818 dum
1921 3769 1975 3816 et
1997 3757 2297 3816 mcecharis
2321 3755 2497 3828 (Rom.
2531 3753 2614 3824 ll).
2650 3773 2668 3805 ι
2713 3749 2860 3807 Ordo
2888 3750 3054 3805 etiam
3080 3745 3362 3803 notandus

1767 3863 1873 3921 est,
1898 3853 2053 3918 vidit,
2078 3850 2315 3915 vocavit,
2351 3864 2412 3905 se
2447 3847 2601 3919 sequi
2625 3845 2814 3918 jussit,
2837 3841 3123 3914 praemium
3154 3837 3363 3911 promi-

1769 3947 1858 4003 sit.
1886 3944 2035 4000 Vidit
2053 3960 2148 4014 per
2169 3941 2515 4008 electionem,
2539 3937 2758 3994 vocavit
2780 3952 2876 4008 per
2906 3933 3091 4001 fidem,
3111 3930 3279 4002 jussit
3299 3945 3362 3986 se

1769 4039 1927 4110 sequi
1958 4053 2055 4108 per
2089 4032 2481 4100 obedientiam,
2503 4030 2789 4104 praemium
2821 4027 3077 4100 promisit
3105 4041 3202 4097 per
3230 4023 3364 4081 obe—

1770 4129 1988 4188 dientize
2011 4126 2530 4184 remunerationem.
2566 4121 2672 4178 Per
2696 4121 3018 4179 electionem
3041 4119 3244 4190 quippe
3265 4132 3364 4173 ve-

1771 4225 1922 4280 nitur
1943 4222 2010 4278 ad
2034 4221 2193 4278 fidem
2219 4239 2238 4288 ;
2269 4233 2366 4291 per
2389 4217 2571 4282 fidem,
2595 4215 2662 4272 ad
2689 4213 3086 4279 obedientiam;
3114 4227 3212 4282 per
3233 4209 3366 4267 obe-

1771 4314 2054 4383 dicntiam,
2099 4313 2164 4369 ad
2197 4311 2505 4384 prmmium.
2551 4308 2805 4382 Magnum
2843 4307 3044 4378 quippe
3078 4303 3364 4375 praemium

1771 4418 1826 4464 et
1863 4423 2059 4479 magna
2101 4406 2340 4478 dignitas
2383 4413 2469 4461 est
2511 4418 2626 4459 sua:
2668 4411 2723 4457 et
2774 4401 3008 4455 aliarum
3053 4397 3366 4452 animarum

104 4500 428 4576 sustinentes,
461 4508 622 4564 bonis
640 4509 895 4578 operibus
917 4509 1214 4579 radiantes,
1241 4511 1498 4566 omnibus
1519 4510 1666 4565 enim
1698 4514 1747 4574 ι)
1772 4502 2098 4572 piscatorem
2125 4514 2266 4555 esse.
2291 4495 2396 4564 Qui
2417 4495 2563 4552 enim
2600 4494 2835 4550 aliorum
2872 4491 3085 4546 animas
3106 4505 3136 4544 a
3160 4486 3368 4542 munda

106 4582 317 4687 inimicis
338 4598 658 4653 charitatem
683 4599 1023 4668 exhibentes,
1055 4601 1120 4656 ad
1149 4601 1393 4657 coelestia
1430 4609 1545 4655 toto
1573 4600 1668 4656 de-

105 4677 285 4738 siderio
311 4685 654 4757 festinantes,
699 4698 782 4758 ut,
810 4693 1020 4750 meritis
1041 4703 1096 4749 et
1119 4693 1376 4764 precibus
1419 4694 1666 4764 ipsorum

109 4777 476 4849 apostolorum,
501 4798 694 4838 eorum
717 4786 995 4840 consortia
1021 4785 1076 4840 in
1097 4786 1250 4842 cmlis
1273 4787 1535 4857 consequi
1559 4801 1668 4840 me-

109 4873 323 4938 rcamur,
348 4872 609 4945 largiente
638 4873 870 4931 Domino
898 4885 1089 4933 nostro
1118 4876 1250 4932 Jesu
1287 4877 1530 4944 Christo,
1555 4886 1662 4932 etc.

845 4965 910 5021 ll.

257 5068 304 5108 IN
337 5071 708 5114 εοιειιΝισι-Ατε
743 5072 932 5113 εΑΝοτι
962 5073 1185 5112 ΑΝυῐιειε
1217 5071 1496 5114 APOSTOIJ.

173 5139 444 5202 Ambulans
474 5145 632 5204 Jestts
669 5148 833 5218 juxta
880 5165 1025 5202 mare
1073 5147 1336 5215 Calilwaz,
1377 5149 1508 5204 vidit
1539 5147 1671 5202 duos

117 5225 304 5302 fratres,
335 5237 620 5309 Simonem,
653 5243 746 5313 qui
791 5250 1012 5296 uocatur
1051 5239 1264 5307 Petrus,
1303 5249 1353 5295 et
1405 5241 1672 5294 Andream

121 5313 313 5384 fratrem
342 5331 476 5400 ejus,
503 5333 768 5387 mittentes
805 5340 910 5387 rete
932 5333 986 5385 in
1012 5347 1157 5385 mare
1186 5331 1406 5402 (Matth.
1443 5331 1540 5401 tv),
1563 5338 1668 5384 etc.

120 5405 228 5470 Tria
255 5421 404 5481 nobis
429 5425 792 5480 ostenduntur
820 5424 876 5478 in
907 5422 1013 5479 hac
1035 5422 1287 5488 lectione,
1312 5417 1510 5476 fratres
1538 5419 1665 5475 mei.

119 5494 280 5603 Plimo
305 5514 444 5569 enim
471 5513 780 5570 ostenditur
807 5524 1074 5585 quantum
1105 5517 1178 5570 sit
1205 5513 1470 5571 Dominus
1515 5513 1669 5569 solli-

125 5600 243 5652 citus
263 5600 313 5656 in
338 5605 676 5675 miserendo;
710 5608 970 5674 secundo,
1004 5607 1279 5678 quomodo
1308 5607 1380 5662 sit
1403 5604 1592 5662 efﬁcax
1615 5605 1671 5661 in

125 5692 371 5762 vocando;
413 5699 594 5766 tertio,
629 5709 895 5771 quantum
940 5698 1139 5755 Petrus
1183 5706 1238 5754 et
1265 5697 1516 5760 Andreas
1548 5694 1639 5751 fue

1771 4591 1959 4659 trahit,
1999 4602 2056 4646 et
2095 4605 2251 4645 suam
2295 4587 2399 4644 sibi
2437 4586 2714 4657 submergi
2739 4585 2890 4650 sinit,
2911 4581 3091 4637 bonus
3123 4579 3365 4649 piscator

1773 4698 1883 4738 non
1905 4691 2010 4738 est.
2038 4679 2290 4736 Efﬁcacia
2312 4694 2446 4734 vero
2472 4678 2529 4732 in
2551 4677 2657 4732 hoc
2703 4672 2977 4745 apparuit,
3001 4667 3264 4740 quoniam
3297 4682 3366 4722 ex

1771 4790 1883 4846 quo
1916 4771 2132 4830 vocavit
2165 4787 2263 4828 eos
2305 4769 2593 4835 Dominus,
2627 4766 2809 4821 statim
2834 4779 2958 4818 cum
3009 4760 3183 4816 secuti
3214 4768 3364 4818 sunt.

1768 4866 1887 4923 Non
1910 4867 2055 4923 enim
2077 4873 2290 4921 tantum
2313 4862 2559 4920 exterius
2577 4874 2675 4915 eos
2701 4855 2938 4922 vocavit,
2959 4853 3077 4920 sed,
3112 4852 3254 4908 sicut
3274 4867 3364 4906 vo-

1769 4963 1916 5017 cavit
1950 4977 2046 5017 eos
2085 4961 2336 5016 exterius
2361 4973 2516 5024 voce,
2556 4955 2632 5010 ita
2666 4951 2883 5008 vocavit
2906 4967 3000 5006 eos
3025 4949 3252 5004 interius
3282 4948 3364 5004 iu-

1778 5053 2090 5123 tpiratione.
2135 5049 2254 5122 Ipse
2292 5051 2442 5106 enim
2493 5047 2645 5104 solus
2681 5060 2842 5100 verus
2878 5050 3105 5099 vocator
3128 5049 3178 5098 et
3203 5057 3367 5100 verus

1770 5145 2096 5216 praedicator
2120 5153 2224 5211 est,
2249 5142 2518 5215 quoniam
2559 5137 2789 5194 interius
2819 5145 2979 5192 vocat
3004 5145 3052 5192 et
3085 5135 3367 5209 praedicat.

1771 5235 1884 5292 Nos
1927 5251 2060 5291 vero
2105 5234 2223 5290 veri
2263 5234 2654 5305 praedicatores
2690 5245 2803 5285 non
2845 5245 3058 5296 sumus,
3105 5227 3368 5299 quoniam

1772 5337 1984 5384 tantum
2023 5327 2262 5383 exterius
2285 5340 2548 5381 vocamus
2585 5331 2640 5379 et
2681 5321 3062 5394 praedicamus.
3106 5319 3364 5390 Sequitur

1771 5437 1902 5492 pars
1945 5422 2123 5487 tertia,
2171 5421 2226 5476 in
2270 5435 2379 5491 qua
2407 5417 2715 5474 ostenditur
2763 5423 3028 5486 quantum
3076 5413 3272 5467 Petrus
3311 5416 3363 5463 et

1773 5509 2022 5566 Andreas
2049 5509 2305 5566 velociter
2326 5507 2672 5575 obedierunt,
2697 5520 2822 5560 cum
2847 5504 3101 5560 subditur
3128 5520 3141 5555 :
3166 5500 3233 5553 At
3255 5498 3363 5564 illi,

1768 5604 2018 5657 continuo
2041 5602 2237 5657 relictis
2256 5601 2452 5656 retibus
2473 5609 2522 5655 et
2551 5599 2694 5666 navi,
2715 5598 2882 5652 secuti
2907 5603 3027 5649 sunt
3057 5608 3193 5646 eunt.
3221 5588 3364 5644 Ecce

1770 5695 1883 5762 isti,
1920 5710 2048 5750 cum
2093 5695 2241 5750 nulla
2291 5693 2470 5750 adhuc
2516 5691 2780 5748 miracula
2825 5686 3041 5743 Domini
3075 5683 3360 5748 vidissent,

130 5770 223 5832 rint
244 5782 438 5847 veloces
471 5790 523 5848 in
553 5770 876 5848 obédiendo.
925 5788 1100 5850 Porro
1145 5796 1415 5861 quantum
1465 5786 1537 5843 sit
1565 5784 1647 5844 Do
1755 5788 1909 5847 nihil
1938 5788 2004 5846 de
2030 5795 2234 5846 aeterna
2262 5787 2628 5846 retributione
2669 5782 2972 5849 audissent,
3020 5792 3148 5835 cum
3180 5776 3362 5848 ipsum
