3824 6308
341 353 483 417 I307
1625 343 1982 410 BADULPHI
2019 339 2370 400 ARDENTIS
3495 343 3624 400 tm

345 473 637 531 Dominum
667 465 954 525 mortalem
983 464 1230 522 viderent
1273 470 1328 519 ct
1375 475 1501 516 eum
1551 460 1688 516 nihil
1727 461 1928 517 habere
1955 469 1998 527 Α
2028 457 2220 513 saltem
2266 469 2568 526 sequamur
2603 468 2728 508 eum
2774 469 2873 525 per
2914 454 3098 509 carnis
3138 452 3542 509 abstinentiam
3579 467 3636 511 es

343 563 744 634 conspicerent,
767 568 948 614 tamen
972 557 1036 610 ad
1059 556 1293 626 primam
1313 551 1433 624 ejus
1452 553 1792 608 vocationem
1807 565 1942 607 cre-.
2028 548 2474 605 macerationem.
2537 545 2941 618 Cruciﬁgamus
2999 546 3251 602 membra
3307 555 3528 608 nostra.
3579 557 3636 601 ut

341 658 500 725 dunt,
521 656 728 714 omnia
749 654 1084 724 relinquunt,
1113 659 1167 706 ct
1188 649 1319 705 nudi
1348 648 1555 704 nudum
1598 655 1924 718 sequuntur.

349 750 377 792 ·’
417 771 556 840 Quid
586 786 706 838 nos,
737 769 954 834 fratres,
981 765 1177 821 dicturi
1205 781 1398 821 sumus
1429 764 1523 835 qui
1549 763 1789 834 quotidie
1820 762 1927 816 mi-

346 867 535 922 racula
568 866 842 930 videmus,
885 863 979 933 qui
1005 861 1247 933 quotidie
1275 860 1342 916 de
1367 869 1568 916 aeterna
1597 859 1931 915 beatitudine

341 954 582 1033 legimus
605 969 659 1016 et
686 959 959 1025 audimus,
990 957 1081 1028 qui
1115 955 1296 1027 ipsum
1323 954 1614 1010 Dominum
1643 955 1930 1010 immorta-

350 1056 457 1112 lem
497 1057 552 1110 in
581 1055 720 1111 caelo
766 1067 994 1124 regnare
1027 1051 1253 1116 scimus,
1284 1050 1378 1120 qui
1425 1064 1550 1104 cum
1603 1049 1825 1106 divitem
1874 1049 1930 1103 in

350 1151 606 1206 Omnibus
635 1149 909 1214 novimus,
961 1157 1014 1204 et
1059 1157 1240 1202 tamen
1271 1147 1336 1202 ad
1369 1147 1590 1203 crebras
1615 1147 1733 1216 ejus
1761 1163 1930 1203 voca-

346 1244 528 1299 tiones
566 1257 692 1298 eum
738 1242 894 1312 sequi
940 1241 1373 1320 contemnimus,
1417 1238 1528 1295 Nec
1569 1240 1930 1307 abundantes,

348 1351 450 1392 nec
487 1344 706 1406 egentes
731 1351 858 1390 eum
899 1333 1213 1405 sequimur;
1263 1348 1361 1386 nec
1387 1331 1572 1396 minis,
1602 1347 1703 1388 nec
1730 1331 1931 1400 verbis,

349 1442 452 1483 nec
501 1427 852 1494 verberibus,
903 1441 1006 1481 nec
1047 1423 1508 1495 promissionihus
1555 1423 1931 1478 emendamur.

349 1515 589 1586 Relictis,
637 1519 835 1591 inquit,
875 1518 1093 1573 navibus
1131 1526 1180 1571 et
1221 1527 1391 1588 patre.
1434 1517 1539 1572 Sed
1571 1516 1717 1571 dices
1750 1535 1762 1570 :
1795 1515 1936 1582 Quid

351 1611 443 1667 isti
471 1611 799 1666 dimiserunt
822 1612 917 1680 qui
947 1609 1084 1665 nihil
1132 1609 1243 1664 fere
1293 1608 1639 1665 habuerunt?
1684 1608 1934 1675 Multum,

351 1703 568 1771 fratres,
598 1703 939 1774 reliquerunt
983 1703 1077 1773 qui
1129 1703 1313 1758 omnia
1362 1718 1424 1756 ea
1470 1716 1593 1771 quae
1630 1701 1939 1756 habuerunt

349 1797 711 1868 reliquerunt,
745 1805 800 1852 et
843 1791 911 1851 de
961 1804 1158 1851 caetero
1205 1794 1340 1850 nihil
1384 1795 1584 1850 habere
1621 1793 1932 1848 voluerunt.

353 1853 549 1944 Omnia
577 1888 668 1942 illa
694 1853 1033 1956 reliquerunt
1058 1901 1180 1956 quae
1205 1885 1590 1955 concupiscere
1619 1891 1933 1954 potuerunt.
1969 1863 2012 1918 Β
2038 1853 2335 1910 crucmms
2357 1853 2427 1908 ab

353 1977 526 2036 Nemo
553 1994 683 2050 ergo
715 1979 820 2034 sibi
845 1978 992 2033 dicat
1023 1996 1038 2032 :
1069 1976 1276 2032 Imitari
1315 1977 1504 2032 mundi
1531 1984 1936 2046 contemptores

353 2071 499 2138 ‘volo,
529 2071 623 2127 sed
652 2071 782 2142 quid
811 2071 1138 2140 relinquam,
1167 2085 1276 2124 non
1307 2069 1500 2124 habeo.
1540 2069 1792 2136 Multum,
1823 2068 1936 2124 fra-

354 2172 486 2231 tres,
513 2163 840 2234 relinquitis,
873 2162 918 2218 si
944 2161 1399 2232 concupiscentiis
1436 2161 1636 2217 vestris
1664 2163 1938 2217 abrenun-

355 2257 524 2314 tiatis.
558 2257 716 2313 Certe
761 2273 883 2312 cum
931 2271 1161 2327 regnum
1213 2255 1476 2311 oculorum
1519 2255 1935 2311 :estimationem

354 2347 466 2408 non
497 2351 713 2416 habeat,
744 2359 954 2405 tantum
983 2350 1125 2406 valet
1150 2357 1414 2420 quantum
1443 2348 1631 2404 habes.
1663 2347 1858 2406 Petrus
1885 2357 1941 2404 et

355 2439 623 2506 Andreas,
653 2441 853 2495 relictis
895 2441 1093 2494 retibus
1136 2448 1186 2494 et
1229 2440 1371 2506 navi,
1405 2454 1634 2510 regnum
1673 2439 1938 2495 celerum

355 2531 583 2588 mercati
613 2541 776 2600 sunt;
831 2531 1093 2587 Zachaaus
1121 2530 1347 2586 dimidio
1397 2530 1670 2586 bonorum
1712 2541 1938 2587 suorum

357 2621 528 2692 (Luc.
567 2623 732 2694 xix);
804 2622 967 2676 vidua
1035 2621 1250 2676 duobus
1298 2621 1526 2676 minutis
1581 2619 1754 2692 (Luc.
1799 2634 1936 2687 xxt;

359 2715 531 2772 Marc.
564 2714 698 2786 xu);
746 2715 886 2769 alius
933 2713 1141 2786 frigida!
1189 2729 1345 2784 aqua:
1373 2713 1543 2768 calice
1593 2711 1812 2782 (Matth.
1839 2712 1936 2783 x);

357 2806 499 2863 alius
523 2807 640 2862 sola
667 2807 809 2862 bona
836 2805 1131 2860 voluntate.
1162 2803 1266 2870 Qui
1293 2804 1431 2860 nihil
1460 2805 1643 2871 habet,
1668 2819 1728 2859 se
1753 2803 1861 2870 det,
1888 2810 1943 2857 et

358 2901 578 2956 habebit
615 2901 768 2956 illud.
811 2899 991 2956 Secuti
1033 2906 1176 2967 sunt,
1216 2899 1414 2970 inquit,
1449 2914 1590 2964 eum,
1622 2912 1730 2952 non
1760 2895 1939 2952 solum

357 2992 516 3064 pede,
547 2993 641 3050 sed
685 3001 740 3048 et
783 3008 987 3059 amore,
1020 2991 1132 3046 vita
1170 2998 1446 3048 et'morte.
1492 2988 1655 3057 Pede,
1682 2988 1810 3060 quia
1840 3003 1942 3044 nec

358 3099 530 3153 mors,
573 3101 675 3141 nec
699 3086 809 3142 vita
849 3093 1146 3156 potuerunt
1191 3099 1286 3141 eos
1329 3099 1585 3155 separare
1613 3098 1645 3139 a
1675 3083 1942 3139 charitate

359 3175 599 3246 Christi;
643 3179 775 3250 vita,
803 3178 930 3250 quia
957 3177 1084 3233 facti
1115 3185 1245 3233 sunt
1273 3177 1470 3245 sancti,
1501 3177 1644 3232 sicut
1672 3177 1786 3246 ipse
1815 3192 1943 3232 san-

361 3279 482 3327 ctus
513 3282 616 3340 est,
643 3272 787 3342 pius,
821 3272 963 3328 sicut
987 3271 1101 3342 ipse
1127 3271 1249 3342 pius
1276 3279 1385 3335 est,
1420 3270 1625 3340 justus,
1657 3269 1798 3326 sicut
1827 3269 1944 3339 ipse

356 3363 540 3436 justus
562 3372 678 3432 est;
705 3372 900 3428 morte,
925 3363 1052 3433 quia
1077 3363 1218 3419 sicut
1239 3349 1495 3418 Christus
1517 3376 1716 3431 passus
1740 3367 1823 3416 est
1847 3375 1948 3430 pro

356 3455 476 3524 eis,
505 3457 580 3512 ita
609 3455 710 3527 ipsi
739 3471 838 3526 pro
867 3454 1088 3510 Christo
1118 3454 1265 3526 passi
1298 3462 1446 3519 sunt,
1476 3452 1728 3509 crucifixi
1760 3451 1946 3518 etiam,

361 3539 505 3605 sicut
531 3548 783 3626 Christus
807 3547 1101 3605 crucifixus
1131 3555 1232 3604 est.
1279 3545 1384 3602 Sed
1409 3546 1682 3614 Christus,
1710 3545 1803 3616 qui
1831 3545 1950 3602 sine

361 3642 575 3698 macula
606 3638 806 3709 fuit',in
837 3656 1000 3716 cruce
1025 3641 1286 3707 directus,
1317 3648 1576 3696 extensus
1603 3637 1725 3694 fuit.
1751 3637 1947 3694 Petrus

360 3724 513 3801 vero,
565 3733 690 3804 quia
737 3733 1016 3789 Christum
1064 3733 1300 3804 negavit,
1350 3733 1606 3802 opposito
1656 3730 1950 3788 cruciﬁxus

364 3823 486 3881 fuit.
517 3825 762 3881 Andreas
791 3834 971 3881 autem
1020 3841 1084 3882 ex
1119 3826 1363 3896 obliquo,
1389 3825 1674 3894 quoniam,
1705 3823 1806 3879 etsi
1837 3839 1950 3877 non

365 3907 600 3988 negavit,
630 3927 810 3973 tamen
842 3919 1026 3990 aliquo
1054 3919 1218 3974 modo
1245 3918 1506 3989 peccavit.
1539 3917 1678 3984 Quia
1703 3933 1840 3972 vero
1871 3916 1951 3972 sic

365 4007 666 4064 obediendo
695 4009 867 4065 secuti
912 4017 1060 4079 sunt,
1112 4009 1184 4064 ita
1224 4022 1278 4065 et
1307 4008 1559 4066 Christus
1587 4024 1704 4076 eos,
1735 4016 1798 4064 ut
1823 4024 1953 4079 pro-

366 4097 609 4166 miserat,
662 4118 681 4151 ‹
727 4100 1028 4170 piscatores
1072 4099 1203 4157 fecit
1248 4101 1536 4156 hominum
1585 4098 1780 4170 (Marc.
1812 4098 1876 4169 1).
1925 4105 1960 4151 ι’

365 4184 612 4247 Piscator
647 4209 840 4248 navem
871 4193 1030 4266 regit,
1063 4210 1259 4250 navem
1289 4194 1550 4265 disponit,
1577 4195 1755 4265 pisces
1783 4193 1949 4264 capit,

365 4276 556 4366 captos
585 4285 654 4339 ad
697 4285 848 4342 littus
877 4287 1046 4342 trahit
1089 4295 1144 4342 et
1185 4287 1439 4343 secernit.
1491 4285 1582 4342 Sic
1611 4300 1830 4358 quoque
1861 4285 1952 4341 isti

367 4391 554 4442 naves,
585 4375 637 4431 id
663 4385 746 4432 est
791 4375 1065 4456 Ecclesias
1113 4382 1391 4452 rexerant,
1433 4386 1488 4434 et
1528 4386 1643 4433 rete
1685 4377 1950 4448 praedica-

367 4470 535 4526 tionis
561 4471 984 4542 disposuerunt;
1035 4464 1233 4542 pisces,
1263 4473 1316 4527 id
1345 4479 1431 4528 est
1476 4471 1729 4526 homines
1755 4471 1952 4542 praedi-

2025 648 2250 710 peccato
2278 640 2604 695 moriamur.
2635 638 2809 694 Pedes
2844 637 3261 708 cruciﬁgamus,
3295 653 3368 691 ne
3403 648 3540 691 eant
3587 641 3642 694 in

2027 734 2172 788 viam
2203 741 2587 804 peccatorum;
2617 747 2839 799 manus,
2873 746 2943 786 ne
2963 731 3348 785 extendantur
3371 730 3440 783 ad
3475 747 3644 799 open

2028 827 2375 896 iniquorum;
2409 827 2618 891 oculos,
2641 840 2713 880 ne
2739 825 2960 879 videant
2977 823 3288 878 vanitatem
3312 841 3330 889 ;
3358 838 3554 886 aures,
3581 838 3650 876 ne

2030 921 2256 976 audiant
2283 920 2716 986 detractionem;
2749 935 2868 985 cor,
2902 933 2972 972 ne
3006 919 3215 988 cogitet
3240 917 3456 971 malam
3493 916 3648 986 cogi-

2029 1013 2327 1080 tationem;
2357 1020 2418 1067 ut
2447 1013 2501 1067 in
2525 1011 2950 1075 resurrectione,
2978 1009 3026 1065 si
3066 1026 3176 1064 non
3211 1009 3480 1078 judicare
3523 1023 3648 1082 eu;-

2031 1110 2318 1182 apostolis,
2345 1117 2528 1164 tamen
2553 1107 2860 1178 adjudicari
2883 1107 3008 1160 vita:
3049 1114 3280 1160 mter-nae
3309 1105 3386 1158 ab
3421 1113 3650 1173 aposto-

2031 1203 2100 1259 lis
2130 1217 2460 1258 mereamur.
2485 1200 2588 1257 Per
2613 1200 2910 1257 Dominum
2945 1205 3204 1253 nostrum
3252 1195 3458 1251 Jesum
3501 1195 3656 1249 Chri-

2034 1305 2200 1377 stum,
2223 1302 2328 1350 etc.

2189 1397 2314 1452 Vita
2343 1399 2480 1453 beati
2509 1397 2736 1452 Androm
2756 1395 2985 1466 apostoli
3021 1409 3114 1464 per
3143 1390 3516 1444 Dorotheum.

2108 1499 2184 1573 (f2)
2202 1495 2920 1573 Andreas,_frater_S_imonis
2944 1495 3090 1573 Petri
3115 1491 3360 1573 Matth:
3387 1489 3656 1573 xksicttti

2035 1563 2274 1638 majores
2317 1563 2491 1626 nostri
2539 1569 2902 1631 tradiderunt,
2943 1565 3166 1638 Scythis
3207 1573 3270 1638 et
3298 1563 3660 1638 Sogdianis.

2037 1652 2089 1698 et
2121 1632 2296 1706 Sacis,
2323 1650 2378 1694 et
2407 1641 2462 1694 in
2495 1639 2856 1712 Sebastopoli
2887 1632 3171 1712 interiore,
3199 1634 3318 1712 ubi

2037 1703 2956 1783 agresteshabitant,Evangelium
2995 1705 3230 1783 Domini
3265 1703 3412 1760 Jesu

2039 1774 2370 1853 praedicavit.
2427 1774 2684 1853 sepultus
2725 1774 2810 1834 est
2845 1778 3065 1853 Patris,
3121 1775 3370 1831 civitate
3419 1774 3661 1836 Achaia,

2531 1867 2652 1924 gea,
2690 1867 2818 1921 rege
2845 1849 3289 1904 Edessenorum.

2442 1944 2696 2016 Ejusdem
2716 1960 2809 2013 per
2829 1943 2898 1997 ι).
2927 1941 3230 2016 Ιδὶάοτιςζῃ.

2109 2016 2188 2086 (5)
2215 2009 2604 2086 Andreas,'qui
2629 2009 3020 2086 interpretatur
3045 2012 3250 2086 virilis,
3279 2009 3666 2086 Vettianus,

2039 2079 2209 2144 frater
2231 2086 2399 2154 Petri,
2433 2079 2736 2143 secundum
2775 2079 3046 2141 Ioannem
3078 2084 3316 2154 primus
3344 2153 3353 2154 ί
3386 2079 3666 2154 (Joan._|),

2035 2159 2189 2242 iuxta
2219 2149 2538 2242 Μειίιίεειξεη
2564 2157 2802 2242 seire
2839 2149 3520 2242 5?.cslndtlls_(¥a.“_’.'i3)-
3555 2149 3665 2242 Et

2040 2223 2094 2285 in
2119 2239 2321 2285 sortem
2342 2223 2744 2300 praedicationis
2759 2226 3038 2300 scythiam
3052 2232 3228 2294 atque
3245 2223 3664 2300 Achaiam_su_s-

2039 2300 2292 2376 eepit,__in
2342 2294 2450 2372 qua
2489 2299 2675 2376 crucis
2715 2294 2962 2376 patibulo
3007 2310 3342 2376 suspensus
3367 2294 3664 2376 _occ_a_huit.

2041 2365 2174 2450 Ejus
2205 2365 2383 2450 Vitam
2410 2365 2734 2450 ampliorem
2765 2369 2887 2424 vide
2920 2368 2976 2425 iu
3020 2365 3228 2433 Abdia,
3261 2375 3331 2422 et
3367 2365 3431 2420 in
3463 2365 3666 2428 Adone.

2042 2441 2364 2498 Tre'verensi
2393 2441 2674 2514 episcopo.

2790 2530 2877 2586 Ill.

2479 2639 2531 2678 IN
2566 2639 2654 2678 DIE
2691 2638 2879 2678 SANC‘I'I
2915 2636 3208 2677 STEPHANI.

2115 2715 2411 2788 Stephanus
2441 2715 2626 2787 plenus
2649 2715 2826 2786 gratia
2844 2723 2894 2770 et
2911 2713 3268 2786 fortitudine,
3296 2712 3538 2783 faciebat
3560 2724 3668 2780 prb

2041 2809 2189 2880 digia
2209 2817 2259 2862 et
2283 2809 2436 2880 signa
2471 2826 2663 2880 magna
2693 2809 2747 2862 in
2775 2807 2969 2878 populo
2995 2806 3144 2878 (Act.
3185 2808 3300 2878 Vl),
3340 2816 3458 2862 etc.
3485 2803 3664 2872 Hodie,

2043 2899 2242 2956 fratres
2274 2899 2608 2968 cliarissimi,
2635 2898 2986 2955 festivitatem
3021 2899 3214 2954 sancti
3242 2896 3664 2969 protomartyris

2047 2991 2308 3062 Stephani
2345 2993 2707 3060 celebramus,
2751 2992 2910 3062 cujus
2960 2991 3377 3046 admirabilem
3419 2991 3580 3045 vitam
3615 2999 3666 3044 et

2043 3085 2335 3155 pretiosam
2362 3092 2592 3139 mortem
2614 3085 2894 3156 praelibata
2918 3084 3080 3139 lectio
3104 3083 3286 3139 nobis
3309 3084 3563 3157 exponit,
3584 3099 3666 3138 os-

2046 3178 2275 3236 tendens
2321 3179 2481 3236 nobis
2508 3189 2738 3251 septem,
2769 3179 3050 3246 videlicet,
3083 3187 3360 3249 quantus
3411 3180 3570 3236 fuerit
3613 3179 3664 3232 in

2049 3273 2270 3341 virtute,
2293 3282 2530 3344 quantus
2553 3274 2609 3328 in
2623 3289 2808 3344 opere,
2823 3283 3065 3344 quantus
3081 3273 3135 3326 in
3151 3274 3542 3342 prudentiaet
3560 3274 3664 3328 elo-

2049 3367 2293 3438 quentia,
2315 3374 2556 3437 quantus
2584 3367 2639 3420 in
2665 3365 3150 3436 contemplatione,
3200 3376 3474 3436 quantus
3505 3367 3558 3420 in
3582 3381 3666 3436 pa-

2051 3458 2260 3525 tientia,
2285 3466 2524 3528 quantus
2567 3457 2624 3512 in
2671 3457 2960 3524 charitate,
3004 3471 3178 3526 quam
3229 3454 3382 3512 felix
3407 3449 3464 3511 in
3489 3467 3660 3511 morte.

2050 3549 2236 3606 Primo
2259 3549 2442 3623 igitur,
2475 3560 2716 3620 quantus
2739 3547 2904 3603 fuerit
2920 3548 2975 3602 in
2995 3547 3228 3614 virtute,
3250 3549 3533 3616 ostendit,
3555 3564 3664 3603 cum

2049 3643 2183 3700 dicit
2222 3664 2236 3700 :
2262 3643 2558 3714 Stephanus
2581 3641 2764 3713 plenus
2782 3641 2984 3712 gratia.
3011 3639 3192 3696 Vocat
3212 3651 3419 3697 autem
3443 3643 3530 3697 hic
3551 3656 3660 3713 gra-

2050 3737 2184 3791 tiam
2205 3737 2508 3804 collective,
2530 3736 2787 3808 quaalibet
2819 3735 2962 3790 dona
2989 3735 3173 3790 sancti
3200 3733 3499 3806 Spiritus,
3526 3745 3583 3791 ut
3609 3735 3664 3790 ε-

2050 3829 2197 3896 dem,
2223 3844 2397 3899 spem,
2425 3829 2772 3898 charitatem,
2798 3827 3149 3899 sapientiam,
3179 3843 3320 3898 qua!
3347 3838 3663 3883 antonoma-

2051 3918 2187 3974 stice
2199 3919 2385 3989 gratia:
2407 3927 2817 3989 nuncupantur.
2842 3917 2940 3973 His
2964 3919 3162 3974 bcatu‘s
3181 3915 3665 3991 Stemttusd'id-

2053 4007 2142 4064 tur
2159 4025 2281 4066 esse
2303 4010 2518 4080 plenus,
2533 4010 2600 4065 ad
2613 4010 2834 4065 modum
2849 4010 2977 4064 dolii
2993 4010 3140 4080 pleni
3167 4003 3402 4079 musto,
3415 4027 3473 4068 et
3495 4013 3662 4068 alaba-

2053 4101 2151 4156 stri
2174 4101 2316 4172 pleni
2347 4109 2644 4173 unguento.
2680 4099 2833 4156 Sicut
2860 4103 3008 4157 enim
3031 4101 3251 4157 dolium
3283 4104 3528 4175 plenum
3557 4120 3664 4159 ml-

2052 4203 2138 4251 sto
2166 4193 2299 4250 foris
2319 4202 2552 4261 eructat,
2582 4201 2637 4248 et
2666 4193 3084 4249 circumstantia
3118 4192 3356 4250 fervore
3407 4207 3466 4252 et
3509 4196 3660 4250 odore

2052 4286 2243 4356 replet,
2274 4285 2371 4352 ita,
2400 4285 2542 4340 sicut
2566 4283 2905 4340 alabastrum
2931 4284 3155 4357 plenum
3189 4287 3456 4343 exterius
3497 4285 3659 4358 respi-

2053 4385 2159 4444 rat,
2187 4385 2242 4432 et
2275 4393 2374 4433 sua
2403 4375 2688 4449 ﬂagrantia
2716 4377 2990 4432 exteriora
3023 4377 3288 4445 delectat,
3345 4378 3430 4434 ita
3481 4379 3660 4434 beatus

2056 4469 2388 4540 Stephanus,
2419 4469 2604 4525 divina
2635 4469 2810 4540 gratia
2839 4469 3100 4540 repletus,
3131 4485 3245 4524 non
3279 4470 3479 4525 solum
3513 4469 3654 4524 redo-

366 4563 582 4637 catione
605 4571 888 4634 ceperunt,
920 4572 971 4619 et
997 4579 1092 4620 eos
1138 4565 1204 4620 ad
1233 4565 1383 4620 littus
1407 4563 1599 4636 judici-i
1625 4569 1947 4630 traxerunt;
1980 4573 2028 4635 D
2055 4563 2166 4618 lere
2191 4571 2424 4633 poterat,
2458 4562 2553 4618 sed
2597 4562 2779 4632 potius
2818 4578 3046 4617 suarum
3082 4563 3370 4618 virtutum
3411 4564 3662 4636 opinione

366 4655 582 4724 Petrus,
617 4656 964 4712 Antiochiam
994 4665 1049 4712 et
1073 4656 1338 4724 Romam;
1369 4657 1635 4724 Andreas,
1665 4654 1945 4709 Achaiam.

367 4747 428 4802 In
469 4747 675 4818 judicio
714 4763 845 4804 vero
888 4749 1065 4806 bonos
1113 4765 1145 4804 a
1196 4749 1356 4804 malis
1384 4749 1734 4820 separabunt.
1785 4745 1952 4801 Sede-

369 4840 506 4895 bunt
553 4841 699 4897 enim
747 4857 873 4896 cum
934 4841 1146 4897 caeteris
1193 4841 1456 4912 apostolis
1521 4859 1540 4892 ‹
1589 4853 1752 4910 super
1796 4837 1952 4894 sedes

367 4922 700 4998 duodecim,
760 4929 1072 5001 iudicantes
1160 4930 1449 4986 duodecim
1521 4929 1698 4984 tribus
1786 4926 1952 4983 Israel

370 5020 605 5092 (Matth.
641 5026 729 5092 x).
769 5042 787 5075 ι
851 5021 963 5078 Nos
1007 5037 1136 5094 ergo
1162 5063 1178 5090 ,
1229 5021 1467 5088 fratres,
1517 5027 1794 5076 tantOrum
1845 5017 1952 5074 Pa-

372 5103 517 5171 trum
588 5115 843 5172 Natalitia
906 5115 1244 5172 celebremus
1269 5156 1284 5182 ,
1327 5122 1419 5174 ,ut
1460 5129 1654 5170 eorum
1702 5111 1956 5183 precibus

371 5215 428 5261 et
455 5206 664 5261 meritis
695 5207 882 5278 adjuti,
916 5207 1161 5277 ipsorum
1209 5206 1376 5261 vitam
1427 5213 1482 5260 et
1518 5204 1822 5260 doctrinam
1871 5210 1956 5257 te-

374 5312 506 5353 nere
553 5313 884 5355 mereamur.
936 5299 1003 5356 Et
1049 5300 1096 5358 si
1144 5317 1252 5357 non
1304 5315 1620 5372 possumus,
1666 5298 1809 5355 sicut
1857 5296 1956 5365 illi,

372 5402 474 5460 pro
497 5385 717 5442 Christo
761 5391 1066 5460 relinquere
1111 5392 1319 5452 omnia.
1355 5393 1545 5447 saltem
1581 5391 1958 5460 relinquamus

374 5478 651 5551 superﬂua
678 5497 692 5547 ;
719 5479 844 5536 etsi
879 5497 990 5537 non
1021 5499 1338 5552 possumus,
1367 5485 1511 5541 sicut
1539 5485 1616 5540 illi
1643 5485 1775 5540 nudi
1803 5483 1960 5554 sequi

373 5571 605 5638 nudum,
634 5572 825 5628 saltem
856 5575 1093 5656 contenti
1119 5577 1462 5643 necessariis,
1490 5593 1786 5646 sequamur
1809 5591 1956 5644 eum;

375 5671 429 5720 et
446 5665 491 5720 si
515 5681 623 5721 non
653 5681 948 5738 possumus
969 5683 1092 5722 eum
1119 5670 1394 5748 sequi'per
1413 5669 1594 5725 crucis
1621 5668 1956 5740 passionem,

451 5816 531 5879 (9.)
569 5817 761 5875 Evsss.
791 5820 885 5878 lib.
919 5836 999 5881 ιιι.
1034 5835 1155 5878 can.
1193 5821 1242 5882 Ι.
1280 5820 1486 5878 Hister.
1515 5821 1790 5877 ecclesiast

2061 4658 2481 4715 circumstantes
2509 4658 2834 4717 delectabat.
2881 4657 3104 4725 Plenus,
3137 4658 3351 4728 inquit,
3400 4660 3584 4728 gratis
3617 4663 3660 4709 et

2060 4751 2394 4821 fortitudine.
2446 4749 2585 4806 Sunt
2621 4751 2844 4822 quidam
2881 4750 2976 4821 qui
3011 4750 3249 4822 gratiam
3296 4750 3538 4822 quidem
3571 4749 3658 4803 ha-

2059 4841 2190 4898 bent
2210 4842 2265 4897 in
2289 4855 2489 4910 mente,
2517 4842 2614 4898 sed
2636 4857 2760 4898 eam
2788 4856 2900 4897 non
2927 4849 3186 4896 exercent
3227 4840 3285 4896 in
3330 4858 3509 4912 opere
3547 4857 3658 4912 pro-

2060 4945 2180 5006 pter
2207 4933 2732 5007 pusillanimitatem,
2755 4933 2843 4989 vel
2864 4943 3085 5006 propter
3109 4933 3405 4996 timorem,
3432 4934 3521 4988 vel
3547 4949 3659 5003 pro-

2060 5036 2180 5098 pter
2251 5029 2608 5086 debilitatem.
2678 5015 2910 5098 Propter
2977 5024 3511 5097 pusillanimitatem
3537 5066 3554 5090 ,
3608 5033 3660 5077 ut

2059 5138 2154 5194 qut
2209 5133 2444 5178 mentem
2501 5124 2702 5179 bonam
2765 5122 3010 5187 habent,
3068 5119 3168 5176 sed
3214 5129 3412 5176 tamen
3459 5137 3532 5176 ex
3585 5121 3662 5174 in-

2061 5215 2318 5288 firmitate
2373 5216 2602 5271 horrent
2651 5215 2796 5270 viam
2853 5213 3082 5284 justitite
3148 5213 3433 5284 aggredi,
3487 5214 3660 5269 dicer

2059 5318 2142 5366 tes
2165 5329 2177 5364 :
2203 5309 2339 5377 Quis
2362 5318 2548 5379 posset
2572 5315 2684 5363 tam
2707 5307 2845 5362 dura
2865 5305 3013 5376 pati?
3033 5302 3251 5372 Quibus
3275 5303 3558 5360 Dominus
3573 5319 3656 5372 per

2059 5389 2381 5476 prophetam
2411 5422 2425 5458 :
2466 5422 2484 5457 ‹
2518 5401 2924 5468 Pusillanimes,
2949 5399 3374 5466 confortamini,
3407 5409 3466 5454 et
3499 5397 3654 5452 nolite

2059 5499 2252 5554 timere
2274 5496 2410 5570 (Isa.
2456 5493 2644 5567 xxxv).
2684 5513 2702 5546 ι
2734 5493 2961 5564 Propter
2987 5493 3280 5558 timorem,
3305 5501 3374 5548 ut
3417 5490 3652 5562 quidam.

2060 5589 2155 5660 qui
2186 5598 2403 5660 prOpter
2434 5588 2686 5644 timorem
2723 5600 3018 5656 pravorum
3052 5585 3350 5652 hominum
3389 5583 3648 5654 justitiam

2059 5683 2201 5738 tueri
2225 5681 2331 5738 nod
2361 5681 2580 5736 audent.
2615 5677 2827 5746 Quibus
2854 5676 3089 5734 dicitur:
3130 5696 3150 5729 ι
3187 5675 3298 5744 Qui
3326 5677 3488 5732 timet
3509 5672 3646 5746 puti.

2113 5817 2212 5875 13)
2253 5815 2371 5872 Lib.
2406 5815 2481 5872 De
2503 5814 2758 5872 Patribus
2796 5814 2935 5872 Novi
2965 5813 3314 5871 Testamenti.
