3824 6308
24 365 143 422 509

1183 361 1514 422 ΗΟΜΙῙΑΙᾹΞ.
1556 393 1625 406 --
1661 361 1750 417 DE
1786 359 2134 420 TEMPORE.

3191 365 3332 429 {310

24 493 153 544 tam,
185 475 387 532 irruet
417 492 590 548 super
627 491 754 532 eum
813 476 905 531 nix
935 474 1058 546 (Job
1090 477 1189 539 Vl).
1227 496 1245 528 ι
1275 475 1505 547 Propter
1540 475 1638 532 de-
1667 481 1714 539 Α
1745 474 1966 544 spiritui
1989 475 2082 545 qui
2104 473 2436 545 loquebatur.
2460 472 2579 532 Non
2611 475 2710 544 ait,
2741 491 2850 532 non
2902 487 3157 549 poterant
3189 485 3333 540 resi-

24 571 309 636 iilitatem,
349 577 422 624 ut
464 570 685 640 quidam
718 568 810 640 qui
845 571 899 624 in
927 585 1186 640 aggressu
1209 584 1437 640 operum
1469 569 1634 640 justi-

24 665 90 719 ia!
111 680 182 718 ex
211 663 564 718 inﬁrmitate
595 663 980 719 succumbunt.
1005 662 1218 729 Quibus
1247 661 1514 717 Dominus
1539 677 1636 732 per

23 755 384 824 irophetam:
422 773 445 806 ε
486 753 905 821 Confortamini,
941 769 1140 808 manus
1172 751 1513 824 fatigatam-et
1532 768 1630 824 ge-

23 863 108 902 nua
133 846 465 914 dissoluta,
504 848 758 902 roborato
783 846 919 917 (Isa.
961 845 1148 916 xxxv).
1190 865 1210 898 ι
1243 845 1444 902 Beatus
1469 845 1636 916 igitur

23 941 355 1010 iteplianus,
384 949 688 1010 postquam
727 939 908 995 dictus
937 949 1022 995 est
1049 937 1236 1008 plenus
1266 941 1464 1010 gratia,
1495 937 1633 992 dici-

24 1042 160 1089 uret
196 1034 550 1104 fortitudine
601 1033 815 1104 plenus,
864 1031 1126 1103 quoniam
1172 1046 1355 1101 neque
1407 1039 1630 1100 propter

23 1125 568 1192 .usillanimitatem,
636 1139 814 1195 neque
856 1131 1079 1194 propter
1119 1122 1398 1188 timorem,
1454 1137 1632 1192 neque

23 1209 222 1287 uropter
281 1217 646 1272 debilitatem
695 1215 896 1271 mentis
925 1215 995 1270 ab
1019 1215 1280 1284 operibus
1327 1213 1554 1286 jnstitize
1574 1223 1630 1269 et

27 1307 321 1361 anctitatis
390 1314 616 1377 poterat
671 1304 958 1361 retardari.
1022 1302 1207 1371 Unde,
1271 1302 1630 1360 frementibus

30 1402 202 1457 udmis
233 1401 404 1456 circa
427 1417 515 1470 se,
544 1401 611 1457 de
635 1402 840 1456 duritia
867 1409 921 1456 et
950 1399 1158 1454 malitia
1190 1414 1288 1455 sua
1319 1414 1416 1454 eos
1439 1414 1626 1469 repre-

23 1491 210 1556 tendit,
248 1491 468 1547 dicens
506 1511 520 1547 :
558 1489 773 1562 Semper
824 1491 964 1545 dura
1008 1491 1181 1561 fronte
1231 1499 1281 1544 et
1313 1489 1626 1544 indomabili

24 1584 152 1636 crde
180 1581 438 1652 Spiritui
485 1593 670 1638 sancto
702 1583 970 1638 resistitis.
1023 1580 1084 1636 ln
1139 1597 1250 1652 quo
1280 1596 1381 1636 nos
1417 1581 1624 1652 indigni

24 1676 403 1732 nmdicatores
417 1675 905 1748 confutamur,qui
921 1673 1174 1730 timentes
1193 1688 1486 1744 pravorum
1509 1688 1626 1726 ma-

24 1769 196 1836 itiam,
233 1769 326 1824 vel
362 1784 439 1824 eo
466 1768 832 1825 formidantes
870 1767 1120 1824 amittere
1152 1765 1404 1838 gratiam,
1431 1780 1620 1820 eorum

1740 573 1884 622 stere
1910 566 2007 633 illi,
2039 567 2137 622 sed
2163 583 2268 620 non
2294 575 2536 636 poterant
2564 569 2808 624 resistere
2832 571 3110 640 sapientia:
3136 581 3188 628 et
3205 575 3333 645 rspi-

1740 658 1871 711 ritui
1906 659 1998 728 qui
2024 657 2338 729 loquebatur
2363 675 2460 730 per
2497 660 2676 728 illum,
2702 661 2859 732 juxta
2890 665 3038 733 quod
3067 663 3334 724 Dominus

1733 749 2023 820 discipulis
2075 750 2192 806 suis
2241 759 2370 806 ante
2409 739 2790 830 promiserat,
2839 754 3080 812 dicens:
3129 776 3150 809 ι
3191 757 3331 816 Dum

1733 842 1995 898 steteritis
2015 852 2141 898 ante
2155 858 2310 916 reges
2332 852 2387 900 et
2411 845 2691 915 praesides,
2723 846 2891 902 nolite
2909 849 3146 919 cogitare
3191 866 3327 919 quo-

1734 934 2145 1006 modoautquid
2177 936 2502 1007 loquamini.
2528 937 2646 994 Non
2677 938 2822 994 enim
2860 955 2956 996 vos
2977 931 3110 996 estis
3139 941 3233 1012 qui
3255 943 3330 998 lo.

1733 1026 1988 1096 quimini,
2004 1027 2098 1085 sed
2113 1025 2354 1098 Spiritus
2369 1027 2549 1086 Patris
2569 1030 2734 1086 vestri
2745 1031 2840 1101 qui
2852 1031 3096 1102 loquitur
3109 1050 3162 1088 in
3177 1034 3332 1089 vobis

1733 1117 1955 1189 (Matth.
1995 1119 2074 1190 ι).
2112 1139 2130 1172 ι
2171 1119 2288 1176 Non
2321 1123 2472 1178 enim
2512 1122 2567 1176 in
2602 1122 2878 1194 sapientia
2901 1140 3000 1180 sua
3020 1137 3334 1182 surrexerat

1731 1208 1930 1266 beatus
1964 1209 2280 1282 Stephanus
2301 1221 2467 1283 atque
2498 1213 2816 1284 eloquentia
2839 1217 2908 1271 ad
2937 1217 3332 1287 disputandum

1730 1311 1922 1357 contra
1950 1299 2190 1368 Judaeos,
2230 1303 2326 1358 sed
2375 1303 2566 1374 potius
2609 1305 2667 1359 in
2711 1306 2979 1377 sapientia
3007 1308 3144 1377 Dei,
3185 1319 3240 1364 et
3276 1310 3328 1364 iu

1729 1393 2047 1464 eloquentia
2091 1394 2335 1464 Spiritus
2357 1397 2570 1465 sancti,
2604 1416 2623 1449 ‹
2658 1399 2754 1470 qui
2787 1399 3004 1471 linguas
3036 1399 3332 1457 infantium

1728 1485 1861 1542 facit
1879 1486 2112 1542 disertas
2132 1485 2287 1558 (Sap.
2303 1489 2381 1559 χ).
2415 1507 2433 1540 ι
2456 1488 2518 1543 Ιιι
2543 1505 2654 1560 quo
2676 1491 3032 1548 confutantur
3059 1494 3333 1563 sapientes

1730 1577 1896 1648 hujus
1916 1579 2323 1650 mundi,qui,si
2345 1581 2475 1651 quid
2499 1591 2680 1650 acute,
2707 1583 2755 1639 si
2777 1585 2909 1654 quid
2940 1593 3104 1653 recte,
3127 1587 3172 1641 si
3198 1587 3333 1656 quid

1726 1668 1930 1724 diserte
1980 1670 2225 1726 sentiunt
2271 1672 2354 1727 vel
2404 1672 2726 1743 loquuntur,
2766 1673 2871 1728 sibi
2901 1690 3008 1730 non
3036 1675 3148 1731 Deo
3168 1675 3331 1731 attri-

1727 1761 1938 1830 buunt;
1962 1763 2279 1834 gloriantes,
2300 1764 2456 1835 juxta
2469 1763 2824 1836 Prophetam,
2848 1767 2904 1820 in
2925 1769 3192 1824 sententia
3217 1769 3331 1824 oris

24 1862 143 1915 nala
177 1878 296 1916 non
342 1861 834 1932 reprehendimus,
876 1861 972 1917 sed
1010 1859 1193 1931 potius
1229 1859 1514 1928 palpamus
1537 1856 1620 1911 vel
1653 1845 1694 1903 Β
1723 1853 2114 1922 sui,dicentem
2134 1873 2147 1908 :
2171 1874 2190 1908 ι
2210 1855 2380 1911 Labia
2397 1865 2634 1912 nostraa
2654 1858 2812 1912 nobis
2826 1866 2977 1914 sunt.
2995 1857 3132 1925 Quis
3145 1867 3332 1916 noster

24 1970 273 2010 acemus.
334 1953 630 2020 Secundo,
671 1962 912 2025 quantus
961 1952 1130 2008 fuerit
1177 1952 1234 2006 in
1293 1966 1477 2020 opere,
1520 1949 1618 2005 de—

24 2056 373 2114 monstratur,
411 2063 550 2103 cum
571 2047 772 2103 dicitur
803 2066 818 2102 :
843 2046 1100 2101 Faciebat
1124 2045 1366 2114 prodigia
1388 2051 1437 2098 et
1467 2043 1622 2113 signa

24 2155 197 2209 nagna
225 2141 283 2193 in
315 2139 551 2212 popula.
598 2139 735 2196 Cum
767 2141 956 2196 eadem
988 2139 1201 2210 possint
1232 2153 1354 2194 esse
1377 2136 1622 2209 prodigia

23 2239 64 2286 at
94 2231 271 2302 signa,
307 2239 508 2288 tamen
544 2233 790 2304 prodigia
813 2233 884 2288 ab
905 2232 1284 2300 admiratione,
1309 2230 1465 2304 signa
1490 2246 1622 2286 vero

23 2337 42 2376 ι
73 2323 492 2394 significatione
524 2325 668 2381 dicta
698 2335 846 2381 sunt.
878 2323 1133 2396 Prodigia
1159 2339 1310 2392 vero,
1335 2339 1460 2395 qua:
1487 2338 1623 2380 con-

23 2425 92 2469 tra
117 2427 456 2472 consuetum
517 2427 727 2475 natura:
762 2433 989 2475 cursum
1041 2420 1184 2472 liunt
1232 2416 1512 2484 dicuntur,
1569 2425 1624 2474 et

23 2509 130 2564 ideo
157 2526 390 2581 quoque
417 2513 495 2566 ab
527 2527 637 2566 uno
673 2513 891 2567 vidente
931 2519 1154 2582 propter
1201 2511 1620 2588 admirationem

23 2599 176 2669 digito
205 2602 559 2672 produntur.
618 2601 725 2658 Sed
773 2596 1005 2658 istorum
1060 2601 1460 2674 prodigiorum,
1508 2601 1623 2657 sive

23 2691 315 2760 signorum,
351 2694 468 2748 alia
512 2694 732 2764 quidem
783 2710 892 2749 non
917 2693 1146 2762 faciunt,
1186 2694 1281 2750 sed
1311 2704 1523 2750 tantum
1548 2693 1623 2750 si-

23 2783 266 2856 gniﬁcant
307 2784 484 2840 ﬁdem
510 2794 565 2840 et
589 2785 936 2841 sanctitatem
997 2785 1270 2853 facientis,
1314 2787 1400 2842 vel
1440 2786 1624 2857 potius

23 2874 264 2931 virtutem
308 2878 468 2934 illius
511 2879 565 2933 in
605 2878 766 2949 cujus
804 2879 1024 2934 nomine
1065 2877 1224 2946 fiunt,
1270 2887 1330 2933 ut
1359 2879 1623 2934 miracula

25 2981 135 3036 quae
189 2977 244 3024 et
283 2971 522 3042 reprobi
579 2969 780 3026 facere,
817 2971 1074 3043 leguntur
1105 2969 1324 3043 (Matth.
1353 2971 1472 3044 vn).
1501 2971 1624 3028 Alia

26 3072 142 3114 vero
191 3061 520 3134 significant
569 3062 736 3118 simul
782 3070 837 3118 et
889 3061 1100 3118 faciunt
1147 3064 1494 3119 sanctitatem
1537 3062 1618 3119 fa-

27 3152 224 3220 cientis,
283 3163 346 3211 ut
391 3171 570 3227 opera
615 3155 884 3212 virtutum
938 3155 1292 3224 interiorum,
1344 3156 1596 3212 videlicet

31 3247 82 3293 ut
116 3240 335 3312 diligere
369 3243 698 3311 inimicum,
757 3231 942 3300 vivere,
982 3244 1037 3298 in
1083 3245 1288 3300 mundo
1343 3246 1615 3317 angelice,

28 3337 76 3383 et
135 3331 478 3402 huiusmodi.
553 3333 686 3400 Quae
763 3335 986 3406 quidem
1047 3351 1211 3406 opera
1285 3335 1616 3406 facientem,

33 3431 262 3478 sanctum
320 3423 541 3481 faciunt
594 3437 649 3480 et
691 3425 1088 3482 demonstrant.
1137 3425 1308 3483 Porro
1373 3429 1621 3500 utrisque

33 3513 268 3581 Operibus
313 3516 576 3572 radiabat
625 3515 686 3571 Β.
738 3515 1072 3588 Stephanus,
1133 3519 1396 3589 quoniam
1444 3529 1500 3575 et
1561 3520 1628 3588 in

37 3611 86 3650 se
126 3599 465 3658 admirabilis
511 3614 648 3670 erat,
693 3604 880 3658 omnia
925 3604 1205 3659 mundana
1237 3599 1618 3674 contemnens,

36 3685 187 3744 Deum
215 3708 379 3764 super
421 3695 614 3750 omnia
641 3695 893 3766 diligens,
922 3695 1110 3750 omnia
1144 3696 1477 3766 pauperibus
1507 3698 1620 3754 dis-

39 3779 260 3839 tribuens
285 3793 340 3840 et
384 3787 646 3842 inimicos
673 3787 925 3859 diligens,
957 3788 1014 3842 in
1039 3803 1226 3856 carne,
1254 3803 1364 3843 non
1423 3805 1620 3844 secun-

39 3873 154 3931 dum
185 3895 404 3938 carnem
429 3883 646 3951 virens,
671 3883 727 3938 in
753 3884 958 3940 mundo
993 3883 1236 3955 angelice
1260 3879 1629 3949 conversans.‘

41 3979 126 4032 ιπο
146 3975 591 4038 persecutoribus
641 3990 829 4042 orans,
865 3975 922 4029 in
957 3975 1099 4031 coelo
1125 3984 1308 4031 mente
1337 3975 1614 4033 habitans.

42 4056 92 4113 ln
108 4067 466 4125 exterioribus
493 4084 716 4140 quoque
743 4068 1090 4124 admirabilis
1113 4063 1456 4138 erat,icaecos
1491 4067 1619 4124 illu-

44 4153 259 4226 minans,
280 4161 513 4218 claudos
540 4163 778 4233 erigens,
821 4161 1020 4218 surdos
1050 4163 1241 4218 audire
1275 4161 1504 4230 faciens,
1536 4163 1618 4218 le-

49 4259 220 4313 prosos
253 4255 555 4320 mundans,
613 4256 892 4311 daemones
941 4255 1190 4326 ejiciens,
1219 4271 1437 4312 omnem
1465 4256 1618 4311 infir-

46 4335 262 4398 mitatem
303 4361 533 4414 sanans,
565 4339 812 4402 mortuos
863 4348 1222 4416 resuscitans.
1255 4348 1324 4403 At
1353 4363 1476 4416 nos,
1507 4347 1618 4404 fra-

49 4437 142 4488 tres
172 4435 500 4522 charissimi,
532 4457 642 4497 non
663 4441 980 4497 affectemus
1003 4425 1278 4498 exteriora
1300 4441 1479 4498 facere
1507 4443 1614 4498 mi-

1603 3197 1740 3262 .C.

1724 1945 1992 2003 Dominus
2012 1947 2128 2004 est?
2148 1967 2166 2000 ι
2187 1947 2360 2014 (Psal.
2376 1950 2476 2022 ιι.)
2489 1947 2600 2006 Nos
2611 1964 2766 2021 ergo,
2776 1948 2974 2006 fratres
2986 1950 3114 2019 mei,
3131 1950 3181 2007 si
3197 1950 3329 2023 quid

1723 2039 1863 2096 bene
1907 2042 2155 2111 sapimus
2197 2050 2293 2096 aut
2346 2043 2703 2113 eloquimur,
2735 2060 2845 2098 non
2878 2045 3036 2099 nobis
3081 2045 3175 2100 sed
3219 2044 3330 2098 Deo

1727 2141 1904 2188 totum
1941 2134 2279 2202 tribuamus,
2305 2135 2402 2204 qui
2442 2136 2603 2190 nobis
2629 2135 2778 2190 dedit
2826 2136 3240 2206 intelligentiam
3275 2143 3332 2190 et

1723 2225 1968 2296 linguam
1998 2267 2014 2294 ,
2043 2235 2097 2282 et
2126 2235 2358 2297 utraque
2385 2226 2572 2283 utendi
2607 2227 3051 2296 possibilitatem.
3079 2228 3324 2282 Audien-

1728 2327 1805 2372 tes
1836 2327 2014 2373 autem
2042 2319 2154 2375 htec
2187 2318 2593 2374 dissecabantur
2615 2319 2860 2373 cordibus
2888 2321 3023 2386 suis,
3050 2328 3101 2374 et
3125 2320 3326 2373 stride-

1725 2409 1852 2464 bant
1874 2411 2120 2466 dentibus
2169 2413 2224 2466 in
2260 2428 2398 2466 eum.
2434 2410 2706 2479 Quoniam
2743 2413 2890 2468 enim
2922 2429 3032 2468 non
3071 2419 3328 2483 poterant

1725 2503 1996 2574 sapientia
2035 2513 2091 2560 et
2113 2505 2425 2576 eloquentia
2466 2504 2798 2561 contendere
2821 2514 3013 2562 contra
3047 2514 3332 2574 sanctum,

1725 2599 1873 2665 ideo,
1908 2614 2063 2654 more
2091 2599 2246 2654 canis
2277 2599 2478 2665 rabidi,
2515 2598 2742 2654 vesania
2774 2599 2960 2654 cordis
2981 2607 3036 2654 et
3086 2599 3325 2654 stridore

1722 2692 1966 2748 dentium
2017 2691 2415 2746 invebebantur
2478 2689 2534 2744 in
2585 2705 2749 2758 eum,
2809 2689 3158 2745 ostendentes
3203 2688 3330 2760 ipso

1725 2793 1884 2856 gestu
1933 2783 2182 2854 corporis
2223 2783 2491 2854 sapientia
2525 2790 2580 2838 et
2629 2783 2900 2839 modestia
2949 2797 3008 2838 se
3061 2795 3187 2837 esse
3221 2797 3322 2836 va-

1724 2887 1940 2935 cuatos.
2089 2950 2092 2952 V
3161 2931 3168 2942 λ

1812 2972 2043 3040 Quarto,
2068 2979 2310 3043 quantus
2333 2969 2500 3027 fuerit
2534 2971 2590 3026 in
2637 2968 3096 3041 contemplatione
3132 2976 3322 3025 osten-

1723 3064 1894 3132 ditur,
1928 3079 2056 3120 cum
2086 3062 2338 3118 subditur
2364 3081 2377 3116 :
2689 3121 2691 3123 ,
3047 3120 3050 3123 .

1796 3155 1931 3212 Cum
1960 3164 2140 3210 autem
2169 3163 2302 3208 esset
2329 3151 2626 3224 Stephanus
2649 3151 2834 3223 plenus
2857 3151 3064 3223 Spiritu
3091 3159 3277 3206 sancto
3297 3191 3313 3216 ,

1723 3247 1998 3301 intendens
2035 3247 2091 3300 in
2115 3245 2302 3300 caelum
2323 3287 2338 3311 ,
2360 3245 2494 3299 uidit
2521 3244 2750 3316 gloriam
2777 3243 2876 3298 Dei
2893 3254 2943 3299 et
2970 3242 3156 3298 Iesum
3170 3252 3330 3306 stans

1724 3347 1828 3402 tem
1859 3356 1908 3392 -a
1937 3338 2141 3392 dextris
2168 3337 2282 3391 Dei.
2314 3335 2573 3390 Dicturus
2597 3334 2773 3391 Lucas
2802 3335 3324 3405 contemplationem

1725 3428 2008 3501 Stephani,
2041 3429 2306 3500 praemisit
2329 3444 2454 3484 eum
2478 3428 2698 3498 plenum
2720 3443 2846 3483 esse
2873 3426 3080 3497 Spiritu
3104 3435 3318 3492 sancto,

1721 3522 2018 3580 ostendens
2057 3521 2204 3592 quod
2232 3535 2328 3590 per
2360 3519 2625 3589 Spiritum
2661 3526 2911 3574 sanctum
2933 3516 3320 3588 contemplatio

1723 3615 2092 3680 ministratur,
2129 3622 2189 3666 ut
2219 3612 2310 3666 hic
2336 3606 2678 3678 adverbium,
2707 3627 2849 3676 cunt,
2887 3625 2994 3664 non
3019 3608 3321 3680 temporale

1721 3723 1889 3778 quam
1915 3706 2136 3762 casuale
2168 3705 2540 3776 intelligatur,
2565 3703 2861 3769 intendens,
2893 3702 3103 3772 inquit,
3128 3702 3184 3756 in
3215 3716 3318 3756 ca!-

1721 3798 1853 3852 lum.
1883 3797 1941 3852 ln
1967 3797 2167 3852 coelum
2183 3795 2531 3866 intendebat;
2575 3809 2704 3848 nam
2730 3794 2824 3849 ubi
2839 3794 3137 3848 thesaurus
3161 3809 3318 3860 suus,

1721 3888 1796 3946 ibi
1817 3900 1872 3944 et
1895 3903 1991 3943 cor
2021 3902 2184 3942 suum
2204 3884 2552 3956 erat(Matth.
2581 3884 2679 3955 γι).
2697 3883 2754 3938 lu
2768 3885 2966 3940 caelum
2981 3883 3318 3952 intendebat,

1721 3996 1832 4052 quo
1867 3989 1978 4036 toto
2021 3978 2296 4035 desiderio
2334 3977 2654 4045 festinabat,
2681 3976 2836 4044 vidit,
2861 3978 3060 4048 inquit,
3085 3971 3320 4048 gloriam

1720 4071 1840 4127 Dei.
1873 4071 1999 4127 Haec
2025 4071 2186 4136 visio,
2213 4069 2412 4140 partim
2430 4067 2755 4138 corporalis,
2785 4069 2985 4140 partim
3015 4067 3320 4139 spiritualis

1720 4163 1844 4230 fuit;
1871 4180 1995 4218 nam
2011 4163 2180 4219 cmlos
2195 4169 2416 4232 apertos
2433 4169 2487 4216 et
2507 4159 2695 4216 Iesum
2710 4162 2763 4215 in
2775 4177 2940 4216 carne
2953 4161 3316 4232 gloritieatum

1722 4255 2104 4325 corporalibus
2156 4255 2333 4310 oculis
2383 4263 2666 4325 utcunque
2715 4255 2898 4310 videre
2949 4271 2983 4308 η
3025 4271 3058 4308 n
3109 4256 3312 4326 potuit.

1719 4345 1846 4412 Ideo
1868 4354 2053 4400 autem
2086 4355 2350 4416 utcunque
2378 4346 2502 4402 dico
2521 4387 2536 4415 ,
2571 4347 2831 4416 quoniam
2857 4354 3008 4402 tanta
3038 4356 3122 4402 est
3143 4347 3330 4418 gloria,

1720 4438 2010 4511 gloriﬁcati
2067 4437 2308 4492 hominis
2335 4437 2484 4507 quod
2526 4437 2776 4492 mortalis
2819 4437 2972 4492 visus
3021 4453 3143 4492 eam
3172 4435 3330 4508 ferre,

49 4527 232 4596 racula,
281 4547 403 4602 qu:e
446 4533 700 4603 perfectis
753 4534 1086 4590 conveniunt
1148 4543 1203 4590 et
1261 4533 1614 4606 imperfectis,
1649 4548 1696 4602 ι)
1721 4547 1832 4586 non
1867 4530 2065 4601 possit.
2104 4527 2254 4584 Unde
2279 4536 2333 4582 et
2368 4529 2423 4582 in
2456 4529 2968 4604 transtiguratione,
3000 4528 3093 4582 ubi
3127 4529 3317 4601 lbretis

52 4615 172 4674 sicut
217 4638 312 4679 nos
359 4642 556 4682 sumus
612 4625 888 4682 multoties
928 4634 982 4681 et
1029 4625 1375 4682 occasionem
1406 4641 1602 4696 super-

51 4705 208 4766 biendi
243 4713 574 4786 ministrant,
619 4719 714 4774 sed
755 4719 1042 4774 interiores
1081 4720 1311 4774 virtutes
1340 4727 1394 4773 et
1413 4735 1604 4774 earum

55 4813 194 4867 “Pera
221 4806 412 4866 habere
463 4819 780 4883 satagamus
801 4827 924 4882 quae
970 4801 1318 4867 sanctitatem
1379 4811 1628 4866 iuterio-.

56 4904 151 4946 rem
188 4906 238 4951 et
293 4914 588 4972 operantur
625 4913 680 4959 et
725 4905 1123 4959 demonstrant.
1190 4899 1496 4975 Operantur
1537 4905 1606 4959 ad

59 4983 311 5046 utilitatem
349 4995 545 5063 nostri,
577 4995 958 5051 demonstrant
988 4997 1059 5051 ad
1092 4997 1401 5066 exemplum
1425 4997 1606 5066 proxi-

59 5072 138 5125 mi.
171 5073 360 5151 Tertio,
387 5095 629 5156 quantus
657 5084 822 5141 fuerit
842 5085 896 5141 in
922 5087 1187 5157 sapientia
1218 5096 1273 5142 et
1298 5087 1607 5158 eloquentia

62 5157 448 5260 demonstratur,
492 5192 618 5232 eum
649 5185 887 5248 quantos
909 5179 1248 5248 superaverit
1277 5178 1334 5232 in
1362 5157 1626 5248 disputa-,

64 5256 204 5344 tione,
227 5267 476 5337 aperitur,
495 5286 620 5326 cum
634 5270 886 5327 subditur
905 5291 918 5325 :
938 5270 1290 5326 Surrexerant
1303 5281 1480 5326 autem
1491 5274 1608 5344 qui-

67 5339 170 5398 dam
182 5351 237 5405 dc
253 5352 517 5432 Synagoga
529 5379 648 5434 qua:
658 5361 1371 5433 appellaturLibertinarum,
1385 5374 1434 5418 et
1447 5339 1610 5434 Cure-

68 5439 288 5527 nensium,
303 5452 833 5509 etAlexandrinarum
849 5463 898 5509 et
912 5471 1092 5509 eorum
1107 5457 1196 5527 qui
1207 5465 1357 5509 erant
1371 5474 1402 5510 a
1420 5455 1611 5512 Sicilia

123 5525 576 5609 Asia,disputantes
595 5563 714 5600 cum
731 5545 1018 5616 Stephano,
1035 5525 1182 5617 quod
1197 5564 1322 5603 cum
1337 5549 1404 5604 de
1423 5557 1502 5605 tot
1516 5567 1612 5606 na-

73 5615 248 5716 ιιρηυξη
262 5623 548 5716 Synagogis
563 5636 722 5692 electi
752 5629 1023 5708 sapientes
1048 5637 1104 5692 in
1127 5638 1383 5708 superbia
1397 5655 1512 5695 suae
1526 5657 1610 5696 sa-

73 5711 272 5802 pientiae,
288 5711 644 5784 surrexissent
662 5729 729 5784 ad
744 5728 1134 5799 disputandum
1161 5746 1287 5786 cum
1304 5729 1603 5802 Stephano,
1627 5717 1632 5720 I

68 5799 216 5861 “mea
247 5827 341 5869 non
396 5813 656 5894 poterant,
701 5823 898 5894 inquit,
956 5824 1198 5880 resistere
1235 5799 1510 5896 sapientia:
1556 5799 1607 5883 et

1705 4635 1761 4681 et
1786 4622 2102 4695 imperfecta
2129 4623 2232 4677 fuit
2251 4623 2307 4676 in
2346 4621 2566 4678 Christo
2583 4623 2755 4693 gloria
2775 4665 2788 4690 ,
2813 4621 3008 4698 Petrus
3054 4631 3106 4677 et
3135 4629 3318 4697 caeteri

1705 4718 1955 4788 discipuli
1973 4717 2116 4772 ferre
2139 4732 2246 4771 non
2268 4723 2586 4786 potuerunt,
2601 4715 2697 4771 sed
2725 4715 2906 4770 statim
2934 4715 2988 4769 in
3003 4713 3170 4770 facies
3188 4731 3316 4770 suus

1710 4811 2028 4866 ceciderunt
2073 4808 2292 4878 (Matth.
2325 4808 2483 4878 xvn).
2514 4807 2582 4862 Et
2616 4808 2662 4862 si
2686 4807 2914 4880 gloriam
2943 4807 3317 4878 transtigurati

1711 4900 1953 4956 hominis
1977 4898 2118 4954 ferre
2145 4915 2255 4953 non
2300 4907 2599 4973 potuerunt
2631 4898 2947 4953 mortalium
2973 4898 3138 4963 oculi,
3171 4914 3282 4967 quo
3302 4929 3316 4942 ο

1713 4990 1879 5044 modo
1923 4999 2242 5060 perpetuam
2287 4998 2342 5045 et
2397 4989 2730 5044 immensam
2787 4988 3018 5060 gloriam
3073 4988 3315 5044 hominis

1714 5100 1842 5138 vere
1869 5083 2156 5154 gloritieati
2193 5082 2333 5136 ferre
2361 5092 2614 5153 possunt,
2647 5081 2878 5153 gloriam
2915 5097 3044 5136 vero
3067 5081 3316 5154 immen-

1716 5193 1834 5252 sam
1863 5186 1918 5232 et
1954 5175 2388 5231 inaccessibilem
2430 5175 2526 5231 Dei
2562 5174 2778 5230 Patris?
2806 5173 2875 5228 Et
2919 5174 3196 5244 quomodo
3223 5173 3347 5228 Fi-.

1715 5271 1842 5338 lius,
1877 5287 1908 5325 a
1935 5270 2140 5325 dextris
2169 5268 2261 5324 Dei
2285 5311 2302 5337 ,
2335 5269 2389 5324 id
2417 5277 2500 5324 est
2520 5270 2590 5325 ad
2614 5269 2979 5339 aequalitatem
3005 5269 3145 5340 ejus,
3177 5277 3310 5336 stet,

1718 5372 1930 5418 tantum
1973 5362 2274 5432 spiritualis
2323 5362 2518 5418 oculus
2565 5371 2620 5417 et
2663 5363 2768 5418 hoc
2803 5373 3083 5434 utcunque
3131 5364 3315 5420 videre

1712 5455 1912 5526 potuit,
1938 5463 1992 5509 et
2015 5464 2277 5525 utcunque
2297 5455 2420 5510 ideo
2449 5455 2592 5523 dico,
2623 5456 2886 5526 quoniam
2909 5465 3060 5512 tanta
3081 5463 3168 5512 est
3190 5457 3311 5528 glo-

1713 5550 1818 5616 ria,
1853 5557 2038 5604 tantus
2064 5558 2148 5604 est
2178 5548 2436 5618 splendor
2455 5589 2471 5614 ,
2499 5557 2652 5604 tanta
2674 5558 2759 5605 est
2791 5550 3073 5626 beatitudo
3112 5550 3313 5604 divinae

1713 5643 2019 5714 majestatis
2040 5641 2188 5713 quod
2214 5642 2400 5697 nullus
2427 5640 2764 5712 intellectus,
2798 5660 2901 5700 nec
2923 5653 2978 5699 et
3006 5641 3324 5713 angelicus,

1715 5744 2007 5809 proutest,
2057 5733 2292 5806 perfecte
2343 5744 2520 5806 possnt
2563 5737 2964 5808 contemplari..
3000 5735 3160 5790 Certe
3210 5750 3308 5789 ve-~

1715 5846 1774 5886 re
1810 5830 2002 5887 beatus
2050 5835 2167 5887 erat
2197 5827 2387 5900 homo,
2439 5827 2527 5886 cui
2561 5829 2686 5888 εωιὶ
2709 5837 2762 5886 et
2787 5844 2978 5887 eorum
3001 5834 3212 5885 secreta
3231 5825 3307 5882 ita
