3832 6314
504 344 640 404 1511

1787 338 2139 401 RADULPHI
2176 336 2522 398 ARDENTIS

3608 343 3719 404 ιειι

495 461 777 533 patebant.
790 454 921 517 Ideo
934 459 1080 516 enim
1101 458 1241 517 inter
1255 456 1878 531 manus'persecutorum
1895 460 2096 531 posito,
2127 469 2173 527 Α
2203 455 2464 528 injuriam
2490 469 2592 526 pro
2626 451 2849 525 injuria,
2881 451 3273 510 contumeliam
3308 466 3407 525 pro
3452 464 3719 521 tantum

493 557 661 610 et'am
684 567 939 625 passuro,
962 554 1086 610 caeli
1116 553 1393 625 patebant,
1416 561 1470 609 et
1495 552 1665 623 gloria
1688 550 1871 608 Patris
1889 561 1945 608 et
1972 552 2098 609 Filii

494 647 908 705 ostendebatur.
936 646 1004 703 Ut
1020 647 1401 703 ostenderetur
1414 659 1524 700 non
1537 645 1714 700 solum
1741 645 1839 712 illi,
1857 646 1950 702 sed
1972 645 2098 718 qui-

492 738 731 795 busiihet
756 754 857 811 pro
874 738 1098 794 Christo
1129 737 1463 809 patientibus
1483 736 1653 793 oculos
1674 737 1964 807 aperiri,et
1984 738 2097 809 glo-

492 830 634 887 riam
648 830 942 903 Dciparari
959 848 974 897 ;
996 839 1052 886 et
1064 829 1252 886 Jesum
1271 830 1352 885 eis
1363 837 1509 884 stare
1524 845 1555 885 a
1567 828 1776 885 dextris
1790 828 1907 898 Dei,
1936 830 1989 885 id
2009 837 2095 886 est

488 920 704 992 Jesum,
735 924 1065 996 coaequalcm
1104 923 1285 991 nobis,
1305 922 1472 991 Patri,
1503 938 1629 979 cum
1650 922 1811 980 Patre
1839 937 2089 994 paratum

489 1016 575 1072 cis
626 1017 901 1072 auxiliari.
956 1015 1116 1073 Stare
1144 1016 1292 1070 enim
1342 1016 1641 1089 pugnantis
1674 1026 1731 1072 et
1775 1017 2089 1074 auxiliantia

488 1117 594 1165 cst.
628 1107 741 1165 Nos
767 1124 917 1180 ergo,
945 1108 1143 1165 fratres
1167 1108 1298 1177 mei,
1333 1108 1646 1164 animentur
1674 1110 1741 1165 ad
1769 1111 2085 1181 patiendum

488 1199 742 1269 injurias,
780 1208 838 1256 et
866 1200 1282 1271 persecutiones
1321 1208 1375 1256 et
1404 1199 1786 1255 tribulationes
1838 1217 1937 1272 pro
1987 1217 2087 1256 no-

487 1292 638 1347 mine
681 1292 855 1349 nostri
916 1291 1321 1364 Redemptoris,
1379 1293 1641 1364 quoniam
1682 1295 1872 1364 procul
1915 1295 2085 1351 dubio

486 1384 650 1440 nobis
676 1399 781 1456 pro
807 1400 867 1441 se
887 1394 945 1442 et
964 1385 1180 1456 justitia
1208 1386 1544 1456 patientibus
1590 1403 1698 1442 non
1742 1387 1937 1452 deerit,
1985 1388 2083 1443 sed

481 1476 752 1534 auxilium
790 1479 1115 1534 constantia:
1153 1486 1211 1534 et
1252 1478 1497 1535 victoria:
1525 1479 2078 1548 nobisministrabit,

480 1575 537 1624 et
557 1567 787 1638 januam
817 1571 971 1642 regni
999 1570 1240 1627 ctelestis
1264 1570 1428 1627 nobis
1461 1572 1749 1635 reserabit,
1772 1581 1827 1627 et
1874 1572 1927 1627 in
1964 1574 2082 1646 glo-

478 1657 564 1715 ria
601 1658 801 1717 divina:
821 1661 1180 1720 beatitudinis
1222 1678 1326 1718 nos
1354 1663 1664 1719 collocabit.
1720 1663 1827 1719 Sed
1883 1664 2077 1721 beatus

481 1750 817 1824 Stephanus,
848 1755 945 1825 qui
986 1755 1137 1811 nullo
1164 1764 1375 1811 terrore
1421 1756 1896 1813 circumstantium
1946 1774 2079 1829 per-

481 1854 804 1901 secutorum
829 1847 1075 1903 cohiberi
1114 1848 1314 1922 potuit,
1367 1849 1590 1920 quando
1622 1850 1917 1905 revelatam
1967 1850 2074 1907 sibi

478 1924 751 1993 visionem
785 1939 1007 2010 publice
1042 1940 1449 2008 testificaretur,
1485 1940 1709 1996 dicens:
1735 1939 1871 1997 Ecce
1927 1944 2077 1998 video

483 2027 642 2082 aulas
668 2039 902 2100 apertos,
936 2042 985 2085 et
1012 2030 1219 2099 Iesum,
1270 2032 1442 2102 [ilium
1471 2032 1720 2100 hominis,
1770 2043 1999 2089 stantem
2042 2052 2078 2089 α

478 2120 685 2176 dextris
710 2122 832 2192 Dei,
859 2124 1019 2181 nobis
1044 2125 1353 2195 exemplum
1380 2126 1606 2196 praebet,
1645 2135 1706 2181 ut
1753 2127 1826 2182 ob
1862 2128 2075 2183 nullum

479 2211 737 2269 timorem
764 2214 1140 2272 testimonium
1166 2217 1432 2285 veritatis,
1468 2219 1708 2275 maxime
1734 2220 1826 2275 ubi
1872 2220 2081 2277 facien-

473 2302 608 2359 dum
640 2314 743 2373 est,
777 2315 1076 2364 taceamus.
1113 2311 1184 2365 At
1215 2310 1390 2380 impii,
1438 2311 1555 2382 qui,
1586 2327 1656 2367 ne
1687 2313 1940 2368 audirent
1996 2322 2077 2369 te-

473 2396 799 2454 stimoninm
857 2402 1104 2458 veritatis
1173 2403 1590 2470 eiamaverunt,
1647 2414 1703 2459 et
1748 2420 1913 2461 aures
1967 2405 2074 2461 sibi

470 2492 871 2550 obturareruut
893 2502 949 2547 et
969 2493 1232 2564 impetum
1252 2494 1304 2548 in
1317 2502 1570 2549 sanctum
1592 2482 1866 2563 fecerunt,
1883 2505 2079 2552 osten-

473 2587 614 2643 dunt
640 2594 907 2657 quantum
938 2586 1050 2640 sint
1090 2586 1354 2641 contrarii
1386 2586 1538 2658 impii
1586 2587 1818 2645 testibus
1867 2589 2077 2644 verita-

472 2680 569 2746 tis,
595 2677 691 2749 qui
716 2693 824 2733 non
848 2678 1027 2734 solum
1056 2693 1153 2735 eos
1191 2679 1384 2735 audire
1417 2695 1526 2735 non
1570 2688 1824 2751 possunt,
1861 2681 1973 2736 imo
2019 2690 2075 2738 et

470 2771 553 2829 cis
576 2771 779 2826 malum
806 2785 909 2841 pro
942 2771 1089 2826 bono
1107 2772 1360 2827 reddunt.
1382 2772 1607 2840 Quinto,
1627 2782 1873 2845 quantus
1906 2772 2076 2830 fuerit

472 2863 530 2919 in
561 2864 823 2935 patientia
855 2865 1198 2933 ostenditur,
1240 2881 1367 2920 cum
1421 2865 1621 2921 dicitur
1652 2885 1665 2921 :
1701 2865 1770 2920 Et
1818 2868 2076 2938 impetum

470 2955 707 3026 fecerunt
738 2958 1063 3013 unanimiter
1086 2957 1141 3012 in
1163 2975 1303 3014 cuiu.
1341 2957 1409 3012 Et
1443 2959 1713 3029 ejicientcs
1757 2977 1878 3016 eum
1916 2971 2073 3017 extra

472 3047 1124 3120 civitatem,iupidabant.
1179 3049 1249 3104 Et
1298 3060 1453 3105 testes
1505 3051 1862 3122 deposuerunt
1910 3055 2072 3109 vcsti-

2205 547 2433 602 reddcre
2461 544 2808 602 festinamus.
2840 543 2906 600 Et
2926 544 3060 600 dum
3110 544 3189 601 ita
3223 561 3477 617 superare
3500 550 3719 620 cupimus,

2198 637 2270 693 ab
2295 636 2377 692 ira
2408 645 2463 692 et
2483 636 2823 707 impatientia
2852 636 3084 694 interius
3104 653 3447 708 superamur,
3471 656 3569 695 non
3588 652 3721 701 atten-

2196 728 2388 786 dentes
2421 728 2572 800 quia,
2598 729 2750 800 juxta
2775 728 3150 798 Salomonem,
3181 750 3202 784 ι
3235 731 3427 787 melior
3460 740 3537 787 est
3558 736 3724 803 patiens

2194 819 2314 875 viro
2340 819 2490 887 forti,
2513 828 2570 876 et
2594 820 2690 892 qui
2713 821 3035 879 dominatur
3057 823 3245 878 animo
3276 838 3380 879 suo
3418 836 3724 896 expugnatura

2191 915 2411 971 urbium
2440 915 2624 988 (Prov.
2651 916 2765 987 xv).
2789 934 2809 968 ι

2265 1024 2434 1081 Sexto
2462 1035 2706 1098 quantus
2753 1025 2920 1082 fuerit
2950 1025 3008 1081 in
3065 1026 3337 1083 charitate
3379 1026 3725 1088 demonstratur

2188 1134 2316 1175 cum
2355 1119 2560 1175 dicitur
2580 1135 2595 1173 :

2240 1234 2443 1291 Positis
2470 1243 2648 1289 autem
2674 1234 2913 1307 genibus,
2935 1233 3186 1289 clamavit
3209 1237 3726 1307 uocemagna,dicm:
3830 1224 3832 1259 ⁵

2186 1326 2429 1395 Domine,
2456 1344 2518 1382 ne
2540 1335 2749 1382 statuas
2794 1326 2907 1382 illis
2929 1326 3026 1381 hoc
3048 1336 3347 1397 peccatum.
3377 1326 3525 1396 Duo,
3555 1329 3726 1400 fratres,
3830 1320 3832 1327 ’

2184 1419 2347 1491 quasi
2386 1421 2663 1476 contraria
2692 1429 2746 1476 et
2789 1420 3105 1492 pastoribus
3134 1429 3343 1477 sanctas
3369 1421 3608 1479 Ecclesiae
3632 1426 3729 1482 imi-
3830 1458 3832 1461 -

2182 1513 2368 1579 tanda,
2397 1512 2641 1569 ostendit
2672 1513 2726 1567 in
2768 1528 2829 1569 se
2876 1512 3072 1569 beatus
3124 1513 3459 1585 Stephanus,
3492 1518 3727 1587 quoniam,

2180 1620 2306 1660 cum
2343 1620 2403 1661 se
2428 1604 2731 1676 asperrime
2759 1605 3173 1678 corrigeret,ita
3201 1604 3479 1663 ferventer
3497 1608 3727 1681 diligelnt,
3830 1674 3832 1677 I

2178 1702 2233 1749 et
2256 1711 2383 1750 cum
2408 1695 2481 1751 ita
2510 1694 2917 1752 ferventissime
2944 1696 3215 1768 diligeret,
3246 1696 3324 1752 ita
3368 1713 3556 1769 aspere
3587 1703 3730 1756 eorri-
3830 1750 3832 1757 .

2107 1820 2151 1881 Β
2179 1786 2368 1858 gebat;
2392 1795 2446 1842 et
2468 1786 2594 1881 inde
2620 1786 2978 1857 contingebat
3005 1787 3134 1881 quia
3164 1786 3406 1881 perfecte
3432 1790 3630 1846 odiebat
3662 1793 3733 1846 vi‘r

2178 1877 2338 1945 tium,
2361 1887 2416 1933 et
2443 1876 2681 1949 perfecte
2718 1886 2973 1933 naturam
3001 1879 3281 1951 diligebat.
3305 1877 3443 1936 Mira
3471 1882 3603 1936 enim
3624 1883 3733 1938 cha-

2179 1970 2315 2027 ritas
2339 1970 2624 2043 Stephani,
2656 1971 2856 2028 fratres
2902 1972 3009 2028 mei
3031 1975 3059 2039 !_
3099 1972 3266 2029 Pauci
3296 1974 3444 2029 enim
3486 1975 3733 2032 inveniun-

2179 2070 2269 2116 tur
2295 2064 2390 2133 qui
2414 2079 2541 2119 vere
2562 2064 2793 2135 diligant
2817 2064 3028 2135 seipsos
3049 2081 3070 2129 ;
3091 2065 3413 2136 paucissimi
3461 2067 3614 2133 enim,
3652 2070 3731 2138 qui
3830 2096 3832 2099 -

2176 2168 2304 2209 vere
2329 2153 2561 2227 diligant
2588 2155 2865 2212 inimicos.
2895 2156 2968 2211 At
2991 2154 3305 2227 Stephanus
3335 2157 3408 2212 ita
3446 2157 3621 2213 dilexit
3646 2159 3733 2214 ini-
3830 2160 3832 2199 ἰ

2178 2245 2376 2313 mices,
2407 2256 2463 2303 et
2487 2247 2706 2318 quidem
2739 2248 2883 2304 inter
2902 2248 3220 2304 mortiferus
3251 2249 3394 2306 ictus
3418 2249 3733 2306 crebrescen-

2176 2338 2313 2395 tium
2344 2339 2612 2411 lapidum.
2674 2339 2775 2397 Ubi
2820 2341 3023 2413 aliquis
3062 2350 3252 2413 posset
3309 2342 3559 2397 oblivisci
3597 2343 3735 2399 etiam
3830 2356 3832 2361 '

2175 2431 2479 2487 amicorum
2513 2447 2764 2501 suorum,
2800 2431 3115 2504 Stephanus
3153 2449 3264 2489 non
3289 2441 3378 2489 cst
3418 2434 3614 2491 oblitus
3644 2435 3734 2490 ini.

2182 2522 2455 2578 micorum
2489 2539 2743 2579 suorum.
2777 2522 2882 2580 Sed
2908 2524 3259 2595 supplicavit,
3293 2523 3571 2588 clamavit,
3591 2525 3739 2580 oravit

2174 2630 2274 2686 pro
2295 2616 2397 2671 eis.
2429 2613 2790 2687 Supplicavit,
2819 2633 2929 2673 non
2962 2625 3075 2672 tam
3107 2617 3339 2690 genibus
3360 2633 3528 2689 quam
3554 2628 3737 2686 mente;

2174 2695 2457 2775 clamavit,
2472 2725 2581 2764 non
2605 2718 2718 2765 tam
2740 2724 2876 2767 voce
2896 2726 3064 2781 quam
3086 2709 3417 2777 devotione;
3444 2710 3738 2776 oravit,non

2174 2809 2285 2855 tam
2307 2816 2373 2856 ex
2398 2803 2652 2874 praecepti
2687 2803 2972 2859 eoactione
2999 2819 3165 2875 quam
3194 2818 3260 2859 ex
3288 2803 3462 2859 libera
3481 2805 3738 2861 charitate.

2172 2888 2292 2946 Non
2328 2893 2474 2947 enim
2498 2894 2801 2964 putandum
2831 2902 2935 2963 est,
2980 2893 3183 2951 fratres
3218 2896 3349 2964 mei,
3394 2897 3543 2967 quod
3574 2897 3741 2953 beatus

2177 2978 2511 3054 Stephanus,
2544 2985 2600 3040 in
2639 3001 2752 3057 quo
2785 2986 2925 3042 nihil
2950 2987 3292 3058 duplicitatis
3334 2987 3461 3058 fuit,
3487 2990 3741 3061 supplica-

2173 3075 2317 3131 vcrit
2350 3091 2451 3147 pro
2475 3076 2736 3148 inimicis,
2769 3088 2832 3135 ut
2869 3080 3096 3151 quidam
3125 3079 3340 3137 faciunt
3370 3097 3619 3154 corpore,
3648 3098 3743 3137 non

469 3148 651 3195 menta
689 3156 789 3196 sua
817 3159 964 3196 secus
1015 3143 1170 3213 pedes
1197 3144 1569 3211 adolescentis,
1640 3146 1731 3216 qui
1783 3147 2068 3201 vocabatur
2093 3172 2136 3232 ε
2168 3143 2369 3237 meme;
2398 3172 2637 3226 oraverit
2659 3143 2760 3243 ριξο
2787 3143 3046 3241 eis-voce,
3069 3190 3179 3230 non
3236 3143 3556 3231 ἀργοείοξω.
3606 3143 3747 3232 ωε

466 3226 689 3287 Saulus.
729 3230 800 3290 Et
855 3232 1170 3305 fapidubant
1220 3232 1566 3307 Stephanum,
1624 3238 1950 3294 inuocantem
2014 3249 2065 3295 et
2103 3226 2135 3232 ἰ
2170 3261 2276 3317 hoc
2301 3277 2333 3316 α
2356 3226 2600 3337 ξηειηγνρ
2624 3226 3179 3323 cf,,,'.i,,,'c,,,'

464 3323 729 3379 dicentem
754 3341 773 3379 :
798 3325 1022 3382 Domine
1086 3326 1238 3394 Jcsu,
1297 3330 1504 3400 suscipe
1560 3330 1809 3400 spiritum
1868 3349 2060 3389 meum.

467 3410 835 3472 PorroJudaai
855 3419 1123 3488 persecuti
1156 3429 1285 3474 sunt
1313 3419 1652 3492 Stephanum
1682 3426 2064 3494 persecutione

467 3522 578 3578 qua
612 3508 761 3565 nulla
787 3519 873 3566 est
912 3512 1083 3583 pejor.
1117 3510 1233 3567 Pali
1278 3514 1480 3585 quippe
1508 3517 1945 3585 persecutionem
1991 3519 2063 3575 ab

464 3615 534 3657 eo
561 3616 725 3673 quem
758 3604 1054 3673 aliquando
1100 3605 1153 3660 in
1183 3606 1369 3676 aliquo
1410 3606 1670 3676 hesimus,
1718 3624 1909 3680 parum
1941 3619 2059 3679 est;

464 3694 581 3766 pati
609 3709 741 3752 vero
768 3696 841 3753 ab
867 3712 935 3754 eo
956 3712 1118 3769 quem
1154 3714 1435 3770 nunquam
1487 3700 1751 3770 hesimus,
1798 3718 2061 3776 maguum

466 3796 585 3855 est;
608 3799 663 3844 et
689 3790 798 3861 pati
826 3791 897 3845 ah
920 3808 986 3848 eo
1009 3793 1095 3847 cui
1116 3792 1347 3849 ttlttillllﬂ
1375 3794 1733 3864 contulimus,
1760 3797 2058 3851 maximum

461 3881 583 3938 est!
625 3881 774 3938 Talis
809 3884 1140 3943 eratheatus
1162 3885 1493 3958 Stephanus.
1527 3886 1623 3946 ille
1664 3889 1812 3947 enim
1857 3899 2057 3947 contu-

460 3967 603 4026 lerat
636 3966 843 4028 Judmis
870 3971 1042 4028 multa
1080 3972 1244 4041 bona,
1284 3986 1340 4031 et
1383 3974 1460 4031 illi
1497 3977 1811 4033 eeontrario
1859 3975 2061 4034 infere-

460 4060 598 4118 bant
631 4062 691 4117 ei'
719 4065 884 4123 mala.
925 4062 1237 4136 Stephanus
1265 4067 1466 4139 quippe
1493 4068 1707 4138 petebat
1736 4067 1956 4125 Judzeos
2000 4069 2056 4125 in

462 4167 659 4210 eorum
688 4155 943 4227 salutem,
979 4167 1032 4214 ct
1055 4157 1130 4213 illi
1156 4160 1470 4215 eeontrario
1516 4160 1848 4233 impetebant
1895 4162 1945 4218 ei
2000 4161 2054 4217 in

462 4247 589 4320 ejus
628 4259 884 4306 mortem.
926 4249 1240 4322 Stephanus
1283 4253 1536 4324 cupiebat
1558 4270 1656 4309 eos
1705 4254 2057 4311 introducere

461 4338 521 4397 in
542 4338 845 4398 Jerusalem
881 4342 1195 4410 caelestem;
1226 4357 1277 4401 et
1314 4346 1389 4400 illi
1417 4345 1726 4401 eeontrario
1765 4344 2059 4414 ejiciebant

460 4429 803 4503 Stephanum
842 4445 997 4492 extra
1045 4435 1348 4495 Jerusalem
1381 4445 1677 4493 terrenam.
1744 4437 2055 4510 Stephanus

461 4524 857 4584 testificabatnr
881 4531 962 4587 eis
992 4533 1157 4588 verba
1198 4534 1466 4602 veritatis,

456 4618 897 4679 testificabantur
931 4624 982 4679 in
1014 4624 1354 4696 Stephanum
1381 4627 1545 4681 verba
1571 4626 1847 4695 falsitatis,
1876 4628 2057 4686 dicen-

457 4718 575 4767 tes:
607 4709 882 4781 Quoniam
907 4732 999 4771 nos
1023 4717 1328 4771 audivimus
1356 4735 1474 4773 eum
1505 4719 1762 4774 dicentem
1795 4722 1935 4793 quod
1961 4721 2055 4778 Je-

453 4820 548 4859 sus
575 4803 894 4863 Nazareuus
914 4808 1146 4864 destruet
1174 4809 1347 4863 locum
1374 4811 1557 4880 istum,
1586 4821 1635 4867 et
1661 4814 1890 4869 mutabit
1934 4825 2052 4871 tra-

457 4894 686 4953 ditiones
706 4915 838 4971 quas
861 4899 1086 4953 tradidit
1117 4900 1267 4954 nobis
1302 4899 1529 4973 Moyses.
1561 4902 1875 4976 Stephanus
1923 4907 2054 4964 mit-

458 4991 607 5047 tebat
635 4992 689 5047 in
720 5007 818 5048 eos
846 4992 1009 5047 verba
1033 4993 1438 5063 praedicationis
1459 5003 1514 5052 et
1547 4999 1832 5069 orationis,
1863 5009 1921 5056 et
1968 4999 2048 5056 illi

454 5092 680 5140 econtra
712 5083 1005 5140 mittebant
1032 5084 1089 5138 in
1117 5082 1454 5157 Stephanum
1504 5088 1710 5159 lapides
1753 5091 2049 5151 crudelita-

454 5173 549 5228 tis.
586 5172 806 5229 Etcum
834 5174 907 5229 ita
927 5175 1218 5232 redderent
1241 5176 1415 5235 Judaei
1464 5177 1744 5251 Stephano
1772 5184 1915 5240 mala
1943 5198 2046 5256 pro

455 5264 641 5333 bonis,
672 5274 855 5322 tamen
884 5281 994 5323 non
1034 5279 1278 5328 mutatus
1329 5282 1446 5341 est;
1498 5290 1610 5330 non
1656 5276 2043 5346 murmuravit,

454 5357 554 5415 sed
574 5356 845 5428 patienter
871 5361 1055 5418 omnia
1080 5364 1228 5435 tulit,
1244 5367 1491 5424 eamdem
1516 5368 1817 5425 observans
1842 5369 2047 5440 patien-

452 5450 591 5506 tiam
609 5459 666 5507 et
701 5450 1044 5526 charitatem,
1077 5455 1249 5514 Deum
1279 5474 1496 5532 semper
1522 5462 1807 5532 invocans,
1856 5473 1910 5521 et
1947 5481 2049 5537 pro

453 5557 518 5602 se
537 5552 595 5600 et
618 5559 721 5616 pro
741 5546 821 5603 eis
848 5563 1034 5606 orans.
1067 5550 1127 5608 In
1154 5569 1266 5625 quo
1294 5553 1687 5612 confundimur
1710 5574 1831 5627 nos,
1852 5558 2049 5617 fratres

454 5635 597 5705 mei,
612 5636 765 5708 quia,
790 5641 893 5697 etsi
909 5644 1128 5713 quando
1158 5646 1362 5718 aliquis
1384 5648 1622 5720 aliquam
1635 5666 1878 5723 prunam,
1902 5652 2047 5725 inju-

454 5728 596 5784 riam
627 5731 713 5788 vel
737 5736 1129 5795 contumeliam
1155 5740 1316 5796 nobis
1343 5740 1606 5812 intulerit,
1652 5746 1838 5803 statim
1880 5763 2043 5805 exar-

455 5820 758 5896 descimus,
794 5826 1112 5899 patientiam
1162 5843 1217 5890 et
1244 5834 1566 5894 charitatem
1612 5832 1937 5911 amittimus,
1990 5850 2045 5899 et

2168 3354 2258 3409 cul
2284 3354 2453 3412 dubio
2483 3358 2813 3428 supplicavit
2848 3374 2949 3430 pro
2980 3359 3220 3416 inimicis
3243 3361 3367 3417 sine
3390 3363 3582 3433 aliquo
3611 3380 3744 3418 mea-

2169 3445 2240 3503 tis
2275 3463 2530 3516 rancore,
2569 3451 2747 3506 oravit
2778 3466 2877 3521 pro
2934 3451 3070 3522 ipsis
3117 3452 3238 3507 sine
3287 3454 3532 3521 fictione,
3558 3456 3641 3510 vel
3678 3465 3744 3511 te—

2165 3550 2299 3606 pore
2329 3555 2341 3592 :
2367 3537 2612 3607 Domine,
2632 3538 2831 3610 inquit,
2852 3556 2914 3595 ne
2933 3549 3143 3595 statuas
3184 3541 3299 3595 illis
3329 3542 3433 3597 hoc
3465 3552 3739 3613 peccatum.

2166 3625 2343 3684 Verus
2376 3628 2623 3686 imitator
2653 3629 2859 3687 Christi
2889 3631 2985 3702 qui
3019 3632 3073 3687 in
3098 3634 3358 3704 passione
3390 3650 3494 3690 sua
3518 3651 3618 3707 pro
3647 3633 3741 3690 iui-

2165 3720 2325 3777 micis
2358 3732 2641 3793 oraverat;
2680 3743 2699 3777 ι
2736 3723 2920 3792 Pater,
2947 3725 3162 3782 dimitte
3192 3726 3324 3796 illis,
3341 3729 3478 3800 quia
3509 3730 3745 3786 nesciunt

2162 3815 2292 3887 quid
2323 3815 2532 3874 faciunt
2571 3817 2725 3892 (Luc.
2760 3822 2942 3893 χχιιι),
2976 3841 2997 3874 ι
3049 3821 3230 3880 factus
3265 3824 3415 3881 sicut
3460 3827 3744 3897 passionis,

2163 3906 2237 3963 ita
2263 3918 2319 3965 et
2358 3909 2647 3967 charitatis
2694 3911 2998 3971 Dominicae
3056 3916 3272 3987 primus
3320 3917 3592 3976 imitator.
3638 3919 3744 3987 Quo
3830 3940 3832 3947 '

2160 4000 2308 4056 enim
2340 4000 2535 4059 affectu
2583 4014 2836 4060 movetur
2879 4015 3035 4079 pater
3082 4024 3212 4080 erga
3257 4008 3435 4066 filium
3478 4012 3743 4083 phreneti-
3830 4040 3832 4045 -

2160 4108 2323 4161 cum,
2375 4104 2590 4166 patrem
2648 4112 2810 4153 suum
2873 4101 3312 4170 percutientem,
3360 4103 3529 4174 cujus
3586 4106 3745 4179 magis
3830 4106 3832 4109 ’

2159 4185 2370 4257 plangit
2406 4187 2678 4245 insaniam
2703 4205 2870 4261 quam
2908 4207 3069 4248 suam
3104 4193 3413 4263 miseriam,
3443 4211 3518 4252 eo
3563 4198 3744 4254 affectu
3830 4250 3832 4255 .

2162 4277 2486 4333 movchalur
2508 4278 2704 4337 beatus
2733 4279 3047 4353 Stephanus
3068 4299 3196 4357 erga
3220 4284 3445 4344 Iudaeos
3461 4330 3479 4356 ,
3524 4305 3745 4360 quorum

2162 4368 2527 4439 perditionem
2560 4373 2736 4444 magis
2762 4374 2983 4431 dolebat
3003 4393 3172 4448 quam
3210 4395 3369 4435 suam
3416 4382 3743 4451 passionem.

2158 4460 2343 4519 insani
2376 4464 2582 4536 quippe
2605 4475 2663 4522 et
2683 4467 3009 4525 daemoniaci
3037 4479 3166 4526 sunt
3206 4486 3403 4529 omnes
3439 4474 3597 4540 mali,
3620 4491 3744 4546 quo-

1503 4542 1559 4589 οι
1575 4534 1692 4637 ﬂ“.
1739 4536 2053 4637 EFOmIal'io
2082 4540 2133 4603 Ι)
2158 4555 2308 4611 niam
2333 4571 2365 4612 a
2393 4534 2641 4614 datiuum
2671 4568 2940 4617 vexantur
2967 4572 3023 4618 et
3047 4563 3115 4620 ad
3142 4565 3289 4619 mala
3322 4534 3747 4637 instigantui',el

2157 4646 2290 4717 quid
2327 4645 2548 4715 faciant,
2575 4649 2658 4705 vel
2683 4649 2751 4705 ad
2780 4666 2945 4722 quem
2978 4652 3142 4708 linem
3172 4653 3300 4711 inde
3340 4656 3567 4711 venturi
3623 4657 3743 4722 sint,

2158 4737 2437 4808 ignorant.
2466 4739 2783 4812 Propterea,
2817 4742 3017 4801 fratres
3047 4746 3177 4813 mei,
3198 4747 3426 4818 quando
3469 4749 3606 4804 mali
3655 4765 3745 4804 nos

2157 4836 2586 4900 persequuntur,
2618 4832 2923 4905 cogitemus
2950 4835 3047 4905 qui
3069 4851 3166 4892 eos
3185 4836 3415 4907 equitet,
3455 4847 3519 4893 et
3564 4848 3743 4894 contra

2156 4934 2260 4975 nos
2280 4934 2382 4977 eos
2409 4922 2733 4980 instimulet.
2760 4925 2825 4982 Et
2854 4927 2998 4982 sicut
3022 4943 3193 4999 eques
3239 4945 3351 4983 non
3400 4942 3614 5001 pugnat
3659 4930 3745 4985 ad-

2154 5025 2350 5068 versus
2380 5027 2608 5084 equum,
2637 5017 2733 5071 sed
2763 5019 3030 5074 adversus
3064 5020 3400 5089 cquitem,et
3424 5022 3499 5076 ad
3532 5024 3637 5077 hoc
3662 5038 3747 5078 co-

2156 5112 2321 5159 natur
2347 5114 2407 5162 ut
2444 5107 2684 5177 equitem
2708 5109 2950 5180 deﬁciat,
2977 5120 3030 5167 et
3056 5127 3262 5183 equum
3294 5111 3564 5180 luctetur,
3587 5114 3669 5170 sic
3697 5122 3749 5168 et

2155 5208 2258 5250 nos
2293 5210 2622 5267 pugnemus,
2654 5213 2764 5254 non
2796 5199 3060 5257 adversus
3090 5200 3369 5271 homines,
3417 5204 3523 5260 sed
3564 5205 3745 5260 adver-

2155 5299 2252 5342 sns
2274 5287 2576 5344 dtemonem
2601 5290 2871 5346 malorum
2900 5291 3257 5362 insessorem,
3279 5303 3333 5351 et
3363 5295 3433 5351 ad
3463 5296 3577 5353 hoc
3608 5298 3744 5352 nita-

2154 5394 2281 5433 mur
2303 5388 2363 5435 ut
2400 5381 2704 5437 daemonem
2742 5382 3087 5454 dejiciamus,
3110 5395 3165 5443 et
3196 5387 3458 5444 homines
3502 5388 3621 5445 Deo
3660 5407 3745 5462 per

2153 5471 2440 5540 beneficia,
2467 5475 2748 5533 orationes
2794 5485 2851 5533 et
2901 5479 3232 5536 monitiones
3292 5481 3607 5538 lucremur.
3663 5482 3746 5539 Sic

2150 5563 2296 5619 enim
2354 5564 2668 5638 Stephanus
2725 5568 2953 5626 Saulum
3008 5580 3421 5642 persecutorem
3464 5590 3660 5643 suum,
3698 5585 3750 5631 et

2150 5655 2312 5724 alios,
2345 5666 2406 5713 ut
2430 5659 2730 5728 credimus,
2758 5663 2964 5718 multos
3009 5662 3123 5720 Deo
3164 5663 3418 5721 lucratus
3468 5673 3580 5723 est.
3631 5664 3747 5722 Non

2146 5748 2294 5804 enim
2324 5750 2507 5821 potuit
2533 5752 2714 5808 oratio
2738 5755 3050 5824 praecedens
3074 5770 3142 5811 ex
3173 5764 3285 5811 tam
3316 5754 3565 5814 ferventi
3615 5758 3741 5815 ctia-

2146 5843 2308 5902 ritate
2339 5844 2587 5904 incilicax
2620 5861 2759 5905 esse.
2800 5846 3070 5920 Septimo,
3096 5865 3263 5920 quam
3290 5847 3427 5907 felix
3479 5849 3651 5909 fuerit
3690 5850 3765 5903 in'
3829 5843 3832 5920 ἶ
