3824 6308
48 413 164 468 1513

1119 410 1454 468 nostrum.
1492 441 1562 454 -
1598 409 1640 467 ι.
1680 409 1770 468 ns
1805 409 2153 470 TEMPORE.
2189 374 2191 376 ’

3156 418 3298 478 ιδιι

43 532 192 581 morte
215 520 642 588 demonstratur,
687 535 813 576 cum
867 521 1161 578 subditur:
1200 523 1271 578 Et
1326 541 1446 579 cum
1499 524 1597 579 hoc
1626 529 1672 587 Α
1699 525 1900 580 etenim
1937 527 2022 583 eis
2055 527 2368 599 prophetas,
2400 526 2496 600 qui
2542 529 2625 587 eis
2668 529 3003 602 przedicaren
3051 535 3297 606 primum

38 615 252 680 dixisset,
279 611 599 667 obdormivit
623 613 680 666 in
702 611 950 668 Domino.
967 614 1051 669 Ab
1072 629 1236 685 opere
1266 624 1321 670 et
1348 615 1598 673 oratione

39 705 379 779 perfectionis,
417 704 640 761 transiit
669 704 737 760 ad
772 705 1161 776 perfectionem
1195 707 1418 778 quietis.
1465 707 1596 764 Pul-

37 798 164 862 ehre,
183 795 374 851 fratres
400 796 534 864 mei,
560 797 792 864 dictum,
818 813 927 852 non
975 799 1204 865 obiisse,
1251 799 1347 854 sed
1399 799 1596 856 obdor-

35 890 193 945 misse.
216 887 318 955 Qui
343 888 492 943 enim
523 889 743 956 dormit,
757 890 917 960 quasi
945 899 1197 946 mortuus
1217 907 1340 946 esse
1357 891 1592 960 videtur,

35 991 80 1037 et
94 998 190 1035 non
207 991 306 1048 est,
321 981 436 1038 imo
449 983 606 1050 vivit,
626 984 942 1054 requiescit,
956 993 1012 1039 et
1037 985 1257 1040 tandem
1279 986 1589 1058 evigilatur.

36 1071 109 1127 Sic
125 1081 173 1127 et
191 1071 358 1127 sancti
394 1073 620 1144 quando
643 1074 887 1145 migrant
907 1075 977 1130 ab
999 1075 1103 1128 hac
1121 1075 1253 1141 vita,
1281 1094 1300 1126 ι
1331 1077 1432 1131 visi
1463 1084 1594 1131 sunt

34 1165 179 1220 oculis
195 1164 567 1234 insipientium
584 1167 748 1232 mori,
764 1166 840 1220 illi
853 1175 1038 1222 autem
1058 1175 1188 1222 sunt
1203 1168 1256 1222 in
1271 1183 1426 1238 pace,
1441 1176 1496 1223 et
1513 1183 1595 1222 re-

33 1257 284 1326 quiescunt
307 1255 462 1326 (Sap.
481 1256 588 1326 ιιι).
613 1277 632 1308 ι
666 1255 1032 1326 Quoniam,ut
1060 1260 1260 1330 legitur
1287 1261 1344 1314 in
1373 1260 1590 1330 Apoca-

34 1349 144 1418 lypsi
166 1365 177 1400 :
205 1367 222 1398 ι
239 1349 594 1419 Amodojam,
607 1350 740 1406 dicit
757 1351 1013 1422 Spiritus,
1025 1362 1088 1408 ut
1101 1353 1450 1425 requiescant
1468 1369 1499 1408 a
1512 1354 1594 1408 la-

33 1442 226 1496 boribus
239 1441 701 1514 suis(Apoc.xlv).
724 1462 744 1494 ι
780 1443 845 1499 Et
871 1446 1110 1514 tandem,
1143 1447 1195 1501 id
1227 1455 1313 1503 est
1347 1448 1592 1504 diluculo

31 1535 117 1589 diei
153 1535 353 1605 iudicii,
391 1550 631 1606 corpora
666 1539 833 1593 simul
869 1555 1000 1595 cum
1033 1542 1325 1597 animabus
1365 1543 1592 1614 evigila-

31 1627 220 1692 buntur,
263 1636 324 1682 ut
365 1627 530 1682 beata
560 1636 616 1683 et
645 1638 846 1685 aeterna
887 1631 1010 1688 luce
1047 1649 1264 1704 semper
1309 1632 1586 1690 fruantur.

34 1717 118 1774 Sed
144 1718 274 1774 etB.
313 1721 628 1791 Stephanus
662 1723 1000 1778 obdormivit.
1032 1723 1374 1782 Obdormivit
1404 1736 1588 1783 autem

31 1813 77 1866 in
102 1810 338 1880 Domino,
379 1813 434 1868 id
479 1824 570 1868 est
609 1815 663 1869 in
709 1831 874 1871 manu
902 1825 958 1871 et
980 1819 1320 1887 protectione
1347 1819 1585 1887 Domini,

1699 631 1863 672 suum
1895 617 2210 687 adventum,
2257 630 2311 676 et
2341 621 2668 690 secundum,
2711 631 2766 679 et
2795 639 2990 694 poenas
3035 629 3301 698 reprobo-

1699 722 1824 761 rum
1857 707 2196 780 gloriamque
2239 711 2538 782 iustorum.
2585 712 2734 770 Misit
2775 715 2856 771 eis
2887 717 3162 787 sapientes
3197 721 3298 791 qui

1695 813 1793 855 eos
1815 799 2077 856 docerent
2108 805 2384 873 quomodo
2414 805 2468 860 hi
2496 807 2758 864 deberent
2788 809 2988 877 vivere,
3019 820 3074 868 et
3097 828 3295 884 prunas

1693 892 2059 962 reproborum
2103 896 2310 952 evitare
2355 906 2412 952 et
2455 899 2684 970 gloriam
2722 901 3001 972 iustorum
3029 908 3295 980 consequi

1693 980 1956 1037 valerent.
1994 981 2142 1038 Misit
2169 985 2250 1041 eis
2285 987 2518 1055 scribas,
2551 990 2647 1060 qui
2698 993 2883 1049 omnia
2913 995 3021 1063 his,
3051 1013 3294 1070 nequana

1694 1071 1766 1126 do
1800 1071 2062 1128 oblivioni
2089 1074 2376 1144 darentur,
2413 1077 2737 1150 scriberent,
2771 1093 2826 1139 et
2869 1084 2923 1139 in
2963 1090 3288 1148 memoriam

1693 1173 2034 1220 revocarent.
2079 1165 2306 1233 Qualem
2342 1186 2470 1226 vero
2498 1171 2751 1228 allectum
2787 1191 2916 1248 erga
2943 1177 3165 1237 Judmos
3195 1183 3267 1239 ha

1694 1253 1895 1323 buerit,
1921 1256 2179 1325 ostendit,
2205 1273 2331 1314 cum
2365 1259 2500 1315 dicit
2525 1277 2538 1314 :
2562 1260 2884 1334 Jerusalem,
2917 1269 3120 1337 quoties
3145 1271 3289 1326 volui

1693 1361 2009 1417 congregare
2033 1348 2176 1418 ﬁlios
2206 1359 2347 1419 tuos,
2370 1354 2816 1420 quemadmodum
2853 1358 3056 1429 gallina
3074 1379 3291 1434 congre.

1694 1445 1783 1505 gat
1813 1435 1986 1506 pullos
2013 1454 2138 1492 suos
2159 1439 2254 1493 sub
2297 1440 2436 1507 alas,
2462 1452 2511 1496 et
2536 1443 2790 1500 noluisti!
2817 1447 3064 1515 Quoties,
3089 1451 3290 1523 inquit,

1691 1527 1860 1591 volui,
1887 1536 1942 1582 et
1969 1529 2188 1598 quoties
2211 1547 2299 1585 me
2321 1533 2458 1588 velle
2479 1534 2879 1592 demonstravi!
2909 1537 3288 1596 Demonstravi

1692 1617 1964 1688 siquidem
2013 1621 2202 1677 multis
2239 1622 2456 1678 indiciis
2497 1626 2645 1694 quod
2695 1636 2748 1681 te
2775 1628 3022 1684 volebam
3055 1646 3291 1702 congre-

1692 1723 1851 1779 gare;
1869 1709 1955 1764 vel
1973 1711 2196 1780 quando
2219 1711 2288 1766 ab
2311 1711 2631 1785 eEgyptiaca
2658 1717 2938 1783 servitute,
2963 1719 3045 1773 vel
3067 1719 3292 1790 quando

1690 1816 1720 1855 a
1751 1798 2082 1872 Babylonica
2111 1804 2444 1872 captivitate,
2475 1806 2559 1860 vel
2595 1808 2816 1876 quando
2840 1824 2872 1864 a
2906 1809 3140 1866 diversis
3170 1811 3292 1867 ido-

33 1904 156 1974 im“
183 1905 306 1960 illud
333 1924 347 1960 ε
377 1924 396 1958 ε
425 1905 718 1962 Jusmmm
754 1908 950 1964 anima
997 1910 1051 1964 in
1099 1926 1264 1966 manu
1309 1911 1405 1968 Dei
1435 1923 1584 1982 sum,
1621 1889 1664 1944 Β
1688 1890 1920 1946 lolatrize
1938 1893 2225 1950 erroribus
2262 1895 2330 1950 ad
2365 1896 2530 1951 unius
2557 1895 2862 1958 divinitatis
2891 1901 3099 1956 cultum
3128 1910 3182 1957 te
3204 1919 3295 1959 re-

31 2006 193 2052 etnon
227 2005 406 2070 tanget
446 1999 575 2055 illos
616 2009 948 2056 tormentum
977 2003 1199 2060 malitia:
1236 2002 1389 2076 (Sap.
1423 2007 1526 2077 ιιι).
1561 2024 1581 2059 ι

33 2087 204 2160 Itaque,
229 2090 442 2159 fratres,
473 2093 524 2148 si
553 2093 809 2150 volumus
839 2105 1122 2152 consortes
1155 2113 1277 2154 esse
1300 2099 1502 2169 quietis
1533 2108 1589 2156 et

33 2181 185 2252 gloria:
207 2183 340 2238 beati
372 2183 666 2255 Stephani,
699 2186 894 2253 simus,
924 2187 1250 2259 inquantum
1281 2192 1584 2261 possimus,

33 2285 272 2333 consortes
290 2276 408 2348 ejus
427 2279 674 2334 virtutis.
701 2277 769 2333 Et
791 2281 838 2335 si
863 2295 972 2336 non
995 2297 1290 2353 possumus
1313 2299 1438 2340 eum
1463 2285 1588 2340 imi-

33 2365 112 2419 tari
137 2365 186 2420 in
208 2368 480 2436 passione,
513 2369 707 2426 saltem
738 2371 1015 2429 imitemur
1051 2388 1181 2430 eum
1209 2375 1266 2430 in
1295 2377 1583 2433 charitate.

34 2454 126 2510 Duo
149 2459 333 2529 quippe
362 2459 608 2530 ingentia
639 2463 782 2518 bona
813 2474 960 2532 sunt,
1009 2467 1330 2540 martyrium
1359 2478 1414 2524 et
1453 2485 1584 2539 pas-

0 2553 4 2560 '
32 2550 112 2604 sio.
134 2549 226 2606 Sed
241 2561 416 2608 tamen
445 2556 777 2626 martyrium
817 2557 936 2612 sine
958 2559 1226 2614 charitate
1253 2559 1390 2614 nihil
1417 2560 1586 2630 prod-

33 2655 114 2709 est,
135 2646 326 2701 dicente
352 2647 532 2703 Paulo
566 2667 579 2702 :
617 2667 636 2700 ι
673 2649 824 2716 Etsi,
853 2650 1050 2720 inquit,
1074 2652 1352 2708 tradidero
1384 2668 1586 2726 corpus

32 2751 210 2805 meum,
257 2729 333 2794 ita
379 2748 442 2795 ut
500 2743 756 2808 ardeam,
807 2743 1132 2800 charitatem
1165 2759 1278 2800 non
1329 2745 1581 2814 habeam,

1 2847 6 2850 ·
34 2828 138 2882 nihil
161 2831 282 2884 mihi
307 2832 536 2902 prodest
564 2831 618 2905 (Ι
647 2831 772 2889 Cor.
805 2834 920 2905 xv).
952 2855 970 2888 ι
1004 2835 1342 2893 Charitatem
1373 2848 1579 2905 autem,

33 2916 210 2988 fratres,
243 2932 550 2992 teneamus,
597 2941 694 2995 per
720 2941 886 2996 quam
913 2928 1254 2998 triumphant
1290 2940 1579 3003 martyres,

34 3008 350 3076 iustificantur
382 3015 759 3084 confessores,
787 3019 1085 3075 florescunt
1107 3020 1367 3092 virgines,
1395 3039 1584 3079 l‘eCOlt-

33 3101 246 3159 ciliantur
272 3117 609 3176 peccatores.
635 3107 890 3164 Charitas
913 3111 1032 3165 sine
1056 3113 1318 3186 martyrio
1345 3116 1580 3170 multum

33 3196 230 3263 prodest.
259 3196 563 3271 Diligamus
587 3199 758 3255 Deum
783 3209 1005 3272 propter
1032 3203 1275 3274 seipsum
1303 3224 1316 3260 :
1339 3208 1578 3263 amicum

5 3317 7 3320 ‹
34 3285 77 3340 in
99 3285 223 3357 Deo;
263 3290 550 3348 inimicum
579 3271 804 3364 propter
830 3293 1024 3350 Deum.
1062 3271 1479 3356 Benefaciamus
1510 3301 1577 3356 iis
1608 3271 1650 3331 α

33 3377 105 3444 qui
133 3379 344 3437 oderunt
370 3399 510 3449 nos;
545 3397 767 3440 oremus
794 3401 893 3456 pro
921 3390 1380 3460 persequentibus
1404 3400 1459 3446 et
1481 3408 1578 3448 ca-

33 3469 376 3533 lumniantibus
423 3491 574 3542 nos,
629 3486 692 3531 ut
736 3493 1047 3535 mereamur
1094 3482 1189 3536 lilii
1231 3497 1354 3538 esse
1401 3481 1580 3539 Patris

31 3563 246 3634 caelestis,
271 3571 359 3639 qui
393 3569 532 3626 facit
569 3571 740 3626 solem
771 3586 932 3626 suum
957 3573 1091 3629 oriri
1123 3589 1288 3644 super
1322 3575 1496 3630 bonos
1528 3585 1583 3631 et

31 3657 186 3726 malos,
220 3673 269 3718 et
294 3665 428 3735 pluit
471 3681 642 3735 super
677 3666 858 3736 justos
886 3677 940 3723 ct
980 3668 1216 3740 ihjnstos
1250 3670 1471 3743 (Matth.
1503 3672 1578 3742 v),

31 3771 104 3823 per
133 3757 307 3818 Filium
352 3765 478 3837 ejus
526 3766 752 3822 unicum
801 3766 1096 3825 Dominum
1144 3780 1427 3840 nostrum,
1480 3789 1576 3844 qui

30 3861 127 3904 cum
159 3868 218 3910 eo
247 3857 394 3927 vivit,
433 3867 548 3917 etc.

737 3952 824 4008 IV.

317 4059 497 4100 εειιιιο
537 4059 590 4098 IN
623 4061 800 4100 EADCI
837 4061 1232 4104 SOLENNITATB.

85 4131 214 4189 Dixit
248 4136 400 4194 Iesus
430 4139 604 4194 turbis
633 4139 948 4196 Judatorum
975 4158 994 4196 :
1016 4141 1153 4198 Ecce
1191 4163 1284 4216 ego
1319 4146 1476 4200 mitto
1507 4147 1577 4202 ad

29 4237 98 4274 ros
118 4229 395 4299 prophetas,
425 4240 478 4286 et
512 4233 798 4303 sapientes,
827 4244 879 4288 et
914 4237 1138 4303 scribas,
1171 4248 1220 4292 e:
1261 4254 1326 4292 ea:
1351 4239 1461 4292 illis
1491 4256 1579 4294 oc-

30 4315 200 4386 ridetis,
235 4325 575 4396 cruciﬁgetis,
620 4334 669 4380 et
707 4327 1054 4398 ﬂagellabitis
1091 4331 1146 4384 in
1180 4334 1462 4403 synagogis
1495 4350 1579 4388 ve-

30 4411 147 4477 stris,
175 4424 218 4467 et
238 4420 615 4490 persequamini
644 4421 708 4474 de
733 4423 946 4476 civitate
975 4426 1029 4477 in
1059 4426 1325 4480 civitatem
1355 4427 1573 4500 (Matth.

30 4505 186 4590 ιιιιι),
227 4517 278 4563 et
321 4513 480 4583 reliq.
533 4510 592 4566 lu
637 4513 739 4570 hac
775 4517 949 4571 sancti
996 4515 1271 4590 Evangelii
1319 4521 1570 4590 lectione,

27 4587 192 4652 fratres
235 4600 543 4658 charissimi
569 4646 585 4671 ,
636 4608 990 4678 conqueritur
1035 4587 1303 4667 Dominus
1341 4587 1574 4670 Redcm;
1606 4633 1652 4688 ι)

31 4692 128 4748 ptor
155 4701 323 4747 noeter
357 4695 424 4750 de
461 4693 774 4751 Judaeorum
803 4709 1076 4756 eteorum
1113 4703 1375 4760 similium
1412 4708 1568 4762 duri-

29 4774 88 4872 tia
117 4787 160 4831 et
187 4788 556 4854 perversitate;
603 4789 734 4845 facit
767 4790 931 4862 igitur
954 4793 1057 4848 tria
1084 4813 1096 4849 :
1123 4795 1371 4854 Ostendit
1400 4816 1569 4872 quam

28 4863 178 4964 bonus
215 4874 322 4944 ipse
359 4879 524 4935 fuerit
558 4897 686 4953 erga
729 4883 974 4955 Iudaeos,
1025 4899 1078 4944 et
1117 4907 1282 4962 quam
1328 4863 1572 4964 perversi

30 4955 171 5018 Judaei
196 4967 384 5028 fuerint
410 4986 602 5031 eorrtra
627 4976 932 5050 Christum,
959 4992 1013 5038 et
1038 4955 1244 5055 quanta
1268 4955 1408 5044 ultio
1431 5005 1570 5046 ven-

30 5057 130 5108 tura
156 5058 219 5112 sit
243 5077 400 5133 super
431 5067 600 5136 ipsos.
639 5067 812 5126 Porro
842 5089 1007 5144 quam
1041 5075 1222 5134 bonus
1261 5079 1378 5150 ipse
1405 5080 1574 5137 fuerit

31 5157 134 5235 erga
156 5147 375 5224 Iudaeos,
409 5161 674 5229 ostendit;
701 5172 755 5218 et
777 5176 980 5235 quanta
1010 5147 1390 5229 beneficia'eis
1424 5176 1576 5231 exhi-

32 5232 180 5295 buerit
218 5256 266 5301 et
309 5252 525 5320 qualem
574 5232 827 5312 affectum
891 5275 1020 5332 erga
1081 5263 1234 5334 ipsos
1281 5266 1572 5338 habuerit,

34 5335 251 5422 ostendit.
287 5339 524 5400 Primum
560 5347 726 5420 igitur
755 5363 957 5422 quanta
993 5354 1258 5414 beneﬁcia
1293 5361 1374 5417 eis
1411 5335 1572 5418 exiti;

32 5416 199 5522 luxerit,
225 5447 517 5506 enumerat,
548 5457 673 5496 cum
715 5443 847 5500 dicit
873 5464 886 5500 :
914 5446 1049 5504 Ecce
1079 5467 1171 5522 ego
1207 5454 1360 5508 mitto
1385 5457 1458 5510 ad
1486 5475 1573 5514 ros

34 5517 292 5619 prophetas,
312 5537 362 5582 et
385 5533 661 5602 sapientes,
680 5544 730 5590 et
758 5536 981 5596 scribas.
1004 5517 1272 5602 Beneficia
1300 5549 1574 5619 siquidem

37 5609 332 5714 temporalia,
378 5623 428 5678 id
470 5635 554 5682 est
595 5643 718 5698 quae
751 5629 956 5688 Iudaeis
1009 5636 1276 5708 exhibuit,
1308 5609 1571 5714 tanquam

36 5708 170 5801 parva
189 5717 610 5788 praetermittens,
638 5722 754 5777 sola
780 5725 1085 5795 spiritualia
1115 5743 1354 5801 enarrat,
1385 5708 1574 5793 osten-

37 5787 148 5848 dens
171 5813 223 5854 se
246 5802 483 5868 doctores
517 5821 572 5869 et
609 5825 858 5886 pastores
885 5835 1101 5894 semper
1131 5826 1348 5884 mittere
1373 5832 1440 5886 ad
1473 5849 1568 5889 eo-

37 5893 140 5941 rum
167 5902 534 5965 correctionem
560 5917 613 5964 et
641 5912 1001 5972 eruditionem
1031 5918 1390 5990 spiritualem.
1423 5925 1571 5984 Misit

1689 1983 1841 2039 duxi.
1859 1984 2018 2041 Volui
2039 1986 2242 2057 quippe
2259 1987 2399 2044 ﬁlios
2422 1997 2546 2044 tuos
2570 2005 2923 2062 congregare,
2947 1993 2994 2048 si
3017 2002 3073 2048 tu
3091 1995 3289 2060 velles;

1690 2078 1784 2133 sed
1813 2087 1872 2134 tu
1898 2079 2140 2146 noluisti,
2161 2091 2214 2135 et
2236 2080 2356 2136 ideo
2375 2097 2482 2136 non
2511 2084 2857 2154 congregavi.
2873 2083 3029 2152 Quod
3053 2087 3100 2143 si
3125 2104 3316 2158 quem,

1689 2169 1926 2225 filiorum
1964 2181 2184 2228 tuorum
2215 2174 2563 2244 congregavi,
2596 2183 2646 2230 te
2669 2176 2909 2242 nolente,
2939 2180 3288 2250 congregavi.

1689 2258 1786 2316 Est
1815 2260 2232 2329 autem,fratres
2261 2263 2390 2330 mei,
2408 2278 2759 2335 congregare,
2773 2263 2869 2319 Dei
2897 2275 2951 2320 et
2977 2267 3288 2326 div;norum

1687 2351 1996 2421 hominum,
2045 2355 2190 2410 sicut
2227 2354 2561 2428 dispergere,
2592 2364 2678 2413 est
2709 2357 2912 2413 diaboli
2961 2367 3016 2414 et
3047 2360 3286 2416 diaboli-

1687 2458 1878 2500 eorum
1915 2446 2224 2501 hominum.
2263 2445 2417 2502 Unde
2447 2446 2755 2506 Dominus:
2787 2469 2805 2502 ι
2842 2449 2946 2518 Qui
2977 2469 3086 2508 non
3127 2453 3286 2508 colli-

1687 2534 1782 2606 git,
1835 2535 2034 2606 inquit,
2089 2553 2330 2604 mecum,
2377 2537 2643 2610 dispergit
2667 2539 2910 2611 (Matt/1.,
2943 2544 3108 2615 xu)»
3141 2543 3290 2602 Deus

1686 2627 1892 2698 colligit
1921 2628 2174 2684 homines
2203 2629 2258 2684 in
2287 2629 2546 2686 virtutem
2577 2631 2724 2700 fidei,
2755 2635 2869 2704 spei
2897 2645 2952 2690 et
2976 2636 3285 2704 charitatis,

1686 2727 1742 2773 et
1769 2719 1837 2774 ad
1872 2719 2124 2775 ultimum
2155 2722 2208 2777 in
2250 2721 2512 2778 unionem
2539 2724 2739 2780 divinae
2766 2727 2998 2784 visionis
3030 2737 3083 2784 ct
3110 2729 3282 2800 pacis.

1686 2809 1754 2865 Et
1807 2821 2031 2868 econtra
2056 2815 2308 2872 diabolus
2335 2817 2600 2891 dispergit
2627 2818 2902 2888 homines,
2933 2835 3033 2891 per
3065 2837 3286 2878 errores

1686 2903 2029 2971 idololatriae,
2091 2906 2536 2977 diﬂldentiarum,
2575 2909 2850 2977 odiorum,
2882 2911 3284 2970 discordiarum

1683 3003 1740 3052 et
1785 2995 2248 3068 inquietudinum.
2307 2998 2788 3071 Quemadmodum,
2832 3002 3030 3073 inquit,
3079 3004 3283 3074 gallina

1685 3100 1967 3160 congregat
1993 3089 2172 3160 pullos
2202 3105 2324 3145 suos
2352 3091 2448 3146 sub
2493 3093 2632 3150 alas.
2661 3093 2875 3150 Gallina
2899 3094 3018 3151 avis
3039 3105 3126 3152 est
3147 3097 3282 3152 affe-

1685 3182 2036 3237 ctuosissima
2066 3192 2122 3238 et
2148 3183 2400 3253 piissima
2436 3185 2490 3239 in
2525 3178 2704 3256 pullos
2751 3203 2920 3256 suos;
2955 3189 3028 3243 ita
3068 3199 3126 3245 ut
3169 3207 3286 3262 pra:

1685 3288 1874 3329 amore
1898 3289 2060 3345 quem
2095 3274 2260 3331 habet
2294 3276 2350 3330 in
2399 3293 2496 3333 eos
2530 3277 2873 3346 inlirmetur;
2909 3290 2964 3336 et
2991 3297 3126 3337 voce
3156 3299 3282 3338 ran-

1685 3373 1935 3422 ceseenle
1959 3367 2041 3422 eis
2067 3367 2435 3436 conformata,
2481 3385 2578 3424 eos
2626 3382 2912 3440 convocat,
2946 3383 3006 3429 ut
3034 3375 3138 3430 sub
3167 3377 3287 3434 alas

1684 3466 1996 3529 congreget,
2019 3466 2073 3512 et
2099 3473 2129 3512 a
2154 3459 2321 3514 milvo
2338 3475 2396 3514 se
2411 3463 2737 3531 opponendo
2766 3478 2862 3519 eos
2889 3464 3151 3522 defcnset.
3167 3465 3280 3538 Sic,

1682 3543 1882 3602 fratres
1911 3547 2039 3614 mei,
2069 3545 2334 3604 Dominus
2361 3558 2416 3604 ct
2442 3548 2774 3622 Redemptor
2803 3563 2991 3610 noster
3019 3555 3282 3614 affectuo-

1682 3637 1940 3694 sissimus
1961 3648 2015 3694 et
2043 3638 2330 3709 piissimus
2357 3651 2462 3710 cst,
2494 3658 2601 3698 non
2627 3644 2808 3700 solum
2835 3644 2888 3700 in
2915 3644 3158 3716 Judzeos,
3179 3651 3278 3708 sed

1681 3737 1737 3784 et
1763 3729 1818 3784 iu
1847 3743 2039 3786 omnes
2066 3730 2340 3800 homines,
2384 3749 2524 3804 quos
2553 3736 2621 3791 ad
2651 3736 2946 3808 imaginem
2991 3747 3048 3795 et
3085 3740 3281 3798 simili-

1681 3819 1923 3876 tudinem
1957 3821 2284 3892 procreavit,
2312 3822 2386 3878 ita
2409 3825 2555 3894 quod
2589 3845 2608 3878 ι
2633 3837 2855 3898 propter
2873 3829 3111 3886 nimiam
3141 3833 3278 3889 cha-

1687 3911 1919 3980 ritatem,
1943 3927 2051 3984 qua
2078 3913 2270 3970 dilexit
2310 3930 2415 3972 nos
2438 3915 2680 3989 (Ep/res,
2710 3921 2794 3991 ιι),
2829 3939 2847 3973 ι
2903 3923 3279 3982 infirmitatem

1683 4010 1927 4058 nostram
1971 4009 2294 4078 assumpsit,
2324 4027 2456 4066 voce
2486 4014 2894 4082 praedicationis
2920 4032 3035 4073 sua:
3075 4030 3280 4078 nostra:

1681 4096 1970 4164 capacitati
2018 4098 2382 4168 conformata,
2429 4120 2530 4160 nos
2567 4108 2967 4176 convocaverit,
3007 4125 3116 4166 non
3144 4111 3277 4181 alta,

1681 4187 1775 4240 sed
1815 4187 2110 4258 simplicia,
2159 4200 2214 4246 et
2249 4191 2483 4267 simplici
2515 4209 2650 4251 voce
2679 4198 2840 4256 nobis
2885 4199 3140 4272 loquens,
3171 4205 3280 4260 sub

1679 4278 1798 4334 alas
1830 4280 2180 4338 brachiorum
2222 4299 2449 4340 suorum
2486 4286 2542 4342 in
2595 4304 2758 4345 cruce
2788 4301 3144 4351 ostensurum
3175 4312 3284 4354 nos

1679 4372 1845 4426 traxit
1871 4381 1926 4428 et
1966 4378 2321 4448 congregavit
2342 4377 2500 4448 juxta
2536 4381 2682 4450 quod
2731 4383 2846 4453 ipse
2889 4385 3066 4442 dixit:
3097 4387 3278 4446 «Cum

1677 4463 1948 4520 exaltatus
1975 4462 2134 4520 fuero
2163 4482 2194 4521 a
2225 4475 2391 4535 terra,
2435 4470 2621 4526 omnia
2653 4473 2867 4530 traham
2907 4477 2978 4532 ad
3001 4479 3276 4549 meipsum

1679 4552 1891 4626 (leam,
1921 4556 2044 4627 xu),
2077 4575 2096 4610 ι
2129 4567 2184 4613 et
2218 4573 2278 4614 se
2295 4574 2396 4630 pro
2423 4562 2581 4619 nobis
2603 4565 2765 4620 morti
2790 4569 3142 4638 opponendo,
3171 4586 3282 4628 nos

1677 4663 1710 4703 a
1749 4646 2001 4706 faucibus
2029 4649 2234 4707 diaboli
2283 4661 2536 4724 potenter
2575 4657 2858 4728 eripuerit.
2901 4659 3059 4728 Ecce,
3085 4661 3278 4732 frater,

1678 4754 1844 4810 quam
1873 4739 2215 4800 admirabilis
2261 4753 2317 4800 et
2364 4745 2663 4803 aﬂ'ectuosa
2707 4758 2791 4805 est
2815 4752 3059 4810 charitas
3089 4754 3187 4812 Dei
3217 4757 3272 4813 in

1679 4831 1955 4900 homines,
1979 4841 2033 4888 et
2059 4849 2231 4906 quare
2251 4853 2354 4894 nos
2378 4855 2572 4894 sumus
2594 4841 2880 4899 aﬂ’ectuosi
2901 4845 2971 4902 ad
2992 4862 3120 4904 eum
3145 4850 3244 4906 dili
3264 4879 3278 4892 -

1679 4923 1936 4993 gendum.
1967 4924 2152 4993 Quare
2202 4939 2388 4986 tantus
2437 4947 2593 4987 amor
2627 4941 2684 4988 et
2730 4942 2882 4992 tanta
2928 4937 3274 5010 beneficia,a

1639 5029 1654 5046 ·
1678 5024 1833 5070 tanto
1868 5018 2029 5076 nobis
2065 5022 2294 5078 tantillis
2315 5024 2580 5094 exhibita,
2611 5042 2712 5083 nos
2747 5043 2856 5084 non
2885 5043 3185 5100 provocant
3203 5036 3273 5094 ad

1676 5121 1803 5160 eum
1853 5111 2286 5168 redamandum?
2342 5112 2520 5181 Quam
2585 5119 2831 5187 perversi
2879 5136 3011 5179 vero
3048 5135 3277 5184 econtra

1677 5192 1850 5251 Judaei
1879 5208 1932 5254 et
1962 5199 2155 5256 eorum
2186 5203 2396 5260 similes
2427 5204 2632 5262 fuerint
2665 5208 2720 5265 in
2751 5209 2926 5268 Deum
2967 5223 3021 5270 et
3051 5215 3105 5271 in
3146 5232 3277 5274 san-

1677 5290 1797 5340 ctos
1827 5301 1958 5344 suos
2005 5293 2244 5349 ostendit
2290 5293 2578 5364 Dominus,
2631 5315 2757 5357 cum
2803 5302 3074 5362 dicitzEt
3107 5310 3278 5366 amcis

1678 5376 1951 5446 occidetis,
1987 5390 2038 5434 et
2080 5387 2401 5458 cruciﬁgetis
2436 5399 2486 5445 et
2531 5392 2880 5463 ﬂagellabitis
2904 5397 2960 5453 in
2989 5404 3278 5476 synagogis

1678 5470 1886 5525 vestris.
1914 5470 2161 5542 Quorum
2187 5479 2452 5537 malitiam
2474 5492 2536 5539 ut
2560 5487 2738 5558 magis
2759 5470 3072 5564 exaggeret,
3097 5470 3273 5568 repel-

1675 5559 1758 5629 lit,
1773 5567 2175 5638 apostrophans
2189 5585 2248 5626 se
2263 5571 2330 5627 ad
2341 5571 2647 5632 Jerusalem
2665 5594 2735 5635 ex
2749 5559 2911 5640 malis
2919 5559 3226 5654 collectam,
3239 5604 3272 5643 e

1677 5657 2043 5726 geminatione
2055 5661 2594 5740 dicenszlerusalem,
2605 5670 2925 5744 Jerusalem,
2937 5693 3058 5749 quae
3073 5680 3274 5735 occidis

1674 5749 1972 5820 prophetas,
1997 5763 2046 5808 et
2067 5754 2279 5826 lapidas
2302 5775 2389 5814 eos
2409 5763 2501 5832 qui
2522 5765 2592 5818 ad
2611 5775 2659 5820 te
2675 5767 2826 5822 missi
2841 5777 2964 5823 sunt
2978 5770 3000 5822 .’
3009 5769 3270 5844 Magnum

1675 5852 1796 5899 erat
1822 5856 2128 5918 peceatum,
2157 5849 2356 5909 fratres
2398 5857 2526 5923 mei,
2559 5873 2606 5915 si
2637 5866 2706 5916 ad
2741 5875 2801 5916 se
2839 5864 3041 5921 missos
3070 5865 3274 5936 praedi-

1674 5945 1910 6008 calores,
1947 5941 2030 5997 vel
2069 5958 2178 5999 non
2223 5947 2497 6020 audirent,
2529 5951 2612 6006 vel
2653 5953 2870 6010 auditos
2915 5965 3273 6017 contemnere
