3832 6314
531 394 670 452 1315

1807 383 2158 443 RADULPHI
2199 388 2550 446 ARDENTIS

3623 397 3729 454 i316

527 507 848 565 voluissent.
913 501 1072 559 Nunc
1128 515 1256 556 vero
1300 506 1680 555 consummata
1733 510 1817 554 est
1868 501 2073 555 malitia
2096 541 2112 567 ,
2147 507 2188 562 Α
2218 501 2313 571 qui
2335 501 2667 572 participant
2690 501 2747 555 in
2783 499 2966 572 culpa,
2989 497 3322 572 participem
3342 500 3396 557 in
3416 514 3576 572 pinna.
3599 505 3728 565 ιιιᾱεί

526 601 688 670 cujus
710 607 765 654 et
804 613 919 651 sua:
945 595 1140 651 salutis
1169 592 1450 647 ministros
1478 591 1748 659 persecuti
1777 601 1906 646 sunt
1927 600 1981 646 et
2016 606 2115 646 oc-

527 691 806 756 ciderunt;
855 687 1142 742 reddentes
1182 683 1261 738 eis
1294 681 1438 736 mala
1470 696 1570 751 pro
1611 681 1794 747 bonis,
1821 698 1932 752 qua
1957 682 2118 736 retri-

529 783 753 838 butione
782 778 930 835 nulla
955 787 1040 833 est
1061 776 1230 846 pejor.
1265 773 1348 828 llli
1387 773 1590 843 quippe
1617 772 1836 829 Judzeos
1867 774 1936 829 ad
1969 775 2119 828 salu-

530 884 642 931 tem
671 874 796 930 vita:
816 882 1031 928 aeternae
1051 869 1345 934 vocabant;
1376 876 1431 921 et
1463 866 1586 922 ideo
1617 865 1792 923 Judaei
1828 867 1950 924 illos
1973 869 2122 924 occi—

529 977 744 1025 derunt.
790 966 870 1020 Illi
895 964 1114 1019 Judzeos
1141 961 1208 1016 ad
1237 961 1652 1032 castigationem
1681 970 1735 1016 et
1763 962 2118 1018 castiﬁcatio-

530 1077 653 1115 nem
683 1057 932 1127 corporis
955 1055 1041 1110 sui
1072 1054 1388 1119 monebant,
1415 1060 1470 1107 et
1497 1053 1619 1108 ideo
1647 1051 1820 1108 Judaei
1845 1054 1972 1108 illos
1999 1069 2122 1109 cru—

528 1148 836 1204 ciﬁxerunt.
865 1144 944 1197 Illi
960 1143 1180 1198 Judteos
1204 1143 1570 1213 corrigebant,
1584 1152 1638 1197 et
1662 1143 1784 1198 ideo
1808 1142 2122 1200 illosJudaei

527 1240 950 1310 ﬁagellaverunt.
976 1237 1032 1292 in
1062 1248 1287 1306 paterno
1307 1237 1501 1292 aﬁ'ectu
1527 1246 1780 1291 naturam
1803 1236 2124 1292 Judzeorum

526 1333 847 1402 diligebant,
895 1339 949 1386 et
989 1331 1120 1384 vitia
1156 1345 1348 1384 eorum
1389 1330 1884 1399 persequebantur,
1915 1338 1970 1383 et
1997 1329 2120 1383 ideo

525 1423 698 1481 Judaei
739 1426 862 1480 illos
894 1423 1164 1494 persecuti
1209 1433 1338 1478 sunt
1368 1425 1434 1478 de
1478 1424 1696 1478 civitate
1728 1425 1781 1478 in
1813 1424 2118 1480 civitatem.

527 1519 606 1574 llli
637 1519 802 1574 verba
823 1518 946 1572 vitae
967 1516 1169 1573 Judaeis
1190 1517 1526 1586 jaeulabant,
1556 1526 1610 1570 et
1633 1516 1754 1570 ideo
1783 1515 1956 1571 Judaei
1989 1517 2114 1572 illos

527 1611 924 1682 lapidaverunt.
957 1607 1287 1664 Occiderunt
1315 1608 1585 1679 siquidem
1631 1606 1900 1662 Joannem
1934 1607 2123 1677 Bapti-

527 1712 690 1770 stam,
703 1701 793 1759 etJ
803 1702 1034 1756 seobum
1057 1699 1339 1770 Majorem,
1357 1708 1411 1754 et
1422 1699 1684 1754 Minorem
1701 1717 1715 1765 ;
1732 1699 2126 1754 cruciﬁxerunt

529 1794 750 1860 Petrum
782 1803 838 1849 et
875 1793 1182 1859 Andream;
1225 1793 1634 1864 ﬁagellaveruut
1671 1792 1958 1848 duodecim
1991 1808 2124 1864 apo-

2221 603 2403 648 autem
2439 608 2550 648 non
2575 593 2755 648 solum
2781 594 3076 649 sceleratos
3099 593 3300 649 imitati
3334 603 3474 662 sunt,
3506 595 3587 650 sed
3605 598 3734 657 etiam

2202 695 2636 762 superaverunt.
2673 685 2754 741 llli
2794 687 2941 742 enim
2965 687 3283 758 prophetas,
3315 689 3403 743 isti
3431 689 3577 746 etiam
3595 690 3739 752 Domb.

2220 795 2352 834 num
2403 781 2794 850 prophetarum
2859 780 3201 836 occiderunt.
3254 779 3436 847 Quare
3492 782 3659 838 dixerit
3688 782 3736 840 sb

2219 871 2372 938 Abel,
2412 887 2520 926 non
2547 882 2630 928 est
2659 873 2883 941 mirum,
2913 874 3177 944 quoniam
3208 873 3326 944 ipse
3352 873 3551 943 primus
3571 887 3740 934 sancta

2221 963 2440 1020 occisus
2469 973 2572 1020 est.
2610 962 2716 1020 Sed
2767 981 2960 1036 quare,
3005 965 3101 1033 ait,
3145 983 3312 1037 usque
3350 968 3420 1021 ad
3467 965 3737 1038 Zachariam,

2222 1072 2348 1111 cum
2375 1056 2527 1112 multi
2564 1057 2738 1115 sancti
2769 1067 2895 1128 post
2929 1074 3054 1113 eum
3090 1059 3260 1114 occisi
3289 1060 3432 1114 sint?
3461 1059 3556 1115 Sed
3577 1078 3654 1132 per
3668 1064 3741 1119 hos

2223 1146 2362 1202 duos
2397 1147 2775 1219 signiﬁcantur
2813 1149 2925 1203 duo
2951 1165 3148 1220 genera
3188 1159 3510 1221 martyrum.
3551 1151 3743 1209 PerAlael

2223 1237 2444 1306 quippe,
2469 1237 2565 1306 qui
2605 1238 2655 1291 in
2699 1253 2831 1308 agro
2859 1239 3079 1294 occisus
3102 1247 3209 1304 est,
3246 1239 3576 1311 signiﬁcatur
3595 1253 3744 1314 marty-

2223 1330 2366 1383 rium
2397 1329 2685 1384 laicorum.
2713 1328 2816 1385 Per
2844 1329 3166 1385 Zachariam
3188 1345 3322 1386 vero
3347 1330 3744 1403 sacerdotem,qui

2225 1419 2368 1474 inter
2417 1421 2678 1491 templum
2719 1431 2774 1476 et
2823 1421 2996 1476 altare
3053 1421 3277 1477 occisus
3329 1431 3436 1488 est,
3482 1421 3746 1494 signiﬁutnr

2223 1515 2548 1585 martyrium
2589 1516 3090 1572 ecclesiasticarum
3124 1529 3514 1585 personarum,
3563 1531 3616 1570 ac
3636 1516 3670 1570 si
3689 1516 3747 1570 di-

2227 1617 2315 1663 cat
2341 1625 2354 1662 :
2380 1605 2453 1662 Ut
2483 1608 2667 1664 omnis
2701 1608 2947 1679 sanguis,
2981 1617 3090 1663 tam
3135 1608 3406 1664 laicarum
3441 1622 3593 1678 quam
3621 1608 3749 1663 eccle-

2227 1699 2574 1756 siasticarum
2621 1716 3006 1771 personarum,
3030 1699 3216 1756 veniat
3263 1715 3431 1770 super
3475 1714 3584 1754 vos.
3614 1699 3751 1767 Am,

2227 1791 2348 1845 dico
2394 1793 2568 1860 vobis,
2618 1793 2956 1848 venientharc
3006 1792 3189 1846 omnia
3237 1808 3397 1862 super
3438 1792 3754 1862 generatimst

528 1887 721 1953 stolos,
752 1885 973 1956 quando
1007 1903 1026 1936 ‹
1047 1885 1196 1939 ibant
1235 1883 1536 1954 gaudentes
1584 1899 1616 1938 a
1657 1892 1954 1953 conspectu
1986 1898 2122 1938 con-
2153 1877 2196 1932 Β
2223 1885 2403 1940 istam.
2431 1884 2553 1940 Non
2577 1886 2850 1957 signiﬁcat
2875 1885 2966 1942 bis
2987 1885 3169 1941 verbis
3199 1885 3598 1956 generationem
3616 1899 3754 1938 exso-

529 1979 665 2046 cilii,
726 1977 990 2049 quoniam
1033 1977 1181 2046 digni
1221 1975 1389 2030 habiti
1421 1984 1550 2030 sunt
1591 1989 1692 2046 pro
1736 1975 1958 2029 nomine
1986 1973 2119 2030 Jesu

527 2069 917 2125 contumeliam
939 2067 1050 2137 pati
1075 2067 1217 2133 (Act.
1247 2068 1321 2137 v).
1359 2085 1378 2117 ι
1428 2065 1704 2122 Persecuti
1730 2077 1858 2122 sunt
1902 2076 1957 2122 et
2001 2067 2124 2122 illos

529 2163 596 2218 de
645 2162 861 2217 civitate
904 2162 958 2215 in
998 2161 1297 2226 civitatem,
1345 2168 1405 2214 ut
1432 2159 1647 2230 expulsi
1678 2161 1828 2230 juste
1869 2159 1936 2214 ad
1983 2176 2124 2230 quos

530 2256 846 2327 migrarent.
883 2255 1290 2326 Lapidaverunt
1315 2269 1538 2324 quoque
1573 2253 1936 2325 Stephanum,
1965 2255 2124 2326 cujus

529 2349 690 2406 hodie
728 2349 1069 2404 celebramus
1121 2347 1548 2403 solemnitatem.
1601 2347 1670 2402 Et
1713 2349 1870 2404 multi
1900 2349 2124 2420 quidem

529 2443 690 2498 hodie
716 2441 1031 2496 Judteorum
1069 2440 1335 2495 malitiam
1373 2448 1752 2508 exsecrantur,
1797 2441 1892 2511 qui
1939 2449 2124 2496 tamen

529 2549 623 2591 eos
658 2535 964 2590 imitantur.
1016 2532 1306 2587 Imitantur
1348 2534 1496 2589 enim
1546 2531 1766 2588 Judaeos
1808 2534 2125 2604 quicunque

529 2628 932 2698 praedicatores,
956 2625 1041 2681 vel
1068 2626 1383 2697 magistros,
1413 2625 1498 2680 vel
1521 2613 1824 2681 monitores
1843 2641 1976 2681 suos
2002 2642 2125 2696 per-

529 2727 856 2791 sequuntur,
882 2720 1075 2790 quales
1100 2719 1263 2774 hodie
1291 2717 1458 2788 (unde
1487 2718 1663 2790 magis
1692 2717 1986 2774 dolendum
2017 2718 2123 2788 est)

529 2820 670 2868 Intra
697 2820 945 2867 sanetam
983 2801 1288 2866 Ecclesiam
1330 2820 1458 2866 sunt
1485 2811 1664 2878 multi,
1709 2811 1826 2881 qui,
1871 2811 2125 2882 quamvis

530 2903 914 2973 praedicatores
952 2911 1007 2957 et
1049 2912 1301 2972 pastores
1344 2917 1475 2957 suos
1517 2897 1699 2974 gladio
1731 2918 1839 2956 non
1873 2902 2127 2958 occidant

531 2996 663 3064 (non
685 2995 832 3050 enim
863 2995 1107 3065 audent),
1145 3002 1329 3048 tamen
1359 2993 1538 3065 gladio
1568 2993 1728 3048 malae
1754 2993 2052 3049 voluntatis
2073 3001 2128 3049 et

532 3087 730 3156 linguae
756 3095 809 3140 et
832 3086 1158 3156 injuriarum
1188 3101 1285 3142 eos
1309 3085 1588 3154 occidunt,
1620 3085 1750 3140 dum
1774 3101 1871 3140 eos
1901 3086 2120 3154 odiunt,

533 3181 659 3236 dum
692 3181 772 3237 eis
809 3181 1124 3246 detrahunt,
1159 3180 1444 3235 diﬁamant
1479 3188 1533 3234 et
1584 3179 1944 3235 contumelias
1979 3178 2123 3234 infe-

533 3282 680 3340 runt,
714 3289 767 3329 et
797 3273 929 3328 dum
971 3273 1053 3330 eis
1091 3273 1518 3344 inquietationes
1545 3282 1599 3328 et
1625 3274 1823 3328 damna
1859 3273 2124 3344 irrogant,

532 3378 641 3418 non
672 3365 1013 3420 attendentes
1045 3365 1329 3434 quoniam,
1361 3365 1760 3436 qualiscunque
1804 3363 1875 3419 sit
1923 3364 2129 3420 missus

531 3457 624 3531 qui
661 3457 959 3513 inhonorat
1001 3457 1256 3523 missum,
1292 3457 1587 3512 inhonorat
1616 3457 1944 3522 mittentem,
1987 3471 2128 3525 quo-

532 3550 704 3617 niam,
735 3549 840 3606 etsi
871 3548 1078 3603 missus
1115 3547 1262 3603 in°se
1295 3547 1638 3603 honorabilis
1669 3562 1780 3601 non
1809 3555 1912 3613 est,
1946 3553 2129 3601 tamen

532 3649 752 3714 propter
786 3639 979 3707 Deum,
1014 3639 1126 3693 imo
1162 3638 1306 3694 Deus
1336 3639 1390 3693 in
1418 3655 1482 3694 eo
1518 3639 1894 3694 honorandus.

532 3750 534 3752 '
601 3733 920 3804 Propterea,
953 3729 1150 3786 fratres
1197 3731 1325 3797 mei,
1359 3739 1628 3800 pastores,
1668 3730 2053 3799 praedicatores
2078 3736 2133 3784 et

533 3828 836 3883 munitores
866 3833 1087 3880 nostros
1129 3823 1356 3896 diligite,
1405 3824 1675 3879 honorate
1706 3833 1760 3878 et
1793 3823 1996 3879 audite.
2026 3823 2132 3890 Qui

533 3918 580 3977 si
601 3918 764 3990 digne
793 3931 902 3972 nos-
921 3915 1224 3987 corrigunt,
1262 3916 1422 3971 nobis
1455 3925 1718 3986 prosunt;
1748 3917 1794 3971 si
1827 3925 2010 3971 autem
2048 3917 2133 3970 in-

442 4085 447 4090 ,
533 4010 717 4082 digne,
741 4009 1088 4064 attendamus
1128 4007 1393 4078 quoniam
1423 4008 1581 4064 nobis
1607 4009 1870 4078 prodesse
1915 4009 2130 4073 volunt,

533 4109 588 4155 et
620 4101 693 4155 ob
731 4101 837 4155 hoc
878 4115 987 4154 non
1031 4099 1276 4165 odiendi,
1317 4099 1413 4154 sed
1457 4100 1633 4170 magis
1677 4099 1936 4172 diligendi
1981 4110 2128 4155 sunt.

533 4193 750 4273 Quanta
804 4203 988 4250 autem
1044 4195 1183 4249 ultio
1229 4202 1464 4249 ventura
1507 4195 1580 4250 sit
1621 4211 1788 4265 super
1837 4194 2056 4251 Judaaos
2080 4204 2135 4250 et

534 4300 725 4340 eorum
752 4285 1077 4350 imitatores,
1107 4285 1348 4340 ostendit
1375 4284 1665 4352 Dominus,
1695 4301 1819 4340 cum
1866 4287 2033 4342 dicit:
2065 4286 2132 4340 Ut

537 4378 710 4432 veniat
758 4377 990 4432 subaudi
1042 4392 1138 4446 per
1191 4377 1581 4442 imitationem,
1627 4393 1785 4446 super
1825 4394 1912 4431 vos
1960 4367 2132 4434 omnis

536 4471 752 4541 sanguis
769 4469 972 4538 justus,
999 4469 1052 4523 id
1086 4478 1170 4524 est
1194 4476 1399 4534 reatus,
1430 4476 1483 4522 et
1509 4468 1644 4522 ultio
1681 4470 1859 4525 omnis
1906 4471 2132 4541 sangui-

2225 1977 2295 2037 lis
2323 1978 2525 2036 Judaeis
2552 1981 2846 2050 perversis,
2879 1978 2974 2049 qui
3017 1987 3149 2034 tunc
3187 1986 3372 2044 erant,
3398 1976 3756 2043 eollectam,sed

2227 2071 2554 2144 generaliter
2602 2071 3009 2142 generationem
3073 2069 3328 2124 omnium
3397 2069 3642 2124 malorum
3681 2069 3755 2138 qui

2227 2164 2471 2230 fuerunt,
2526 2162 2608 2219 vel
2653 2161 2822 2217 futuri
2865 2169 3017 2229 sunt,
3062 2177 3095 2216 a
3139 2161 3416 2232 principio
3456 2177 3613 2231 usque
3647 2159 3757 2214 inﬁ-

2227 2277 2374 2327 nem,
2413 2273 2579 2329 super
2607 2273 2774 2328 quam
2807 2256 2945 2312 ultio
2993 2255 3244 2310 omnium
3274 2255 3542 2311 scelerum
3579 2269 3676 2324 qua:
3711 2255 3753 2307 in

2227 2353 2334 2408 hoc
2377 2350 2582 2406 mundo
2618 2349 2858 2414 fuerint,
2907 2355 3138 2402 ventura
3173 2355 3280 2401 est.
3335 2345 3537 2401 Deinde
3576 2361 3674 2414 qua
3695 2344 3757 2398 ul-

2226 2445 2407 2500 tiones
2455 2457 2621 2514 super
2667 2458 2765 2498 eos
2812 2450 3056 2497 venturae
3091 2440 3224 2504 sint,
3253 2438 3502 2509 exponit,
3529 2453 3636 2492 cum
3665 2437 3762 2491 sub-

2226 2537 2348 2594 dit:
2395 2533 2530 2590 Ecce
2579 2534 2904 2604 relinquetur
2943 2531 3088 2586 vobis
3133 2530 3325 2584 domus
3371 2538 3540 2583 vestra
3581 2529 3760 2582 deserta.

2225 2630 2395 2684 Amen
2419 2629 2539 2683 diro
2574 2627 2718 2681 vobis
2742 2642 2760 2680 :
2788 2624 2911 2680 Non
2939 2640 3018 2679 me
3047 2621 3293 2677 videbitis
3321 2623 3512 2675 antodo
3543 2621 3680 2674 donec
3697 2620 3764 2672 di-

2227 2723 2363 2778 catis
2388 2738 2407 2776 :
2428 2721 2770 2786 Benedictus,
2803 2719 2894 2790 qui
2923 2718 3062 2772 venit
3091 2717 3145 2770 in
3175 2716 3392 2770 nomine
3419 2713 3634 2768 Domini.
3657 2710 3768 2764 Duas

2227 2815 2466 2872 ultiones
2509 2813 2759 2885 praedixit
2794 2828 2958 2883 super
2991 2827 3089 2867 eos
3119 2817 3406 2875 venturas,
3437 2807 3766 2870 descrtionem,

2228 2916 2281 2963 et
2305 2906 2637 2962 visitationis
2677 2903 3131 2960 subtractionem.
3173 2900 3547 2957 Desertionem
3579 2914 3682 2954 cum
3706 2897 3770 2951 di-

2229 3001 2304 3056 cit
2343 3018 2356 3054 :
2399 2999 2534 3054 Ecce
2578 2998 2905 3068 relinquetur
2950 2995 3095 3050 vobis
3144 2994 3335 3048 domus
3383 3002 3550 3048 vestra
3592 2991 3775 3044 deserta.

2228 3090 2400 3148 Porro
2448 3091 2676 3146 domum
2705 3103 2918 3156 eorum,
2949 3087 3035 3142 vel
3073 3086 3336 3156 templum
3363 3127 3378 3152 ,
3428 3085 3512 3139 vel
3551 3082 3774 3138 civitatem

2229 3190 2389 3238 vocat
2414 3180 2742 3246 Jerusalem,
2767 3195 2889 3250 qua:
2917 3194 2947 3232 a
2976 3177 3101 3232 Tito
3127 3187 3182 3233 et
3212 3175 3554 3248 Vespasiano
3579 3173 3779 3244 quadra-

2233 3276 2442 3347 gesimo
2470 3274 2713 3329 secundo
2745 3287 2890 3327 anno
2916 3288 2947 3326 a
2975 3271 3236 3341 passione
3285 3269 3507 3326 Domini
3549 3269 3780 3325 destructa

2232 3377 2364 3423 sunt
2385 3376 2440 3422 et
2467 3366 2731 3432 desolata,
2757 3364 3021 3434 quoniam
3050 3363 3252 3418 audiue
3277 3371 3411 3418 sunt
3432 3362 3672 3432 angelica
3693 3361 3780 3413 vir—

2231 3468 2396 3526 tutes,
2446 3459 2513 3514 de
2558 3457 2761 3527 templo
2783 3457 3084 3512 clamantes
3113 3474 3125 3510 :
3169 3475 3189 3507 α
3219 3453 3596 3511 Transeamus
3629 3455 3686 3509 ab
3717 3454 3786 3507 his

2232 3553 2475 3607 sedibus.
2511 3571 2528 3602 ι
2560 3549 2656 3605 Vel
2689 3550 3055 3621 Synagogam,
3083 3563 3207 3619 quae
3252 3563 3284 3602 a
3312 3546 3430 3604 Deo
3454 3547 3688 3602 derelicta

2231 3653 2455 3716 propter
2503 3652 2725 3714 peccata
2757 3654 2878 3708 sua,
2910 3650 2967 3696 ut
2994 3641 3110 3711 jam
3157 3642 3225 3696 de
3273 3649 3478 3696 caetero
3514 3647 3681 3696 careat
3714 3636 3788 3690 Dei

2233 3736 2426 3807 gratia,
2456 3743 2637 3789 careat
2664 3733 2948 3804 prophetia
2977 3741 3031 3788 et
3061 3732 3346 3798 unctione,
3375 3741 3561 3788 careat
3589 3740 3638 3786 et
3661 3729 3795 3786 sacri-

2233 3828 2376 3884 ﬁcio.
2423 3827 2519 3882 Vel
2561 3827 2726 3882 etiam
2773 3835 2983 3881 mentes
3024 3841 3214 3880 eorum
3248 3841 3377 3896 quae
3402 3841 3434 3880 a
3472 3824 3583 3880 Deo
3609 3825 3796 3880 desertae

2233 3927 2382 3984 sunt,
2414 3927 2466 3974 et
2493 3919 2560 3974 de
2591 3928 2792 3974 caetero
2827 3933 2858 3972 a
2907 3917 3162 3989 malignis
3191 3917 3485 3988 spiritibus
3517 3917 3800 3971 inhabitat:

2235 4022 2383 4069 sunt.
2419 4011 2763 4067 Visitationis
2792 4011 3244 4076 subtractionem,
3281 4027 3412 4065 cum
3449 4010 3800 4068 dicit:Am.

2233 4107 2352 4159 dico
2384 4105 2524 4159 vobis
2551 4147 2566 4171 ,
2615 4121 2720 4158 non
2762 4121 2841 4158 me
2885 4103 3129 4158 videbitis
3174 4105 3390 4157 amodo.
3434 4103 3801 4160 Praecesserat

2234 4196 2504 4266 siquidem
2557 4195 2742 4264 plures
2791 4192 3107 4248 Judaaorum
3145 4192 3498 4264 captivitates
3544 4209 3635 4264 per
3684 4208 3810 4262 quas.

2233 4287 2675 4357 visitaverateos
2702 4283 2984 4350 Dominus,
3016 4293 3071 4338 et
3093 4283 3148 4336 in
3175 4293 3382 4337 terram
3409 4299 3568 4338 suam
3592 4298 3678 4353 per
3698 4296 3788 4351 pro

2235 4378 2430 4447 phetas
2475 4384 2528 4431 et
2567 4375 2820 4430 doctores
2860 4371 3174 4439 reduxerat,
3226 4373 3321 4427 sed
3367 4389 3466 4443 per
3494 4374 3632 4428 hanc
3653 4383 3816 4428 extre

2236 4485 2382 4524 mam
2417 4469 2785 4539 captivitatem
2815 4483 2911 4523 eos
2939 4467 3184 4532 visitare,
3231 4466 3315 4520 vel
3351 4467 3404 4519 in
3437 4476 3640 4520 terram
3674 4479 3822 4520 suam

537 4559 624 4616 nis
671 4559 827 4629 justi,
873 4559 964 4630 qui
999 4558 1197 4627 e/fusus
1228 4567 1306 4610 est
1351 4572 1508 4626 super
1555 4567 1772 4625 terram,
1813 4576 1844 4612 a
1875 4562 2133 4630 sanguine
2161 4599 2210 4658 ο
2237 4567 2494 4620 reducere
2525 4578 2621 4620 eos
2648 4563 2848 4629 voluit,
2885 4577 2949 4616 ac
2979 4562 3025 4616 si
3053 4561 3200 4616 dicat
3228 4569 3417 4630 aperte
3449 4577 3463 4614 ε
3489 4560 3689 4615 Αωοάο
3717 4573 3812 4612 nul

537 4651 666 4707 Abel
677 4651 815 4722 justi
844 4667 1005 4723 usque
1037 4651 1107 4704 ad
1135 4650 1448 4720 sanguinem
1473 4648 1775 4715 Zachariae,
1813 4650 1917 4720 ﬁlii
1946 4651 2129 4705 Bara-

536 4750 689 4818 chiw,
722 4765 873 4820 quem
904 4747 1177 4801 occidistis
1211 4745 1350 4798 inter
1376 4747 1626 4815 templum
1655 4755 1704 4799 et
1735 4746 1926 4801 altare.
1977 4745 2132 4803 Sicut

539 4843 803 4913 scriptum
828 4825 1087 4910 estquod
1127 4857 1144 4888 ‹
1175 4846 1328 4906 pater
1357 4852 1464 4890 non
1499 4838 1740 4906 portabit
1784 4837 2129 4909 iniquitatem

538 4935 666 5000 ﬁlii;
689 4944 743 4988 et
765 4934 909 4987 ﬁlius
935 4947 1040 4984 non
1074 4931 1311 5000 portabit
1337 4931 1678 5001 iniquitatem
1710 4932 1880 5001 patris
1908 4930 2124 5003 (Ezec/t.

539 5032 752 5096 xvm)»
789 5023 867 5078 Ita
924 5024 1186 5092 scriptum
1217 5033 1341 5079 est:
1378 5045 1394 5076 ι
1417 5025 1529 5097 Ego
1571 5042 1693 5080 sum
1721 5024 1863 5080 Deus
1905 5027 2126 5094 zelotes,

538 5119 826 5175 vindicans
872 5123 1093 5185 peccata
1136 5124 1424 5185 parentum
1469 5118 1523 5171 in
1565 5119 1706 5174 ﬁlios
1731 5117 1932 5188 (Exod.
1975 5122 2123 5186 ω.»

540 5214 698 5268 Sicut
730 5209 875 5264 enim
901 5224 1090 5263 verum
1125 5217 1210 5265 est
1240 5210 1387 5280 quod
1417 5210 1595 5266 bonus
1624 5221 1779 5280 pater
1806 5227 1916 5266 non
1941 5223 2129 5282 porta-

539 5307 620 5361 bit
659 5314 878 5375 peccata
923 5305 1052 5360 mali
1091 5304 1208 5372 ﬁlii,
1237 5314 1292 5360 et
1329 5305 1509 5360 bonus
1557 5305 1700 5360 ﬁlius
1747 5322 1857 5360 non
1894 5308 2134 5376 portabit

540 5407 758 5469 peccata
800 5399 928 5452 mali
975 5399 1178 5469 patris,
1221 5399 1294 5453 ita
1341 5407 1395 5453 et
1433 5414 1624 5453 verum
1655 5406 1738 5454 est
1773 5400 1920 5469 quod
1952 5401 2131 5457 malus

541 5502 692 5562 pater
721 5491 956 5560 portabit
983 5491 1322 5561 iniquitatem
1348 5490 1443 5544 ﬁlii
1465 5491 1715 5560 exemplo
1739 5507 1839 5546 suo
1861 5493 2126 5563 corrupti,

539 5594 593 5640 et
617 5583 795 5639 malus
821 5583 966 5637 ﬁlius
995 5583 1234 5652 portabit
1269 5583 1611 5652 iniquitatem
1640 5584 1903 5638 imitatam
1934 5586 2123 5655 patris.

539 5675 694 5732 Sicut
716 5676 862 5730 enim
890 5680 1146 5750 parentes
1169 5682 1388 5743 propter
1418 5677 1623 5729 malum
1667 5677 1979 5746 exemplum
2003 5694 2128 5747 par-

538 5768 766 5838 ticipant
813 5767 868 5819 iu
904 5763 1146 5834 peccatis
1172 5765 1439 5831 ﬁliorum,
1470 5769 1543 5821 ita
1580 5768 1676 5821 ﬁlii
1701 5779 1922 5838 propter
1946 5769 2126 5825 imita-

538 5859 740 5914 tiouem
771 5854 1103 5931 participant
1131 5852 1184 5908 in
1216 5859 1451 5925 peccatis
1484 5868 1792 5929 parentum,
1822 5869 1882 5915 ut
1919 5862 2127 5918 scilicet

2233 4657 2469 4712 visitabo
2504 4671 2624 4723 vos,
2660 4669 2839 4724 neque
2869 4669 2964 4724 per
3005 4655 3326 4722 prophetas,
3360 4668 3545 4722 neque
3568 4668 3662 4723 per
3689 4665 3811 4720 pra»

2234 4750 2466 4806 sentiam
2519 4763 2718 4813 meam,
2769 4762 2939 4816 quam
2984 4747 3039 4800 in
3087 4745 3348 4814 proximo
3390 4745 3636 4801 occisuri
3676 4743 3815 4798 estis.

2233 4843 2407 4899 donec
2439 4843 2668 4911 dicatis,
2705 4841 2924 4912 inquit:
2953 4839 3294 4905 Benedictus,
3325 4840 3419 4910 qui
3463 4840 3600 4893 venit
3646 4839 3696 4891 is
3733 4851 3796 4889 II

2235 4939 2373 4991 mine
2401 4935 2639 5000 Domini,
2691 4935 2744 4990 id
2789 4943 2912 5001 est,
2959 4934 3134 4988 donec
3182 4931 3236 4986 in
3286 4931 3540 4986 secundo
3583 4931 3810 4986 adversus

2234 5029 2388 5085 Tunc
2419 5030 2565 5083 enim
2603 5028 2754 5082 illum
2796 5042 2921 5081 cum
2975 5041 3172 5096 magna
3213 5025 3513 5094 majestate
3538 5025 3812 5078 venientem

2238 5125 2304 5178 ad
2333 5123 2622 5192 judicium,
2651 5121 3053 5176 conﬁtebuntur
3077 5118 3346 5185 universi,
3379 5127 3497 5172 tam
3525 5119 3654 5173 boni
3679 5131 3794 5188 qu

2240 5215 2406 5282 mali,
2445 5224 2500 5269 et
2525 5229 2687 5268 omne
2722 5229 2864 5285 genu
2895 5222 3023 5269 ante
3053 5228 3178 5268 cum
3209 5210 3489 5278 ﬂectetur,
3517 5213 3794 5268 ctelestian

2239 5307 2581 5362 terrestrium
2611 5317 2665 5361 et
2695 5305 3036 5362 infernorum
3070 5304 3238 5375 (Phil.
3263 5305 3352 5371 ιι).
3382 5305 3499 5360 Sed
3530 5305 3728 5372 Judaei,
3747 5319 3812 5376 ε’

2238 5399 2303 5454 ad
2336 5399 2778 5470 praedicationem
2809 5399 2940 5455 Elize
2967 5409 3022 5455 et
3058 5397 3172 5454 Noe
3201 5410 3635 5467 convertentur,
3661 5399 3792 5470 sui!

2236 5493 2374 5548 tarie
2407 5504 2462 5548 et
2489 5493 2727 5566 gloriose
2764 5509 2978 5564 semper
3007 5509 3132 5548 cum
3172 5494 3390 5549 caneris
3440 5461 3792 5582 conﬁtebui

2236 5585 2552 5640 Dominum.
2583 5584 2858 5642 lnereduli
2885 5599 3018 5641 vero
3046 5595 3100 5640 et
3126 5586 3351 5656 reprobi
3380 5599 3585 5642 coacte
3615 5596 3676 5642 et
3695 5581 3791 5656 illi

2235 5679 2359 5734 liter
2380 5694 2506 5734 eum
2530 5678 2956 5744 conﬁtebuntur,
2981 5679 3246 5748 quoniam
3271 5681 3536 5750 proderit
3561 5661 3789 5746 nihil

2234 5774 2314 5828 eis
2359 5774 2512 5828 illum
2558 5773 2827 5838 conﬁteri,
2879 5788 3041 5844 quem
3091 5773 3181 5828 hic
3232 5774 3498 5829 conﬁteri
3539 5774 3790 5852 nolud'q

2235 5863 2374 5922 Istas
2400 5881 2619 5938 quoque
2645 5881 2837 5936 ptenas
2869 5875 3139 5922 noverunt
3168 5883 3338 5938 super
3369 5885 3435 5924 se
3467 5877 3790 5934 venturasq
