3832 6314
507 432 646 492 1519

1788 399 2138 460 RADULPHI
2173 393 2524 452 ARDENTIS

3594 393 3698 452 που

505 546 662 604 Unde
681 553 738 600 et
761 541 830 598 de
873 537 1087 611 justitia
1122 532 1358 591 subdens
1380 527 1455 582 ait
1504 543 1518 579 :
1553 522 1622 577 Et
1661 522 1752 593 qui
1789 520 1979 574 timens
2008 526 2086 572 est
2115 522 2160 578 Α
2189 511 2426 567 ofﬁcium
2455 505 2716 580 pastoris,
2745 513 2799 561 et
2842 504 2964 611 sine
3009 518 3121 574 qua
3144 500 3512 558 damnabiliter
3532 519 3701 573 praui.

495 639 749 714 justitiae,
801 608 1144 704 apprehendet
1195 640 1338 688 eam,
1391 619 1442 673 id
1473 624 1557 671 est
1607 612 1955 714 sapientiam.
1988 608 2087 664 Est

505 701 687 786 autem
723 701 940 796 justitia
984 717 1205 774 reddere
1227 709 1519 777 unicuique
1570 701 1716 774 (ιιιυά
1771 715 1931 756 suum
1980 707 2084 766 est,

505 831 568 877 ut
602 791 1080 885 Deo'religiouem,
1125 805 1228 861 sibi
1257 801 1573 873 puritatem,
1622 792 1938 866 parentibus
1987 791 2089 844 ho—

509 927 720 974 norem,
772 880 1073 974 majoribus
1127 891 1517 955 reverentiam,
1563 885 1796 942 subditis
1845 880 2090 950 discipli-

509 1019 658 1068 nam,
689 972 898 1055 afﬂictis
943 985 1373 1046 misericordiam
1397 1024 1410 1048 ,
1450 979 1710 1035 divitibus
1764 972 2090 1030 admonitio-

510 1110 656 1158 nem,
690 1089 848 1146 bonis
878 1083 1194 1146 amicitiam,
1253 1077 1414 1132 malis
1459 1069 1875 1132 correctionem,
1913 1062 2092 1120 omni-

508 1187 612 1240 bus
636 1182 966 1250 aaquitatem.
994 1173 1144 1228 Hanc
1186 1172 1350 1243 igitur
1391 1167 1662 1240 justitiam
1694 1162 1790 1232 qui
1838 1162 1913 1214 ita
1955 1171 2091 1226 ope-

509 1277 661 1330 ribus
715 1271 951 1334 exhibet,
985 1268 1069 1321 vel
1119 1265 1308 1319 saltem
1337 1261 1468 1316 facit
1521 1257 1668 1329 quod
1721 1261 1914 1326 potest,
1965 1265 2086 1305 eam

509 1363 654 1416 intra
676 1376 734 1416 se
757 1358 1061 1422 continens,
1100 1355 1187 1408 ille
1213 1353 1400 1422 utique
1445 1346 1812 1420 apprcheudct
1867 1342 2090 1413 sapien-

511 1455 664 1520 tiam,
696 1468 804 1508 non
842 1449 1051 1506 meritis
1079 1449 1164 1501 vel
1191 1444 1407 1516 ingenio
1440 1458 1559 1507 suo,
1613 1440 1708 1495 sed
1760 1439 1876 1492 sola
1920 1435 2092 1504 ipsius

512 1543 805 1616 Sapientia:
833 1541 1025 1614 gratia.
1059 1538 1213 1594 Unde
1240 1544 1293 1592 et
1323 1535 1601 1590 subditur:
1639 1531 1706 1584 Et
1749 1527 1979 1582 obviabit
2007 1525 2092 1578 illi

512 1637 680 1710 gratis
727 1635 881 1707 quasi
927 1642 1094 1687 mater
1140 1629 1506 1697 honoriﬁcam.
1546 1624 1626 1678 Ad
1679 1618 2090 1676 similitudinem

513 1709 766 1785 videlicet
786 1723 1123 1781 honorabilis
1148 1729 1205 1776 et
1233 1716 1486 1773 amabilis
1530 1712 1743 1776 matris,
1801 1726 1924 1780 qua:
1977 1709 2091 1762 lilio

513 1819 725 1877 sitienti
777 1825 831 1873 et
863 1816 949 1870 lac
983 1812 1247 1884 poscenti,
1273 1823 1381 1862 non
1407 1821 1464 1860 se
1491 1804 1706 1867 avertit,
1759 1802 1853 1856 sed
1913 1799 2097 1870 potius

519 1912 736 1967 obviam
765 1910 814 1964 ei
842 1907 998 1962 offert
1022 1903 1341 1959 mamillam.
1370 1898 1527 1962 Ecce,
1559 1895 1754 1949 fratres
1795 1892 1921 1957 mei,
1951 1891 2094 1956 talis,

521 2005 634 2059 imo
659 2001 836 2071 major
864 2011 945 2053 est
966 1998 1139 2068 pietas
1176 1994 1269 2048 Dei
1304 2006 1432 2061 erga
1465 2003 1594 2054 nos,
1626 1988 1673 2041 si
1702 1985 1796 2038 lilii
1819 1984 1942 2054 ejus
1979 1998 2101 2036 esse

519 2095 794 2150 volumus.
829 2089 984 2144 Unde
1001 2087 1280 2142 Iacobus:
1321 2102 1340 2134 ‹
1379 2080 1436 2136 Si
1471 2080 1615 2150 quis,
1657 2076 1857 2145 inquit,
1901 2073 2104 2142 indiget

522 2184 809 2257 sapientia,
846 2181 1080 2252 postulet
1103 2195 1134 2233 a
1165 2177 1298 2244 Deo,
1329 2175 1423 2246 qui
1451 2173 1543 2228 dat
1575 2169 1858 2224 afﬂuenter
1885 2174 1940 2220 et
1991 2179 2103 2218 non

524 2282 858 2349 improperat
901 2272 1044 2345 (Jac.
1070 2272 1130 2341 ι).
1169 2289 1188 2322 ι

595 2369 854 2440 Sequitur
885 2381 1011 2436 pars
1036 2361 1296 2428 secunda,
1349 2360 1403 2414 in
1430 2371 1537 2428 qua
1561 2359 1957 2410 enumerantur
2006 2349 2104 2404 de-

523 2477 644 2517 cem
665 2461 827 2523 dona,
858 2473 981 2527 qua:
1005 2456 1199 2524 adepta
1222 2450 1487 2520 sapientia
1531 2445 1644 2502 suis
1677 2443 1889 2500 confert
1929 2442 2107 2497 almu-

524 2553 632 2608 nis.
660 2551 906 2618 Quorum
938 2557 1144 2618 septem
1167 2545 1260 2600 dat
1287 2543 1340 2597 in
1370 2542 1474 2595 hac
1494 2537 1626 2603 vita,
1652 2535 1754 2590 tria
1775 2549 1906 2589 vero
1936 2533 1989 2586 in
2016 2531 2105 2586 fu—

523 2654 669 2702 tura.
701 2643 945 2698 Primum
971 2647 1055 2694 est
1081 2637 1258 2700 cibus,
1284 2648 1392 2688 non
1409 2628 1735 2699 corporalis,
1766 2627 1859 2682 sed
1884 2625 2103 2689 animae,

522 2736 594 2793 de
644 2750 754 2806 quo
789 2729 1150 2788 ait:Cibabit
1191 2726 1347 2780 illum
1400 2738 1534 2792 pane
1587 2722 1708 2774 vita:
1775 2727 1824 2772 et
1897 2715 2107 2770 intelle-

521 2805 675 2893 ctus,
713 2825 766 2880 id
830 2832 914 2879 est
952 2819 1157 2875 Christi
1210 2829 1454 2884 corpore,
1513 2812 1596 2867 vel
1647 2809 1895 2865 doctrina
1943 2805 2109 2861 Verbi

526 2920 648 2975 sine
699 2930 809 2986 quo
850 2927 990 2984 pane
1040 2909 1224 2964 anima
1285 2907 1342 2961 in
1411 2905 1628 2960 deserto
1691 2901 1855 2971 hujus
1920 2896 2108 2953 mundi

528 3009 674 3064 fame
701 3007 876 3077 perit;
929 3003 1025 3074 qui
1059 3001 1260 3056 dicitur
1298 2996 1453 3068 panis
1490 2996 1614 3050 vita:
1660 3001 1717 3049 et
1753 2990 2107 3071 intellectus;

527 3102 658 3172 quia
707 3107 852 3152 recte
898 3095 1100 3159 vivere,
1127 3100 1180 3146 et
1225 3097 1370 3144 recte
1399 3087 1696 3155 intelligere
1723 3083 1872 3137 facit.
1902 3081 2113 3136 Secun-

2189 604 2268 658 De
2295 619 2404 674 qua
2435 603 2524 657 hic
2549 599 2790 655 dicitur:
2839 596 2907 652 In
2951 597 3126 651 medio
3172 594 3422 650 Ecclesiae
3463 599 3631 664 aperuit
3659 617 3703 655 os

2188 695 2325 764 ejus,
2347 709 2412 749 ac
2440 693 2486 747 si
2517 691 2665 747 dicat
2703 697 2888 759 aperte
2915 706 2928 742 :
2962 685 3084 741 Non
3126 693 3421 755 praesumat
3446 687 3709 754 praslicsmr

2189 788 2258 843 de
2286 784 2596 855 eloquentia
2614 798 2737 850 sua,
2757 781 2885 852 quia
2910 795 3018 835 non
3043 786 3224 849 potest
3249 777 3532 847 praedicare
3553 795 3632 847 per
3651 797 3710 845 se,

2191 879 2297 935 nisi
2330 877 2596 932 Dominus
2643 890 2708 930 os
2759 874 2878 943 ejus
2919 871 3149 942 aperiat.
3189 868 3346 924 Unde
3382 878 3437 923 et
3480 867 3713 926 Psalmista

2192 979 2313 1026 orat
2354 987 2367 1024 :
2417 987 2437 1020 ‹
2494 967 2740 1032 Domine,
2791 965 2930 1020 labia
2984 979 3103 1018 mea
3156 961 3374 1033 aperies
3421 959 3580 1032 (Psal.
3610 964 3712 1031 1.).»

2195 1062 2498 1132 Septimum
2520 1068 2625 1126 est,
2649 1057 2966 1128 adimpletio
2983 1047 3220 1126 Spiritus
3247 1053 3522 1123 sapientiae
3537 1062 3586 1108 et
3607 1055 3720 1111 intel-

2194 1155 2387 1220 lectus,
2437 1152 2531 1223 qui
2577 1151 2728 1206 solus
2771 1150 3045 1204 ministrat
3091 1144 3438 1217 praedicatori
3492 1159 3601 1214 quae
3635 1144 3720 1215 ipse

2195 1247 2359 1302 dicat.
2387 1243 2572 1299 Unde:
2605 1263 2622 1294 ι
2655 1241 2775 1297 Non
2801 1242 2970 1305 enim,
2989 1239 3186 1308 inquit,
3209 1253 3312 1293 vos
3325 1237 3460 1292 estis
3482 1237 3568 1306 qui
3591 1236 3723 1307 loqui-

2196 1338 2353 1404 mini,
2387 1337 2480 1392 sed
2518 1334 2755 1404 Spiritus
2779 1332 2958 1387 Patris
2986 1330 3152 1385 vestri
3183 1329 3281 1400 qui
3330 1329 3564 1398 loquitur
3589 1328 3635 1382 in
3656 1344 3724 1383 ro-

2197 1427 2282 1483 bis
2307 1425 2528 1496 (Matth.
2572 1425 2650 1493 ς).
2685 1443 2703 1474 ι
2736 1422 2813 1477 De
2835 1422 2922 1476 his
2946 1419 3200 1476 subditur
3230 1437 3244 1473 :
3273 1417 3346 1473 Et
3386 1417 3606 1487 implebit
3637 1434 3725 1472 eum

2198 1520 2458 1575 Dominus
2491 1517 2696 1587 Spiritu
2717 1516 2993 1585 sapientia:
3016 1523 3064 1568 et
3087 1513 3410 1567 intellectus.
3437 1509 3597 1581 Supra
3616 1511 3730 1567 dixe-

2199 1619 2326 1666 rat:
2359 1610 2509 1680 Aqua
2559 1609 2838 1678 sapientiae
2878 1605 3081 1675 potabit
3133 1605 3312 1658 illum.
3347 1602 3452 1657 Hic
3497 1617 3608 1658 vero
3633 1603 3727 1657 ait:

2201 1703 2450 1772 Implebit
2474 1718 2592 1755 eum
2625 1698 2832 1770 Spiritu
2877 1698 3175 1767 sapientite,
3205 1695 3358 1766 quod
3397 1693 3569 1764 majus
3585 1692 3732 1748 estin

2201 1809 2311 1865 quo
2332 1791 2578 1847 inuuitur
2600 1791 2745 1861 quod
2771 1789 2992 1860 quando
3021 1789 3224 1858 aliquis
3266 1788 3435 1858 digne
3465 1785 3527 1840 ad
3543 1784 3732 1840 obiciunt

2203 1882 2602 1954 praedicationis
2629 1881 2977 1946 sublimatur,
2998 1879 3174 1950 gratia
3204 1878 3383 1933 sancti
3416 1875 3736 1946 Spiritusne-

2201 1976 2284 2046 gis
2305 1983 2360 2031 et
2379 1976 2557 2046 magis
2581 1975 2915 2030 cumulatur.

2273 2106 2340 2162 Et
2364 2107 2482 2161 hare
2509 2115 2638 2161 sunt
2663 2115 2865 2175 septem
2893 2105 3036 2159 dona
3066 2119 3189 2174 qua:
3210 2117 3342 2157 vera
3371 2100 3622 2173 sapientia
3641 2115 3740 2156 con-

2202 2195 2305 2252 fert
2329 2198 2384 2251 in
2414 2197 2667 2268 pra:senti
2694 2194 2964 2250 vita.Tria
2983 2208 3272 2264 vero,quae
3302 2202 3616 2262 sequuntur,
3635 2207 3740 2246 cou-

2203 2288 2309 2344 fert
2339 2288 2392 2342 in
2438 2289 2543 2342 alia
2583 2287 2715 2341 vita.
2747 2285 3011 2342 Octavum
3043 2300 3174 2355 ergo
3201 2293 3285 2339 est
3307 2283 3451 2338 stola
3479 2282 3739 2352 glorizeim-

2204 2379 2553 2435 mortalitatis
2582 2387 2637 2433 et
2662 2377 2858 2432 anima:
2885 2385 2941 2431 et
2965 2375 3236 2446 corporis.
3260 2373 3341 2429 De
3363 2388 3470 2444 qua
3498 2372 3741 2427 subditur:

2208 2472 2277 2525 Et
2321 2472 2461 2526 stola
2511 2471 2697 2542 gloria:
2741 2469 2923 2524 induet
2953 2485 3090 2522 eum.
3125 2467 3281 2523 Tunc
3320 2467 3472 2522 enim
3508 2464 3745 2521 decztem

2209 2563 2408 2617 animae
2469 2569 2787 2615 sanctorum
2840 2575 2950 2613 non
3003 2567 3261 2628 poterunt
3327 2555 3595 2626 corrumpi
3643 2569 3748 2625 pec—

2206 2653 2345 2709 catis
2402 2653 2487 2708 vel
2545 2650 3091 2722 perturbationibus;
3158 2664 3263 2704 nec
3327 2663 3556 2718 corpora
3607 2653 3752 2701 morte

2206 2745 2290 2800 vel
2341 2742 2770 2798 infirmitatibus.
2825 2759 2844 2792 ι
2904 2738 3061 2795 Tunc
3114 2740 3262 2794 enim
3316 2739 3584 2809 absterget
3637 2736 3753 2790 Deus

2207 2850 2427 2891 omnem
2484 2836 2782 2907 lacrymam
2836 2832 2907 2887 ab
2965 2832 3142 2886 oculis
3199 2840 3541 2895 sanctorum,
3583 2837 3632 2884 et
3665 2843 3756 2882 non

2208 2929 2315 2984 erit
2353 2928 2610 2999 amplius,
2672 2941 2852 2997 neque
2911 2925 3092 2980 luctus
3145 2939 3326 2994 neque
3383 2924 3602 2988 clamor,
3649 2936 3761 2993 quo-

2210 3022 2357 3076 niam
2395 3021 2577 3092 priora
2637 3018 2973 3075 transicrunt
3029 3014 3150 3071 Non
3194 3015 3464 3080 esurient,
3514 3029 3674 3085 neque
3700 3014 3762 3067 si-

2211 3111 2348 3165 tient
2385 3108 2643 3184 amplius,
2676 3115 2730 3162 et
2767 3121 2877 3162 non
2928 3105 3085 3161 cadet
3135 3120 3303 3175 super
3339 3104 3464 3160 illos
3498 3103 3578 3159 sol
3619 3117 3765 3173 neque

531 3195 664 3246 dum
687 3198 772 3244 est
795 3195 956 3258 potus
981 3183 1196 3248 animae,
1219 3181 1286 3274 de
1309 3195 1420 3274 quo
1447 3179 1556 3232 ait:
1582 3175 1650 3274 fit
1673 3191 1812 3274 aqua
1833 3173 2110 3274 sapientia:
2136 3216 2178 3274 Ο
2212 3201 2358 3255 unus
2409 3173 2576 3255 ws'tu's
2621 3173 2807 3268 (Apoc.
2879 3201 3018 3265 ΠΙ).
3075 3216 3093 3248 ³
3143 3173 3364 3252 Ninum
3421 3204 3506 3252 est
3545 3193 3766 3266 gaudium

529 3282 790 3338 salutaris
821 3279 1024 3350 potabit
1050 3275 1225 3340 illum,
1271 3272 1326 3328 id
1348 3282 1431 3326 est
1461 3269 1690 3341 gratiam
1719 3266 1956 3336 Spiritus
1981 3281 2110 3320 san-

531 3375 627 3442 cti,
655 3375 774 3430 sine
794 3387 904 3442 qua
926 3371 1091 3426 homo
1115 3369 1170 3422 in
1200 3365 1414 3420 fervore
1440 3361 1605 3432 hujus
1621 3359 1809 3414 mundi
1839 3358 1930 3414 siti
1949 3357 2109 3428 perit.

531 3467 611 3524 De
650 3481 759 3537 qua
815 3478 959 3534 aqua
992 3461 1258 3517 Dominus
1295 3457 1417 3512 ait:
1456 3475 1476 3507 ι
1517 3453 1623 3520 Qui
1649 3452 1846 3507 biberit
1890 3465 2113 3521 aquam,

531 3574 700 3632 quam
722 3571 826 3629 ego
853 3556 1016 3622 dabo,
1061 3554 1152 3608 lict
1200 3552 1256 3607 in
1284 3566 1350 3607 eo
1393 3547 1517 3604 fons
1563 3560 1719 3616 aquae
1768 3544 2014 3600 salientis
2059 3543 2114 3597 in

532 3653 700 3708 vitam
728 3658 988 3704 aeternam
1037 3645 1220 3718 (Joan.
1253 3641 1351 3713 tv).
1389 3659 1408 3694 ι
1465 3638 1708 3694 Tertiqu
1735 3646 1820 3692 est
1853 3635 2116 3691 fortitudo

533 3740 802 3800 tolerandi
856 3738 1122 3810 patienter
1174 3732 1614 3805 persecutiones,
1667 3726 1878 3798 ﬂagella
1944 3725 2116 3780 mise-

535 3838 759 3904 riasque
784 3833 1109 3888 mundanas.
1138 3827 1214 3882 De
1247 3841 1355 3896 qua
1379 3825 1468 3879 hic
1491 3820 1745 3878 subditur
1777 3837 1790 3873 :
1820 3818 1890 3872 Et
1927 3819 2117 3888 ﬁrma-

537 3930 681 3984 bitur
709 3927 767 3980 in
786 3925 902 3990 illo,
931 3923 984 3977 id
1011 3930 1095 3977 est
1123 3920 1340 3974 firmum
1364 3932 1490 3974 eum
1525 3913 1708 3980 faciet,
1733 3920 1788 3967 et
1811 3925 1920 3966 non
1939 3909 2120 3965 flecte-

537 4031 628 4078 tur
652 4035 684 4074 a
716 4018 894 4088 rigore
914 4013 1158 4068 veritatis
1187 4019 1244 4067 et
1267 4010 1492 4080 justitiaa
1518 4023 1615 4078 per
1647 4007 1888 4076 aliquam
1915 4005 2121 4074 impor-

537 4111 848 4174 tunitatem,
873 4106 1017 4161 sicut
1038 4102 1246 4158 faciunt
1265 4101 1428 4156 hodie
1469 4098 1592 4154 falsi
1617 4097 1843 4169 quidam
1871 4104 2122 4166 pastores

539 4209 742 4258 sanetae
769 4197 1043 4254 Ecclesiae.
1072 4194 1148 4252 De
1195 4194 1396 4264 quibus
1444 4191 1712 4246 Dominus
1741 4207 1754 4244 :
1792 4206 1812 4240 ι
1845 4186 2123 4242 Mercena-

539 4297 678 4362 rius,
704 4293 900 4364 inquit,
948 4298 1004 4345 et
1053 4286 1146 4359 qui
1194 4300 1302 4342 non
1353 4295 1438 4340 est
1479 4290 1689 4351 pastor,
1734 4279 1885 4335 videt
1930 4279 2120 4348 lupum

539 4385 867 4448 venientem,
911 4388 966 4436 et
1011 4376 1236 4434 dimittit
1277 4389 1428 4440 oves,
1479 4381 1534 4427 et
1561 4370 1702 4440 fugit
1754 4369 1936 4440 (Joan.
1973 4373 2051 4438 χ).
2096 4387 2116 4420 ι

542 4468 808 4541 Quartum
835 4480 920 4528 est
938 4469 1297 4533 continentia,
1326 4465 1395 4520 de
1415 4477 1524 4532 qua
1562 4459 1816 4516 subditur
1841 4479 1855 4515 :
1889 4461 1958 4514 Et
1994 4478 2121 4515 con-

2217 3289 2488 3345 ineﬂ‘abile
2529 3304 2640 3360 quo
2687 3287 2832 3343 Deus
2857 3287 3110 3358 .replcbit
3147 3296 3370 3343 sanctos
3421 3287 3477 3342 in
3520 3298 3766 3342 uernum.

2217 3379 2294 3436 De
2343 3395 2453 3452 quo
2495 3379 2748 3436 subditur
2795 3378 3246 3434 :Jucunditatem
3298 3387 3349 3434 et
3399 3378 3771 3432 exsultationem

2220 3473 2620 3539 thesaurizabit,
2667 3473 2721 3528 id
2775 3479 2881 3539 est,
2936 3471 3310 3528 indesinenter
3363 3471 3660 3528 cumulabit
3697 3487 3772 3526 su-

2216 3578 2315 3633 per
2369 3579 2518 3618 eum.
2594 3561 3002 3618 Jueunditatem
3073 3561 3275 3617 mentis
3300 3602 3316 3626 ,
3382 3561 3772 3616 exsultationem

2217 3657 2506 3727 corporis,
2556 3656 2642 3711 vel
2708 3654 3108 3726 jucunditatem
3154 3653 3224 3709 de
3270 3653 3488 3709 visione
3693 3650 3777 3704 £1-

2219 3747 2568 3802 sultationem
2628 3747 2696 3802 de
2749 3747 2926 3802 salute
2969 3744 3270 3801 communi.
3327 3743 3489 3799 Tunc
3527 3745 3667 3799 eui
3697 3743 3773 3796 vi-

2218 3839 2424 3894 debunt
2462 3838 2616 3892 illum
2655 3837 2750 3893 «in
2797 3853 2961 3908 quem
3003 3836 3318 3893 desiderant
3359 3836 3545 3908 angeli
3587 3834 3780 3905 conspi-

2219 3945 2342 3986 cere
2373 3928 2424 4002 (1
2467 3929 2614 3984 Petr.
2648 3929 2734 4000 1);
2763 3947 2781 3982 ι
2819 3937 2874 3984 et
2915 3929 2982 3984 de
3012 3929 3172 3985 bonis
3195 3927 3544 3999 singulorum
3569 3941 3785 3984 commu-

2219 4021 2361 4076 niter
2400 4021 2520 4077 sine
2567 4021 2775 4077 invidia
2823 4021 3155 4092 gaudebunt.
3210 4019 3572 4091 Singulorum
3613 4019 3788 4091 quippe

2220 4113 2361 4168 bona
2397 4111 2557 4167 faciet
2584 4112 2899 4168 communia
2925 4111 3182 4166 voluntas
3225 4119 3283 4165 et
3316 4109 3566 4166 Charitas
3595 4125 3722 4172 una,
3747 4117 3791 4161 et

2223 4203 2298 4257 ita
2338 4202 2391 4256 in
2415 4201 2620 4271 dispari
2651 4199 2899 4256 claritate
2939 4216 3039 4271 par
3062 4200 3165 4255 erit
3209 4199 3498 4270 gaudium.
3537 4199 3793 4254 Decimum

2222 4304 2308 4350 est
2351 4294 2527 4348 honor
2582 4301 2840 4358 aeternus,
2897 4292 2965 4348 de
3010 4307 3123 4362 quo
3162 4291 3418 4347 subditur
3447 4309 3466 4346 :
3516 4288 3799 4344 Euenit:

2223 4392 2416 4438 wlerno
2431 4383 2763 4438 haereditnbit
2776 4381 2948 4437 illum.
2969 4380 3123 4448 Quis,
3141 4381 3338 4436 fratres
3356 4380 3492 4446 mei,
3511 4380 3636 4452 quis
3646 4381 3798 4434 boum

2226 4472 2399 4542 major
2420 4479 2598 4542 potest
2645 4486 2770 4526 esse
2791 4487 2956 4540 quam
2986 4486 3110 4526 cum
3127 4469 3272 4525 Deus
3294 4470 3521 4525 vocabit
3543 4478 3598 4524 et
3623 4465 3800 4523 consti-

543 4565 728 4620 tinebit
771 4579 910 4630 eum,
955 4562 1010 4617 id
1033 4569 1136 4627 est,
1179 4559 1549 4616 continentem
1577 4567 1703 4606 eum
1729 4550 1908 4618 faciet,
1933 4562 1980 4606 et
2018 4569 2122 4606 non
2156 4557 2201 4616 ι)
2227 4571 2338 4617 me;
2360 4569 2580 4616 sanctos
2605 4560 2746 4617 ﬁlios
2777 4559 2894 4624 Dei,
2925 4579 2943 4611 ς
2965 4559 3208 4614 han-edes
3231 4559 3457 4629 quidem
3491 4557 3609 4624 Dei,
3637 4557 3801 4612 ωδε.

543 4655 892 4728 confundetur
912 4654 995 4708 vel
1022 4649 1331 4707 ell‘uudetur
1370 4662 1466 4716 per
1503 4646 1690 4702 illicita
1729 4645 1999 4700 desideria
2038 4645 2128 4716 vel

543 4748 870 4805 tentationes
886 4744 1090 4810 carnis,
1117 4753 1177 4796 ut
1202 4739 1456 4796 videlicet
1475 4739 1547 4793 sit
1565 4737 1756 4794 firmus
1784 4745 1974 4793 contra
2001 4751 2125 4806 per-

545 4840 856 4897 secutiones
878 4835 1198 4898 exteriores,
1229 4839 1285 4886 et
1323 4831 1611 4886 continens
1645 4838 1836 4885 contra
1866 4829 2124 4883 tentatio-

545 4950 645 4989 nes
686 4931 991 4987 interiores.
1044 4924 1307 4993 Quintum
1336 4931 1421 4978 est
1449 4923 1714 4994 praelatio,
1755 4936 1880 4992 quae
1925 4935 2126 4976 conve-

545 5027 758 5082 nienter
785 5022 976 5093 quinto
1005 5019 1123 5074 loco
1147 5017 1392 5088 ponitur;
1432 5017 1653 5086 quando
1697 5014 1788 5068 ille
1827 5013 1921 5083 qui
1965 5011 2129 5067 habet

547 5115 906 5191 praecedentia
936 5113 1098 5177 dona,
1125 5111 1178 5165 id
1216 5117 1300 5165 est
1321 5108 1649 5174 doctrinam,
1688 5106 1942 5177 gratiam,
1969 5103 2127 5160 forti-

551 5209 791 5264 tudinem
820 5213 876 5259 et
897 5201 1318 5267 continentiam,
1351 5199 1550 5271 dignus
1591 5206 1678 5252 est
1705 5206 1765 5252 ut
1790 5197 1860 5251 ad
1888 5195 2126 5251 officium

549 5295 950 5371 praedicationis
997 5303 1052 5351 et
1097 5292 1393 5365 magisterii
1432 5290 1775 5347 sublimetur.
1827 5286 1985 5342 Unde
2037 5285 2129 5340 hic

552 5390 803 5448 subditur
833 5407 846 5444 :
874 5389 944 5443 Et
986 5387 1247 5443 exaltabit
1291 5384 1448 5438 illum
1482 5381 1624 5454 apud
1664 5380 1933 5451 proximos
1979 5393 2125 5432 suos.

551 5482 671 5537 Non
710 5482 787 5537 ait
833 5481 1068 5537 famulos
1111 5479 1198 5534 vel
1240 5465 1451 5542 servos,
1486 5473 1636 5546 quod
1667 5471 1916 5528 videlicet
1943 5478 2132 5542 pastor

552 5573 798 5627 subditos
814 5587 924 5626 non
947 5571 1143 5626 habeat
1164 5577 1224 5624 ut
1248 5565 1508 5630 minores,
1533 5562 1630 5619 sed
1659 5562 1846 5633 potius
1867 5570 1928 5616 ut
1947 5559 2133 5631 proxi-

552 5679 673 5720 mos
696 5673 751 5720 et
773 5663 987 5719 fratres.
1015 5661 1172 5718 Unde
1214 5658 1481 5727 scriptum
1504 5665 1589 5712 est
1621 5674 1634 5710 :
1669 5675 1688 5707 ‹
1738 5653 2044 5724 Principem
2081 5662 2134 5708 te

552 5761 974 5826 constituerunt,
1009 5757 1122 5813 noli
1147 5753 1354 5818 extolli,
1403 5753 1498 5808 sed
1548 5760 1667 5807 esto
1695 5751 1854 5821 quasi
1901 5765 2045 5805 unus
2068 5763 2136 5804 ex

551 5853 633 5909 eis
659 5851 855 5923 (Eccli.
902 5847 1098 5919 χχχιι).
1131 5865 1151 5901 ι
1181 5844 1406 5901 Sextum
1435 5850 1520 5898 est
1546 5839 1880 5914 praedicatio,
1901 5854 2023 5910 qua:
2055 5846 2140 5894 est
2240 5838 2398 5896 Hunc
2423 5837 2616 5893 cibarit
2637 5852 2771 5906 pane
2795 5835 2915 5890 vine
2941 5842 2990 5889 et
3014 5832 3335 5902 intellectus,
3362 5842 3415 5888 et
3446 5845 3593 5903 aqua

2228 4653 2383 4708 redes
2413 4661 2594 4706 autem
2626 4650 2832 4704 Christi
2875 4649 3049 4720 (Rom.
3081 4649 3236 4719 vm);
3263 4667 3281 4699 ι
3315 4664 3490 4719 quam
3524 4664 3650 4703 cum
3679 4647 3802 4700 ﬁlius

2226 4742 2511 4812 adoptivus
2557 4739 2660 4794 erit
2698 4748 2753 4794 et
2792 4739 3014 4794 nomine
3054 4747 3107 4793 et
3151 4739 3361 4793 honore
3391 4747 3448 4792 et
3473 4737 3806 4798 haereditate,

2228 4834 2319 4888 ubi
2354 4842 2438 4888 est
2475 4831 2745 4888 naturalis
2789 4840 2844 4885 et
2885 4829 3201 4901 unigenitus
3258 4829 3356 4884 Dei
3399 4829 3601 4886 Filius.
3643 4828 3806 4890 Nunc.

2227 4924 2424 4980 fratres
2466 4921 2802 4989 charissimi,
2845 4922 3129 4976 videamus
3169 4921 3451 4991 quomodo
3489 4921 3675 4975 omnia

2228 5018 2449 5087 impleta
2518 5024 2648 5071 sunt
2700 5015 2756 5068 in
2803 5014 2949 5068 bono
2996 5012 3206 5068 Joanne
3255 5011 3619 5082 evangelista,
3667 5010 3832 5082 cujus;

2229 5109 2391 5165 hodie
2422 5107 2827 5162 solemnitatem
2855 5105 3218 5160 celebramus.
3255 5101 3384 5172 Ipse
3409 5104 3618 5174 quippe
3643 5103 3832 5164 timuit

2229 5200 2544 5265 Dominum,
2572 5213 2698 5253 cum
2744 5197 2944 5251 vitaret
2991 5197 3153 5262 mala,
3200 5205 3252 5251 et
3281 5194 3495 5251 faceret
3514 5196 3677 5251 bona.
3707 5194 3832 5263 ipse?

2231 5289 2333 5346 fuit
2372 5289 2660 5344 continens
2709 5285 2965 5358 justitiae,
3018 5286 3283 5340 exhibens
3335 5283 3454 5340 Deo
3509 5285 3832 5358 religionem

2231 5383 2337 5439 sibi
2370 5391 2481 5438 tam
2523 5381 2770 5451 corporis
2801 5394 2966 5450 quam
2990 5377 3187 5432 animae
3227 5376 3600 5443 munditiam,
3631 5371 3832 5451 pas-eri

2228 5475 2376 5532 tibus
2398 5475 2686 5540 honorem,
2710 5470 2867 5526 fratri
2891 5468 3235 5534 charitatem,
3259 5469 3545 5523 delabere
3567 5468 3832 5540 meq

2233 5581 2358 5622 cum
2409 5573 2566 5635 patre
2611 5573 2664 5623 et
2730 5562 2900 5616 fratre
2941 5561 3162 5625 vivens,
3191 5559 3324 5614 huic
3369 5557 3472 5614 Dei

2239 5666 2499 5727 tanquam
2539 5664 2706 5709 mater
2755 5652 3106 5721 honoriﬁcam
3149 5650 3374 5705 obviam
3393 5650 3587 5714 venit,
3611 5645 3832 5727 qua.“

2237 5764 2364 5804 eum
2407 5757 2463 5804 et
2511 5746 2734 5802 fratrem
2782 5744 2904 5814 ejus
2951 5759 2984 5797 a
3031 5742 3170 5797 mari
3217 5742 3440 5798 vocavit
3476 5741 3694 5812 (Haut.
3737 5741 3832 5814 ult
