3832 6314
88 351 181 411 ml

1117 343 1449 402 llOMlleE.
1492 374 1559 384 οη-
1599 342 1638 398 Ι.
1681 341 1768 397 DE
1804 338 2149 398 TEMPORE.

3175 342 3326 400 {333

87 468 152 522 tie
169 461 407 519 salutaris
432 463 662 533 potavit,
685 461 904 534 quando
923 476 1046 517 eum
1067 476 1230 532 super
1252 469 1440 532 pectus
1461 474 1623 516 suum
1653 463 1702 523 Α
1729 466 1791 522 ut
1815 457 1986 529 possit
2035 456 2215 514 dicere
2266 471 2462 516 secure
2510 470 2638 514 cum
2688 451 2860 513 Paulo
2899 476 2912 511 :
2955 475 2974 509 ι
3009 455 3321 515 lmitatores

85 554 442 614 rccumbentem
486 551 676 623 (lauri.
735 554 874 624 xxi),
930 553 997 608 de
1053 552 1202 609 fonte
1248 551 1486 624 pectoris
1539 549 1628 608 sui

84 646 253 704 coilcsti
294 644 539 700 doctrina
587 654 646 700 et
693 643 961 714 sapientia
1024 642 1232 716 largius
1274 657 1386 712 prae
1411 639 1638 702 caeteris,

82 737 348 796 inebriavit.
387 734 548 794 Hunc
584 735 956 804 conﬁrmavit,
998 735 1096 806 qui
1143 750 1244 791 nec
1290 732 1626 802 Judzeorum,

79 846 160 887 nec
206 828 476 901 gentilium
524 827 1030 900 persecutionibus,
1098 843 1200 882 nec
1255 826 1404 882 dolio
1466 827 1627 897 pleno

80 921 305 980 ferventis
328 919 452 988 olei,
475 936 580 976 nec
599 919 798 976 exsilio
822 935 856 975 a
880 919 1105 976 veritate
1131 919 1308 990 potuit
1336 917 1624 973 inﬁrmari.

73 1012 211 1070 ilune
246 1013 609 1070 continentem
654 1012 852 1079 etfacit,
885 1011 1014 1083 quia
1055 1011 1110 1066 in
1161 1011 1308 1066 nulla
1358 1009 1629 1066 desideria

68 1104 234 1162 mnis
257 1102 495 1160 defluxit.
537 1101 698 1158 Hunc
728 1102 989 1158 exaltavit
1020 1101 1161 1172 apud
1185 1102 1458 1172 proximos
1481 1116 1625 1168 suos,

67 1198 266 1270 quando
309 1213 436 1253 eum
491 1197 550 1252 in
603 1196 912 1268 apostolum
962 1195 1300 1252 sublimavit.
1347 1193 1414 1248 In
1457 1193 1630 1248 medio

70 1287 298 1344 Ecclesia
311 1287 514 1358 aperuit
529 1287 738 1358 σεεμς,
754 1286 975 1358 quando
994 1300 1120 1340 eum
1138 1284 1549 1356 praedicatorem
1575 1291 1632 1340 et
1665 1334 1668 1336 ν

65 1380 424 1453 evangelistam
499 1379 806 1442 constituit.
885 1377 1043 1436 Hunc
1113 1377 1360 1448 implevit
1418 1374 1629 1447 Spiritu

63 1474 316 1545 sapientia
333 1483 384 1529 et
401 1472 722 1541 intellectus,
751 1488 859 1530 non
884 1473 1061 1528 solum
1086 1469 1142 1528 in
1167 1471 1256 1527 die
1277 1470 1630 1528 Pentecostes

61 1581 172 1626 cum
206 1565 433 1633 caeteris,
465 1565 561 1622 sed
593 1579 647 1622 et
687 1565 1062 1620 abundantius
1094 1564 1334 1632 exteris;
1374 1571 1435 1619 ut
1461 1577 1627 1634 supra

59 1675 264 1720 omnem
317 1659 651 1716 intellectum
729 1659 1073 1730 intelligeret,
1121 1658 1385 1714 scriberet
1419 1664 1476 1713 et
1510 1657 1628 1712 cla-

63 1760 262 1807 maret:
291 1769 310 1800 ι
334 1749 393 1805 ln
427 1749 699 1822 principio
727 1759 848 1806 erat
874 1749 1134 1818 Verbum,
1157 1757 1212 1805 et
1235 1747 1472 1805 Verbum
1510 1754 1632 1804 erat.

1727 549 1834 606 mei
1855 556 2050 616 estote,
2080 548 2226 606 sicut
2265 557 2320 606 et
2345 564 2445 622 ego
2486 547 2690 604 Christi
2724 545 2774 620 (1
2806 548 2930 605 Cor.
2983 565 3037 605 IV
3078 560 3134 606 et
3160 550 3259 620 xl).
3291 572 3313 604 ι

1727 640 1886 710 Quod
1930 651 2118 712 aperte
2167 651 2358 699 contra
2412 657 2515 698 nos
2551 642 2937 714 praedicatores
2984 652 3087 710 est,
3135 643 3229 713 qui
3261 651 3319 699 in

1726 734 1970 792 Ecclesia
2003 733 2210 792 Christi
2240 734 2607 791 ministerium
2641 734 2903 807 gerimus,
2941 743 2996 790 et
3022 743 3206 790 tamen
3226 750 3334 830 ve-l

1725 827 1887 899 stigia
1915 826 2037 898 ejus
2059 842 2167 883 non
2197 826 2500 898 sequimur.
2531 825 2786 883 Christus
2831 827 2977 882 enim
3005 826 3149 882 viam
3179 825 3336 896 pauo;

1725 921 1974 992 perlatis,
2023 920 2370 986 humilitatis,
2411 921 2618 976 laboris
2647 930 2702 975 et
2741 919 3036 991 patientiae,
3070 920 3232 977 nobis
3263 909 3334 976 in'

1727 1008 1834 1068 hoc
1856 1010 2060 1066 mundo
2103 1006 2514 1066 demonstravit.
2542 1010 2612 1064 At
2636 1024 2736 1066 nos
2761 1017 2983 1065 econtra
3008 1009 3100 1066 hic
3134 1007 3334 1078 ditari,"

1727 1102 1974 1175 gloriari,
2004 1102 2288 1174 quiescere
2315 1112 2369 1158 et
2396 1101 2654 1160 delectari
2687 1101 3088 1175 desideramus.
3129 1097 3335 1170 Unde,'

1727 1196 1876 1268 quod
1903 1196 2021 1253 sine
2069 1195 2329 1268 laerymis
2380 1195 2562 1252 dicere
2614 1210 2723 1251 non
2753 1203 2999 1266 possum,
3055 1194 3325 1269 contingit

1727 1288 1934 1360 qqua
1958 1286 2162 1342 Christi
2213 1285 2455 1357 vestigiis
2495 1299 2598 1342 nos
2637 1294 2886 1356 pastores
2921 1285 3320 1354 exorbitamus,

1729 1379 1888 1436 nobis
1924 1378 2174 1436 subditos
2203 1377 2491 1434 nobiscum
2533 1376 2845 1434 exorbitare
2872 1377 3129 1446 facimus,
3161 1389 3216 1433 et
3248 1379 3322 1434 ita

1730 1488 1843 1530 non
1872 1471 2052 1530 solum
2081 1470 2376 1528 animabus
2406 1469 2634 1538 nostris,
2660 1456 2754 1526 sed
2782 1477 2838 1525 et
2863 1467 3154 1526 animabus
3182 1471 3323 1525 alio-

1729 1582 1856 1626 rum
1910 1564 2127 1622 ruinam
2172 1564 2390 1620 damus.
2440 1562 2598 1620 Unde
2640 1562 2907 1634 scriptum
2949 1571 3036 1619 est
3075 1579 3090 1616 :
3129 1581 3147 1615 ι
3183 1561 3324 1618 Pro-

1729 1660 1893 1731 pheta
1946 1658 2175 1729 laqueus
2225 1655 2400 1715 ruinte
2444 1654 2592 1727 (Ose.
2628 1655 2727 1726 rx).
2763 1672 2782 1706 ι
2813 1654 2884 1708 At
2923 1669 3061 1720 nos,
3128 1651 3326 1708 fratres

1730 1751 2062 1820 charissimi,
2111 1751 2256 1808 sicut
2290 1749 2538 1806 videmus
2583 1742 2890 1820 periculum
2941 1758 3225 1814 nostrum,
3277 1742 3327 1802 si

56 1843 182 1912 apud
214 1841 405 1911 Deum,
435 1851 490 1898 et
512 1841 656 1899 Deus
682 1851 801 1899 erat
833 1841 1069 1899 Verbum
1100 1841 1282 1912 (Joau.
1309 1843 1370 1911 ι).
1406 1861 1425 1895 ι
1473 1839 1634 1898 Hunc
1664 1825 1707 1882 Β
1734 1843 1962 1915 vestigia
1999 1841 2203 1900 summi
2242 1839 2478 1912 pastoris
2517 1853 2629 1895 non
2661 1851 2978 1909 sequamur,
3003 1836 3078 1892 ita
3107 1851 3329 1907 quoque

55 1934 214 1989 induit
237 1933 502 1990 Doinus
515 1933 658 1988 stola
680 1934 885 2006 gloria,
905 1934 1124 2006 quando
1149 1950 1274 1990 eum
1295 1933 1414 1990 sine
1438 1933 1632 1990 dolore

52 2027 219 2082 carnis
246 2026 314 2082 ad
341 2026 584 2083 celestia
615 2027 914 2083 transtulit.
945 2025 1347 2082 Jueuaditatem
1371 2036 1423 2082 et
1452 2025 1632 2082 mul-

53 2119 290 2172 tationem
315 2117 706 2174 tbesaurizavit
737 2134 903 2190 super
921 2134 1071 2186 eum,
1097 2133 1261 2190 quem
1289 2133 1477 2174 secum
1499 2131 1632 2173 con-

53 2209 272 2280 gaudere
301 2206 438 2264 facit
464 2207 519 2262 in
541 2217 828 2264 aeternum.
861 2207 1091 2264 Nomine
1119 2217 1320 2264 interno
1345 2207 1632 2263 Itwredita-

49 2300 113 2354 bit
159 2299 340 2366 illum,
382 2300 644 2372 quoniam
695 2316 823 2357 eum
867 2301 957 2358 sui
1007 2301 1250 2358 nominis
1302 2310 1358 2356 et
1402 2299 1631 2358 honoris

59 2393 318 2448 lucredem
372 2403 428 2448 et
473 2392 794 2465 participem
843 2394 1039 2451 effecit.
1100 2395 1271 2466 Cujus
1317 2395 1528 2450 meritis
1577 2400 1632 2450 et

52 2483 296 2554 precibus
326 2499 428 2538 nos
457 2483 968 2555 quantuloscunque
988 2499 1177 2540 servos
1213 2484 1632 2555 comparticipes

46 2575 219 2648 gloriae
266 2591 383 2631 sua:
428 2573 594 2631 faciat
629 2574 890 2631 Dominus
945 2584 1128 2632 noster
1164 2574 1325 2632 Jesus
1349 2575 1628 2645 Christus,

48 2667 128 2738 qui
154 2683 286 2724 cum
318 2666 506 2734 Patre,
547 2675 654 2722 etc.

788 2757 855 2812 Vl

258 2868 312 2908 IN
347 2869 528 2908 EODEI
563 2867 730 2908 πετο
768 2867 941 2909 SEBIIO
977 2864 1045 2908 DE
1083 2868 1398 2910 EVANGELIO.

104 2941 259 3000 Dixit
282 2943 446 3000 Jesus
475 2943 922 3017 Petro:Sequere
961 2961 1059 3000 me.
1104 2943 1396 3001 Conversus
1435 2943 1629 3002 Petrus

43 3039 158 3092 ridi:
214 3038 380 3093 illum
442 3047 740 3110 sequentem
787 3037 1114 3108 discipulum
1167 3055 1322 3109 quem
1375 3037 1631 3110 diligebat

1733 1935 2038 2006 periculum
2058 1941 2304 1989 vestrum
2331 1931 2649 1998 timeamus,
2681 1927 2729 1984 si
2758 1943 2857 1984 vos
2886 1941 2989 1984 nos
3021 1936 3168 1984 recte
3198 1943 3328 2000 gra-

1732 2026 1942 2083 dientes
1970 2025 2126 2098 sequi
2148 2021 2533 2082 eontemnatis.
2559 2019 2852 2094 Propterea
2879 2035 2978 2076 vos
3000 2024 3056 2076 et
3080 2035 3182 2076 nos
3205 2017 3328 2076 vias

1731 2129 1952 2176 nostras
1995 2118 2364 2190 corrigamus,
2415 2123 2471 2170 et
2516 2113 2662 2178 viam
2717 2112 2896 2169 nostri
2945 2105 3330 2186 Redemptoris

1732 2212 1884 2284 sequi
1934 2211 2346 2268 contendamus.
2405 2206 2687 2262 Imitemur
2732 2219 2952 2276 quoque
2993 2204 3330 2260 imitatorem

1731 2305 1852 2379 ejus
1885 2298 2130 2373 Petrum,
2171 2303 2268 2375 qui
2291 2301 2595 2368 Christum,
2637 2297 2772 2366 vita,
2802 2297 3049 2353 doctrina
3072 2307 3130 2353 et
3164 2311 3330 2352 cruce

1733 2407 1955 2458 secutus
1989 2405 2093 2454 est.
2126 2395 2184 2451 lu
2215 2394 2416 2466 quibus
2444 2392 2622 2448 tribus
2649 2405 2840 2447 omnes
2883 2389 3192 2461 specialiter
3224 2405 3329 2445 nos

1732 2491 2122 2563 praedicatores
2147 2503 2272 2544 eum
2305 2485 2461 2556 sequi
2504 2493 2776 2550 tenemur,
2800 2490 2861 2538 ut
2898 2476 3150 2538 videlicet
3190 2497 3330 2554 puro

1731 2583 2006 2649 vivamus,
2049 2589 2195 2636 recte
2235 2578 2552 2644 doceamus,
2578 2584 2631 2630 et
2683 2570 2930 2630 membra
2974 2582 3162 2629 nostra
3199 2588 3328 2628 cum

1731 2675 1880 2732 vitiis
1902 2682 1958 2730 et
1982 2669 2442 2743 concupiscentiis
2463 2666 2870 2740 crucifigamus.
2905 2665 3159 2722 Secundo
3190 2681 3330 2736 quo-

1733 2767 1898 2824 modo
1920 2762 2160 2821 Joannes
2205 2762 2536 2835 evangelista
2583 2761 2655 2816 ab
2699 2760 2803 2815 bac
2842 2760 2955 2815 vita
2991 2759 3330 2832 migraturus

1731 2868 1898 2926 esset,
1931 2858 2297 2931 signiﬁcatum
2323 2864 2410 2914 est
2428 2872 2460 2911 a
2482 2853 2737 2920 Domino,
2761 2868 2888 2910 eum
2919 2845 3079 2909 Petro
3105 2852 3173 2908 de
3205 2853 3330 2924 ejus

1734 2961 1911 3009 morte
1939 2950 2226 3023 quazrenti,
2256 2948 2334 3004 ait
2383 2964 2398 3002 :
2458 2946 2552 3004 Sic
2583 2962 2702 3002 eum
2744 2941 2861 3000 volo
2902 2961 3133 3013 manere,
3163 2945 3330 3000 donec

1734 3046 1957 3101 veniam.
1987 3043 2067 3100 Ac
2109 3041 2157 3098 si
2183 3041 2392 3098 diceret
2426 3058 2441 3096 :
2474 3037 2568 3094 Sic
2609 3037 2816 3094 diutius
2852 3047 2907 3094 et
2944 3046 3069 3110 post
3094 3045 3331 3095 mortem

40 3130 182 3187 Jesus
213 3130 406 3210 (Joan.
445 3131 662 3203 xxI),et
688 3129 920 3202 reliqua.
957 3128 1109 3186 Hane
1130 3130 1416 3187 lectionem
1453 3132 1632 3189 sancti
1659 3172 1701 3233 ο
1734 3137 1981 3194 omnium
2037 3134 2414 3208 apostolorum
2456 3132 2582 3188 volo
2627 3146 2753 3186 eum
2801 3126 2985 3188 vivere
3038 3126 3094 3210 in
3140 3147 3330 3200 carne,

42 3223 335 3298 Evangelii,
363 3221 563 3280 fratres
589 3223 718 3292 mei,
755 3221 948 3278 scribit
981 3219 1221 3278 Joannes
1258 3223 1544 3294 apostolus
1575 3231 1633 3280 et
1662 3219 1701 3233 ’⁸
1739 3229 1915 3286 donec
1939 3243 2041 3302 ego
2065 3244 2194 3285 eum
2221 3229 2464 3298 visitem,
2493 3238 2550 3286 et
2575 3229 2791 3301 placida
2835 3232 3012 3286 morte
3047 3229 3116 3284 ad
3163 3230 3331 3286 cccle-

38 3315 558 3390 evangelista,cujus
579 3314 739 3372 hodie
751 3313 1150 3371 solemnitatem
1161 3313 1521 3371 celebramus.
1535 3314 1640 3372 Fa-

41 3408 396 3484 citigiturtria
409 3408 468 3464 in
481 3406 587 3464 hac
607 3405 857 3464 lectione.
876 3403 1081 3475 Primo,
1101 3407 1439 3464 demonstrat
1464 3408 1639 3482 signi-

39 3501 253 3558 ficatum
302 3497 482 3556 fuisse
521 3514 556 3554 a
600 3496 834 3554 Domino
882 3514 992 3570 qua
1043 3507 1221 3555 morte
1261 3497 1460 3556 Petrus
1490 3508 1642 3558 esset

39 3592 329 3652 Dominum
342 3591 766 3650 clariticaturus.
782 3589 1058 3660 Secundo,
1073 3593 1354 3663 quomodo
1369 3592 1484 3664 ipse
1494 3602 1640 3652 esset

34 3688 96 3744 ab
113 3689 219 3746 hac
248 3687 370 3744 vita
391 3686 751 3759 migraturus.
780 3683 988 3756 Tertio,
1012 3701 1304 3758 personam
1328 3703 1485 3742 suam
1510 3700 1638 3743 eum

35 3782 366 3853 quibusdam
385 3781 758 3839 locutionibus
779 3780 1115 3838 manifestat.
1138 3780 1312 3838 Porro
1329 3797 1437 3856 qua
1461 3791 1638 3839 morte

31 3875 438 3934 darilicaturus
503 3872 698 3931 Petrus
749 3882 896 3932 esset
945 3873 1262 3943 Dominum,
1311 3874 1640 3947 significavit

32 3963 302 4023 Dominus
328 3982 459 4022 eum
485 3965 539 4021 in
563 3967 795 4023 lectione
819 3967 1148 4039 praisedenti
1175 3967 1226 4023 ei
1254 3967 1393 4024 dixit
1417 3986 1430 4022 :
1462 3986 1480 4019 ι
1497 3966 1637 4023 Cum

29 4072 175 4114 esses
180 4056 656 4129 juniorcingebas
666 4067 736 4125 te,
749 4067 805 4114 et
815 4057 1136 4114 ambulabas
1152 4058 1240 4115 ubi
1254 4059 1496 4127 volebas;
1511 4071 1575 4114 cu
1583 4074 1636 4114 m

29 4158 209 4206 autem
235 4149 527 4215 senueris,
549 4149 810 4204 extendes
830 4163 1030 4204 manus
1053 4156 1198 4217 tuas,
1211 4157 1267 4204 et
1288 4148 1430 4204 alius
1449 4157 1501 4204 te
1521 4149 1638 4204 ein-

26 4255 129 4312 σοι,
167 4253 229 4302 et
257 4245 429 4301 ducet
449 4258 560 4314 quo
580 4252 638 4298 tu
669 4257 781 4298 non
804 4241 888 4298 vis
917 4241 1134 4314 (lbid.).
1167 4259 1188 4296 ι
1215 4240 1428 4299 Etcum
1448 4251 1636 4314 postea

29 4336 132 4394 hoc
180 4338 240 4393 ei
288 4335 446 4408 quod
479 4334 646 4391 modo
682 4334 1028 4402 audivimus,
1056 4333 1232 4391 dixit:
1269 4331 1495 4406 Sequere
1531 4350 1634 4391 me.

24 4429 98 4485 Ac
125 4429 177 4486 si
199 4435 407 4500 aperte
433 4426 584 4483 dicat
612 4443 626 4478 :
655 4423 877 4482 imitare
902 4439 1011 4494 me,
1045 4434 1100 4482 et
1127 4425 1403 4498 praecipue
1443 4425 1497 4482 in
1528 4425 1637 4483 hoc

1739 3321 1846 3378 stia
1894 3337 2020 3378 eum
2079 3321 2430 3378 transferam.
2495 3320 2754 3394 Legimus
2807 3315 2954 3379 enim
3014 3323 3163 3394 quod
3226 3321 3333 3380 iste

1737 3411 1978 3470 Joannes
2001 3413 2333 3485 evangelista
2360 3413 2525 3484 longo
2557 3421 2803 3485 tempere
2823 3420 2950 3484 post
2977 3428 3170 3471 omnes
3197 3429 3333 3484 apo-

1739 3505 1910 3564 Stolos
1935 3505 2091 3563 vixit.
2125 3503 2345 3562 Etcum
2374 3513 2520 3562 esset
2554 3520 2830 3561 annorum
2879 3504 3178 3576 nonaginta
3232 3522 3337 3561 no-

1738 3611 1884 3663 vem,
1916 3595 2169 3666 apparuit
2202 3596 2254 3651 ei
2285 3595 2552 3651 Dominus
2590 3591 2753 3651 Jesus
2799 3593 3076 3662 Christus,
3107 3601 3163 3650 et
3196 3594 3336 3651 dixit

1739 3688 1818 3744 illi
1859 3706 1874 3743 :
1915 3707 1934 3742 ι
1972 3687 2130 3757 Veni,
2169 3689 2366 3745 dilecte
2394 3688 2491 3756 mi,
2523 3687 2594 3745 ad
2624 3702 2735 3755 me,
2760 3686 2890 3758 quia
2919 3695 3135 3758 tempus
3157 3695 3243 3744 est
3275 3695 3336 3744 ut

1736 3780 1975 3856 epuleris
2021 3795 2238 3838 meeum
2294 3781 2352 3836 in
2396 3778 2650 3837 convivio
2708 3794 2834 3836 meo
2890 3794 3016 3837 cum
3069 3778 3335 3836 fratribus

1739 3873 1896 3930 meis.
1934 3872 2032 3930 Die
2059 3874 2224 3947 igitur
2265 3872 2554 3929 Dominieo
2603 3872 2700 3944 qui
2744 3880 2872 3944 post
2921 3871 3168 3944 quinque
3212 3873 3334 3931 dies

1737 3962 1958 4021 futurus
1982 3974 2085 4034 est,
2111 3965 2297 4022 venies
2323 3966 2393 4022 ad
2422 3980 2531 4022 me.
2577 3983 2598 4018 ι
2635 3964 2697 4020 Et
2747 3981 2873 4022 cum
2917 3966 3036 4024 haec
3079 3966 3331 4036 dixisset,

1736 4059 1878 4132 cmlo
1908 4067 2161 4130 receptus
2207 4066 2310 4114 est.
2368 4055 2634 4118 Veniente
2674 4057 2843 4128 igitur
2887 4057 2976 4114 die
3017 4057 3331 4126 Dominico.

1735 4153 1886 4209 venit
1929 4153 2123 4208 beatus
2162 4150 2401 4208 Joannes
2440 4149 2511 4207 ad
2562 4150 2882 4218 ecclesiam,
2922 4159 3136 4208 etcum
3178 4152 3253 4207 ibi
3299 4168 3334 4208 a

1735 4244 1914 4316 primo
1945 4243 2223 4316 pullorum
2250 4252 2414 4300 cantu
2463 4259 2641 4314 usque
2667 4243 2737 4299 ad
2772 4243 2990 4300 tertiam
3020 4243 3214 4299 horam
3245 4244 3337 4300 di-

1737 4337 1868 4392 vina
1913 4337 2173 4409 mysteria
2202 4336 2554 4404 celebrasset,
2595 4344 2652 4392 et
2694 4336 2962 4408 populum
3011 4336 3334 4392 exhortatus

1735 4427 1952 4497 fuisset,
1977 4427 2318 4485 indefossum
2343 4428 2640 4499 sepulturae
2672 4441 2788 4482 sua:
2834 4426 3017 4482 locum
3045 4425 3198 4483 solus
3237 4426 3335 4480 de-

23 4520 167 4590 quod
215 4518 374 4575 sicut
403 4531 508 4589 ego
548 4525 802 4572 mortuus
830 4531 954 4572 sum
985 4531 1083 4586 pro
1107 4524 1181 4584 te,
1223 4515 1298 4571 ita
1325 4525 1382 4572 tu
1415 4531 1636 4588 quoque
1667 4525 1712 4582 D
1738 4522 1969 4590 scendit,
1999 4531 2051 4578 et
2077 4521 2337 4593 spiritum
2388 4519 2502 4577 Deo
2540 4519 2798 4587 reddidit,
2825 4526 2882 4576 et
2912 4529 3022 4575 tam
3067 4533 3100 4573 a
3148 4517 3337 4572 dolore

21 4613 296 4669 oriaris
315 4625 425 4681 pro
449 4621 558 4670 me.
612 4607 788 4665 Porro
830 4607 1063 4679 principi
1113 4607 1490 4679 apostolorum
1519 4622 1632 4678 prie

21 4708 248 4774 ceteris,
273 4706 485 4763 dicitur
504 4713 563 4758 ut
584 4712 847 4776 sequatur
870 4703 1183 4772 Dominum,
1205 4703 1490 4775 quoniam,
1505 4719 1633 4760 cum

21 4816 223 4859 omnes
251 4798 422 4872 sequi
453 4799 688 4854 debeant
718 4813 867 4864 eum,
914 4796 1186 4868 praecipue
1218 4796 1480 4869 primates
1508 4813 1638 4854 san-

22 4905 120 4951 cta:
157 4893 463 4959 Ecclesiae,
515 4890 612 4965 qui
668 4890 790 4961 ejus
835 4889 1016 4945 vicem
1063 4889 1119 4944 in
1157 4887 1401 4945 Ecclesia
1425 4897 1631 4946 tenent.

23 4983 238 5046 Omnes
273 4983 484 5056 quippe
512 4989 768 5040 tenentur
797 4994 926 5037 eum
967 4979 1142 5052 sequi.
1176 4977 1333 5037 Unde
1371 4981 1636 5053 scriptum

22 5091 148 5138 est:
199 5100 222 5133 e
260 5077 384 5147 Qui
409 5076 530 5132 vult
569 5091 698 5134 cum
748 5073 970 5130 Christo
1026 5089 1270 5142 manere,
1328 5074 1473 5132 sicut
1519 5074 1636 5145 ipse

25 5171 368 5239 rmbulavit,
389 5169 549 5227 debet
571 5177 626 5225 et
651 5168 934 5226 ambulare
955 5165 1011 5239 (Ι
1035 5165 1197 5222 Joau.
1229 5165 1315 5238 ιι).
1351 5186 1371 5220 ι
1401 5165 1508 5222 Sed
1527 5167 1635 5223 mi-

23 5270 271 5326 roribus
310 5263 537 5332 sollicit,
569 5265 618 5321 si
645 5264 791 5320 viam
814 5262 1022 5320 Christi
1047 5278 1078 5318 a
1107 5263 1269 5333 longe
1310 5270 1633 5334 sequantur.

25 5361 292 5420 halantis
314 5374 454 5414 vero
480 5355 738 5413 Ecclesia:
781 5362 1006 5421 sanetae,
1037 5370 1147 5410 non
1185 5352 1381 5411 sullicit
1414 5353 1522 5411 nisi
1566 5353 1636 5410 de

23 5471 201 5528 πορθ
233 5463 300 5510 et
337 5463 604 5520 expresse
641 5446 922 5506 Christum
967 5455 1291 5518 sequantur,
1316 5455 1372 5503 et
1396 5447 1517 5518 ejus
1542 5461 1639 5502 ve-

29 5550 206 5623 aigiis
261 5541 598 5600 innitantnr.
649 5539 806 5597 Unde
854 5549 912 5598 et
950 5540 1268 5612 specialiter
1301 5539 1384 5596 eis
1431 5539 1639 5595 dictum

26 5651 135 5698 st:
173 5659 199 5690 ι
239 5633 358 5703 Qui
385 5633 521 5689 mihi
535 5633 830 5700 ministrat,
859 5647 948 5689 me
966 5629 1430 5704 sequaturlJoan.
1452 5630 1574 5701 xu).
1612 5649 1632 5683 ι

29 5749 86 5790 ιε
126 5732 188 5788 si
207 5729 434 5785 diceret
466 5745 479 5780 :
505 5724 610 5793 Qui
633 5741 816 5781 meum
839 5724 1206 5781 ministerium
1232 5721 1391 5794 gerit,
1409 5721 1639 5794 vestigia

27 5841 139 5885 nea
199 5827 506 5894 sumatur,
550 5826 614 5874 ut
639 5818 736 5889 qui
761 5834 891 5875 eum
931 5817 1200 5890 sequitur,
1237 5829 1326 5872 me
1353 5823 1637 5889 sequatur,

323 5917 608 5979 Panos.
643 5915 822 5994 CLV.

1735 4615 1930 4673 mortis
1957 4623 2273 4682 extraneos,
2309 4628 2475 4685 quam
2507 4629 2541 4670 a
2565 4612 2750 4670 carnis
2794 4610 3147 4683 corruptione
3179 4608 3325 4664 inve-

1737 4709 1886 4764 nitur
1913 4707 2148 4763 alienus.

1804 4795 1924 4854 Non
1955 4805 2138 4852 autem
2174 4795 2298 4852 ideo
2321 4793 2588 4850 Dominus
2638 4791 2779 4849 dixit
2821 4788 3174 4863 singulariter
3216 4785 3326 4842 Pe-

1740 4899 1860 4947 tro:
1889 4888 2115 4962 Sequere
2147 4906 2248 4956 me,
2275 4888 2437 4961 quasi
2473 4888 2576 4944 iste
2603 4883 2848 4941 Joannes
2875 4898 2986 4939 non
3009 4889 3158 4940 esset
3199 4897 3326 4936 eum

1740 4992 2054 5048 secuturus.
2083 4980 2222 5051 Quis
2249 4982 2399 5038 enim
2428 4979 2606 5052 magis
2635 4985 2930 5035 secuturus
2955 4982 3076 5032 erat
3111 4975 3329 5045 Agnum

1737 5059 2376 5148 quamillequisequitur
2405 5088 2533 5129 eum
2582 5066 3091 5148 quoeunqueierit?
3139 5065 3329 5137 (Apoc.

1736 5172 1875 5242 xiv.)
1913 5169 2021 5226 Sed
2065 5167 2192 5240 quia
2230 5182 2328 5238 per
2372 5163 2794 5221 amaritudinem
2868 5160 3151 5233 passionis
3221 5175 3332 5213 non

1735 5271 1882 5320 esset
1905 5277 2034 5318 eum
2058 5269 2371 5327 secuturus,
2400 5253 2815 5314 demonstravit.
2846 5252 2960 5310 Nec
2989 5262 3176 5308 tamen
3206 5251 3329 5338 ideo

1737 5355 1978 5414 Joannes
2029 5373 2061 5413 a
2103 5371 2306 5412 corona
2356 5353 2604 5425 martyrii
2667 5350 2915 5422 privatus
2963 5359 3066 5416 est,
3091 5346 3328 5403 Domino

1741 5457 1900 5515 teste,
1932 5448 2025 5519 qui
2057 5447 2107 5506 ei
2134 5456 2189 5502 et
2217 5445 2374 5501 fratri
2405 5459 2509 5500 suo
2539 5441 2748 5498 Jacobo
2775 5441 3104 5512 praedixerat
3130 5455 3141 5492 :
3178 5459 3195 5488 ‹
3224 5437 3333 5491 (2a-

1740 5538 1901 5595 lieem
1930 5538 2153 5610 quidem
2179 5551 2363 5592 meum
2387 5535 2585 5591 bibetis
2619 5532 2839 5605 (Matth.
2877 5541 2992 5603 xx).
3029 5553 3046 5584 ι
3080 5530 3201 5600 lpse
3235 5529 3324 5584 ni-

1742 5632 1946 5690 mirum
1970 5640 2026 5688 et
2054 5647 2182 5688 cum
2209 5630 2424 5687 caeteris
2452 5627 2716 5699 apostolis
2760 5642 2790 5682 a
2830 5623 3037 5682 Judaeis
3083 5621 3327 5692 ﬂagella-

1743 5737 1834 5786 tus
1855 5735 1966 5793 est;
2007 5725 2124 5797 ipse
2163 5723 2216 5780 in
2245 5722 2391 5778 dolio
2421 5719 2683 5778 ferventis
2707 5718 2813 5776 olei
2854 5725 3076 5790 propter
3117 5727 3325 5768 nomen

1740 5817 1947 5876 Christi
1977 5832 2008 5873 a
2036 5813 2348 5873 Domitiano
2399 5812 2614 5883 positus
2656 5817 2778 5879 est;
2825 5809 2942 5880 ipse
2973 5808 3027 5862 in
3058 5804 3329 5861 Pathmoe

2461 5983 2522 6009 -.κ
