3832 6314
555 405 694 459 iliis
1853 395 2036 452 llADL‘
2047 395 2200 452 LPlll

551 519 789 575 insulam
842 519 896 574 in
943 517 1201 574 exsilium
1254 515 1527 588 relegatus
1577 521 1701 585 est;
1754 512 1870 585 ipse
1919 517 2218 584 propterA

549 607 832 667 Christum
862 611 1063 666 multas
1099 609 1512 682 persecutiones
1533 621 1734 678 passus
1755 615 1862 671 est,
1891 614 2144 676 propter-

549 717 614 757 ea
639 710 750 757 tam
778 701 968 758 labore
1015 716 1182 772 quam
1218 699 1504 755 voluntate
1526 707 1735 770 martyr
1761 705 1863 752 est.
1891 694 2149 767 Propter-

547 786 635 861 ea,
686 793 884 850 fratres
934 793 1060 860 mei,
1114 791 1367 856 labores,
1399 789 1838 855 'tribulationes,
1887 803 2147 859 persecu-

549 891 731 944 tiones
755 897 809 943 et
838 886 1020 942 carnis
1050 885 1372 940 atllictiones
1415 892 1638 954 propter
1668 881 1837 938 Deum
1869 881 2145 953 patienter

547 991 603 1038 et
635 982 930 1054 gaudenter
967 978 1369 1044 susti-ueamus;
1395 977 1658 1047 quoniam
1695 977 1851 1042 dum,
1899 976 2018 1031 haec
2050 973 2142 1030 fa-

549 1078 748 1140 cimus,
778 1074 932 1144 juxta
982 1071 1208 1126 verbum
1255 1069 1496 1137 Domini,
1545 1070 1773 1126 calicem
1821 1069 1942 1140 ejus
1993 1067 2142 1123 bibi-

548 1186 694 1236 mus,
718 1178 771 1223 et
800 1166 1045 1238 martyrii
1097 1165 1333 1236 palmam
1369 1179 1765 1236 promeremur.
1813 1161 1870 1216 In
1901 1163 2007 1218 hoc
2031 1177 2141 1217 au-

546 1273 654 1318 tem
692 1259 836 1332 quod
897 1258 1163 1313 Dominus
1213 1258 1437 1313 Petrum
1497 1266 1730 1312 mortem
1772 1254 2137 1326 condiscipuli

543 1353 631 1409 sui
658 1353 932 1409 curiosius
958 1352 1324 1424 inquirentem
1357 1351 1563 1422 arguit,
1615 1349 1806 1405 dicens
1835 1368 1848 1403 ε
1885 1347 2026 1414 Quid
2059 1346 2128 1400 ad

544 1441 738 1498 te?Tu
780 1459 860 1496 me
886 1459 1136 1514 sequere;
1191 1458 1292 1497 nos
1339 1441 1585 1507 instruit,
1639 1440 1840 1496 fratres
1888 1441 2017 1507 mei,
2074 1455 2141 1495 ne

542 1537 712 1591 vitam
744 1535 1126 1606 proximorum
1176 1544 1518 1600 nostrorum,
1543 1535 1818 1605 praecipue
1847 1535 1942 1604 qni
1981 1532 2140 1587 nobis

541 1630 777 1700 subjecti
818 1638 968 1697 sunt,
1009 1629 1249 1695 curiose,
1303 1636 1364 1682 ut
1404 1627 1631 1698 quidam
1669 1625 1909 1690 faciunt,
1965 1625 2142 1696 inqui-

541 1737 752 1786 ramus,
790 1719 884 1775 sed
941 1719 1126 1789 potius
1179 1733 1397 1788 semper
1461 1718 1531 1772 de
1584 1727 1771 1772 nostra
1818 1716 2032 1771 solliciti
2064 1716 2140 1770 si-

541 1828 702 1881 mus;
733 1828 842 1866 non
890 1811 1125 1866 alienam
1165 1812 1356 1878 vitam,
1403 1811 1497 1866 sed
1539 1821 1785 1865 nostram
1815 1826 2030 1880 semper
2054 1810 2138 1864 di-

536 1905 870 1973 judicemus.
934 1903 1140 1970 Tertio,
1191 1901 1656 1959 considerandum
1713 1913 1795 1957 est
1861 1902 2138 1974 quomodo
2175 1884 2212 1938 θ

539 1995 781 2051 Joannes
821 2011 1113 2067 personam
1153 2009 1311 2049 suam
1354 1994 1422 2048 ad
1457 1993 1746 2048 utilitatem
1787 1993 2136 2064 sequentium

540 2086 890 2143 commendat
923 2095 979 2142 et
1023 2083 1313 2141 manifeste
1358 2099 1425 2140 ex
1477 2083 1656 2139 tribus
1701 2102 1717 2138 :
1757 2099 1825 2139 ex
1852 2084 2142 2157 privilegio

549 2182 759 2253 gratiae,
788 2197 856 2237 ex
905 2179 1188 2251 privilegio
1237 2177 1648 2246 familiaritatis,
1680 2187 1733 2232 et
1757 2194 1822 2232 ex
1849 2178 2043 2234 otlieio.
2073 2177 2138 2235 Et

545 2283 730 2328 tamen
754 2272 808 2327 in
834 2272 1094 2327 omnibus
1132 2270 1200 2327 iis
1223 2269 1290 2325 de
1316 2285 1394 2338 se,
1429 2279 1691 2342 tanquam
1724 2271 1792 2327 de
1820 2272 1929 2326 alio
1956 2272 2137 2343 loqui-

550 2375 658 2418 tur.
677 2361 774 2419 Hic
794 2363 941 2417 enim
967 2377 1090 2417 mos
1111 2370 1197 2418 est
1221 2360 1511 2416 familiaris
1534 2363 1741 2418 sanctis
1762 2361 2038 2431 Patribus,
2053 2373 2132 2432 ut,

537 2456 760 2527 quando
779 2455 1082 2526 loquuntur
1109 2455 1178 2510 de
1205 2469 1266 2510 se
1293 2454 1457 2522 bona,
1488 2454 1556 2509 ad
1586 2454 1895 2512 evitandam
1921 2455 2138 2527 jactan-

537 2547 776 2614 tiam,dc
803 2563 862 2602 se
887 2556 1152 2618 tanquam
1177 2547 1244 2602 de
1264 2547 1374 2602 alio
1391 2548 1706 2618 loquantur.
1739 2545 1894 2603 Unde
1919 2547 2136 2621 Moyses

534 2641 603 2694 de
631 2657 690 2695 se
721 2640 973 2710 loquens,
1025 2649 1267 2711 tanquan
1310 2639 1377 2694 de
1415 2637 1525 2694 alio
1569 2638 1647 2694 ait
1684 2659 1697 2694 :
1743 2659 1759 2691 ι
1793 2638 1920 2695 Erat
1950 2650 2134 2696 autem

536 2729 754 2802 Jloyses
778 2731 1110 2786 mitissimus
1142 2731 1391 2786 omnium
1424 2731 1712 2786 hominum
1746 2730 1937 2802 (Num.
1961 2733 2081 2799 xu).
2105 2749 2126 2785 ι

534 2811 614 2876 ita
639 2832 693 2877 et
718 2821 966 2877 Joannes
999 2822 1105 2877 iste
1136 2821 1373 2892 loquens
1419 2836 1487 2876 ex
1540 2821 1824 2892 privilegio
1861 2821 2048 2892 gratia:
2074 2837 2134 2877 se

532 2915 885 2975 commendat
933 2928 1110 2969 zeum
1173 2930 1233 2970 se
1297 2912 1623 2984 discipulum
1675 2930 1828 2984 quem
1877 2913 2133 2985 diligebat

533 3005 698 3072 Iesus
753 3014 932 3061 vocat.
989 3004 1107 3062 Non
1153 3005 1284 3076 quia
1340 3006 1520 3062 solum
1549 3020 1674 3060 eum
1725 3004 1994 3076 diligeret,
2035 3004 2134 3060 sed

537 3101 667 3170 quia
714 3099 944 3172 majoris
999 3101 1217 3172 signum
1275 3098 1588 3154 dilectionis
1639 3095 1688 3152 ei
1753 3097 2127 3152 ostendebat:

533 3192 740 3248 Omnes
761 3192 963 3264 quippe
988 3192 1200 3258 dilexit,
1229 3192 1322 3262 qui
1353 3192 1614 3247 omnibus
1645 3191 1783 3246 dixit
1811 3209 1826 3245 :
1865 3211 1880 3243 α
1910 3189 2127 3246 Maneto

536 3283 589 3340 in
619 3284 913 3341 dilectione
961 3299 1106 3353 mea,
1156 3284 1301 3341 sicut
1353 3294 1409 3339 et
1457 3300 1558 3356 ego
1601 3285 1769 3339 dilexi
1803 3299 1900 3340 vos
1943 3283 2124 3356 (locis.

542 3380 654 3449 xv).
696 3397 714 3430 ι
769 3379 875 3434 Sed
913 3378 1081 3434 istum
1105 3379 1415 3450 specialiter
1443 3377 1661 3448 dilexit,
1685 3379 1946 3449 quoniam
1973 3379 2129 3450 virgo

533 3469 741 3524 electus
768 3478 851 3522 est
880 3483 912 3522 a
952 3466 1222 3535 Domino;
1256 3468 1410 3540 virgo
1464 3469 1518 3524 in
1571 3485 1748 3525 sevum
1800 3470 2125 3540 permansit.

532 3560 684 3616 Felix
706 3570 852 3617 certe
883 3570 1043 3618 estet
1088 3562 1461 3628 beatissimus,
1506 3579 1671 3636 quem
1722 3562 1991 3621 Dominus
2029 3581 2129 3620 an-

533 3652 897 3709 tonomastiee
919 3653 1122 3709 dicitur
1151 3654 1400 3728 diligere.
1426 3655 1497 3711 At
1526 3657 1812 3728 privilegio
1845 3656 2130 3712 familiari-

535 3747 664 3802 tatis
694 3762 754 3803 sc
787 3747 1158 3816 commendat,
1185 3763 1313 3804 cum
1345 3748 1412 3804 de
1441 3764 1501 3804 se
1537 3749 1614 3804 ait
1640 3767 1652 3804 :
1681 3748 1786 3815 Qui
1813 3759 1866 3804 et
1889 3749 2128 3804 recubuit

533 3840 591 3893 in
613 3856 760 3894 cerua
785 3856 942 3911 super
972 3849 1151 3910 pectus
1175 3839 1318 3912 ejus,
1361 3851 1412 3896 et
1441 3843 1518 3896 ait
1557 3859 1576 3897 :
1611 3841 1855 3909 Domine,
1889 3844 2008 3916 quis
2048 3853 2127 3899 est

530 3933 621 4002 qui
649 3933 821 3988 tradet
848 3934 937 3988 te?
961 3931 1211 3990 Maxima:
1247 3935 1448 4006 quippe
1478 3936 1700 4008 signum
1732 3936 2126 3994 familiaritatis

530 4031 618 4078 est
642 4039 806 4094 super
842 4033 1034 4094 pet-tus
1060 4025 1307 4096 magistri
1349 4026 1692 4093 recumbere,
1738 4035 1793 4082 et
1821 4026 1941 4098 ejus
1968 4043 2126 4082 area-

530 4128 734 4168 norum
759 4115 1047 4171 conscium
1071 4131 1212 4171 esse.
1248 4115 1306 4170 Si
1334 4116 1462 4188 quis
1491 4126 1674 4172 autem
1701 4127 1917 4188 quaerat
1951 4133 2124 4189 quare

2156 3251 2202 3314 C

537 4201 796 4264 Dominus
830 4207 922 4263 isti
945 4209 1218 4280 discipulo
1249 4219 1463 4266 tantum
1496 4226 1764 4279 amorem,
1795 4220 2126 4282 tantamque
2225 4218 2230 4224 ’

539 4298 851 4354 exhibuerit
874 4296 1590 4369 familiaritatem,dicimus
1625 4301 1773 4372 quod
1803 4303 1915 4358 vita
1951 4302 2117 4374 virgi-

541 4389 682 4448 nalis
711 4399 766 4446 et
779 4391 1200 4464 contemplativa
1227 4400 1313 4447 est
1344 4391 1451 4446 vita
1499 4391 1743 4448 coelestia
1767 4401 1822 4448 et
1851 4394 2118 4466 angelica.

537 4477 702 4537 Porro
731 4480 875 4538 Deus
897 4491 951 4538 et
975 4482 1152 4555 angeli
1174 4483 1295 4552 ejus
1319 4497 1443 4536 cum
1467 4481 1771 4553 virginibus
1795 4493 1848 4538 et
1873 4493 2124 4540 eontem-

535 4575 752 4646 plativis
795 4590 1051 4646 magnam
1098 4575 1303 4629 habent
1353 4572 1807 4630 familiaritatem.
1853 4574 1992 4632 lline
2034 4585 2119 4632 est
2151 4575 2554 4669 Devangelista
2594 4575 2787 4647 (Joan.
2839 4577 2974 4648 ιιι),
3029 4577 3124 4648 qui
3175 4577 3334 4649 virgo
3383 4577 3498 4634 fuit
3541 4578 3728 4633 electas

532 4668 677 4739 quod
703 4667 972 4726 Dominus
1013 4667 1344 4739 discipulum
1377 4668 1644 4740 virginem
1681 4679 1736 4726 et
1786 4672 2120 4743 contempla.
2152 4665 2181 4669 ⁷
2221 4665 2466 4734 Christo,
2512 4675 2568 4722 et
2612 4667 2768 4740 virgo
2815 4668 2870 4722 in
2923 4683 3104 4724 aevum
3137 4669 3477 4739 permansit.
3523 4667 3630 4737 Qui
3655 4675 3700 4721 tt

2221 4772 2322 4829 pra
2355 4766 2549 4829 pectus
2574 4758 2696 4829 ejus
2724 4759 2780 4814 in
2803 4771 2962 4814 omna
3004 4759 3295 4826 recubuit;
3330 4759 3498 4816 unde
3521 4767 3580 4815 et
3610 4755 3720 4830 νυοῦ

2221 4850 2346 4906 dius
2376 4849 2594 4908 caeteris
2643 4859 2852 4908 secreta
2881 4851 3139 4924 cognovit
3173 4851 3462 4908 celestia.
3501 4852 3685 4908 Primo
3716 4848 3724 4901 i

2218 4951 2308 4998 tur
2351 4933 2599 5014 loquitur
2642 4944 2712 5000 de
2755 4958 2823 5000 eo
2876 4959 3041 5015 quem
3091 4943 3250 5000 vidit.
3298 4942 3583 5002 Secundo
3633 4944 3692 4998 de

2218 5049 2361 5106 quos
2400 5051 2528 5092 cum
2571 5036 2688 5092 Deo
2731 5036 2888 5094 vidit.
2937 5035 3197 5108 Loquens
3238 5037 3423 5108 igitur
3460 5039 3536 5095 de
3578 5053 3644 5094 eo

2218 5130 2375 5195 vidit,
2412 5129 2491 5184 ait
2536 5149 2550 5186 :
2586 5129 2714 5186 Vidi
2746 5137 2910 5202 supra
2951 5139 3183 5186 montem
3229 5129 3369 5185 Sion
3425 5133 3650 5202 Agrum
3682 5137 3718 5180 st

532 4756 703 4810 tivum
751 4757 995 4813 tenerius
1039 4765 1095 4812 et
1134 4755 1460 4811 familiarius
1505 4757 1697 4814 dilexit
1729 4760 1970 4827 caneris,
1997 4776 2116 4814 ma-

531 4857 776 4919 tremque
801 4846 1078 4919 Virginem
1103 4846 1151 4902 ei
1189 4847 1389 4920 virgini
1412 4851 1833 4918 commendavit,
1849 4852 2113 4924 quoniam

529 4940 673 5010 inter
687 4941 930 5014 virgines
953 4948 1007 4994 et
1031 4939 1485 5011 contemplativos
1533 4952 1719 4998 sancta
1747 4946 2115 5014 conversatio,

528 5032 735 5090 munda
777 5029 1149 5098 familiaritas,
1186 5041 1241 5087 et
1276 5031 1503 5089 floridus
1540 5047 1795 5106 aspectus
1838 5047 1940 5093 est.
1973 5037 2120 5106 Quo-

529 5126 681 5180 niam
733 5131 916 5179 autem
957 5123 1047 5178 vi-x
1093 5125 1206 5179 vita
1258 5126 1544 5198 virginalis
1591 5137 1645 5183 et
1693 5131 2114 5200 contemplativa

529 5217 772 5274 celestis
818 5225 873 5272 et
903 5218 1148 5290 angelica
1191 5228 1296 5288 est,
1331 5219 1452 5276 ideo
1466 5221 1675 5292 opinor
1703 5220 1992 5278 Dominum
2024 5239 2118 5280 vo-

527 5311 699 5366 luisse
724 5309 872 5382 quod
906 5310 1066 5367 beata
1097 5311 1262 5384 Virgo
1295 5322 1348 5368 et
1385 5312 1692 5384 discipulus
1716 5313 1844 5381 iste,
1871 5312 2029 5370 facile
2056 5322 2112 5371 et

527 5404 649 5459 Sine
705 5403 894 5462 dolore
948 5405 1017 5461 ad
1067 5403 1314 5462 etelestia
1385 5407 1874 5476 transmigrarent;
1932 5406 2110 5463 facilis

528 5493 729 5565 quippe
760 5505 845 5552 est
879 5497 1146 5551 transitus
1174 5497 1242 5551 de
1269 5496 1543 5550 similibus
1576 5497 1644 5550 ad
1687 5497 1909 5552 similia.
1955 5495 2110 5553 Sicut

527 5587 672 5642 enim
695 5597 902 5660 quanto
940 5589 1066 5659 quis
1108 5588 1380 5644 remotior,
1398 5597 1483 5643 est
1509 5604 1541 5643 a
1571 5587 1890 5645 cwlestibus
1918 5589 2030 5644 vita
2053 5599 2112 5646 et

527 5682 894 5752 morilius,'ita
922 5682 1217 5736 transitum
1262 5681 1328 5735 ad
1356 5695 1417 5736 ea
1445 5682 1680 5739 sortitur
1722 5681 2103 5740 diﬂiciliorern.

597 5865 677 5934 ti)
708 5863 902 5918 Even.
951 5861 1046 5915 lib.
1097 5873 1178 5926 tu,
1203 5873 1322 5930 cap.
1373 5876 1410 5926 r,
1447 5857 1592 5915 Hist.
1628 5861 1838 5924 σταίη,
1876 5870 1928 5915 et
1984 5876 2106 5930 cap.
2144 5859 2218 5920 ιι

2218 5315 2504 5385 quomodo
2551 5331 2678 5372 eum
2735 5317 2907 5373 situm
2948 5316 3167 5373 viderit.
3208 5315 3401 5384 Quem
3449 5316 3633 5372 vidit?
3686 5311 3734 5370 Vi

2219 5405 2420 5477 inquit,
2458 5407 2686 5476 Agnum.
2742 5409 2954 5479 Agnus,
3009 5408 3210 5465 fratres
3248 5409 3394 5478 mei,
3437 5410 3647 5466 dicitur
3667 5403 3732 5466 Cll.

2219 5509 2338 5554 stus
2389 5499 2591 5570 triplici
2611 5500 2680 5556 de
2721 5516 2909 5559 causa.
2945 5500 3085 5568 Quia
3133 5502 3193 5556 in
3251 5517 3416 5572 agno
3466 5500 3704 5573 paschali

2219 5591 2620 5664 praeﬂguratus.
2661 5591 2801 5658 Quia
2849 5594 3002 5648 mitis
3055 5603 3111 5649 et
3160 5594 3456 5651 innocens
3511 5602 3578 5651 ut.

2217 5694 2274 5740 et
2307 5685 2436 5755 quia
2474 5699 2577 5744 nos
2606 5686 2783 5756 pascit
2811 5699 2979 5741 eam
3026 5693 3083 5741 et
3125 5685 3424 5757 sanguine
3467 5702 3605 5753 suo,
3631 5696 3679 5738 et
3708 5693 3734 5766 ς

2239 394 2590 452 ARDENTIS
3658 402 3748 463 ιςιι

2247 511 2323 568 lta
2355 521 2675 568 eeontrarto
2705 522 2916 584 qua:.to
2939 512 3067 586 quis
3093 523 3180 572 est
3207 515 3550 588 tropinquior
3570 523 3748 579 caelati-

2253 603 2358 658 bus
2390 603 2500 658 vita
2529 612 2586 659 et
2608 603 2880 672 moribus,
2926 604 3000 659 ita
3038 606 3334 661 transitum
3364 607 3430 661 ad
3465 622 3523 663 ea
3544 624 3749 670 ammen-

2248 704 2338 752 tur
2372 696 2654 768 leviorem.
2711 697 2794 753 Ab
2842 698 3021 754 officio
3073 713 3207 755 vero
3236 708 3461 755 sanctus
3484 699 3686 762 Joannes
3707 724 3746 766 se

2245 788 2587 856 manifestat,
2620 806 2744 846 cum
2768 791 2903 846 dicit
2937 809 2951 846 :
2980 791 3084 845 Hic
3127 801 3210 845 est
3259 792 3548 862 discipulus
3586 795 3661 850 ille
3690 804 3747 870 qui

2246 883 2606 937 testimonium
2655 884 2888 954 perhibet
2914 885 2979 938 de
3016 886 3105 951 iis,
3133 893 3184 938 et
3216 886 3428 952 scripsit
3455 886 3575 940 hac.
3608 887 3749 945 Emi.

2244 992 2362 1029 mus
2389 976 2516 1047 quia
2546 993 2723 1030 verum
2749 987 2826 1031 est
2851 979 3214 1031 testimonium
3237 977 3376 1046 ejus.
3403 977 3564 1048 Cujus
3588 983 3745 1054 scripta,

2243 1065 2444 1122 fratres
2475 1067 2606 1134 mei,
2657 1076 2812 1122 tanto
2851 1067 3066 1123 firmius
3093 1076 3150 1122 tt
3189 1068 3415 1123 charius
3449 1071 3749 1140 amplectitu-

2243 1156 2460 1223 bemus,
2495 1165 2704 1229 quanto
2750 1157 2868 1228 ipse
2911 1158 3186 1228 mysteriis
3211 1171 3337 1228 qua:
3366 1157 3480 1228 ipse
3499 1159 3676 1228 scribit,
3695 1165 3748 1220 ta.

2242 1248 2514 1305 miliarius
2537 1259 2590 1305 et
2620 1250 2986 1322 propinquius
3027 1249 3315 1318 interfuit;
3363 1262 3651 1325 quantoque
3672 1258 3749 1328 ipse

2240 1341 2307 1398 de
2334 1343 2546 1408 rivulis,
2572 1343 2784 1398 scilicet
2810 1343 2878 1398 de
2926 1343 3046 1413 ipso
3093 1342 3245 1399 fonte
3273 1343 3539 1400 Dominici
3577 1353 3749 1417 pectoris

2241 1437 2448 1509 largius
2496 1446 2549 1491 et
2602 1435 2931 1506 profundius
2985 1437 3202 1492 ueteris
3250 1438 3457 1492 hausit.
3508 1437 3748 1510 Propterea,

2241 1528 2442 1586 fratres
2461 1530 2592 1597 mei,
2646 1530 2825 1600 ipsum
2859 1530 3153 1600 precibus,
3203 1531 3388 1601 ipsum
3429 1533 3750 1603 gemitibusex-

2238 1639 2481 1689 oremus,
2507 1632 2784 1694 quatenus
2838 1623 3050 1678 meritis
3083 1624 3450 1696 precibusque
3498 1627 3620 1694 suis,
3643 1633 3752 1686 Mil!

2241 1717 2386 1787 apud
2414 1717 2678 1771 dilectum
2709 1713 3003 1770 Dominum
3039 1732 3202 1771 suum
3252 1715 3516 1785 obtineat,
3550 1729 3752 1788 quateret

2240 1823 2550 1862 mereamur
2589 1805 2795 1877 scripta
2840 1806 2987 1861 illius
3011 1816 3156 1862 recte
3207 1806 3528 1879 intelligere,
3549 1819 3596 1863 et
3617 1811 3754 1865 obser-

2241 1915 2368 1954 vare
2406 1899 2740 1965 castitatem,
2779 1899 3301 1969 contemplationem
3339 1908 3647 1971 ceterasque
3670 1904 3753 1972 ejus

2237 1992 2467 2046 virtutes
2531 2007 2563 2046 a
2612 1992 2774 2062 longe
2831 1991 3071 2057 insumi,
3121 1991 3395 2046 mundum
3442 2002 3755 2060 contemnere,

2239 2083 2408 2139 Deum
2434 2099 2601 2154 super
2634 2083 2820 2138 omnia
2856 2083 3104 2154 diligere,
3158 2083 3226 2138 ad
3262 2083 3506 2138 caelestia
3535 2094 3632 2138 toto
3653 2085 3754 2139 desi-

2237 2177 2392 2233 derio
2417 2177 2704 2244 festinare,
2727 2187 2780 2233 et
2811 2177 2878 2232 ad
2903 2191 2970 2232 ea
3000 2176 3146 2232 felici
3171 2193 3340 2233 cursu
3384 2179 3659 2248 pervenire,
3675 2179 3755 2232 lar-

2236 2270 2417 2342 gicnte
2441 2269 2676 2326 Domino
2704 2279 2896 2326 nostro
2923 2268 3060 2326 Jcsu-
3077 2269 3327 2337 Christo,
3369 2271 3464 2342 qui
3495 2271 3548 2326 in
3577 2272 3754 2344 perfecta

2237 2361 2509 2418 Trinitatc
2530 2363 2667 2418 vivit
2687 2371 2740 2418 et
2764 2373 2954 2433 regnat
2986 2377 3082 2433 per
3105 2362 3320 2429 omnia,
3354 2370 3462 2417 etc.

2346 2477 2466 2533 Vita
2505 2478 2616 2533 diri
2635 2475 2862 2532 Joannis
2890 2476 3228 2549 evangelista
3263 2493 3358 2548 per
3390 2475 3694 2532 θοι-συκίδια

2308 2594 2386 2665 (i)
2442 2591 2684 2665 Joannes
2748 2591 2919 2646 frater
2969 2589 3192 2665 Jacobi,
3248 2591 3453 2665 qui__et
3491 2592 3758 2665 evangelista

2235 2659 2452 2719 Domini
2483 2663 2660 2718 factus
2680 2671 2784 2728 est,
2821 2679 2983 2732 quem
3023 2659 3293 2717 lloniinns
3348 2662 3554 2727 dilexit,
3577 2659 3759 2732 Evange-

2237 2735 2369 2789 lium
2422 2735 2638 2790 Domini
2688 2733 2816 2790 Jesu
2859 2733 3063 2787 Christi
3105 2735 3158 2803 in
3207 2733 3338 2788 Asia
3390 2734 3688 2803 pradicant.
3727 2733 3759 2785 Α

2236 2805 2478 2877 Trojano
2535 2819 2666 2858 vero
2710 2806 2763 2859 in
2809 2804 3048 2877 insulam
3105 2802 3404 2858 Pathmuni
3459 2812 3655 2877 propter
3677 2821 3759 2877 yet-

2233 2875 2364 2932 bum
2433 2876 2646 2930 Domini
2705 2875 2906 2930 exsilio
2961 2879 3259 2930 damnatus
3318 2886 3436 2941 est;
3513 2876 3596 2930 ubi
3636 2875 3756 2928 etiam

2236 2956 2486 3018 sanctum
2514 2946 2870 3018 Evangelium
2895 2963 3060 3018 suum
3086 2947 3438 3016 conscripsit.
3458 2947 3594 3018 quod
3619 2959 3763 3016 pium

2235 3015 2437 3089 Ephesi
2479 3035 2574 3088 per
2609 3015 2807 3072 Caium
2851 3017 3133 3089 hospitem
3165 3015 3329 3072 suum
3354 3015 3674 3087 conscripsit,
3697 3019 3763 3072 cui

2233 3087 2513 3144 et'Paulns
2537 3089 2820 3158 apostolus
2849 3087 3117 3144 Romanis
3144 3089 3420 3156 scribens,
3448 3090 3762 3144 testimonium

2238 3161 2386 3216 dedit
2409 3162 2638 3216 dicens:
2671 3180 2688 3210 ι
2723 3159 2938 3214 Salutat
2976 3174 3074 3215 vos
3103 3158 3274 3230 Gaius
3323 3159 3534 3230 hospes
3573 3176 3701 3214 meus
3728 3166 3769 3212 et

2239 3233 2407 3302 totius
2451 3231 2711 3287 Ecclesia:
2746 3231 2920 3300 (Itoni.
2976 3233 3113 3302 xvi).
3147 3250 3166 3282 ι
3216 3229 3363 3302 Post
3406 3241 3626 3285 mortem
3670 3247 3769 3283 veru

2236 3301 2459 3372 Trajani
2484 3318 2738 3358 reversus
2767 3311 2853 3358 est
2895 3317 2960 3357 ex
3002 3300 3181 3359 insula
3211 3300 3468 3366 Pathmo,
3513 3302 3768 3371 mansitque

2233 3373 2465 3444 Ephesi,
2484 3390 2548 3430 ac
2571 3374 2706 3429 vixit
2731 3388 2907 3428 annos
2940 3372 3065 3428 120.
3098 3373 3317 3440 Quibus
3343 3374 3517 3429 ﬁnitis
3537 3414 3551 3438 ,
3579 3374 3769 3444 seipsun

2233 3442 2308 3500 ibi
2353 3447 2510 3500 vivus
2559 3446 2740 3500 adhuc
2789 3445 3004 3500 volente
3062 3443 3300 3500 Domino
3350 3444 3613 3515 sepelivit.
3653 3442 3770 3495 Sunt

2233 3526 2415 3586 tamen
2442 3517 2537 3586 qui
2570 3516 2759 3572 dicunt
2781 3531 2908 3571 eum
2940 3531 3049 3570 non
3095 3516 3199 3571 sub
3236 3515 3483 3586 Trajano
3506 3515 3559 3570 in
3584 3515 3770 3586 insulani

2230 3583 2521 3642 Pathmuln
2542 3589 2838 3658 relegatum
2860 3603 3010 3654 esse,
3030 3588 3125 3642 sed
3149 3587 3253 3641 sub
3275 3583 3770 3658 Doniitiano_\'espa-

2230 3659 2372 3713 siani
2405 3659 2535 3714 lilio.
2570 3659 2626 3712 In
2658 3655 2768 3714 hac
2805 3659 3078 3729 posterior
3119 3661 3432 3729 sententia
3445 3666 3532 3729 est
3565 3655 3772 3729 [futuraf—

2231 3745 2376 3795 ntus,
2433 3730 2705 3786 Eusebius
2755 3726 2818 3784 in
2857 3729 3147 3784 Chronicis
3199 3738 3254 3784 et
3312 3730 3367 3783 in
3415 3727 3558 3784 Ilist.
3611 3726 3772 3780 Eccls.

2229 3805 2528 3926 pluresque
2556 3803 2682 3856 item
2713 3801 2852 3868 alii,
2897 3816 3218 3925 quanquam
3267 3801 3418 3855 idem
3471 3796 3774 3881 Eusebiusis

2249 3875 2323 3926 ih.
2359 3871 2432 3926 De
2483 3889 2912 3926 praeponerana.
2957 3881 3012 3926 et
3102 3871 3435 3926 ertullianus
3491 3870 3715 3926 scribunt
3751 3880 3774 3917 s

2249 3875 2323 3944 ib.
2359 3870 2450 3926 De
2482 3870 2930 3944 praepaneyang.‘
2957 3881 3012 3926 et
3056 3870 3435 3926 Tertullianus
3491 3870 3715 3926 scribunt
3751 3880 3774 3917 s

2229 3941 2440 3999 Nerone
2466 3941 2600 3999 eum
2649 3943 2704 3997 in
2754 3941 3042 3999 Patbmum
3078 3944 3316 3998 insulani
3343 3943 3648 4014 relegatum
3671 3951 3778 3994 esse.

2961 4077 3079 4134 Vll.

2510 4195 2561 4235 IN
2599 4196 2768 4237 ηετο
2805 4189 3121 4238 θελκετθιηιι
3161 4196 3532 4238 ικποσεκτωι.

3699 4289 3788 4407 F1

3705 4407 3786 4492 rl'I

3720 4492 3784 4810 ῃ

3735 4810 3778 4867 ,Ι

3663 4867 3776 5144 εξ

3721 5144 3772 5274 1

3705 5274 3768 5517 1

2312 4293 2434 4349 Vidi
2479 4312 2641 4366 supra
2691 4305 2918 4352 montem
2972 4295 3104 4352 Sion
3123 4297 3333 4369 Agitant
3362 4309 3606 4356 statuens
3640 4300 3722 4367 (Ap-

2225 4388 2362 4457 χεν),
2389 4397 2500 4444 etc.
2531 4387 2682 4445 lianc
2708 4391 3000 4456 visionem,
3045 4392 3244 4449 tratres
3270 4392 3620 4456 charissimi,
3643 4408 3700 4446 ca

2224 4479 2330 4535 sibi
2354 4480 2647 4535 revelatam
2673 4480 2846 4538 fuisse
2869 4497 2902 4537 a
2929 4480 3166 4538 Domino
3185 4481 3442 4540 Joannes
3471 4482 3742 4555 apostolus

2221 5230 2345 5276 tem.
2378 5219 2438 5275 In
2473 5236 2586 5292 quo
2611 5223 2716 5278 tria
2755 5209 2891 5279 dicit
2925 5241 2940 5278 :
2978 5232 3034 5279 et
3061 5238 3226 5294 quem
3255 5223 3505 5290 viderit,
3547 5231 3604 5280 et
3634 5220 3730 5285 ubi,
