3850 6318
118 399 238 464 13ἶὸ

1155 395 1489 456 llOMlLl/E.
1531 430 1598 438 —
1645 399 1680 455 Ι.
1725 399 1813 455 DE
1853 398 2201 456 TEMPORE.

3218 411 3356 467 i526

115 513 365 576 munditia:
417 515 470 570 et
527 512 953 568 immortalitatis
1010 520 1097 569 sto
1120 528 1151 568 a
1203 527 1306 569 nos
1372 513 1536 569 vestit
1607 522 1669 569 ut
1696 525 1742 584 Α
1773 515 2287 588 hancvirginitatem
2311 516 2434 573 dico
2456 535 2698 574 umtllllm
2724 520 2982 576 virtutum
3003 523 3242 592 culmen,
3271 538 3361 580 ut-

115 623 282 681 agnus.
317 602 415 660 Ubi
443 610 571 660 eum
600 603 768 660 vidit?
817 603 993 676 Supra
1041 614 1269 659 montem
1301 603 1454 673 Sion,
1505 605 1558 660 id
1587 613 1673 660 est

115 695 256 772 supra
283 698 626 754 eminentiam
680 706 736 753 et
786 697 1302 769 contemplationem
1344 699 1512 754 totius
1564 697 1671 754 Ec-

114 791 289 850 clesite.
313 790 513 847 Prreest
544 789 690 845 enim
727 799 987 862 tanquam
1017 800 1177 862 caput
1205 791 1478 847 universis
1499 783 1678 846 memé

112 885 230 953 bris,
265 901 368 940 non
424 883 602 940 solum
647 883 954 952 divinitate,
987 884 1083 940 sed
1125 892 1180 939 et
1231 883 1516 951 beneﬁcio,
1574 883 1674 939 do-

112 979 264 1036 ctrina
282 986 333 1034 et
367 977 629 1049 exemplo.
659 976 952 1045 Beneﬁcio,
987 979 1271 1050 quoniam,
1304 994 1430 1033 cum
1462 978 1578 1049 ipse
1601 978 1674 1035 sit

112 1069 217 1126 fons
243 1068 480 1124 omnium
511 1068 832 1140 gratiarum,
882 1068 949 1124 de
988 1067 1328 1140 plenitudine
1374 1069 1496 1140 ejus
1551 1077 1675 1126 tan-

111 1176 256 1238 quam
308 1159 547 1216 membra
601 1159 668 1216 de
722 1161 901 1232 capite
953 1175 1147 1216 omnes
1197 1160 1674 1232 participationem

111 1255 399 1329 accipimus.
431 1252 709 1320 Doctrina,
738 1254 996 1325 quoniam
1021 1255 1270 1311 doctrina
1296 1255 1421 1311 vita:
1461 1265 1515 1312 et
1553 1272 1674 1314 rno-

109 1363 214 1402 rum
239 1347 308 1402 ab
342 1361 409 1403 eo
447 1347 751 1402 erudimur.
797 1346 1078 1418 Exemplo,
1113 1347 1397 1420 quoniam,
1447 1364 1514 1405 eo
1546 1359 1671 1406 Ian-

111 1457 254 1513 quam
284 1441 400 1495 luce
422 1439 670 1512 duceque
704 1440 1075 1510 praecedente,
1108 1441 1176 1495 ad
1198 1441 1363 1496 vitam
1409 1451 1672 1498 :eternam

111 1533 452 1606 pervenimus.
484 1531 801 1606 Propterea,
833 1530 1053 1600 fratres,
1100 1548 1279 1603 operte
1311 1535 1546 1604 pretium
1589 1539 1675 1593 est

111 1626 266 1694 nobis,
303 1633 380 1692 ut,
413 1624 464 1681 si
505 1634 653 1680 recte
701 1624 1074 1696 inoﬂ'enseque
1117 1627 1186 1682 ad
1221 1626 1389 1681 vitam
1413 1625 1682 1684 aeternam

109 1721 363 1794 pervenire
398 1722 676 1788 volumus,
724 1735 938 1793 semper
993 1720 1112 1792 ejus
1165 1722 1410 1793 vestigiis
1451 1721 1674 1778 insista-

108 1830 233 1881 mus,
263 1831 479 1886 semper
504 1813 726 1870 oculum
755 1813 958 1869 mentis
997 1819 1198 1868 nostra!
1236 1813 1290 1868 in
1334 1829 1462 1869 eum
1488 1821 1673 1868 tenea-

107 1907 232 1962 mus.
259 1904 416 1962 Juxta
466 1905 616 1977 quod
646 1899 879 1976 Sapiens
918 1903 1035 1960 ait":
1065 1924 1084 1958 ε
1118 1902 1272 1960 Oculi
1317 1903 1579 1975 sapientis
1619 1903 1676 1958 in

107 1998 260 2071 capite
301 2001 419 2071 ejus
471 1997 671 2072 (Eccle.
723 1999 806 2070 ιι).
849 2017 867 2052 ι
914 1997 1204 2066 Quomodo
1251 1997 1388 2054 vidit
1437 2014 1564 2054 eum
1595 1996 1675 2054 si-

107 2092 239 2149 tum?
259 2091 525 2159 Stantem,
548 2093 603 2148 id
630 2100 714 2148 est
741 2101 997 2162 paratum
1025 2091 1187 2147 nobis
1210 2091 1472 2163 adjuvare
1499 2101 1554 2146 et
1577 2105 1676 2162 pro

107 2183 243 2241 nobis
268 2199 535 2256 pugnare.
578 2182 717 2238 Dum
749 2183 918 2250 enim,
947 2182 1146 2239 fratres
1183 2183 1314 2250 mei,
1359 2182 1676 2238 laboramus

109 2276 228 2332 inter
251 2276 635 2333 tribulationes
659 2285 714 2333 et
741 2269 994 2333 miserias
1040 2275 1206 2347 hujus
1236 2275 1447 2344 mttndi,
1483 2274 1676 2331 Domi.

106 2355 195 2427 nus
222 2380 322 2428 stat
343 2371 530 2438 nobis,
563 2369 610 2428 si
634 2371 690 2426 in
718 2387 844 2426 eum
871 2379 985 2426 toto
1016 2370 1180 2426 corde
1205 2385 1514 2441 speramus.
1554 2367 1675 2426 Un-

106 2459 164 2518 de
198 2471 248 2520 et
287 2464 484 2519 beatus
525 2461 839 2534 Stephanus
868 2463 1010 2519 inter
1037 2471 1414 2534 persecutores
1439 2461 1672 2533 positus,

105 2567 199 2609 non
232 2553 530 2620 sedentem,
580 2554 677 2611 sed
732 2563 987 2621 stantem,
1040 2563 1095 2610 et
1134 2552 1296 2626 quasi
1345 2569 1444 2624 pro
1486 2569 1545 2610 se
1574 2570 1676 2625 pu-

106 2654 519 2723 gnautem,cum
564 2661 624 2702 se
657 2645 858 2702 vidisse
893 2645 1182 2703 confessus
1205 2655 1310 2702 est.
1345 2645 1548 2702 Secure
1576 2647 1669 2718 igi-

108 2745 187 2792 tur
209 2753 302 2810 pro
335 2737 563 2794 Christo
607 2754 917 2812 pugnemus
964 2748 1018 2795 et
1062 2739 1358 2810 patiamur,
1411 2739 1674 2810 quoniam

106 2844 217 2885 eum
242 2840 495 2898 stantem,
547 2841 603 2886 et
646 2832 913 2886 auxilium
967 2833 1127 2888 nobis
1184 2831 1446 2888 ferentem
1486 2833 1677 2903 procul

107 2919 254 2977 dubio
279 2925 597 2979 sentiemus.
626 2919 732 2978 Sed
760 2923 1007 2994 nunquid
1035 2934 1114 2990 tu,
1151 2940 1184 2980 ο
1201 2922 1463 2992 Joannes,
1489 2923 1678 2980 vidisti

109 3012 300 3086 Agnum
329 3015 447 3071 sine
476 3015 679 3071 sociis?
708 3013 1087 3087 Nequaquam.
1118 3013 1346 3087 Propter
1379 3015 1484 3072 hoc
1525 3017 1680 3087 quip-

109 3123 168 3183 pe
192 3109 253 3165 de
275 3109 396 3165 sinu
428 3108 617 3164 Patris
642 3108 696 3162 in
735 3109 1000 3164 mundum
1027 3109 1196 3176 venit,
1237 3118 1460 3182 propter
1481 3110 1588 3166 hoc
1624 3118 1680 3166 et

1773 617 1899 679 pote
1928 625 2051 680 qua:
2073 611 2222 665 omni
2250 608 2470 679 virtute,
2501 613 2650 668 omni
2674 615 2870 670 merito
2893 624 2947 671 et
2981 612 3242 691 martyrio
3263 636 3358 678 cu.

1773 700 2034 755 mulatur.
2061 700 2194 769 Quae
2221 703 2368 758 enim
2391 705 2566 776 major
2586 707 2782 776 virtus,
2798 709 2946 779 quod
2970 711 3224 768 meritum
3251 729 3366 770 ma-

1767 792 1881 863 jus,
1908 810 2075 864 quam
2105 796 2288 853 vivere
2319 798 2374 853 in
2403 814 2592 868 carne,
2626 815 2735 856 non
2761 803 3062 859 secundum
3093 820 3315 863 carnem
3341 822 3360 862 :

1771 900 1942 955 quam
1966 901 2089 943 esse
2120 887 2174 942 in
2207 887 2352 961 igne,
2379 899 2436 946 et
2475 907 2585 947 non
2623 893 2847 964 ardere;
2881 911 3104 954 manere
3141 896 3196 953 in
3225 899 3366 968 luto,

1772 984 1828 1030 et
1859 991 1968 1031 non
2005 980 2394 1048 eontaminafi,
2447 989 2502 1036 et
2529 981 2673 1038 inter
2719 985 2959 1042 malitias
2989 983 3154 1059 hujus
3197 1005 3363 1044 mun-

1771 1067 1828 1124 di
1854 1069 2154 1142 angelicam
2176 1073 2374 1128 ducere
2396 1072 2603 1129 vitam?
2630 1073 2786 1140 Quod
2810 1078 3134 1150 martyrium
3179 1078 3361 1149 majus

1773 1177 1940 1233 quam
1989 1162 2230 1234 seipsum
2278 1165 2548 1222 concinne
2585 1169 2937 1241 cruciﬁgere,
2965 1185 3131 1240 quam
3177 1187 3366 1229 secum

1772 1255 2015 1327 quotidie
2041 1256 2259 1325 luctari,
2285 1267 2339 1314 et
2364 1260 2480 1316 suis
2515 1263 2886 1332 voluptatibus
2911 1273 2964 1319 et
2989 1257 3378 1321 voluntatibus.

1773 1349 2200 1406 abrenuntiare?
2261 1350 2434 1422 Cujus
2478 1351 2839 1424 professionis
2888 1365 3074 1412 essent
3128 1355 3370 1414 ostendit

1772 1457 1900 1498 cum
1949 1442 2082 1499 dicit
2116 1453 2130 1498 ξ
2161 1441 2426 1497 Habentes
2475 1459 2662 1499 nomen
2702 1445 2849 1515 ejus,
2893 1447 2948 1502 id
2992 1455 3076 1502 est
3117 1448 3288 1519 Agni,
3317 1459 3369 1502 et

1773 1546 1962 1594 nomen
2005 1537 2189 1592 Patris
2214 1537 2330 1608 ejus
2361 1538 2619 1608 scriptum
2649 1539 2705 1592 in
2743 1539 3006 1610 frontibus
3041 1543 3174 1609 suis,
3207 1542 3259 1596 id
3285 1551 3372 1598 est

1773 1645 1976 1688 nomen
2000 1627 2180 1686 Patris
2203 1639 2259 1686 et
2286 1629 2408 1685 Filii
2436 1631 2617 1701 palam
2638 1631 2958 1689 conﬁtentes
2976 1672 2993 1701 ,
3022 1649 3124 1690 nec
3149 1643 3372 1706 pr0pter'

1773 1724 2060 1796 pudorem,
2117 1738 2218 1778 nec
2263 1731 2485 1794 propter
2531 1721 2806 1778 timorem.
2855 1739 2956 1779 nec
3003 1733 3224 1796 propter
3253 1733 3368 1780 tor-

1775 1823 1957 1870 menta
2015 1816 2147 1872 illud
2207 1824 2482 1884 tacentes;
2541 1816 2720 1886 parati
2776 1817 2950 1888 magis
3016 1831 3156 1871 mort
3203 1833 3371 1888 quam

1777 1909 1958 1977 silere,
1987 1909 2071 1965 vel
2109 1909 2446 1966 abscondere
2490 1923 2692 1964 nomen
2723 1908 2951 1964 Christi.
2990 1907 3048 1964 In
3091 1925 3202 1982 quo
3239 1926 3374 1966 cono

1775 1999 2024 2056 funditur
2053 2003 2308 2072 superbia
2344 2011 2554 2069 nostra,
2583 2002 2702 2072 qui,
2733 2001 2987 2072 quamvis
3010 2001 3374 2058 conﬁteamur

1775 2091 1877 2146 nos
1910 2091 2254 2148 Christianos
2277 2133 2292 2160 ,
2333 2107 2399 2147 eo
2443 2093 2593 2163 quod
2643 2108 2845 2148 nomen
2892 2091 3099 2149 Christi
3138 2111 3286 2150 nunc
3316 2095 3374 2150 in

1773 2181 1987 2238 honore
2011 2192 2115 2249 est,
2141 2192 2322 2238 tamen
2352 2193 2729 2255 pauperatem,
2748 2184 3135 2254 humilitatem,
3161 2188 3376 2258 patien-

1773 2276 1930 2342 tiam,
1961 2285 2267 2347 caeteraque
2300 2276 2538 2348 insignia
2571 2276 2713 2333 ferre
2743 2279 3142 2334 erubescimus.
3173 2277 3378 2350 Cujus»

1774 2369 1924 2424 modi
1948 2385 2135 2426 vocem
2162 2371 2380 2436 habent,
2404 2370 2644 2426 ostendit
2671 2387 2797 2428 cum
2823 2369 3008 2427 subdit
3035 2389 3048 2426 :
3087 2369 3156 2425 Et
3193 2371 3377 2426 audiri

1775 2477 1949 2515 vocem
1975 2461 2042 2516 de
2063 2461 2190 2516 caelo
2215 2470 2470 2532 tanquam
2499 2445 2678 2518 uocaui
2695 2480 2954 2534 aquarum
2979 2463 3292 2530 multarum,
3323 2471 3378 2519 et

1776 2561 2031 2626 tanquam
2052 2571 2227 2610 vocem
2253 2555 2478 2608 tonitrui
2504 2556 2702 2626 magni.
2726 2554 2796 2609 Et
2819 2571 2990 2610 vocem
3014 2573 3172 2628 quam
3193 2549 3378 2611 audiui

1775 2647 1912 2702 sicut
1950 2647 2361 2702 citharoedorum
2389 2648 2830 2702 cithariza’ntium
2868 2649 2926 2702 in
2959 2649 3187 2703 citharis
3237 2639 3380 2706 suis‘

1775 2737 1854 2792 Ac
1879 2737 1926 2794 si
1948 2737 2094 2794 dicat
2124 2749 2138 2790 ξ
2179 2737 2376 2794 Audivi
2420 2748 2609 2795 vocem
2640 2739 2870 2794 multam
2902 2747 2956 2796 et
2979 2739 3378 2798 delectabilem.

1775 2829 1998 2886 Multam
2022 2845 2089 2886 ex
2112 2832 2465 2903 psallentium
2493 2832 2868 2902 multitudine,
2904 2833 3282 2891 delectabilem
3309 2841 3380 2896 et

1776 2927 2150 2981 consonantiae
2175 2926 2465 2983 suavitate.
2491 2923 2560 2981 Et
2593 2925 2838 2998 si,juxta
2875 2923 3162 2997 Iacobum,
3195 2927 3382 2986 smul-

1779 3015 1896 3070 tum
1930 3017 2070 3072 valet
2095 3017 2408 3088 deprecatio
2443 3017 2580 3089 justi
2613 3017 2838 3074 assidua
2869 3015 3011 3090 (Jac.
3037 3017 3115 3092 v),
3141 3037 3160 3072 ι
3196 3034 3379 3093 quan-

1781 3114 1899 3162 tum
1943 3109 2147 3179 putatis
2181 3109 2404 3180 placeat,
2431 3117 2486 3166 et
2510 3110 2742 3166 delectet
2783 3109 3078 3168 Dominum
3121 3113 3242 3168 laus
3293 3109 3383 3172 vel.

107 3202 276 3274 Agnus
300 3203 480 3258 factus
527 3210 583 3258 et
632 3202 948 3259 immolatus
976 3211 1102 3268 est“
1124 3211 1183 3258 ut
1223 3218 1412 3259 secum
1463 3203 1519 3258 in
1576 3217 1678 3274 pa-
1710 3242 1754 3302 ο
1785 3201 1962 3257 oratio
2010 3200 2350 3258 inﬁnitarum
2381 3202 2680 3274 virginum,
2707 3201 2851 3258 facta
2901 3219 3027 3259 cum
3073 3204 3384 3262 devotionis

111 3302 243 3349 terna
275 3294 596 3350 hereditate
645 3291 870 3349 haberet
914 3294 1207 3366 participes
1253 3302 1306 3350 et
1350 3293 1680 3350 cohaeredes.

110 3377 204 3444 Sed
238 3403 359 3443 cum
388 3401 589 3444 omnes
631 3385 762 3442 boni
805 3402 928 3442 cum
955 3402 1024 3442 eo
1049 3386 1181 3454 sint,
1223 3393 1405 3442 tamen
1447 3385 1685 3440 familia-

111 3479 213 3536 rius
259 3488 312 3536 et
361 3479 719 3551 conjunctius
772 3479 823 3535 ei
881 3478 1123 3551 virgines
1176 3478 1478 3535 adhaerent.
1544 3478 1688 3533 Cum

109 3569 238 3626 enim
264 3569 376 3643 ipse
403 3586 626 3642 semper
669 3570 742 3626 sit
791 3569 966 3641 virgo,
1004 3577 1058 3625 et
1095 3569 1240 3625 ﬁlius
1282 3567 1522 3640 Virginis
1565 3582 1688 3622 ma-

105 3665 217 3734 tris,
259 3667 536 3740 virginum
585 3664 1000 3723 contubernalia
1041 3662 1362 3736 specialius
1411 3663 1590 3736 diligit
1635 3670 1692 3719 et

107 3760 304 3830 quatit.
329 3757 490 3817 Unde
533 3758 821 3831 sequitur:
857 3757 1011 3826 Quod
1048 3775 1170 3813 cum
1207 3774 1268 3813 eo
1317 3766 1525 3812 centum
1551 3775 1689 3830 qua-

109 3847 360 3924 draginta,
389 3862 502 3910 etc.
537 3849 635 3908 Est
657 3859 842 3907 autem
883 3851 1004 3906 haec
1028 3865 1158 3922 pars
1187 3849 1428 3906 secunda
1477 3849 1532 3906 in
1579 3863 1690 3922 qua

107 3931 324 4001 Joannes
345 3943 614 4002 describit
662 3959 758 4000 eos
791 3955 932 4015 quos
959 3957 1086 3998 cum
1132 3943 1288 4015 Agno
1315 3942 1472 4011 vidit,
1502 3950 1691 3999 osten-

109 4033 232 4091 dens
277 4036 423 4093 circa
473 4051 575 4092 eos
620 4035 830 4103 decem,
857 4034 1112 4092 videlicet
1155 4035 1350 4106 quanti
1405 4043 1592 4092 essent
1637 4043 1694 4093 et

108 4128 250 4199 cujus
304 4129 692 4201 professionis,
761 4127 1073 4200 cujusmodi
1148 4141 1339 4184 vocem
1403 4127 1690 4198 haberent,

109 4221 253 4292 quale
280 4224 560 4280 canticum
589 4229 893 4288 cantarent,
923 4220 1003 4276 uti
1051 4219 1186 4276 illud
1213 4228 1495 4290 canerent,
1521 4236 1692 4293 quam

105 4313 251 4382 casti,
276 4330 440 4387 quam
470 4313 632 4385 Agno
660 4312 961 4384 conjuncti,
993 4327 1162 4383 quam
1189 4310 1367 4379 electi,
1391 4327 1559 4384 quam
1595 4327 1692 4368 ve-

109 4417 268 4473 races,
299 4423 466 4479 quam
525 4405 714 4462 mundi
757 4413 961 4461 essent.
1010 4399 1186 4461 Porro
1235 4404 1430 4476 quanti
1482 4413 1690 4472 essent,

107 4499 328 4556 ostendit
373 4515 505 4556 cum
554 4499 689 4556 dicit
725 4515 739 4551 :
785 4497 1009 4555 Centum
1057 4497 1420 4570 quadraginta
1462 4507 1694 4570 quatuor

1786 3292 2164 3366 magnitudine
2191 3304 2244 3350 et
2272 3295 2580 3352 concordiae
2603 3295 2893 3350 suavitate.
2926 3295 3162 3353 Pulchre
3189 3307 3380 3355 autem

1786 3385 2001 3441 laudem
2023 3383 2238 3441 illorum
2267 3387 2360 3458 qui
2395 3405 2415 3439 ι
2439 3403 2662 3442 carnem
2706 3401 2864 3443 suam
2899 3389 3227 3460 crucitigunt
3252 3406 3382 3448 cum

1784 3475 1933 3532 vitiis
1959 3485 2014 3531 et
2032 3477 2488 3546 concupsicentiis
2511 3474 2656 3551 (Gal.
2689 3478 2766 3549 v),
2794 3497 2813 3530 ι
2844 3478 3090 3534 melodiae
3121 3479 3384 3536 citharae.

1785 3567 1980 3624 dorum
1994 3569 2352 3640 comparavit,
2369 3571 2629 3640 quoniam
2653 3571 2794 3627 sicut
2817 3571 3102 3628 citharredi
3126 3579 3386 3644 torquent

1785 3669 1842 3717 et
1865 3670 2066 3734 cogunt
2089 3661 2353 3718 ehordam
2382 3671 2443 3717 ut
2471 3678 2728 3734 percussa
2752 3679 2953 3719 sonum
2978 3663 3196 3720 dulcem
3227 3657 3385 3722 resoé

1793 3764 1904 3822 net,
1949 3755 2030 3810 sic
2051 3755 2290 3828 virgines
2323 3763 2378 3810 et
2413 3755 2755 3812 continentes
2789 3764 3048 3828 torquent
3094 3766 3149 3813 et
3184 3765 3385 3831 urgent

1789 3862 2008 3902 carnem
2035 3863 2213 3914 suam,
2245 3855 2306 3902 ut
2333 3855 2538 3919 quanto
2575 3848 2748 3920 magis
2791 3864 2958 3904 manu
2977 3851 3383 3920 persecutionis

1790 3939 2112 4012 percutitur,
2145 3947 2300 3996 tanto
2326 3939 2501 4010 magis
2531 3937 2642 3996 Deo
2672 3941 2887 4012 psallat.
2916 3940 2982 3996 Et
3004 3941 3150 3997 sicut
3176 3941 3382 3999 diversi

1789 4034 2118 4090 chordarum
2141 4031 2263 4089 soni
2288 4033 2343 4088 in
2365 4032 2575 4088 cithara
2596 4033 2650 4088 in
2678 4049 2843 4089 unam
2865 4044 3176 4091 consultant
3205 4035 3382 4091 melo-

1789 4127 1959 4195 diam,
1974 4127 2047 4182 ita
2060 4125 2354 4182 diversaein
2367 4125 2558 4192 choro,
2574 4127 2659 4182 vel
2671 4127 3098 4184 divismvirtutes
3113 4127 3168 4184 in
3187 4128 3382 4186 eadem

1790 4233 2047 4290 persona,
2061 4203 2116 4272 in
2127 4216 2582 4273 uniuscharitatis
2593 4219 2924 4274 conveniunt
2937 4219 3378 4277 consonantiam.

1859 4309 2176 4382 Propterea,
2209 4307 2406 4366 fratres
2444 4309 2572 4377 mei,
2595 4318 2950 4383 torqucamus
2969 4327 3069 4384 per
3092 4312 3381 4369 abstinen-

1793 4405 1924 4460 tiam
1948 4403 2222 4460 carnalem
2245 4411 2493 4459 nostram
2516 4403 2874 4471 voluntatem,
2895 4410 2950 4460 et
2969 4420 3232 4476 cogamus
3255 4407 3380 4460 eam

1794 4498 1847 4552 in
1882 4495 2127 4552 adversis
2164 4493 2278 4551 Deo
2304 4496 2556 4567 psallere,
2585 4505 2640 4552 et
2689 4495 2744 4551 in
2787 4504 2949 4552 rectae
2979 4497 3296 4553 intentionis
3325 4505 3381 4552 et

110 4588 289 4658 millia,
339 4592 392 4647 id
434 4599 524 4647 est
559 4590 851 4646 duodecies
903 4587 1193 4646 duodecim
1240 4589 1431 4645 millia.
1462 4589 1693 4646 Ponitur
1727 4603 1769 4656 ι)
1795 4588 2077 4645 charitatis
2093 4588 2383 4644 melodiam
2411 4603 2733 4645 consonare.
2765 4587 2934 4655 Quale
2954 4605 3084 4645 vero
3103 4589 3379 4645 canticum

107 4691 277 4740 autem
303 4684 393 4742 hic
414 4699 685 4740 numerus
711 4682 900 4740 ﬁnitus
938 4699 1036 4754 pro
1066 4681 1306 4749 infinito,
1337 4690 1392 4738 et
1413 4682 1588 4753 magis
1618 4682 1688 4737 ad

107 4775 514 4845 exprimendum
553 4774 875 4848 mysterium
904 4791 1070 4848 quam
1105 4790 1416 4830 numerum.
1445 4772 1688 4846 Uterque

109 4857 244 4922 enim
275 4885 564 4937 numerus,
596 4869 649 4924 id
695 4876 780 4924 est
817 4867 1187 4924 duodenarius
1229 4876 1284 4924 et
1325 4865 1687 4933 millenarius,

111 4956 371 5026 perfectus
400 4968 508 5017 est.
567 4959 720 5015 Alter
761 4972 895 5011 vero
941 4971 1038 5029 per
1076 4957 1308 5013 alterum
1358 4955 1689 5027 multiplica-

1789 4689 2073 4739 cantarent
2129 4681 2388 4747 ostendit,
2443 4681 2590 4751 quod
2637 4679 2909 4736 canticum
2950 4696 3150 4737 novum
3179 4690 3234 4737 et
3263 4681 3380 4737 sine

1790 4773 1997 4844 gulare.
2027 4770 2185 4848 Quod
2218 4787 2444 4836 novum,
2485 4771 2724 4827 ostendit
2757 4787 2881 4826 cum
2933 4772 3010 4826 ait
3037 4775 3060 4826 :'
3086 4767 3154 4826 Et
3181 4782 3374 4828 canta-

1792 4863 1919 4917 bunt
1946 4863 2392 4935 quasieanticum
2416 4851 2624 4916 norum.
2656 4860 2944 4918 Canticum
2975 4877 3175 4934 quippe
3206 4849 3375 4934 virgis

1789 4969 1921 5012 num
1944 4969 2142 5010 novtim
2160 4962 2264 5020 est,
2287 4957 2414 5027 quia
2432 4955 2558 5010 novi
2583 4955 2822 5010 hominis
2843 4955 3046 5011 Christi
3064 4956 3374 5012 institutum

112 5037 195 5105 tus
244 5043 486 5108 ostendit
533 5046 926 5123 perfectionem
973 5049 1096 5104 illos
1141 5049 1346 5106 habere
1396 5048 1493 5122 qui
1556 5064 1684 5104 cum
1789 5044 1857 5100 ad
1881 5043 2508 5100 hominesinnovandos.
2525 5044 2748 5115 Antiqui
2774 5043 3047 5101 enim'non
3078 5045 3380 5132 virginitati

66 5120 74 5138 ³
111 5139 256 5213 Agno
280 5151 458 5200 erant.
505 5120 734 5199 Culmen
783 5141 986 5214 quippe
1033 5140 1281 5196 omnium
1308 5120 1573 5196 virtutum
1607 5147 1696 5197 est
1792 5137 2117 5203 studebant,
2155 5137 2250 5191 sed
2289 5137 2616 5206 posteritati.
2649 5135 2860 5204 Quibus
2896 5145 2953 5192 et
2993 5137 3201 5194 dictum
3245 5120 3375 5194 est:

113 5233 406 5306 virginitas.
452 5233 564 5292 Nec
582 5235 651 5292 de
703 5229 854 5290 omni
901 5230 1214 5305 virginitate
1265 5231 1371 5288 hoc
1417 5232 1561 5288 dico.
1595 5230 1693 5287 Est
1749 5301 1753 5310 Ι
1799 5225 2079 5284 (Crescite
2147 5235 2204 5282 et
2272 5227 2736 5299 multiplicamini,
2797 5235 2853 5285 et
2901 5229 3108 5310 replete
3172 5229 3386 5286 terram"

110 5327 246 5382 enim
273 5328 524 5400 quaedam
554 5327 841 5400 virginitas
871 5334 1062 5383 coacta
1090 5332 1144 5380 et
1183 5323 1416 5392 inutilis,
1461 5332 1524 5380 ut
1561 5322 1685 5380 illo-
1791 5313 1948 5394 (Gen.
1979 5317 2083 5391 t).s
2140 5317 2204 5374 ιιι
2251 5327 2496 5392 tempore
2545 5335 2680 5376 vero
2726 5335 2883 5377 nova.-
2926 5322 3115 5393 gratia;
3162 5319 3383 5378 monuit

113 5429 227 5473 rum
271 5419 356 5476 vel
389 5420 606 5476 illarum
649 5418 743 5492 qui
797 5426 1024 5491 propter
1075 5416 1325 5472 timorem
1367 5415 1454 5472 vel
1501 5421 1691 5473 custo—
1790 5411 2049 5468 Christus
2072 5411 2141 5468 ad
2162 5411 2600 5469 observationem
2639 5412 2992 5487 virginitatis,
3016 5422 3070 5470 et
3089 5413 3228 5495 dixit
3253 5415 3378 5471 eis:

111 5506 248 5566 diam
273 5511 517 5583 virgines
562 5520 708 5569 sunt.
739 5509 836 5566 Est
887 5517 941 5566 et
981 5509 1270 5582 virginitas
1324 5507 1594 5564 naturalis
1632 5515 1688 5564 et
1798 5519 1824 5559 ι’
1839 5503 2085 5563 Crescite
2113 5505 2169 5562 ln
2203 5505 2693 5564 munditia’mentis
2719 5515 2775 5564 et
2797 5507 3064 5579 corporis,
3096 5514 3153 5563 et
3179 5508 3382 5579 replete

113 5599 272 5668 utilis,
305 5611 364 5658 ut
408 5602 627 5658 illomm
664 5601 758 5674 qui
791 5610 1011 5674 propter
1050 5601 1400 5674 dignitatem,
1447 5601 1684 5668 aetatem,
1793 5599 2016 5656 coelum.
2049 5617 2068 5651 ι
2095 5597 2252 5667 Quod
2279 5613 2413 5655 vero
2427 5597 2725 5672 singulare,
2743 5600 2992 5656 ’os'tendit
3015 5587 3246 5655 cum‘ait
3268 5591 3382 5676 {Et

111 5691 190 5747 vel
223 5693 579 5767 frigiditatcm
605 5696 854 5769 corporis
891 5693 1143 5768 virgines
1175 5700 1321 5750 sunt.
1355 5691 1462 5748 'Est
1496 5691 1690 5749 et'vir-
1793 5705 1945 5747 nemo
1966 5699 2174 5764 poterat
2195 5692 2368 5747 dicere
2388 5691 2651 5748 canticum
2676 5691 2780 5748 nisi
2808 5693 2908 5748 illa
2928 5701 3134 5749 centum
3147 5691 3382 5765 quadra‘

112 5783 304 5854 ginitas
328 5787 573 5846 virtuosa
607 5795 660 5846 et
698 5787 855 5846 valde
891 5785 1195 5854 meritoria,
1239 5789 1300 5842 ut
1334 5783 1552 5856 illorum
1589 5783 1686 5858 qui
1791 5774 1943 5862 ginta
1968 5792 2202 5857 quatuor
2221 5775 2696 5859 miltidquiempti
2713 5795 2839 5845 sunt
2878 5785 2943 5842 de
2964 5795 3126 5842 terra.
3173 5781 3390 5846 Tintini

114 5871 324 5939 oronter
357 5880 608 5937 ardorem
650 5873 850 5938 divina
887 5877 1174 5938 charitatis
1211 5873 1452 5952 virgines
1494 5863 1682 5946 sunt;
1795 5875 2056 5933 nabulum
2098 5863 2622 5949 quantuluncunq‘ue
2655 5874 2892 5934 fractum
2927 5875 3011 5931 vel
3055 5876 3241 5934 lesum
3269 5885 3382 5931 non
