3850 6318
128 387 274 445 I329

1267 384 1598 443 HOMILIAE.
1637 417 1706 427 -—-
1744 386 1786 444 I.
1828 387 1917 442 DE
1953 387 2298 444 TEIII’OIiE.

3274 398 3416 457 l350

128 504 480 574 divinitatem
509 512 563 560 et
585 517 772 560 veram
818 503 1234 560 numanitatcm.
1283 501 1479 559 Veram
1529 504 1728 577 quippe
1759 506 1802 566 Α
1832 502 2048 574 picmur
2095 520 2221 562 cum
2271 503 2376 560 illis
2405 505 2622 577 phiam
2673 504 2892 565 Christo
2934 507 2988 564 in
3037 527 3182 578 aera,
3219 520 3274 568 et
3333 512 3418 570 sic

129 598 540 654 humanitatem
569 597 773 653 habere
797 597 1229 664 demonstratur,
1255 613 1381 652 cum
1397 597 1540 654 sicut
1561 599 1731 654 homo

125 686 278 760 fugit
310 697 368 744 et
409 689 784 745 absconditur.
822 688 929 744 Sed
972 690 1028 744 in
1077 690 1183 745 hoc
1234 690 1544 760 exemplum
1579 690 1730 745 dedit

125 782 254 837 suis
283 781 512 837 cedendi
541 782 870 853 quandoque
919 782 1311 852 persecutioni,
1362 781 1615 838 videlicet
1660 798 1728 838 ne

125 875 469 946 quandoque
489 875 887 946 imprOperatur
915 875 1198 944 membris,
1225 875 1271 932 si
1305 873 1572 946 fugerent,
1601 889 1728 930 cum

128 963 325 1034 ipsum
349 972 516 1034 caput
539 963 795 1020 Christus
835 963 1132 1035 aliquando
1183 963 1432 1036 fugisset.
1473 962 1729 1019 Secundo

126 1073 270 1113 vero
293 1057 704 1113 demonstratur
734 1057 1036 1112 humanum
1056 1055 1295 1111 furorem
1315 1055 1516 1110 fi‘lISli‘il
1539 1063 1729 1111 contra

128 1151 389 1206 divinum
433 1149 773 1221 propositum
797 1149 1062 1216 insanire,
1102 1149 1156 1204 in
1188 1149 1292 1204 hoc
1318 1148 1465 1219 quod
1500 1146 1730 1204 intentio

130 1239 376 1297 Herodis
410 1241 688 1296 Christum
719 1240 969 1298 occidere
1008 1240 1378 1303 machinantis
1409 1237 1727 1295 frustratur.

131 1332 424 1405 Scriptum
445 1343 528 1389 est
552 1333 698 1389 enim
728 1353 782 1388 ες
811 1332 933 1389 Νυη
949 1341 1034 1398 est
1049 1333 1359 1404 prudentia,
1386 1347 1494 1388 non
1527 1339 1610 1387 est
1638 1345 1729 1386 ra-

126 1428 239 1493 tio,
272 1442 381 1482 non
398 1435 480 1482 est
494 1427 785 1483 consilium
803 1437 995 1483 contra
1011 1425 1307 1484 Dominum
1350 1425 1532 1498 (Prov.
1551 1424 1724 1496 μὴ.»

127 1517 458 1590 Tripliciter
505 1519 651 1575 enim
702 1520 758 1574 in
807 1519 1020 1574 malitia
1066 1535 1166 1574 sua
1223 1517 1463 1575 Herodes
1503 1517 1728 1585 fallitur,

126 1611 271 1666 dum
305 1611 610 1686 Christum,
633 1629 798 1685 quem
833 1612 1084 1669 occidere
1111 1622 1364 1682 conatur,
1403 1628 1513 1668 non
1537 1612 1728 1680 laedit;

127 1713 192 1761 et
223 1705 336 1761 illis
360 1721 498 1786 quos
527 1715 749 1784 propter
765 1722 891 1762 eum
922 1706 1142 1774 occidit,
1181 1707 1426 1778 prodest,
1459 1706 1588 1763 dum
1634 1722 1732 1763 eos

129 1809 414 1870 martyres
467 1797 616 1867 facit,
671 1808 728 1855 et
770 1799 991 1855 sibimet
1031 1799 1195 1854 etiam
1256 1808 1436 1866 nocet,
1464 1799 1594 1855 dum
1624 1799 1728 1855 sibi

131 1891 550 1947 damnationem
577 1891 831 1963 acquirit,
855 1899 916 1946 ut
941 1891 1008 1946 de
1035 1906 1122 1958 co,
1151 1900 1206 1946 et
1241 1891 1619 1948 consimilibus
1643 1909 1730 1947 re-
1761 1863 1806 1923 Β

129 1991 230 2039 cte
255 1981 490 2058 dicatur,
521 2002 540 2034 ι
565 1981 775 2039 Lacum
807 1982 1023 2053 aperuit
1050 1992 1104 2039 et
1134 1983 1340 2049 eﬁ‘odit,
1370 1993 1425 2040 et
1463 1984 1655 2041 incidit
1677 1985 1733 2040 in

130 2073 360 2129 foveam
385 2091 550 2155 quam
578 2074 727 2131 fecit.
751 2075 1111 2132 Convertetur
1138 2076 1295 2132 dolor
1322 2076 1379 2132 in
1409 2087 1570 2150 caput
1591 2077 1732 2149 eius,

128 2175 195 2222 et
223 2165 282 2224 in
319 2167 572 2223 verticem
604 2167 778 2240 ipsius
807 2166 1072 2240 iniquitas
1101 2167 1220 2239 eius
1245 2167 1536 2224 descendet
1559 2168 1731 2239 (Psal.

129 2258 266 2331 vn).
302 2277 320 2310 ι
377 2258 561 2315 Tertio
601 2276 821 2332 quoque
857 2261 1267 2316 demonstratur
1297 2261 1454 2318 nobis
1489 2273 1735 2319 terrenos

132 2349 211 2406 de
226 2361 401 2407 morte
425 2351 659 2407 ﬁliorum
683 2353 1150 2409 inconsolabiliter
1162 2354 1346 2410 dolere
1360 2370 1484 2421 eum
1501 2355 1732 2412 dicitur:

136 2439 299 2496 Tum:
336 2442 682 2518 adimpletum
710 2452 788 2498 est
818 2444 958 2516 quod
986 2445 1189 2499 dictum
1217 2455 1294 2499 est
1327 2462 1420 2520 per
1447 2444 1736 2502 Jeremiam

132 2534 455 2606 prophetam
484 2516 745 2590 dicentem
771 2551 790 2591 :
829 2534 944 2590 νοω
979 2537 1034 2590 in
1064 2534 1236 2592 Roma
1267 2516 1456 2598 audita
1486 2545 1584 2606 est,
1605 2524 1740 2608 ’ρίο-

135 2609 301 2682 ratus
334 2635 382 2681 et
407 2627 645 2683 ululatus
677 2629 898 2697 multus,
930 2627 1125 2694 Rachel
1147 2627 1365 2700 plorans
1394 2628 1539 2700 ﬁlios
1580 2645 1704 2684 suos
1717 2645 1743 2698 ;_

133 2729 201 2781 et
240 2719 412 2774 noluit
437 2721 726 2789 consolari,
753 2722 879 2799 quia
907 2737 1012 2775 non
1046 2730 1189 2778 sunt.
1223 2719 1321 2778 His
1346 2721 1528 2788 verbis
1553 2737 1741 2779 recor-

136 2812 316 2874 datus,
361 2810 625 2878 Ieremias
687 2813 884 2874 veteris
937 2812 1182 2879 historice
1233 2813 1478 2886 prtedicit
1525 2824 1740 2882 tantum

136 2904 433 2976 planctum
481 2905 750 2974 futurum,
783 2915 1004 2978 propter
1037 2907 1369 2975 occisionem
1399 2924 1430 2963 a
1473 2907 1743 2966 Chaldaeis

137 2997 496 3068 patrandam,
527 3007 767 3076 quantus
808 2997 986 3055 fuerat
1015 3008 1236 3082 propter
1279 3014 1506 3057 uxorem
1541 2999 1744 3060 Levita:

138 3091 500 3159 exstinctam,
532 3091 662 3159 etin
701 3091 992 3156 duodecim
1027 3102 1210 3164 partes
1233 3091 1466 3150 divisam
1491 3119 1507 3152 ι
1534 3095 1746 3164 exstin-

140 3188 238 3240 cta
269 3197 408 3254 pene
437 3190 548 3238 tota
572 3183 749 3239 tribus
787 3181 1092 3253 Beniamin,
1120 3192 1316 3263 praeter
1341 3199 1576 3256 paucos,
1607 3201 1746 3259 quo-

141 3291 275 3332 rum
307 3275 561 3345 planctus
588 3275 809 3332 auditus
834 3274 1033 3332 dicitur
1068 3273 1239 3332 fuisse
1272 3292 1448 3349 usque
1469 3277 1536 3334 ad
1565 3263 1748 3336 remo-

144 3377 270 3423 tum
316 3367 522 3434 locum,
565 3367 660 3439 qui
709 3367 994 3424 dicebatur
1044 3364 1217 3423 Iiama
1269 3367 1472 3440 (Judic.
1503 3369 1618 3442 xx).
1651 3369 1749 3426 Est

144 3477 286 3533 ergo
329 3475 392 3516 ac
435 3461 482 3517 si
513 3459 661 3516 dicat
704 3462 1076 3534 evangelista:
1109 3461 1318 3518 Tantus
1353 3460 1456 3518 fuit
1496 3463 1748 3534 planctus

146 3563 415 3620 matrum,
440 3551 582 3609 ﬁlios
607 3568 736 3610 suos
759 3554 828 3610 ab
846 3551 1058 3611 Herode
1087 3553 1401 3611 interfectos
1421 3553 1744 3624 lugentium,

148 3645 305 3717 quod
329 3646 523 3702 similis
543 3655 689 3704 esset
721 3657 773 3704 et
803 3647 1044 3720 planctui
1074 3648 1168 3720 qui
1191 3647 1294 3705 fuit
1327 3656 1547 3720 propter
1575 3645 1750 3701 inter-

151 3740 447 3796 fectionem
481 3741 718 3796 filiorum
739 3740 1021 3813 Beniamin
1046 3750 1271 3814 propter
1298 3756 1524 3796 uxorem
1546 3738 1750 3795 Levitte

150 3831 489 3898 Occisorum,
512 3841 566 3888 et
589 3832 664 3887 illi
688 3833 780 3903 qui
802 3831 906 3889 fuit
925 3841 1147 3904 pr0pter
1173 3831 1505 3889 occisionem
1533 3829 1751 3888 Iudam-

152 3940 284 3978 rum
314 3940 343 3978 a
375 3923 648 3980 Challacis
674 3916 894 3980 fa'etam.
929 3922 1082 3980 Sicut
1108 3923 1255 3980 enim
1294 3933 1424 3980 tunc
1451 3923 1535 3980 vel
1573 3923 1750 3980 tribus

155 4014 385 4081 Rachel,
411 4016 477 4072 de
507 4033 614 4086 qua
653 4025 812 4073 natus
837 4025 920 4072 est
947 4015 1255 4088 Beniamin,
1298 4016 1380 4072 vel
1405 4016 1582 4072 tribus
1609 4012 1748 4072 Iuda

154 4106 626 4163 inconsolabiliter
672 4125 804 4165 suos
843 4109 1109 4165 ﬂeverunt
1137 4111 1374 4178 occisos,
1415 4111 1488 4166 ita
1531 4119 1585 4167 et
1619 4120 1752 4168 tunc

154 4208 366 4256 matres
394 4201 862 4257 inconsolabiliter
896 4201 1156 4257 ﬂeverunt
1185 4202 1326 4258 ﬁlios
1360 4218 1492 4260 suos
1531 4203 1600 4261 ab
1642 4202 1751 4260 He-

154 4292 294 4348 rode
337 4301 666 4364 peremptos.
703 4291 810 4349 Sed
859 4309 960 4350 uos
997 4292 1297 4350 Christiani
1343 4311 1452 4354 non
1490 4293 1753 4352 debemus

153 4385 247 4441 vel
283 4384 384 4441 bas
410 4385 497 4439 vel
532 4384 652 4441 illas
694 4385 918 4453 imitari,
951 4394 1012 4441 ut
1049 4385 1255 4442 scilicet
1288 4385 1356 4442 de
1391 4395 1567 4442 morte
1608 4386 1752 4442 ﬁlio-

155 4491 287 4531 rum
314 4474 398 4528 vel
431 4473 734 4530 amicorum
782 4484 1096 4532 nostrorum
1143 4475 1614 4532 inconsolabiliter
1654 4476 1754 4532 do-

1829 612 2044 667 semper
2085 613 2210 652 cum
2259 596 2491 658 Domino
2535 600 2760 657 erimus.
2828 600 3016 674 Itaque
3054 595 3432 672 cousolamiui:

1829 688 2061 744 invicem
2091 689 2144 745 in
2174 691 2357 746 verbis
2390 691 2512 748 istis
2541 692 2753 765 (lbid.).
2789 715 2806 748 ι
3069 692 3075 698 ’

1899 780 2123 853 Mystice
2145 799 2277 838 vero
2308 793 2546 854 quatuor
2571 785 2659 841 hic
2687 787 2843 852 nobis
2877 788 3272 861 significantur.
3313 789 3420 849 Per

1830 873 1938 930 hoc
1963 875 2109 930 enim
2143 875 2289 946 quod
2309 877 2582 944 Christus,
2621 895 2749 935 mox
2781 888 2844 934 ut
2885 888 3048 940 natus
3088 891 3191 950 est,
3228 899 3418 954 perse-

1830 966 2110 1022 cutionem
2143 967 2213 1022 ab
2237 967 2449 1025 IIerode
2479 971 2684 1041 patitur
2715 980 2768 1026 et
2796 987 2920 1028 cum
2951 982 3126 1034 matre
3151 975 3204 1036 in
3251 973 3421 1051 [Eg-y-

1829 1067 1984 1132 ptum
2040 1075 2136 1130 per
2160 1059 2358 1132 Ioseph
2395 1063 2740 1132 transfertur,
2777 1065 3049 1136 signiﬁcat
3087 1067 3422 1138 primitivum

1831 1162 1887 1210 et
1915 1153 2264 1224 incipientem
2296 1155 2553 1213 Ecclesize
2589 1156 2748 1214 ﬁdem
2787 1160 3221 1230 persecutionem
3266 1178 3295 1216 a
3331 1160 3424 1222 Iu-

1831 1245 1964 1303 dzeis
2017 1263 2330 1318 passuram,
2376 1261 2429 1304 et
2469 1248 2593 1304 ideo
2641 1250 2816 1320 ipsam
2862 1252 3020 1306 iidem
3055 1251 3263 1308 Christi
3295 1269 3421 1309 eum

1831 1338 2074 1397 Ecclesia
2123 1357 2219 1411 per
2265 1341 2515 1396 ordinem
2562 1343 2979 1413 praedicatorum
3029 1360 3061 1399 a
3103 1342 3304 1400 Iudaeis
3352 1345 3423 1400 ad

1833 1441 2022 1504 gentes
2047 1433 2430 1500 transituram,
2452 1434 2626 1490 donec
2651 1444 2870 1492 mortuo
2885 1434 3117 1502 Herode,
3141 1436 3193 1491 id
3224 1446 3307 1493 est
3327 1436 3424 1492 Ju~

1833 1523 2075 1580 dtcorum
2131 1523 2468 1589 inlidelitate,
2525 1541 2718 1580 rursus
2764 1525 2898 1582 ﬁdes
2954 1525 3159 1582 Christi
3205 1527 3260 1581 in
3317 1526 3424 1583 ﬁne

1833 1617 2024 1674 mundi
2061 1616 2128 1672 ad
2157 1615 2376 1672 Judzcos
2408 1617 2629 1672 rediret.

1906 1708 2160 1766 Secundo
2202 1709 2258 1763 in
2303 1709 2578 1765 occisione
2619 1725 2914 1780 puerorum
2943 1710 3280 1781 signiﬁcatur
3301 1726 3428 1781 pas-

1835 1801 1920 1858 sio
1941 1800 2188 1857 omnium
2224 1809 2547 1873 martyrum.
2597 1798 2691 1857 Isti
2737 1801 2885 1872 passi
2928 1811 3057 1858 sunt
3092 1819 3121 1857 a
3164 1801 3427 1857 membris

1836 1895 2089 1963 Herodis,
2115 1903 2169 1952 et
2197 1895 2272 1950 illi
2303 1896 2519 1972 passuri
2547 1903 2704 1958 erant
2725 1912 2757 1959 ιι
2788 1896 3049 1958 membris
3083 1896 3304 1958 diaboli.
3333 1895 3428 1953 Isti

1835 1986 2062 2044 fuerunt
2084 1987 2296 2058 parvuli
2322 1995 2378 2042 et
2401 1985 2594 2064 pueri;
2626 1995 2680 2042 et
2717 1985 2804 2042 isti
2838 1985 3007 2042 futuri
3046 1996 3202 2042 erant
3243 1987 3429 2042 Immi-

1834 2081 1916 2138 les
1945 2087 1999 2136 et
2025 2079 2171 2159 puri.
2202 2077 2299 2136 Isti
2322 2075 2544 2133 fuerunt
2564 2079 2786 2157 quidam
2822 2078 2974 2145 bimi,
2999 2078 3220 2159 quidam
3251 2077 3432 2135 mino-

1835 2172 1915 2228 ris
1940 2170 2141 2237 aetatis,
2165 2179 2220 2224 ct
2239 2169 2316 2224 illi
2340 2169 2508 2224 futuri
2531 2178 2689 2224 erant
2709 2169 2930 2240 quidam
2954 2169 3198 2224 doctrina
3226 2178 3280 2224 et
3307 2185 3433 2240 ope-

1835 2264 2049 2320 ratione
2079 2261 2327 2334 perfecti,
2352 2260 2574 2333 quidam
2616 2260 2939 2332 imperfecti.
2965 2259 3060 2316 Isti
3083 2261 3250 2316 occisi
3274 2271 3428 2330 sunt,

1835 2363 1898 2411 ut
1925 2353 2176 2410 Christus
2206 2354 2348 2408 inter
2374 2367 2470 2408 eos
2497 2351 2866 2418 occideretur;
2901 2360 2954 2406 et
2985 2360 3142 2406 erant
3172 2350 3250 2415 illi
3283 2351 3432 2406 occi-

1837 2443 2020 2511 dendi,
2045 2452 2107 2498 ut
2134 2442 2390 2510 Christus
2411 2458 2536 2508 cum
2560 2441 2670 2498 illis
2695 2441 3056 2497 occideretur.
3075 2439 3258 2495 Tertio
3281 2440 3430 2512 quod

1839 2534 2076 2593 infantes
2123 2551 2224 2606 pro
2259 2534 2484 2591 Christo
2513 2533 2860 2603 occuluntur,
2891 2542 2944 2589 et
2974 2542 3153 2590 tamen
3171 2533 3434 2600 Christus

1839 2644 1950 2685 non
2001 2628 2288 2695 occiditur,
2347 2627 2689 2699 signiﬁcatur
2717 2625 2864 2707 quod
2912 2633 3182 2699 martyres
3211 2625 3434 2706 qpidcm

1840 2729 1998 2779 erant
2020 2735 2122 2794 pro
2139 2719 2364 2780 Christo
2391 2717 2697 2784 occidendi,
2722 2726 2776 2773 et
2802 2726 2986 2780 tamen
3011 2715 3265 2772 Christus
3286 2715 3437 2772 nulla

1842 2812 2054 2870 ratione
2080 2811 2262 2883 potuit
2307 2811 2363 2865 in
2394 2810 2474 2867 eis
2528 2809 2726 2879 occidi,
2761 2809 2846 2864 vel
2877 2808 2958 2865 eis
3008 2807 3251 2878 auferri,-
3277 2807 3443 2880 iuxta

1843 2910 1990 2985 quod
2023 2910 2226 2968 Paulus
2274 2911 2352 2966 ait
2381 2929 2394 2966 :
2426 2930 2445 2963 ‹
2477 2907 2666 2980 Neque
2692 2924 2864 2977 mors,
2899 2924 3077 2980 neque
3106 2907 3216 2964 vita
3239 2907 3451 2980 poterit

1845 3022 1949 3063 nos
1996 3021 2253 3078 separare
2303 3021 2333 3060 a
2373 3005 2664 3072 charitate,
2688 3014 2816 3075 qure‘
2850 3011 2934 3059 est
2981 3002 3036 3058 in
3063 3001 3286 3058 Christo
3318 2999 3438 3060 Iesu

1847 3095 2022 3170 (Rom.
2049 3097 2188 3180 vui).
2229 3115 2248 3150 ι
2280 3095 2349 3160 Et
2389 3095 2520 3152 alibi
2549 3115 2562 3150 :
2599 3115 2617 3146 ι
2649 3093 2778 3162 Sive,
2803 3094 3058 3159 vivimus,
3111 3093 3226 3149 sive
3267 3090 3441 3147 mori-

1773 3211 1819 3274 c
1850 3207 1996 3258 mur,
2028 3187 2247 3245 Domini
2300 3203 2494 3245 sumus
2517 3187 2692 3261 (Rom.
2728 3187 2863 3259 xxv).
2904 3207 2923 3240 ι
2975 3186 3184 3255 Quarto
3223 3185 3440 3244 veroju

1850 3283 1956 3339 hoc
1975 3282 2137 3354 quod;
2156 3280 2438 3350 subditur,
2485 3280 2632 3353 quod
2679 3295 2780 3336 vox
2821 3280 2879 3334 in
2905 3278 3076 3334 Rama
3108 3278 3298 3334 audita
3327 3287 3428 3346 est,-

1850 3373 2092 3446 ploratus
2143 3380 2192 3428 et
2222 3371 2463 3426 ululatus
2505 3370 2726 3438 multus,
2775 3369 2990 3425 Rachel
3023 3367 3241 3440 plorans
3296 3367 3440 3438 ﬁlios

1849 3481 1994 3532 suos,
2018 3462 2358 3536 signiﬁcatur
2390 3461 2538 3536 quod
2567 3477 2675 3518 vox
2697 3460 3314 3534 sanguinisvmartyrum
3345 3447 3441 3531 qui

1851 3557 2052 3613 clamat
2096 3557 2162 3612 de
2207 3563 2380 3623 terra,
2415 3563 2472 3611 et
2495 3555 2741 3626 ploratus
2769 3553 2938 3610 etiam
2962 3551 3238 3620 Rachelis,
3282 3551 3337 3607 id
3359 3559 3446 3608 est

1851 3645 2127 3709 Ecclesia},
2142 3645 2211 3700 de
2237 3644 2442 3716 iniusta
2467 3639 2599 3699 nece
2620 3651 2946 3715 martyrum,
2969 3657 3099 3709 non,
3115 3650 3176 3702 ut
3199 3640 3458 3700 inﬁdeles.

1854 3747 2070 3812 putant,
2115 3739 2172 3795 in
2197 3753 2430 3794 vacuum
2475 3736 2648 3804 cedit;
2697 3735 2792 3791 sed
2825 3735 2881 3789 in
2930 3735 3123 3801 Rama,
3163 3733 3218 3789 id
3267 3741 3353 3789 est
3389 3733 3444 3788 in

1852 3833 2155 3899 excelsum,
2177 3845 2355 3902 usque
2391 3829 2460 3885 ad
2515 3843 2676 3884 aures
2707 3825 2802 3882 Dei
2829 3826 3032 3899 iudicis
3060 3825 3326 3892 ascendit,
3347 3824 3455 3900 qui

1856 3925 2054 3980 merito
2075 3931 2132 3980 et
2163 3923 2263 3979 hos
2290 3919 2596 3986 coronabit,
2626 3930 2680 3974 ct
2705 3917 2828 3975 illos
2859 3917 3046 3988 puniet
3075 3917 3130 3972 in
3156 3907 3457 3975 aeternum.

1858 4016 2036 4086 Super
2065 4027 2198 4070 vero
2223 4019 2400 4068 morte
2427 4019 2752 4082 martyrum,
2776 4007 3024 4065 Ecclesia
3053 4023 3164 4064 non
3182 4008 3301 4064 vult
3313 4021 3448 4064 con-

1855 4105 2046 4174 solari,
2068 4105 2194 4177 quia
2216 4120 2322 4158 non
2343 4112 2489 4170 sunt,
2517 4101 2780 4159 subaudis
2804 4101 3042 4172 amplius
3065 4100 3132 4156 de
3158 4100 3264 4156 hoc
3287 4115 3451 4155 mun-

1855 4200 1960 4266 do;
1993 4205 2042 4254 et
2069 4197 2191 4254 ideo
2227 4211 2340 4252 nou
2365 4193 2484 4251 vult
2517 4209 2684 4266 super
2710 4208 2808 4250 eos
2852 4192 2981 4250 ﬁere
3006 4193 3110 4248 hac
3141 4192 3351 4249 ratione
3387 4199 3452 4246 ut

1855 4292 2082 4350 redeant
2126 4291 2196 4346 ad
2243 4289 2534 4357 mundum,
2583 4303 2724 4359 quos
2763 4285 2963 4348 scitin
3013 4294 3278 4350 aeternum
3320 4299 3448 4340 cum

1853 4383 2078 4441 Christo
2103 4397 2352 4454 regnare.
2381 4378 2646 4449 Quamvis
2667 4378 2816 4442 enim
2839 4387 3108 4451 martyres
3137 4388 3193 4432 'ct
3227 4384 3451 4432 sanctos

1856 4474 1952 4530 Dei
1987 4473 2272 4528 doleamus
2300 4471 2459 4527 nobis
2512 4469 2786 4536 subtrahi,
2813 4477 2994 4524 tamen
3044 4483 3155 4522 non
3183 4465 3450 4528 debemus

155 4567 396 4622 leamus.
449 4563 507 4622 Si
537 4565 684 4621 enim
731 4565 860 4622 boni
907 4575 1082 4638 erant,
1111 4583 1219 4622 non
1265 4583 1364 4624 eos
1407 4567 1614 4641 lugere,
1662 4567 1758 4624 sed
1788 4558 1836 4619 Ι)
1865 4566 2000 4621 velle
2047 4580 2143 4621 eos
2191 4565 2301 4622 huc
2334 4562 2533 4630 redire,
2567 4562 2661 4618 sed
2689 4561 3026 4632 potiuscum
3075 4555 3296 4614 Christo
3326 4557 3446 4628 glo-

156 4661 454 4733 potius’eis
503 4662 845 4733 congaudere
879 4662 1162 4730 debemus,
1201 4673 1390 4736 utpote
1417 4664 1486 4720 de
1514 4679 1754 4736 quorum

157 4753 341 4808 salute
369 4751 548 4808 securi
589 4769 800 4808 sumus.
837 4751 894 4808 Si
939 4768 1067 4809 vero
1112 4763 1424 4825 peccatores
1457 4763 1636 4824 erant,
1675 4755 1756 4812 eis

157 4860 264 4916 per
285 4844 682 4916 eleemosynas,
707 4846 984 4910 orationes
1008 4855 1063 4902 et
1103 4847 1408 4911 oblationes
1434 4864 1758 4910 succurrere

159 4934 451 4999 debemus,
479 4943 539 4988 ut
567 4934 774 5004 pariter
797 4934 958 4991 nobis
975 4942 1032 4991 et
1058 4934 1166 5002 illis
1197 4938 1410 4993 veniam
1443 4947 1498 4994 et
1524 4937 1758 4994 salutem

159 5026 460 5096 impetrare
480 5025 784 5092 valeamus,
809 5033 870 5081 ut
892 5025 1104 5084 scilicet
1128 5043 1253 5084 cum
1274 5029 1355 5085 eis
1400 5029 1458 5084 iu
1502 5044 1757 5086 resurre-

159 5120 350 5175 ctione
372 5119 690 5190 gloriemur.
719 5117 943 5175 Illorum
973 5127 1058 5176 est
1077 5120 1223 5177 enim
1253 5121 1566 5192 desperare,
1595 5129 1650 5177 et
1669 5121 1758 5177 in-

158 5211 574 5275 consolabiliter
599 5211 787 5268 dolere
823 5210 890 5268 de
919 5220 1094 5270 morte
1118 5212 1446 5282 amicorum,
1471 5213 1568 5287 qui
1596 5213 1761 5272 ﬁdem

161 5306 612 5376 resurrectionis,
638 5306 724 5364 vel
751 5320 903 5384 spem
938 5305 1350 5378 gloriﬁcationis
1393 5324 1503 5376 non
1535 5308 1759 5365 habent.

157 5397 328 5461 Unde
363 5400 654 5471 Apostolus
681 5417 695 5455 :
726 5418 746 5452 ι
768 5396 906 5456 Nolo
940 5414 1037 5456 vos
1071 5399 1327 5473 ignorare
1351 5400 1418 5457 de
1439 5399 1764 5458 dormienti-

159 5494 295 5558 bus,
342 5500 403 5547 ut
437 5506 550 5548 non
585 5489 987 5549 contristemini
1013 5491 1157 5549 sicut
1189 5500 1244 5548 et
1281 5492 1460 5549 caeteri
1490 5493 1592 5564 qui
1609 5507 1762 5564 spem

158 5600 281 5641 non
334 5583 553 5638 habent.
604 5580 720 5639 Hoc
774 5583 923 5639 enim
975 5583 1132 5640 vobis
1173 5583 1410 5640 dicimus
1475 5575 1531 5640 in
1595 5583 1765 5640 verbo

161 5675 416 5743 Domini,
453 5675 583 5747 quia
621 5689 723 5734 nos
749 5675 844 5748 qui
869 5676 1109 5734 vivimus
1145 5684 1202 5733 et
1229 5675 1438 5733 residui
1462 5690 1676 5744 sumus,
1706 5675 1762 5731 in

158 5771 409 5827 adventu
450 5754 670 5824 Domini
697 5783 809 5825 non
829 5769 1225 5840 praeveniemus
1262 5784 1360 5826 eos
1393 5769 1488 5842 qui
1521 5767 1763 5826 domic-

161 5871 304 5926 runt
330 5859 384 5938 (I
421 5861 600 5924 These.
643 5862 740 5935 tv).
776 5880 794 5916 ι
842 5871 948 5920 etc.
991 5861 1194 5921 Deinde
1242 5861 1566 5937 subiungit:
1602 5879 1624 5916 ς
1649 5860 1762 5925 Ba-

1864 4659 2000 4714 riari
2027 4667 2083 4714 et
2137 4672 2298 4713 orare
2339 4671 2443 4728 pro
2469 4655 2650 4712 nobis.
2698 4653 2980 4710 Moraliter
3015 4665 3236 4722 quoque
3259 4649 3311 4704 in
3343 4649 3450 4704 hoc

1862 4751 2010 4823 quod
2062 4749 2224 4807 Iesus
2268 4765 2396 4808 mox
2449 4757 2611 4804 natus
2652 4744 3088 4818 persecutionem
3136 4742 3206 4797 ab
3244 4741 3463 4828 Herode

1860 4859 2060 4916 passus
2088 4851 2194 4911 est,
2220 4843 2633 4901 demonstratur
2656 4838 2816 4896 nobis
2845 4836 2993 4909 quod
3017 4849 3142 4898 mox
3176 4841 3240 4902 ut
3256 4831 3456 4904 aliquis

1861 4937 1931 4997 ad
1968 4935 2141 4993 Deum
2189 4935 2528 4991 convertitur
2553 4940 2611 4988 et
2655 4930 2848 5001 incipit
2881 4928 2995 4984 Deo
3027 4927 3243 4995 vivere,
3275 4935 3455 4984 tenta-

1863 5032 2068 5090 tionem
2088 5038 2144 5086 et
2167 5028 2606 5102 persecutionem
2628 5043 2659 5082 α
2679 5023 2904 5087 diabolo
2933 5035 3200 5096 passurus
3227 5029 3329 5076 est.
3363 5017 3458 5074 Vi-

1861 5125 1998 5183 dens
2026 5123 2174 5180 enim
2206 5122 2468 5178 diabolus
2498 5119 2776 5179 hominem
2802 5117 2907 5173 sibi
2924 5114 3090 5183 mori,
3117 5123 3172 5170 et
3191 5113 3303 5169 Deo
3325 5112 3459 5170 inci-

1860 5231 1991 5290 pere
2017 5217 2225 5282 vivere,
2269 5215 2456 5270 acrius
2503 5212 2660 5277 saevit
2695 5218 2887 5268 contra
2917 5209 3092 5275 illum,
3129 5215 3188 5263 ut
3217 5206 3370 5262 illum
3398 5207 3463 5262 in

1864 5308 2048 5364 anima
2078 5305 2327 5372 occidat.
2349 5304 2504 5361 Unde
2531 5304 2799 5375 scriptum
2829 5309 2915 5358 est
2945 5320 2960 5358 :
2999 5319 3018 5352 ι
3041 5299 3167 5368 Fili,
3190 5298 3466 5355 accedens

1868 5399 1938 5456 ad
1955 5399 2270 5462 servitutem
2295 5397 2425 5467 Dei,
2436 5405 2520 5454 sta
2545 5397 2598 5452 in
2627 5397 2847 5465 timore,
2862 5403 2916 5452 et
2943 5409 3192 5466 praepara
3214 5393 3456 5450 animant

1867 5499 2019 5548 tuam
2045 5491 2114 5548 ad
2143 5490 2504 5552 tentationem
2527 5487 2722 5560 ('Eccli.
2752 5487 2836 5561 ιι).
2868 5507 2887 5540 ι
2923 5485 3030 5542 Sed
3064 5485 3133 5541 ad
3155 5471 3471 5542 consilium

1868 5582 2048 5639 nuntii
2073 5581 2191 5650 Dei,
2220 5581 2313 5638 hic
2333 5581 2460 5637 talis
2482 5580 2800 5638 saecularem
2831 5578 3022 5643 vitam,
3051 5575 3107 5630 in
3131 5589 3242 5645 qua
3278 5571 3466 5628 Hero—~

1865 5674 1983 5743 des,
2006 5674 2063 5731 id
2091 5683 2176 5730 est
2195 5673 2445 5730 diabolus
2471 5681 2684 5745 regnat,
2715 5669 2875 5742 fugit,
2893 5677 2948 5725 et
2975 5668 3032 5722 in
3061 5663 3380 5738 Egyptum,
3399 5663 3471 5718 id'

1866 5776 1953 5826 est
1984 5768 2040 5823 in
2062 5767 2409 5824 claustralem
2438 5765 2636 5832 vitam,
2651 5765 2706 5820 in
2736 5778 2846 5836 qua
2875 5758 3261 5822 diabolus’non
3295 5756 3460 5811 habet

1871 5868 2216 5929 potestatem,
2243 5857 2508 5932 confugit,
2543 5866 2598 5914 et
2625 5857 2696 5914 ibi
2722 5853 2975 5913 securius
3001 5847 3152 5907 vivit.
3195 5848 3302 5908 Sed
3326 5851 3454 5923 par-
