3832 6314
145 415 245 476 i353

1153 405 1485 465 HOMILLE.
1523 439 1596 449 -
1627 407 1672 463 ’1.
1711 406 1799 463 DE
1831 407 2179 470 TEHPORE.

3182 427 3324 484 1551
3367 446 3402 522 αι’

143 525 280 591 Israel,
301 519 356 578 de
374 515 554 590 quibus
581 515 846 588 scriptum
872 527 979 584 est,
1010 539 1030 573 ι
1049 517 1188 577 Cum
1211 520 1484 576 occideret
1513 534 1632 587 eos.
1663 527 1709 583 Δ
1739 526 2009 608 convertit
2044 526 2113 582 ad
2152 543 2212 584 se
2248 527 2514 587 Dominus
2545 533 2837 607 plerosque
2862 549 3112 597 nostrum
3134 547 3324 614 quoti~

139 615 382 694 quaerebant
412 624 546 675 eum,
576 619 626 665 et
671 611 1087 667 revertebantur
1123 611 1296 679 (Paul.
1347 613 1574 682 Lxsvu).
1611 631 1631 666 ι

139 714 222 772 lloc
256 706 388 764 modo
423 703 683 759 convertit
729 701 984 769 Paulum,
1032 704 1270 776 ﬂagellat
1320 707 1468 761 enim
1509 722 1635 762 eum

136 805 290 878 primo;
327 794 561 859 secundo,
605 793 988 866 flagellationis
1021 813 1246 853 causam
1288 812 1416 853 eum
1447 798 1634 864 docet;

136 895 265 958 tertio,
288 887 454 944 Saulus
491 884 819 942 medicinam
854 887 1084 958 quaerit;
1108 895 1330 958 quarto,
1367 887 1636 944 medicina

132 990 167 1043 ci
185 987 322 1040 datur.
339 979 457 1034 Cum
477 978 709 1048 ﬂagellat
733 994 884 1046 eum,
912 979 1035 1036 luce
1062 980 1130 1037 de
1152 981 1296 1038 cmlo
1317 979 1638 1038 circumlui-

131 1086 260 1150 gente,
285 1088 388 1128 eum
414 1078 664 1138 excaecat,
700 1072 1018 1141 prosternit.
1051 1071 1120 1128 Et
1147 1072 1415 1143 debilitat,
1451 1082 1637 1133 osten-v

129 1169 293 1224 densse
318 1164 493 1218 habere
518 1162 762 1218 divinam
801 1165 1127 1235 potentiam,
1150 1175 1205 1222 et
1245 1166 1399 1222 illum
1439 1167 1636 1223 huma-

127 1275 216 1314 nam
236 1255 557 1326 fragilitatem.
573 1253 711 1310 Eum
732 1266 990 1325 excaecat,
1013 1258 1271 1328 quoniam
1295 1274 1404 1314 non
1422 1267 1638 1330 poterat

126 1365 217 1405 vere
235 1345 510 1414 illuminari,
536 1346 642 1402 nisi
672 1363 702 1402 a
728 1348 870 1404 mala
898 1365 996 1405 sua
1026 1350 1252 1407 scientia
1284 1351 1438 1422 prius
1458 1367 1635 1410 exea-

123 1446 302 1495 caretur.
337 1435 456 1490 Eunt
497 1438 816 1506 prosternit,
840 1440 1102 1510 quoniam
1125 1457 1234 1498 non
1258 1450 1470 1512 poterat
1494 1442 1634 1502 bene

120 1544 308 1601 surgere,
335 1527 426 1583 nisi
452 1528 603 1598 prius
623 1544 655 1584 a
680 1531 823 1586 mala
852 1547 953 1587 sua
979 1532 1216 1588 elatione
1253 1543 1630 1604 prosternere-

117 1632 196 1675 tur.
215 1618 328 1674 Eum
354 1619 589 1676 debilitat
612 1622 871 1692 quoniam
901 1639 1010 1679 non
1035 1633 1250 1695 poterat
1271 1625 1408 1680 bene
1429 1625 1630 1692 valere,

116 1710 192 1766 nisi
216 1711 342 1781 prius
363 1726 392 1765 a
421 1726 514 1765 sua
559 1710 700 1773 mala
723 1711 1046 1774 fortitudine
1074 1714 1474 1772 debilitaretur.
1509 1713 1630 1778 Non

114 1812 247 1874 potest
268 1803 394 1857 enim
436 1803 637 1877 aliquis
661 1805 902 1864 divinam
946 1807 1193 1878 accipere
1227 1806 1627 1870 fortitudinem.

1737 616 1848 672 die.
1887 616 2020 673 Nam
2054 635 2197 690 saepe
2226 621 2356 678 dum
2386 640 2578 682 sumus
2603 627 2656 681 in
2687 632 2968 700 proposito
2996 644 3049 690 et
3076 637 3128 690 in
3154 653 3321 694 cursu

1744 713 2006 782 peccandi
2034 721 2089 768 et
2119 716 2259 772 male
2279 718 2496 788 agendi,
2520 729 2580 775 ut
2604 737 2706 777 nos
2745 734 3027 781 convertat
3055 727 3323 788 Dominus

1735 803 1806 859 ad
1830 819 1911 872 se,
1935 805 2154 863 immitit
2174 810 2332 865 nobis
2344 809 2551 883 ﬂagella
2572 813 2972 885 infirmitatum,
2991 824 3325 890 persecutio-

1736 909 1871 952 num
1895 905 1951 953 et
1971 900 2341 969 miseriarum,
2365 912 2425 958 ut
2457 905 2551 976 qui
2581 907 2838 964 nolumus
2864 925 2962 980 per
2988 915 3322 982 prosperita-

1735 997 1868 1058 tem,
1892 991 2082 1048 saltem
2097 995 2454 1057 emendanur
2469 1015 2564 1070 per
2581 1001 2981 1060 adversitatem.
3011 1004 3115 1072 Qui
3137 1006 3182 1063 si
3195 1023 3323 1062 vere

1742 1080 2118 1150 humiliantur,
2154 1099 2209 1144 et
2240 1091 2675 1149 emendationem
2703 1096 3096 1165 promittimus,
3125 1099 3325 1153 illumi-

1735 1187 1938 1229 namur
1962 1192 1994 1230 a
2023 1174 2256 1234 Domino
2283 1181 2534 1248 interius,
2559 1185 2826 1255 erigimur
2846 1196 2899 1243 et
2921 1188 3316 1246 confortamur.

1806 1262 2066 1336 Sequitur
2085 1286 2213 1339 pars
2229 1274 2407 1338 tertia,
2423 1277 2475 1329 in
2499 1291 2604 1348 qua
2631 1279 2936 1335 ostenditur
2955 1297 3120 1352 quam
3143 1283 3320 1339 bonus

1736 1354 1904 1414 fuerit
1937 1358 2140 1418 Paulus
2166 1374 2288 1434 post
2318 1370 2752 1440 conversionem,
2778 1388 2904 1432 cum
2929 1375 3276 1447 subjungitur
3300 1395 3316 1431 :

1738 1448 1870 1506 Fuit
1924 1461 2101 1508 autem
2127 1472 2246 1510 cum
2295 1458 2574 1530 discipulis
2595 1463 2692 1532 qui
2728 1473 2877 1518 erant
2911 1464 3184 1534 Damasci,
3226 1484 3320 1538 per

1729 1541 1847 1597 dies
1875 1543 2102 1614 aliquot.
2140 1545 2243 1613 Qui
2279 1549 2423 1604 enim
2472 1551 2624 1621 prius
2649 1563 2768 1610 erat
2799 1564 2916 1611 toto
2938 1557 3098 1614 corde
3125 1569 3320 1626 contra

1732 1629 2015 1688 Christum
2053 1645 2108 1690 et
2155 1635 2459 1709 discipulos
2493 1641 2633 1711 ejus,
2679 1660 2826 1702 nunc
2867 1657 2985 1703 erat
3010 1657 3126 1706 toto
3151 1652 3320 1708 elude

1731 1739 1858 1781 cum
1889 1726 2112 1784 Christo
2152 1738 2207 1784 ct
2237 1729 2520 1802 discipulis
2542 1735 2683 1804 ejus.
2734 1735 2910 1808 Super
2937 1741 3119 1794 omnia
3167 1742 3316 1797 enim

1732 1817 1988 1889 diligebat
2006 1820 2313 1888 Christum,
2336 1833 2390 1878 ct
2412 1825 2712 1897 discipulos
2737 1827 2857 1898 ejus
2884 1829 3028 1884 sicut
3049 1832 3317 1902 seipsum.

111 1892 189 1948 nisi
217 1907 348 1946 suam
372 1892 585 1949 amittat
609 1903 667 1949 et
696 1895 993 1966 vilipendat
1027 1895 1428 1953 fortitudinem.
1473 1894 1626 1955 Unde
1655 1893 1706 1958 Β
1728 1904 2006 1973 Quantum
2044 1909 2246 1981 quippe
2281 1910 2529 1984 diligeret
2555 1892 2853 1971 “Christum
2887 1892 3149 1986 ostendit;
3197 1930 3327 1975 cum

107 1988 212 2044 idem
248 1986 452 2055 Paulus,
485 2007 503 2044 ί
534 1987 696 2058 Cum,
729 1991 926 2063 inquit,
955 1992 1225 2064 inliuuor,
1255 2002 1388 2051 tunc
1429 1991 1630 2054 fortior

107 2097 194 2136 sum
219 2087 263 2134 et
296 2089 473 2150 potens
503 2079 594 2147 (II
623 2081 748 2138 Cor.
785 2085 905 2154 xu).
941 2105 960 2136 ι
989 2085 1226 2143 Causam
1247 2087 1628 2159 llagcllationis

102 2185 196 2228 eum
221 2169 459 2231 Dominus
478 2171 638 2228 docet
659 2188 785 2230 cum
817 2176 895 2232 ait
923 2194 938 2232 :
969 2175 1157 2246 δίκαιε,
1183 2177 1364 2247 Saulc,
1398 2181 1527 2252 quid
1548 2195 1630 2238 mc

103 2265 397 2334 persequeris!
417 2263 493 2322 Ac
523 2265 573 2322 si
624 2267 773 2324 dicat
806 2269 1056 2342 :Dignus
1091 2287 1152 2328 cs
1175 2289 1284 2330 non
1317 2275 1493 2332 solum
1526 2274 1629 2332 lia-

99 2353 257 2424 gellari,
278 2353 378 2410 imo
399 2355 562 2415 etiam
583 2356 861 2428 damnari,
885 2361 980 2432 qui
1005 2378 1092 2418 me
1113 2363 1440 2422 salvatorem
1466 2379 1628 2423 ιιιιιηο

98 2445 138 2500 di
156 2447 474 2520 persequeris.
496 2446 621 2504 Non
637 2460 822 2513 autem
849 2454 948 2522 ait,
963 2455 1090 2526 quid
1113 2471 1266 2513 meos
1277 2459 1624 2530 persequeris,

95 2537 179 2603 sed,
197 2539 306 2608 quid
331 2555 405 2594 me
423 2545 751 2614 persequeris
767 2545 794 2599 .'
820 2545 878 2600 in
904 2562 1015 2618 quo
1034 2547 1446 2618 demonstratur
1468 2549 1627 2612 nobis

94 2639 248 2699 quanta
289 2632 355 2685 sit
403 2632 533 2689 unio
583 2635 782 2706 capitis
828 2646 884 2693 et
925 2640 1318 2700 membrorum.
1352 2641 1628 2711 Quoniam

89 2728 196 2783 sicut
217 2739 362 2802 caput
395 2731 527 2787 dicit
553 2748 658 2803 pro
681 2735 817 2805 pede
841 2739 1190 2807 conculcata,
1206 2756 1380 2814 quare
1402 2744 1629 2802 concul‘

89 2833 158 2878 cas
184 2821 284 2874 me?
321 2830 370 2876 et
396 2838 493 2892 pro
531 2823 705 2880 dorso
746 2841 912 2896 caeso,
959 2844 1134 2900 quare
1175 2832 1340 2890 cadis
1380 2835 1506 2890 ine?
1550 2833 1624 2891 lla

86 2906 297 2966 Dominus
342 2913 474 2970 dicit
533 2915 646 2977 sibi
697 2916 890 2980 inferri
944 2935 1068 2992 quae
1119 2922 1241 2986 suis
1286 2923 1623 2984 inferuntur.

85 3004 144 3057 Ad
185 3005 272 3060 hoc
319 3006 515 3068 Saulus
557 3019 804 3070 tremens
846 3028 960 3085 pm
998 3014 1234 3085 timore,
1285 3019 1542 3076 conscius
1567 3035 1626 3076 se

79 3091 223 3150 losum
249 3109 588 3168 persecutum
614 3100 806 3172 fuisse,
834 3115 889 3160 et
911 3112 1167 3176 stupens,
1187 3106 1340 3163 illum
1370 3109 1622 3164 animad-

80 3196 248 3245 verteris
288 3207 403 3248 esse
453 3192 664 3263 Deum,
707 3211 870 3277 quem
925 3213 1123 3269 purum
1181 3199 1461 3256 hominem
1516 3217 1618 3273 pu-

77 3277 211 3346 tabat,
263 3284 413 3354 quasi
463 3296 697 3345 coactus
733 3270 815 3344 'ad
879 3290 1242 3348 obediendum
1286 3270 1614 3348 medicinam
1645 3270 1688 3328 (ἶ

74 3373 241 3440 quati-it,
253 3376 430 3434 dicens
447 3397 462 3434 :
481 3377 734 3448 Domine,
749 3381 878 3453 quid
890 3399 971 3438 me
981 3383 1057 3438 vis
1069 3383 1273 3454 facere?
1281 3384 1360 3440 Ac
1375 3384 1423 3442 si
1439 3385 1612 3442 dicat:

76 3457 229 3520 Verum
255 3477 351 3536 est,
385 3469 644 3548 Domine,
670 3475 820 3545 quod
847 3482 902 3533 te
951 3485 1275 3548 persecutus
1317 3492 1464 3544 sum,
1518 3475 1616 3534 sed

71 3553 335 3626 ignorabam
383 3573 436 3619 te
481 3580 613 3626 esse
662 3566 969 3624 Christum.
1007 3567 1114 3626 Sed
1160 3569 1275 3642 jam
1320 3569 1390 3627 de
1418 3577 1617 3632 caetero

72 3646 141 3708 tibi
162 3649 362 3720 obedio;
396 3657 642 3728 praecipe
665 3657 932 3731 quidquid
970 3660 1076 3725 vis.
1108 3660 1433 3718 Medicinam
1470 3662 1614 3718 inci-

68 3740 123 3816 pit
160 3743 200 3797 ei
249 3743 512 3804 Donnnus
560 3749 844 3819 adhibere,
871 3751 1004 3807 dum
1045 3753 1290 3825 pmipit
1318 3753 1374 3808 in
1419 3753 1615 3810 urbem

66 3829 245 3905 intrare,
289 3851 340 3895 et
386 3841 646 3906 dicendis
679 3843 922 3900 obedire.
966 3843 1081 3900 Viri
1115 3855 1301 3903 autem
1348 3845 1444 3919 qui
1485 3861 1614 3903 eum

62 3925 431 4000 comitabantur,
457 3935 689 3992 stabant
715 3935 1028 4008 stupefacti,
1051 3952 1243 3995 vocem
1277 3939 1499 4010 quidem
1517 3955 1618 3996 au-

62 4013 246 4087 dientes,
274 4032 329 4078 ut
371 4025 760 4089 testimonium
801 4027 851 4082 ei
903 4027 1046 4086 ferre
1093 4038 1342 4101 possent,
1384 4030 1616 4088 sednon

59 4111 212 4180 renati,
234 4129 353 4169 cum
385 4117 582 4175 videre
637 4133 746 4176 non
787 4128 947 4181 erant
967 4120 1138 4193 digni.
1170 4120 1254 4176 Ad
1281 4137 1469 4177 atauus
1511 4138 1616 4176 an-

59 4210 134 4261 tem
171 4204 308 4260 illum
334 4210 639 4278 trahentes,
661 4220 767 4267 etc.
806 4231 825 4265 ι
866 4210 992 4269 llaec
1015 4212 1249 4268 mutatio
1272 4212 1478 4270 dextrae
1503 4211 1617 4270 Ex-

55 4298 153 4352 relsi
179 4298 342 4370 (Paul.
367 4307 594 4372 Lxxvr).
636 4322 654 4356 ι
693 4304 798 4384 Qui
825 4315 1052 4368 venerat
1082 4306 1300 4363 trahere
1325 4321 1457 4366 oves
1498 4315 1617 4371 tra-

53 4387 168 4446 bitur
218 4403 274 4449 ut
331 4397 488 4464 ovis,
551 4395 738 4463 factus
781 4398 849 4454 de
907 4399 1038 4469 lupo
1059 4415 1269 4472 agnus,
1326 4399 1396 4456 de
1449 4397 1620 4457 Saulo

49 4475 227 4551 Paulus,
246 4487 311 4543 de
337 4499 711 4560 persecutore
736 4490 1078 4562 praedicator.
1112 4489 1182 4553 Et
1207 4499 1324 4546 erat
1347 4490 1422 4545 ibi
1443 4491 1622 4547 tribus

1724 1999 1847 2060 ait:
1881 2017 1905 2058 α
1941 2002 2138 2060 Certus
2167 2020 2291 2060 sum
2320 2005 2467 2060 enim
2507 2005 2656 2076 quod
2705 2023 2884 2079 neque
2924 2023 3096 2078 mors,
3147 2022 3330 2082 neque

1723 2098 1859 2170 vita,
1885 2115 2064 2170 neque
2096 2099 2380 2163 instantia,
2405 2115 2584 2170 neque
2623 2099 2832 2167 futura,
2865 2117 3044 2172 neque
3069 2103 3324 2170 altitudo,
3407 2166 3411 2170 ,

1722 2206 1904 2268 neque
1955 2191 2308 2262 profundum,
2352 2207 2529 2264 neque
2576 2202 2828 2250 creatura
2879 2193 3083 2264 aliqua,
3125 2196 3329 2266 poterit

1723 2296 1815 2338 me
1847 2299 2104 2352 separare
2139 2299 2168 2337 a
2211 2283 2475 2339 charitalc
2519 2301 2642 2355 qua:
2683 2295 2765 2341 est
2811 2285 2865 2340 iu
2921 2286 3144 2342 Christo
3193 2286 3324 2344 Jcsu

1723 2373 1902 2447 (Rom.
1929 2376 2068 2445 vui).
2105 2396 2123 2428 ι
2150 2375 2425 2443 Quantum
2449 2378 2839 2449 vcrodiligerct
2858 2379 3326 2452 Christidiscipu-

1722 2466 1809 2526 los
1860 2471 2123 2538 ostendit,
2172 2487 2297 2527 cum
2345 2473 2472 2528 ait:
2513 2494 2532 2528 ι
2565 2473 2700 2541 Quis
2753 2474 3062 2530 inlirmatur
3123 2485 3177 2531 et
3222 2491 3324 2546 ego

1722 2575 1832 2621 non
1857 2561 2138 2618 inllrmor?
2157 2561 2293 2631 Quis
2314 2565 2736 2635 scandalizatur,
2760 2575 2814 2623 et
2845 2583 2947 2638 ego
2968 2584 3079 2623 non
3103 2568 3268 2624 uror?
3298 2587 3318 2621 ι

1721 2653 1817 2727 (ΙΙ
1846 2653 1971 2712 Cor.
2012 2657 2098 2728 ιι.)
2139 2656 2207 2713 Et
2253 2659 2348 2730 qui
2398 2660 2522 2730 plus
2568 2660 2986 2731 blasphamebat
3031 2669 3086 2718 et
3135 2676 3327 2733 perse-

1720 2748 1992 2820 quebatur
2017 2764 2218 2806 nomen
2240 2751 2466 2819 Christi,
2494 2768 2680 2808 coram
2705 2753 2930 2824 regibus
2966 2762 3021 2810 et
3056 2753 3326 2825 principi-

1722 2837 1828 2896 bus
1869 2849 1925 2896 et
1963 2839 2091 2896 tiliis
2145 2838 2312 2898 Israel
2353 2844 2593 2914 portavit
2639 2860 2840 2901 nomen
2895 2845 3124 2902 Christi.
3167 2843 3325 2903 Unde

1717 2941 1776 2992 et
1805 2932 1893 2989 hic
1917 2933 2117 2991 dicitur
2145 2953 2159 2991 :
2188 2933 2260 2988 Et
2285 2937 2536 2995 continuo
2562 2937 2827 3009 ingressus
2857 2936 3061 2996 Paulus
3077 2937 3134 2992 in
3154 2951 3324 3008 syna-

1718 3039 1903 3097 gogas,
1914 3026 2238 3096 prmdicabat
2252 3027 2364 3081 illis
2374 3026 2578 3094 Iesum,
2595 3027 2869 3083 ostendens
2881 3030 3134 3100 quoniam
3144 3028 3232 3083 hic
3245 3035 3325 3084 est

1723 3113 1902 3172 Filius
1919 3116 2037 3171 Dei.
2056 3117 2224 3188 thui
2237 3118 2394 3189 prius
2409 3118 2825 3190 adjuvabattoto
2839 3117 3194 3175 riiquudzeos
3205 3133 3326 3190 per-

1719 3226 1956 3282 sequens
1975 3209 2281 3278 Christum,
2305 3228 2452 3268 nunc
2468 3220 2581 3268 toto
2599 3211 2723 3267 nisu
2747 3211 3177 3283 persmuebatur
3199 3210 3325 3267 inli-

1718 3304 1997 3361 delitatem
2023 3320 2237 3360 eorum.
2269 3301 2424 3359 Unde
2442 3313 2497 3359 et
2525 3303 2614 3358 hic
2642 3303 2844 3360 dicitur
2877 3322 2889 3357 :
2924 3301 3122 3357 Saulus
3155 3302 3324 3356 multo

1719 3394 1889 3466 magis
1918 3392 2331 3461 convalescebat,
2378 3403 2427 3448 et
2464 3394 2821 3464 confundebat
2854 3392 3096 3459 .hrrlatos,
3146 3403 3324 3446 oslcu-
3370 3385 3377 3400 ³

1715 3482 1868 3552 deus,
1897 3483 1952 3539 id
1981 3491 2068 3540 est
2092 3482 2392 3553 aliirmans,
2417 3485 2546 3556 quia
2581 3485 2667 3539 hic
2697 3494 2774 3539 cst
2817 3482 3086 3542 Christus.
3130 3482 3198 3537 Et
3226 3466 3324 3553 qui

1718 3576 1874 3648 prius
1912 3575 2201 3648 lapidabat,
2229 3585 2288 3633 et
2326 3577 2612 3634 occidebat
2645 3576 2971 3633 confitentes
3009 3573 3323 3640 Christum,

1719 3683 1870 3726 nunc
1892 3685 2006 3726 non
2031 3669 2223 3743 eﬂugit
2238 3671 2471 3743 lapidari
2491 3680 2546 3726 et
2564 3669 2738 3726 occidi
2765 3677 2987 3741 propter
3009 3667 3321 3736 Christum.

1717 3753 1878 3825 Ecce,
1909 3755 2106 3813 fratres
2138 3757 2264 3823 mei,
2300 3756 2368 3812 de
2397 3772 2564 3829 quam
2603 3772 2861 3831 perverso
2891 3773 3057 3830 quam
3088 3755 3316 3814 sanctu‘

1720 3848 1899 3906 factus
1920 3859 2007 3907 est
2032 3849 2256 3906 Paulus.
2291 3846 2347 3904 ln
2375 3849 2546 3906 Paulo
2575 3849 2777 3922 quippe
2818 3859 2874 3907 et
2898 3849 2954 3906 in
2991 3848 3314 3922 Magdalena

1716 3950 1774 3999 et
1802 3941 2140 4012 hujusmodi,
2171 3941 2345 3997 voluit
2373 3939 2640 4002 Dominus
2680 3940 3061 4002 demonstrare
3100 3939 3316 3995 viscera

1719 4030 2111 4087 misericordia:
2148 4045 2282 4094 sum.
2316 4040 2374 4086 ut
2414 4031 2623 4088 scilicet
2667 4031 2884 4088 caeteris
2928 4030 3319 4103 peccatoribus

1718 4123 2026 4194 exemplum
2061 4122 2395 4194 poenitentia:
2422 4132 2478 4178 et
2523 4139 2675 4194 spem
2712 4124 2886 4181 veniae
2915 4133 3218 4198 praestaret,
3244 4119 3322 4201 ne:

1719 4217 1972 4274 videlicet
1998 4217 2199 4288 aliquis
2223 4217 2276 4272 in
2298 4227 2726 4295 quantacunque
2776 4219 3042 4281 scelerum
3077 4221 3316 4276 ριιοηιιὶς

1719 4309 1909 4365 mitate
1951 4309 2285 4381 desperaret,
2334 4309 2429 4367 sed
2455 4291 2658 4382 ’potius
2698 4325 2794 4382 per
2823 4297 3198 4382 paenitentiam
3241 4314 3314 4373 ad

1721 4413 1874 4472 spem
1920 4400 2093 4458 veniae
2136 4399 2444 4459 festinaret.
2495 4400 2651 4458 Sicut
2695 4402 3004 4458 econtrario
3045 4404 3102 4460 in
3150 4404 3313 4462 ruina

1719 4488 1874 4550 ludat
1898 4501 1953 4550 et
1985 4493 2273 4562 similium,
2308 4495 2404 4567 qui
2432 4494 2501 4551 de
2545 4495 2660 4551 alto
2707 4494 2881 4567 gradu
2920 4495 3225 4554 sanctitatis
3253 4495 3320 4558 in

48 4572 192 4629 diebus
213 4590 258 4634 et
287 4582 460 4637 tribus
491 4582 743 4647 noctibus
769 4599 873 4648 non
895 4584 1096 4652 videns,
1122 4592 1301 4644 etnon
1329 4584 1618 4639 mandatur
1649 4612 1696 4669 η
1721 4587 1935 4646 foveam
1970 4589 2294 4664 perditionis
2313 4589 2555 4665 prolapsi
2584 4599 2734 4656 sunt,
2769 4589 2940 4646 voluit
2964 4588 3310 4660 profundita-

47 4669 100 4726 tit
128 4688 272 4743 neque
300 4675 456 4732 bibit.
489 4675 581 4732 Ad
612 4675 840 4741 modum
885 4677 1154 4736 triduana:
1175 4675 1393 4734 Domini
1431 4675 1617 4753 sepul-

47 4770 153 4819 tunc
201 4777 455 4826 mortuus
502 4778 601 4826 est
652 4780 899 4843 peccato,
942 4779 1003 4830 ut
1035 4755 1285 4843 surgeret
1320 4769 1451 4830 Deo.
1475 4770 1616 4832 Cum

43 4868 190 4914 autem
234 4861 513 4920 Dominus
547 4863 673 4933 jam
730 4880 828 4935 per
875 4879 934 4921 se
995 4864 1228 4922 interius
1275 4879 1404 4920 eum
1446 4864 1616 4923 etiam

42 4945 353 5024 Evangelium
411 4956 713 5021 docuisset
753 4957 920 5026 (unde
951 4957 1068 5028 ipse
1103 4956 1370 5030 gloriatur
1401 4971 1461 5012 se
1505 4972 1618 5018 non

42 5060 55 5095 ς
87 5044 142 5101 ab
173 5045 390 5104 homine
422 5069 441 5100 ι
474 5047 770 5119 accepisse
817 5049 970 5116 illud,
999 5065 1177 5122 neque
1211 5048 1489 5114 didicisse,
1519 5047 1614 5103 sed

42 5149 158 5202 Ipcr
195 5142 599 5204 revelationem
624 5139 751 5196 Jesu
798 5141 1026 5213 Christi)
1073 5127 1221 5212 (Cal.
1270 5144 1334 5207 ι),
1370 5159 1388 5191 ι
1430 5149 1614 5196 tamen

36 5224 164 5280 mittit
193 5231 254 5290 ad
278 5249 408 5286 enim
458 5231 895 5296 illuminandum
913 5275 928 5300 ,
951 5232 1271 5306 erigendum
1301 5239 1356 5292 ct
1387 5230 1611 5288 confor-

35 5320 222 5378 tandum
246 5325 312 5379 ad
335 5327 666 5393 Ananiam;
691 5334 751 5381 ut
781 5342 877 5398 per
906 5327 1012 5382 hoc
1037 5328 1290 5382 ostendat
1313 5325 1612 5393 ministris,

34 5408 71 5464 id
91 5426 162 5470 est
191 5418 531 5478 ministeriis
579 5417 712 5487 Dei,
735 5429 939 5494 quanta
975 5421 1280 5477 reverentia
1327 5419 1612 5486 debeatur,

33 5511 74 5556 ut
91 5521 184 5562 non
212 5511 320 5567 nisi
358 5528 463 5584 per
485 5527 598 5569 eos
622 5520 677 5568 et
697 5527 794 5584 per
817 5529 882 5569 ea
908 5521 1092 5585 pateat
1115 5512 1286 5574 salus.
1311 5509 1449 5567 Nam
1480 5525 1612 5566 mox

33 5607 73 5651 ut
109 5600 339 5660 Ananias
373 5604 686 5678 imposuit
733 5604 905 5662 Paulo
939 5621 1159 5673 manus,
1211 5604 1514 5660 ceciderunt
1543 5599 1609 5656 ab

33 5692 161 5747 acu/is
193 5695 306 5768 ejus
335 5709 616 5771 tanquam
651 5714 904 5770 squamis,
937 5699 1264 5771 serpentium
1291 5698 1530 5763 malitia,
1556 5705 1614 5754 et

34 5779 329 5848 lluminatus
343 5801 456 5848 est.
481 5790 558 5847 Et
579 5806 713 5848 cum
733 5794 1034 5864 accepisset
1052 5793 1259 5862 cibum,
1283 5802 1393 5847 tam
1416 5804 1610 5858 corpo-

33 5876 162 5938 taletn
190 5897 356 5950 quam
382 5882 770 5954 spiritualem,
792 5884 1132 5952 confortatus
1157 5895 1258 5944 est.
1293 5882 1407 5942 Hoc
1439 5883 1607 5942 modo

1719 4685 1831 4743 tem
1859 4679 2187 4746 'severitatis
2212 4695 2328 4738 suae
2351 4680 2754 4746 demonstrare,
2781 4688 2842 4736 ut
2865 4679 3071 4734 scilicet
3097 4679 3318 4744 caeteris

1719 4755 1886 4840 iustis
1909 4771 2161 4829 timorem
2178 4774 2552 4839 incuteret,ne
2571 4773 2820 4828 videlicet
2843 4772 3040 4845 aliquis
3062 4770 3118 4831 in
3139 4787 3312 4843 quan-

1719 4869 1998 4935 tacunque
2024 4865 2286 4924 virtutum
2309 4866 2595 4923 altitudine
2618 4866 3103 4936 przesumeret,scd
3127 4865 3310 4935 potius

1722 4972 1782 5014 se
1815 4957 2150 5024 humiliaret,
2181 4958 2396 5017 timeret
2414 4967 2469 5014 et
2491 4958 2753 5029 vigilaret,
2781 4966 2834 5012 et
2858 4973 2967 5013 non
2999 4956 3054 5011 in
3103 4972 3182 5023 se,
3211 4957 3308 5012 sed

1720 5049 1774 5112 in
1808 5048 1920 5104 Deo
1952 5068 2012 5106 se
2043 5067 2205 5130 posse
2247 5061 2392 5112 stare
2417 5050 2734 5109 conﬁderet.
2771 5049 2914 5106 Audi
2943 5059 3150 5114 tamen,
3182 5064 3308 5118 pce-

1718 5150 1890 5199 cator.
1927 5140 2047 5198 Non
2076 5142 2401 5213 proponitur
2428 5142 2524 5197 tibi
2554 5140 2756 5197 Paulus
2782 5141 2836 5196 in
2857 5141 3165 5210 exemplum
3189 5156 3308 5210 pec-

1716 5235 1900 5300 Caudi,
1936 5235 2030 5290 sed
2063 5234 2379 5306 pmnitendi.
2414 5233 2471 5290 Si
2499 5243 2722 5308 secutus
2752 5249 2813 5289 es
2846 5245 3182 5304 peccantem,
3215 5248 3306 5288 se-

1717 5343 1887 5404 quere
1923 5327 2295 5396 paenitentem.
2349 5325 2430 5382 Ne
2457 5327 2682 5388 diﬂ‘eras
2715 5325 2782 5382 de
2809 5325 2896 5381 die
2928 5325 2982 5380 in
3011 5325 3174 5380 diem.
3226 5322 3310 5382 No

1716 5419 1947 5489 adjicias
1992 5429 2277 5489 peccatum
2305 5435 2473 5490 super
2504 5427 2818 5491 peccatum,
2841 5425 2897 5473 et
2921 5418 3106 5474 dicas:
3140 5415 3304 5472 Mise-

1717 5510 1861 5568 ratio
1890 5509 1984 5567 Dei
2009 5527 2207 5583 magna
2235 5519 2341 5576 est,
2365 5520 2715 5581 peccatorum
2748 5525 2994 5566 meorum
3022 5507 3307 5562 miserebi-

1715 5612 1828 5660 tur.
1853 5603 2040 5676 Neque
2063 5603 2207 5660 enim
2231 5604 2361 5670 vita,
2391 5618 2569 5674 neque
2595 5603 2934 5674 paenitentia,
2951 5600 3114 5657 estin
3138 5615 3303 5655 manu

1715 5697 1982 5764 hominis,
2009 5697 2103 5754 sed
2135 5696 2190 5752 in
2239 5711 2404 5752 manu
2438 5695 2552 5751 Dei.
2596 5695 2698 5762 Qui
2732 5695 2876 5752 sicut
2914 5692 3216 5760 humilibus
3249 5699 3324 5746 ct.

1711 5790 2031 5850 timentibus
2060 5805 2155 5861 per
2197 5787 2629 5862 misericordiam
2668 5803 2823 5846 suam
2865 5797 3082 5855 tempus
3121 5785 3326 5856 pueni-.

1715 5882 1893 5944 tentia
1923 5883 2128 5945 tribuit.
2156 5881 2231 5940 ita
2260 5881 2716 5941 omumentibus
2748 5888 2802 5934 et
2822 5875 3299 5936 contemnentibus
