3832 6314
499 373 620 435 ἰΰΞῦ

1753 370 2105 428 Βιλυυιιηιι
2142 371 2491 428 ARDENTIS

3588 378 3686 438 1556

472 507 572 563 per
605 487 876 568 justitiam
915 490 1046 547 illud
1089 490 1382 547 subtrahit.
1435 487 1643 558 Imque,
1693 486 1894 568 fratres
1934 486 2062 553 mei,
2095 487 2138 546 Α
2167 488 2311 543 cnim
2340 487 3687 561 sunt,relinquerecupiditatem,etrelinqneram,

476 581 570 654 qui
601 562 790 652 j'ustus
823 589 905 637 est
929 597 994 636 ex
1020 581 1199 647 nobis,
1228 581 1361 634 dum
1383 588 1466 634 est
1491 596 1542 634 In
1569 581 1671 633 hac
1698 562 1907 634 lubrica
1935 577 2067 645 vita,

479 690 698 746 semper
731 676 922 734 timeat
965 683 1018 731 ct
1046 674 1256 746 vigilet,
1297 681 1352 728 ct
1381 673 1475 742 qui
1515 681 1770 744 peccator
1811 681 1916 740 est,
1957 688 2069 728 non

477 769 761 841 desperet,
796 768 890 823 sed
927 768 1056 834 dum
1104 767 1249 832 licet,
1280 764 1346 820 ad
1392 765 1694 820 remedium
1738 763 2072 836 pmnitentia

476 859 726 927 festinet,
763 867 1185 930 compungatur,
1216 857 1414 928 ploret,
1443 857 1790 924 conﬁteatur,
1819 864 1876 912 et
1911 856 2073 912 bonis

479 951 742 1022 operibus
775 951 1006 1006 redimat
1029 959 1250 1021 peccata
1276 965 1400 1017 sua,
1437 959 1710 1020 quatenus
1735 949 1958 1020 utrique
1989 949 2073 1004 vi-

474 1054 592 1109 tam
635 1059 945 1100 mereamur
983 1041 1250 1114 consequi
1285 1043 1694 1114 sempiternam.
1734 1042 1843 1100 Per
1879 1043 2072 1100 Domi-

475 1151 611 1201 num
657 1146 908 1198 nostrum
956 1135 1144 1192 Jesum
1195 1135 1479 1193 Christum
1523 1137 1619 1209 qui
1657 1153 1784 1194 cum
1829 1137 1991 1195 Patre
2019 1147 2076 1196 et

478 1229 684 1299 Spiritu
715 1239 906 1285 sancto
937 1229 1071 1285 vivit
1097 1238 1153 1286 et
1186 1239 1380 1303 regnat
1419 1229 1586 1300 Deus,
1608 1247 1708 1303 per
1735 1232 1921 1288 omnia
1973 1247 2075 1288 sre-

482 1321 606 1390 cula
637 1321 986 1378 szeculorum.
1016 1321 1218 1389 Amen.

705 1412 828 1468 Vita
857 1412 928 1468 Β.
956 1413 1123 1470 Pauli
1153 1415 1405 1486 apostoli,
1440 1432 1533 1487 per
1564 1414 1859 1473 Isidorum.

548 1499 778 1578 Paulus,
803 1503 898 1578 qui
935 1513 1094 1566 antea
1131 1503 1354 1578 Sgulus,
1379 1507 1664 1575 apostolus
1689 1508 1952 1578 gentium,
1980 1508 2076 1564 ad-

475 1582 706 1630 vocatus
734 1572 1078 1641 Iudaeorum,
1095 1591 1126 1630 a
1149 1575 1370 1630 Christo
1392 1572 1460 1632 de
1491 1579 1634 1633 caelo
1654 1572 1898 1644 vocatus,
1927 1572 1982 1634 et
2018 1581 2074 1635 in

475 1653 620 1698 terra
665 1654 998 1714 prostratus,
1032 1646 1126 1717 qui
1151 1647 1403 1717 oculatus
1441 1649 1657 1715 cecidit,
1690 1659 1925 1706 emeatus
1952 1666 2075 1705 sur-

477 1717 640 1788 rexit,
668 1730 736 1770 ex
763 1716 1117 1788 persecutore
1141 1716 1318 1772 factus
1347 1727 1434 1774 est
1466 1734 1564 1775 vas
1590 1720 1892 1788 electionis,
1917 1730 1972 1776 et
2005 1738 2071 1777 ex

476 1785 844 1860 lupo__agn_us,
893 1786 1034 1860 inter
1061 1789 1340 1858 apostolos
1382 1791 1671 1844 vocatione
1713 1785 2068 1860 novissimus,

2171 579 2419 635 Alterum
2432 591 2518 636 est
2534 580 2808 653 praecepti,
2823 582 3057 636 alterum
3070 593 3204 635 vero
3218 581 3447 637 consilii.
3465 581 3692 658 Relinque-

2171 690 2231 730 re
2245 675 2447 746 quippe
2469 674 2826 745 cupiditatem
2835 683 3086 731 tenemur
3096 690 3164 731 ex
3178 683 3460 745 praecepto.
3472 675 3698 748 Relinque»

2171 782 2233 823 re
2257 781 2393 822 vero
2416 781 2534 822 rem
2557 780 2668 822 non
2694 774 2963 832 tenemur,
2989 766 3085 821 sed
3111 780 3401 822 monemur
3421 780 3483 820 ex
3503 769 3696 826 consilio.

2171 860 2233 916 Si
2244 859 2596 931 cupiditatem
2618 874 2730 915 non
2756 858 3144 930 relinquimus,
3177 858 3516 914 damnamur.
3545 857 3701 917 Simo

2171 968 2290 1009 rem
2315 967 2426 1007 non
2446 951 2844 1023 relinquimus,
2867 966 2976 1006 non
3010 951 3134 1006 ideo
3144 950 3490 1017 damnamur,
3512 950 3703 1023 sedquo-

2171 1045 2417 1102 damodo
2450 1044 2807 1115 impedimur.
2831 1043 3065 1112 Quidam
3118 1043 3285 1116 igitur
3316 1050 3444 1099 sunt
3473 1043 3559 1114 qui
3589 1046 3707 1100 relin-

2169 1147 2352 1211 quunt
2373 1137 2732 1209 cupiditatem
2757 1145 2812 1194 et
2842 1152 2992 1208 rem;
3027 1136 3276 1208 quidam,
3301 1136 3394 1207 qui
3422 1136 3707 1206 cupiditatun

2172 1241 2346 1288 etnon
2366 1245 2501 1299 rem;
2513 1229 2756 1302 quidam,
2772 1229 2863 1301 qui
2878 1244 3016 1296 rem,
3030 1237 3086 1284 et
3098 1244 3206 1283 non
3224 1227 3710 1300 eupiditatemﬁupi.

2181 1324 2406 1380 ditatem
2420 1332 2476 1380 et
2496 1323 2975 1394 remreliquerunt
2995 1320 3250 1393 apostoli,
3265 1331 3514 1378 eteorum
3526 1322 3708 1377 imitato-

2173 1430 2285 1482 res,
2300 1417 2399 1487 qui
2407 1424 2461 1471 et
2472 1415 2824 1486 cupiditatem
2842 1414 3078 1470 habendi
3092 1415 3314 1483 penitus
3323 1429 3353 1468 a
3366 1429 3424 1469 se
3435 1413 3709 1483 abiecerunt,

2172 1517 2227 1567 et
2268 1509 2452 1563 omnia
2503 1508 2670 1563 etiam
2706 1507 3020 1564 necessaria
3086 1505 3449 1574 reliquerunt.
3478 1504 3656 1572 Quibus
3690 1523 3711 1563 ι

2175 1601 2416 1658 Domino
2439 1600 2642 1657 dicitur
2676 1619 2689 1656 :
2717 1620 2737 1653 ι
2772 1598 2918 1660 Nihil
2945 1598 3183 1655 tuleritis
3207 1600 3268 1654 in
3298 1599 3411 1666 via,
3442 1613 3602 1669 neque
3621 1615 3709 1655 sae-

2175 1698 2381 1764 culum,
2412 1711 2587 1768 neque
2621 1711 2828 1768 peram,
2862 1710 3043 1766 neque
3079 1693 3510 1750 caleeamentum
3531 1693 3715 1764 (Lam),

2175 1799 2280 1845 etc.
2325 1811 2342 1841 ι
2378 1788 2591 1857 Quibus
2619 1788 2778 1843 debet
2807 1801 2930 1843 esse
2956 1787 3012 1841 in
3051 1785 3162 1842 Deo
3189 1795 3343 1842 tanta
3359 1783 3584 1856 ,ﬁducia,
3606 1787 3715 1855 quod

477 1856 868 1939 praedicatione
933 1856 1128 1941 rimus,
1162 1860 1216 1914 in
1263 1860 1378 1931 lege
1406 1860 1720 1917 Gamalielis
1745 1856 2070 1933 discipulus,
2105 1856 2150 1914 Β
2180 1885 2285 1941 etsi
2343 1856 2450 1940 ηόη
2519 1891 2700 1938 onem
2726 1882 2834 1938 ista
2880 1890 3060 1936 tamen
3117 1879 3597 1936 Γοεετιοιιηιιαιη
3633 1877 3716 1934 ι)ρο

480 1944 537 1982 In
571 1926 864 1982 Evantzelto
885 1873 1088 1982 Ehrlstt
1115 1946 1325 1982 servus.
1351 1931 1509 1982 cuius
1536 1933 1711 1982 natria
1739 1931 1922 1982 Judma
1951 1934 2072 1982 fuit-
2180 1980 2187 1982 _
2322 1975 2372 1982 -_
2482 1899 2516 1955 Ρ
2628 1973 2663 1982 ..
2771 1973 2803 1982 ..
2829 1925 2853 1982 .’
2911 1972 2926 1982 .
2969 1970 2994 1982 ..
3035 1979 3043 1982 Α
3080 1896 3114 1952 p
3233 1966 3278 1982 ,ς
3340 1969 3354 1982 .
3444 1967 3485 1982 ν.
3576 1922 3612 1979 .’

480 1926 537 1982 in
571 1926 864 2002 Evangelio
885 1926 1088 2002 Christi
1115 1926 1509 2002 servus;cujus
1536 1933 1711 2002 patria
1739 1926 1924 1994 Judtea
1950 1926 2075 2002 fuit,

480 2013 664 2074 genus
683 1997 750 2053 de
767 1999 910 2074 tribu
942 1997 1246 2074 Benjamin.
1273 2001 1371 2056 Hic
1395 1997 1635 2074 secundo
1658 2013 1780 2074 post
1801 1997 2079 2061 ascensio;

480 2068 607 2147 item
633 2068 848 2123 Domini
875 2084 1020 2147 anno
1037 2068 1702 2147 baptiza_t_us,dignitatem
1728 2077 1926 2130 meruit
1947 2093 2079 2147 apo-

451 2141 740 2212 ~stolatus,
772 2149 935 2210 atque
963 2140 1086 2212 plus
1108 2140 1364 2199 omnibus
1388 2140 1668 2212 laborans,
1704 2147 1877 2203 multo
1914 2140 2079 2205 latius

480 2209 896 2290 interemeres
937 2209 1088 2290 verhi
1125 2211 1217 2268 Dei
1270 2216 1518 2290 gratiam
1555 2209 1872 2290 seminavit,
1915 2227 2080 2290 atque

481 2281 790 2360 doctrinam
815 2282 1183 2360 evangelieam
1226 2281 1322 2360 sua
1353 2287 1737 2360 praedicatione
1765 2281 2078 2360 complev'it,

485 2352 770 2431 incipiens
777 2352 854 2431 ab
890 2350 1286 2431 Hierosolymis
1318 2350 1492 2431 usque
1534 2359 1601 2413 ad
1637 2350 1910 2431 lllyricuni
1934 2369 1989 2416 et
2025 2350 2081 2417 iri

487 2421 726 2505 Italiam,
752 2421 1186 2505 Hispaniamque
1211 2421 1526 2505 processit,_
1542 2444 1608 2485 ac
1645 2421 1850 2505 nomen
1875 2430 2083 2488 Christi

482 2495 800 2572 rnttltarum
817 2495 1061 2564 gentium
1082 2495 1720 2572 jiopulisitnanifestavit
1739 2502 1942 2572 quibus
1971 2517 2083 2561 non

484 2564 666 2622 fuerat
687 2565 1043 2620 declaratum.
1073 2564 1245 2638 Cujus
1269 2570 1536 2626 miracula
1562 2570 1666 2628 ista
1689 2564 1812 2629 esse
1848 2588 2082 2629 noscun-

478 2646 573 2718 tur
627 2644 888 2718 :nraptus
933 2638 1162 2718 tertium
1215 2641 1416 2718 coelum
1485 2643 1777 2718 ascendit,
1807 2643 2076 2718 seducen-

480 2715 605 2782 tem
645 2705 920 2782 Pythonis.
963 2707 1217 2782 spiritum
1257 2711 1522 2782 imperata
1553 2705 1887 2770 discessione
1916 2714 2076 2770 dam-

451 2777 703 2858 navit,
736 2777 1066 2858 adolescenti
1127 2777 1357 2858 mortuo
1412 2783 1635 2858 vitalem
1690 2785 2080 2858 redintegravit

485 2848 766 2937 ἕρξίἱὲξιιητ
797 2848 1060 2937 ,αξεςίεειξρ
1109 2854 1386 2934 erucius“
1423 2853 1662 2937 Marem.
1707 2848 2076 2937 ειίιιιίιςῖυτο-

483 2919 668 3001 prium
733 2918 1055 2978 reformavit
1111 2918 1428 3001 'iucessum,
1479 2918 1584 3001 diri
1641 2918 1911 2997 serpentis
1949 2918 2075 2985 'nec

487 2995 1336 3072 sensitg.morsutn,___sed_ign_i
1397 2995 1546 3052 dedit
1617 2995 1920 3072 arsurum,
1977 3014 2078 3072 pars

459 3069 627 3125 trem
655 3060 819 3116 etiam
876 3059 1056 3123 Publii
1095 3080 1128 3119 a
1172 3059 1422 3124 febribus
1463 3068 1675 3123 orando
1709 3059 1944 3125 sanavit.
1978 3059 2078 3128 ’01)

486 3146 734 3209 amorem
799 3147 1017 3209 quoque
1060 3133 1268 3209 Christi
1322 3137 1522 3196 multas
1576 3139 1862 3209 passiones
1902 3141 2074 3197 susti—

487 3202 634 3282 nuit,
662 3202 722 3282 in
758 3203 953 3282 priuis
972 3203 1251 3282 Judaicas_
1267 3202 1700 3282 persecutiones,
1727 3218 1796 3282 et
1831 3212 2071 3282 gentium
2103 3217 2147 3274 C

486 3273 767 3352 miserias,
783 3282 843 3352 et
861 3273 1124 3342 laborem,
1156 3286 1215 3332 et
1229 3273 1449 3352 famem,
1474 3279 1642 3352 sitim,
1670 3273 1865 3352 frigus",
1892 3291 1948 3337 et
1973 3299 2080 3336 nu-

487 3345 742 3424 ditatem2
764 3344 852 3400 die
873 3360 940 3401 ac
971 3356 1152 3424 nocte,
1184 3344 1442 3417 profundi
1469 3344 1774 3424 naufragia:
1805 3344 1954 3409 mille
1983 3369 2080 3424 pe-

485 3415 684 3480 ricula,
717 3413 948 3484 ferrum,
987 3413 1248 3492 verbera,
1278 3422 1586 3477 careeralcs
1632 3413 1907 3492 tenebras,
1965 3413 2077 3478 tor-

483 3496 670 3541 menta
717 3495 1059 3554 catenarum,
1107 3489 1320 3546 calores
1359 3500 1414 3546 et
1464 3492 1703 3547 vincula.
1747 3489 1901 3549 inter
1953 3494 2070 3550 luce

484 3556 711 3643 ligatur,
727 3566 789 3638 .et
809 3555 1304 3643 Judzeistraditur,
1337 3577 1367 3615 a
1397 3563 1652 3643 genitihus
1686 3564 1960 3643 lapidatur
1998 3567 2066 3643 ad

484 3641 707 3710 necem,
727 3631 782 3710 in
803 3637 1355 3710 sportaper_murum
1379 3631 1692 3710 dimittitur,
1716 3631 1882 3705 virgis
1911 3637 2077 3693 cardi-

484 3701 802 3770 tu.r,ptenis
833 3708 1078 3768 arctatur
1115 3701 1170 3755 in
1216 3718 1456 3770 carcere,
1495 3705 1715 3761 vinctus
1765 3701 2080 3763 termmotu

487 3767 638 3848 facto
665 3769 979 3848 resolvitur.
1006 3767 1376 3848 'Aeultimum
1434 3767 1709 3848 a_Nerone
1735 3777 1915 3848 gladio
1935 3778 2081 3834 occi-

487 3839 640 3894 ditur
666 3855 733 3894 eo
756 3839 843 3896 die
867 3839 979 3915 quo
999 3850 1054 3896 et
1078 3841 1270 3915 Petrus
1304 3845 1602 3915 crucifixus
1636 3839 1764 3902 est."
1793 3846 1886 3903 Sic
1933 3848 2080 3904 enim

487 3919 808 3979 oportuerat
846 3923 907 3965 ut
947 3912 983 3985 i_i
1031 3914 1127 3985 qui
1182 3914 1347 3970 simul
1390 3912 1629 3972 eonfeSsi
1661 3927 1810 3985 sunt,
1852 3935 1968 3976 uno
1993 3920 2087 3975 die

492 3990 915 4056 coronarentur.
946 3982 1205 4056 sepultus
1230 3996 1314 4041 est
1328 3985 1516 4047 Romae
1542 3989 1630 4044 via
1654 3982 1914 4056 Ostiensi,
1938 4005 2089 4052 anno

529 4059 616 4128 ost
639 4053 956 4128 passionem.
974 4053 1191 4124 Domini
1224 4057 1504 4128 trigesimo
1540 4069 1718 4127 sexto,
1762 4053 1922 4127 tertio
1961 4061 2090 4119 mile.

529 4066 616 4105 ost
639 4067 956 4124 passmnem'
977 4066 1191 4124 Domini
1224 4066 1504 4128 trigesimo
1540 4069 1718 4127 sexto,

487 4066 649 4187 gario
673 4121 743 4178 ab
768 4125 904 4188 urbe
935 4135 1129 4190 contra
1161 4127 1494 4184 orientalem
1524 4130 1762 4204 plagam.l

1256 4218 1328 4276 X.

1076 4327 1130 4367 IN
1153 4327 1334 4379 sonuit
1359 4328 1548 4368 rusro.

550 4396 705 4454 Dixit
729 4399 914 4455 Simon
947 4399 1136 4457 Petrus
1159 4404 1232 4457 ad
1254 4401 1438 4457 Iesum
1458 4418 1480 4456 :
1510 4401 1644 4456 Ecce
1666 4418 1757 4456 nos
1777 4403 2085 4477 reliquimus

2179 1975 2522 2048 providente,
2549 1973 2698 2029 nulla
2741 1973 2844 2028 sibi
2895 1970 3175 2027 defutura.
3233 1966 3392 2023 Unde
3444 1967 3715 2022 Dominus:

2185 2068 2469 2136 iQuando,
2497 2066 2697 2138 inquit,
2719 2065 2846 2120 misi
2864 2079 2963 2119 vos
2986 2063 3106 2118 sine
3136 2077 3287 2134 pera,
3320 2069 3377 2115 et
3409 2074 3561 2115 sacco
3579 2070 3623 2114 et
3638 2061 3719 2115 cal-

2180 2163 2502 2229 ‘ceamcntis,
2533 2158 2784 2232 nunquid
2828 2156 3036 2228 aliquid
3063 2154 3241 2211 defuit
3267 2155 3456 2210 vobis?
3493 2152 3588 2220 Qui
3609 2153 3720 2209 dixe-

2179 2254 2528 2321 runt:Nihil
2583 2251 2959 2326 (Lttc.xx1t).r
2987 2248 3144 2317 Quod
3199 2257 3389 2319 aperte
3435 2258 3520 2304 est
3574 2257 3720 2304 etiam

2184 2345 2527 2413 claustrales,
2551 2343 2646 2416 qui
2668 2350 2960 2414 postquam
2977 2340 3164 2396 omnia
3192 2337 3552 2410 reliquerunt,
3574 2355 3722 2396 rursus

2185 2440 2253 2496 ad
2282 2437 2600 2493 habendum
2633 2435 2886 2491 sacculos
2919 2441 2976 2489 et
3013 2431 3236 2500 bursas,
3281 2446 3382 2502 per
3421 2431 3721 2502 cupiditatem

2183 2534 2434 2599 redeunt,
2459 2529 2588 2586 facti
2614 2528 2912 2585 deteriores
2940 2525 3116 2582 multo
3138 2540 3307 2596 quam
3338 2524 3630 2591 saeculares,
3655 2524 3726 2595 qui

2178 2639 2274 2682 eas
2333 2621 2503 2679 iicite-
2536 2619 2838 2693 possident.
2906 2615 3273 2688 Cupiditatem
3329 2629 3466 2670 vero
3491 2656 3509 2681 ,
3563 2623 3610 2669 et
3643 2630 3726 2668 nou

2175 2731 2315 2783 rem,
2342 2715 2660 2787 relinquunt
2708 2712 2838 2768 boui
2884 2712 3197 2778 saeculares,
3244 2711 3345 2782 qui
3364 2726 3576 2767 omnem
3597 2710 3725 2765 illici-

2174 2827 2286 2874 tam
2341 2814 2699 2887 cupiditatem
2742 2811 3096 2881 relinquunt,
3125 2824 3365 2865 resvem
3420 2807 3523 2864 sibi
3578 2822 3732 2862 neces.

2175 2911 2353 2968 sarias
2409 2925 2520 2963 non
2575 2906 2915 2976 relinquunt.
2969 2901 3107 2958 Nam
3158 2917 3250 2958 res
3286 2900 3589 2972 superﬂuas
3626 2899 3731 2954 reti-

2175 3017 2346 3070 nere,
2399 2999 2624 3056 cuilibet
2672 2995 2985 3054 damnabile
3027 3004 3130 3050 est.
3190 2993 3298 3061 Qui
3355 3009 3488 3065 ergo
3537 3008 3613 3048 res
3660 3007 3734 3045 su-

2175 3095 2621 3168 perabundantes
2660 3101 2716 3146 ct
2762 3088 3068 3160 superﬂuas
3096 3086 3367 3158 possidet,
3397 3102 3491 3143 eas
3532 3084 3736 3157 pupillis,

2175 3189 2356 3246 viduis
2400 3197 2454 3246 et
2500 3187 2686 3259 egenis
2724 3192 2929 3257 eroget,
2969 3199 3038 3237 nc
3062 3181 3202 3237 forte
3246 3183 3344 3237 ﬁat
3391 3197 3514 3235 rens
3559 3189 3740 3250 propter

2177 3282 2420 3354 inopiam
2441 3288 2524 3336 tot
2545 3278 2889 3351 pereuntium
2923 3276 3257 3341 animarum,
3281 3282 3420 3345 quot
3447 3273 3609 3344 potuit
3634 3287 3738 3326 sus-

2179 3385 2388 3432 tentare
2427 3389 2495 3430 ex
2538 3372 2703 3428 rebus
2751 3385 2891 3441 quas
2937 3368 3210 3439 superﬂue
3257 3367 3460 3422 retinet
3505 3367 3631 3437 apud
3674 3380 3739 3419 se.

2180 3467 2338 3526 Unde
2381 3467 2623 3524 Joannes
2666 3464 2907 3536 Baptista
2943 3481 2959 3518 :
2990 3481 3009 3516 ‹
3039 3461 3142 3529 Qui
3173 3462 3342 3518 habet
3379 3462 3518 3516 duas
3541 3459 3741 3520 tunicas.

2179 3563 2269 3618 det
2296 3576 2462 3617 unam
2488 3575 2598 3615 non
2628 3558 2876 3624 habenti;
2905 3564 2960 3611 et
2999 3555 3092 3627 qui
3133 3554 3296 3610 habet
3324 3569 3503 3617 escas,
3531 3551 3747 3607 similiter

2181 3652 2345 3708 faciat
2374 3651 2526 3724 (Luc.
2555 3650 2661 3720 ιιι).
2691 3669 2710 3701 ι
2736 3646 2872 3703 Nam
2894 3645 3332 3719 juxtaJoannem
3353 3644 3744 3716 evangelistam:

2188 3763 2209 3797 ‹
2249 3742 2307 3798 Si
2338 3743 2464 3814 quis
2491 3741 2745 3798 habuerit
2775 3739 3143 3797 substantiam
3176 3738 3347 3809 huius
3376 3737 3584 3802 mundi,
3611 3746 3660 3792 et
3685 3737 3752 3788 ri-

2181 3836 2318 3893 dens
2344 3836 2567 3892 fratrem
2599 3850 2761 3891 suum
2782 3834 3165 3890 necessitatem
3191 3832 3516 3903 patientem,
3545 3840 3592 3885 et
3620 3829 3748 3884 clauo

2183 3931 2319 3987 serit
2343 3930 2554 3986 viscera
2583 3944 2680 3985 sua
2723 3929 2792 3984 ab
2819 3943 2908 3997 eo,
2947 3925 3226 3999 quomodo
3265 3927 3508 3981 charitas
3543 3924 3633 3981 Dei
3659 3940 3755 3977 ma-

2183 4030 2277 4077 net
2303 4021 2357 4076 in
2387 4021 2490 4077 eo?
2520 4040 2538 4073 ι
2577 4020 2629 4094 (1
2667 4019 2828 4076 Joan.
2874 4019 2984 4089 tu.)
3014 4019 3149 4075 Rem
3180 4027 3367 4074 autem
3401 4029 3456 4074 et
3485 4034 3589 4072 non
3626 4015 3758 4086 cupi-

2186 4114 2414 4182 ditatem
2456 4113 2774 4184 relinquunt
2813 4112 2984 4180 avari,
3016 4112 3132 4183 qui,
3163 4112 3420 4184 quamvis
3451 4111 3534 4166 vel
3556 4125 3649 4180 per
3677 4124 3760 4161 cx—

2188 4209 2479 4276 act.ionem,
2506 4208 2595 4263 vel
2623 4222 2720 4278 per
2743 4215 2976 4264 mortem
3013 4205 3233 4262 divitias
3271 4206 3476 4261 habere
3511 4205 3762 4263 desian

2185 4308 2370 4372 tamen
2393 4315 2494 4356 nec
2513 4301 2570 4356 in
2589 4309 2765 4356 morte
2789 4315 2884 4356 eas
2905 4299 3242 4372 pauperibus
3263 4313 3493 4374 erogare
3519 4307 3733 4369 possunt
3750 4337 3766 4359 ,

2187 4392 2256 4450 de
2285 4393 2485 4465 quibus
2525 4392 2790 4466 scriptum
2819 4404 2904 4448 est
2935 4411 2950 4448 :
2985 4411 3005 4445 ι
3038 4391 3104 4448 Et
3133 4391 3450 4464 relinquent
3483 4391 3674 4448 alienis
3698 4389 3766 4444 ὧ-

492 4489 674 4544 omnia
725 4498 782 4545 et
804 4491 982 4545 secuti
1029 4508 1211 4546 sumus
1261 4503 1328 4548 te.
1369 4492 1513 4560 Quid
1561 4511 1682 4565 ergo
1742 4499 1842 4550 erit
1899 4497 2091 4554 nobis?
2188 4485 2352 4542 νῗῑῖῐιε
2373 4502 2524 4554 81³³8»
2555 4493 2610 4542 εἴ
2641 4486 2890 4558 sepulcra
2931 4499 3146 4552 00mm.
3196 4484 3398 4548 domus
3427 4501 3560 4541 *θτο
3597 4499 3770 4542 eorum

494 4579 717 4654 (Matth.
739 4583 943 4655 xvuu.)
979 4583 1045 4640 Et
1071 4585 1303 4655 reliqua.
1337 4583 1515 4656 Hujus
1546 4573 1870 4658 evangelicae
1893 4587 2088 4644 lectio-
2121 4565 2167 4623 9
2192 4578 2247 4635 in
2278 4590 2541 4636 aeternum
2575 4579 2750 4652 (Psal.
2781 4580 2995 4650 XLVIII).
3032 4600 3051 4643 ι
3084 4579 3494 4652 Itaque-Petrus
3520 4580 3618 4652 qui
3645 4578 3772 4648 ευρί

490 4676 602 4743 uis,
635 4675 833 4733 fratres
855 4677 1188 4742 charissim’r,
1210 4687 1321 4731 tres
1350 4685 1480 4732 sunt
1507 4686 1711 4748 partes.
1731 4677 1919 4736 Primo
1943 4681 2088 4738 enim

489 4767 624 4823 dicit
647 4763 842 4823 Petrus
866 4769 1101 4824 Domino
1128 4769 1256 4840 quid
1289 4779 1511 4840 propter
1542 4769 1834 4828 Dominum
1879 4773 2088 4834 iecerit.

494 4859 752 4916 Secundo
801 4861 1001 4932 quaerit
1051 4861 1194 4932 quid
1234 4861 1366 4916 boni
1410 4862 1536 4920 inde
1569 4875 1970 4922 consecuturus
1994 4858 2087 4923 sit.

491 4949 679 5009 Tertio
706 4953 1000 5024 quaesitum
1031 4953 1080 5009 ei
1111 4952 1373 5010 Dominus
1410 4955 1655 5026 exponit.
1688 4957 1875 5016 Primo
1923 4959 2092 5032 igitur

490 5043 690 5102 Petrus
719 5045 849 5117 quid
875 5053 1094 5116 propter
1117 5044 1410 5102 Dominum
1441 5047 1634 5106 fecerit
1666 5051 1926 5119 ostendit,
1957 5066 2084 5107 cum

489 5135 626 5192 dicit
657 5154 670 5190 :
699 5134 835 5191 Ecce
864 5153 958 5190 nos
983 5135 1292 5208 reliquimus
1315 5140 1493 5193 omnia
1515 5148 1564 5194 et
1610 5141 1780 5194 secuti
1804 5157 1987 5197 sumus
2014 5151 2082 5199 te.

491 5225 669 5281 Porro
697 5241 822 5281 cum
847 5224 1041 5282 Petrus
1071 5227 1251 5284 nullas
1280 5227 1333 5283 in
1363 5229 1470 5286 hoc
1487 5231 1695 5287 mundo
1727 5231 1948 5288 divitias
1988 5233 2088 5289 ha-

493 5316 730 5384 buisset,
757 5317 855 5374 sed
878 5333 944 5374 ex
973 5327 1090 5375 arte
1115 5319 1409 5391 piscatoria
1434 5334 1714 5395 utcunque
1751 5341 1811 5381 se
1866 5334 2087 5383 susten-

496 5417 644 5464 taret
679 5426 693 5464 :
725 5409 854 5481 quia
887 5427 996 5467 non
1019 5412 1198 5467 solum
1231 5430 1426 5470 navem
1449 5425 1502 5470 et
1523 5417 1659 5472 retia
1699 5417 1942 5488 reliquit,
1992 5419 2089 5487 sed

493 5499 688 5559 omnia
738 5502 1026 5574 reliquisse
1090 5504 1241 5571 dicit,
1293 5521 1360 5564 eo
1380 5507 1527 5578 quod
1549 5508 1845 5579 reliquerat
1866 5523 2086 5577 omnem

489 5591 850 5665 cupiditatem
904 5597 1159 5652 habendi.
1221 5586 1419 5654 Tanta
1447 5599 1592 5654 enim
1625 5600 1830 5656 indicat
1873 5616 1934 5657 se
1961 5601 2090 5658 reli-

489 5683 684 5760 quisse
731 5693 936 5755 quanta
986 5696 1202 5757 poterat
1225 5688 1516 5758 eupivisse.
1547 5686 1739 5746 Omnia
1771 5692 1938 5761 igitur
1958 5692 2100 5749 ηιξ--

491 5777 636 5850 quit,
667 5777 764 5848 qui
782 5785 838 5833 et
882 5777 1019 5834 illud
1046 5777 1334 5832 minimum
1362 5779 1508 5849 quod
1527 5781 1778 5849 habebat,
1805 5791 1978 5838 totum
2003 5799 2090 5839 re-

487 5867 668 5946 liquit,
689 5879 747 5930 ot
772 5870 1129 5942 cupiditatem
1159 5870 1392 5926 habendi
1417 5872 1632 5942 penitus
1669 5873 1940 5947 deposuit.
1973 5875 2102 5938 Duo-

2193 4673 2420 4731 ditatem
2459 4683 2514 4730 et
2558 4675 2743 4731 omnia
2766 4674 2930 4730 etiam
2962 4675 3278 4737 necessaria
3304 4675 3625 4746 reliquerat,
3667 4688 3775 4727 rem

2192 4767 2410 4824 dicebat
2442 4787 2456 4823 ε
2488 4767 2623 4823 Ecce
2646 4785 2739 4822 nos
2772 4768 3081 4839 reliquimus
3109 4769 3311 4834 omnia,
3334 4778 3385 4824 et
3413 4771 3587 4824 secuti
3613 4783 3774 4822 unus

2193 4871 2272 4928 te;
2303 4861 2514 4917 nudum
2559 4861 2714 4928 nudi,
2745 4861 3059 4931 expeditum
3089 4860 3349 4932 expediti.
3400 4863 3479 4917 Ac
3518 4863 3572 4919 si
3613 4873 3780 4933 aperte

2191 4951 2341 5010 dicat
2373 4973 2384 5008 :
2412 4951 2531 5008 Non
2561 4953 2736 5010 secuti
2766 4969 2958 5010 sumus
2987 4965 3061 5021 te,
3092 4963 3154 5009 ut
3177 4938 3402 5025 quidam
3433 4956 3640 5017 solent.
3672 4967 3779 5025 pro-

2191 5056 2314 5120 pter
2338 5047 2554 5103 luerum
2584 5045 2856 5117 majorum
2904 5030 3219 5102 divitiarum
3250 5048 3631 5115 saecularium,
3672 5062 3782 5102 cum

2193 5128 2293 5195 eas
2323 5154 2434 5196 non
2457 5137 2763 5217 possideas,
2790 5138 2883 5195 sed
2913 5147 3126 5200 tantum
3153 5149 3378 5210 propter
3405 5141 3669 5211 teipsum.
3701 5138 3785 5192 Se-

2193 5229 2384 5299 quitur
2411 5242 2541 5300 pars
2569 5227 2833 5296 secunda,
2861 5228 2918 5285 iu
2939 5244 3047 5300 qua
3071 5226 3264 5284 Petrus
3282 5229 3476 5300 quaerit
3518 5232 3658 5302 quid
3681 5232 3788 5284 inde

2193 5322 2326 5378 boni
2355 5322 2427 5378 sit
2455 5335 2874 5387 consecuturus,
2921 5337 3047 5378 cum
3085 5321 3275 5389 subdit
3305 5339 3319 5376 :
3353 5321 3499 5387 Quid
3537 5340 3666 5392 ergo
3702 5324 3786 5376 erit

2195 5415 2386 5470 nobis?
2407 5415 2487 5481 Ac
2517 5415 2563 5470 si
2590 5425 2775 5490 aperte
2820 5414 2968 5470 dicat
2999 5435 3012 5470 :
3043 5413 3361 5470 Mandatum
3379 5458 3396 5481 ,
3421 5415 3720 5479 consilium
3748 5423 3791 5467 et

2189 5508 2501 5578 exemplum
2534 5519 2693 5564 tuum
2720 5517 2896 5564 secuti
2923 5523 3145 5566 sumus:
3176 5509 3327 5579 quod
3366 5518 3451 5564 est
3497 5507 3643 5561 illud
3666 5520 3790 5576 prter

2191 5602 2362 5656 mium
2399 5601 2544 5672 quod
2587 5600 2890 5672 promisisti
2920 5600 3101 5667 nobis,
3143 5587 3336 5656 dicens
3367 5620 3380 5656 :
3417 5619 3438 5655 ι
3475 5599 3543 5655 Si
3577 5600 3663 5656 vis
3690 5612 3794 5655 esse

2191 5693 2466 5765 perfectus
2494 5735 2511 5761 ,
2540 5693 2695 5754 vade.
2723 5704 2779 5749 et
2809 5693 2981 5749 vende
3006 5693 3192 5749 omnia
3215 5711 3340 5764 qure
3373 5694 3794 5759 habes,etveui.

2193 5800 2423 5856 sequere
2436 5800 2542 5852 mc,
2557 5785 2851 5843 ethabebis
2873 5786 3194 5842 thesaurum
3217 5787 3273 5841 in
3303 5785 3695 5855 caalo(.Ifatth.
3711 5789 3791 5848 tu

2194 5875 2366 5936 Porro
2393 5879 2506 5935 lucc
2543 5879 2712 5938 illatio
2744 5893 2867 5953 qua!
2913 5878 2983 5936 ﬁt
3018 5894 3115 5949 per
3167 5878 3312 5937 hanc
3353 5879 3796 5951 coniunctionem
