3832 6314
129 405 241 466 ’1557
1160 397 1490 457 HOMILL'E.
1534 430 1600 438 --
1638 399 1642 453 ἶ

1841 394 2188 458 TEMPORE.
3191 405 3333 466 1558

130 536 240 592 ergo,
272 530 364 571 non
388 509 624 584 provenit
664 525 728 566 ex
773 507 939 566 debiti
975 510 1312 578 astrictionc,
1341 512 1434 569 sed
1465 513 1647 583 potius
1675 518 1724 576 Α
1751 511 2186 582 relinquentlbus
2224 521 2442 583 propter
2469 525 2528 567 se
2562 519 2790 583 patrem,
2825 522 2920 569 aut
2955 523 3207 584 matrem,
3237 525 3334 590 aut

121 589 542 681 'exvilpromissione.
592 600 711 658 Non
741 602 887 658 enim
915 603 1102 660 electis
1128 605 1245 662 suis
1275 605 1426 660 dabit
1458 604 1644 659 Domi-
1747 621 1998 675 uxorem,
2021 622 2146 662 cum
2170 605 2297 662 alibi
2333 606 2476 661 idem
2504 606 2783 677 praecipiat
2818 607 3090 664 honorare
3117 593 3331 680 patrem

106 717 208 758 -nus
228 699 370 754 vitam
409 705 676 762 retentam,
723 693 845 751 ideo
879 697 1007 766 quia
1049 696 1124 751 illi
1167 708 1506 763 meruerunt,
1550 697 1646 754 sed
1746 709 1800 756 et
1831 708 2059 754 matrem
2095 698 2312 770 (Matth.
2343 715 2442 766 xv;
2483 698 2647 754 Marc.
2677 699 2798 770 vn),
2821 709 2876 755 et
2902 714 3129 756 uxorem
3160 704 3333 758 aviro

125 793 218 849 ideo
237 789 360 862 quod
385 787 546 860 gratis
567 786 650 842 eis
681 788 951 858 promisit.
988 807 1006 840 ι
1037 786 1156 844 Νοη
1195 789 1341 844 enim
1370 805 1438 845 ex
1468 787 1647 859 operi-
1748 805 1858 847 non
1891 790 2207 847 discedere?
2244 790 2464 861 (Matth.
2497 791 2636 865 χιι.)
2671 791 2777 847 Sed
2817 807 2926 847 non
2957 801 3209 849 naturam
3245 794 3333 850 vel

117 887 298 951 ‘bus,ut
319 881 388 936 ait
415 879 737 950 Apostolus,
767 896 890 950 qua:
917 879 1146 937 fecimus
1176 897 1298 947 nos,
1327 881 1420 937 sed
1450 895 1647 936 secun-
1732 882 2070 938 'charitatem
2109 882 2278 953 patris
2311 891 2367 938 et
2406 884 2600 939 matris
2662 883 2779 939 vult
2813 881 3079 940 Dominus
3112 892 3333 955 propter

120 978 220 1036 dum
245 973 645 1030 misericordiam
674 988 832 1030 suam
861 974 1044 1031 salvos
1069 989 1172 1031 nos
1198 970 1637 1046 fecit(Tit.m).s
1730 988 1806 1030 'se
1852 973 2267 1044 relinquendam
2294 1015 2310 1042 ,
2350 974 2444 1030 sed
2499 974 2749 1030 carnales
2787 973 3045 1042 affectus,
3093 975 3332 1032 maxime

122 1070 239 1128 [inda
263 1084 358 1124 non
385 1067 456 1122 ait
483 1067 570 1124 hic
596 1066 792 1125 Petrus
825 1088 839 1125 :
878 1069 1018 1138 Quid
1059 1086 1192 1143 ergo
1238 1070 1431 1127 reddes
1463 1068 1642 1137 nobis,
1744 1081 1871 1122 cum
1902 1081 1934 1121 a
1959 1066 2048 1121 via
2083 1065 2179 1122 Dei
2218 1083 2322 1123 nos
2353 1067 2676 1138 impediunt.
2709 1066 2867 1134 Quod
2889 1066 3020 1122 olim
3048 1067 3104 1122 in
3139 1066 3334 1138 primi-

117 1162 189 1220 sed
206 1160 269 1216 ait
293 1177 304 1213 :
332 1158 465 1225 Quid
485 1176 605 1231 ergo
657 1161 760 1215 erit
809 1163 979 1228 nobis,
1011 1163 1174 1234 quasi
1203 1163 1334 1234 quid
1365 1161 1645 1233 proveniet
1741 1156 1853 1213 tiva
1895 1155 2140 1212 Ecclesia
2184 1155 2500 1228 frequenter
2531 1157 2911 1228 contingebat,
2943 1173 3071 1214 cum
3115 1157 3331 1214 ﬁdelem

117 1254 238 1310 nobis
274 1267 334 1306 ex
359 1261 447 1306 tua
487 1251 886 1322 promissione?
920 1251 1064 1312 Bene
1108 1270 1330 1326 quoque
1371 1255 1449 1310 ait
1490 1252 1640 1326 quid,
1741 1258 1917 1320 pater,
1940 1249 2026 1304 vel
2067 1257 2260 1316 mater,
2295 1249 2384 1306 vel
2417 1264 2560 1305 uxor
2589 1249 2824 1306 inﬁdelis
2844 1265 2876 1306 a
2905 1250 2994 1306 via
3025 1249 3121 1306 Dei
3155 1259 3332 1305 retra-

113 1343 321 1416 quoniam
347 1358 407 1401 ea
433 1359 553 1415 quae
579 1344 670 1402 hic
691 1345 1013 1415 damus,vel
1037 1349 1399 1420 relinquimus
1421 1357 1642 1420 propter
1743 1341 1926 1397 lteban
1956 1339 2113 1408 000d
2149 1341 2193 1396 Si
2223 1342 2474 1398 carnales
2509 1342 2736 1399 ειπεοιυε
2768 1342 2960 1414 Patris,
2995 1343 3077 1399 νει
3101 1344 3327 1410 matris.

112 1436 262 1503 Deum,
285 1452 383 1491 non
412 1445 539 1492 sunt
578 1440 1095 1496 commensurabilia
1127 1442 1176 1496 ei
1222 1442 1368 1498 bono
1394 1443 1538 1513 quod
1571 1441 1641 1497 ab
1739 1435 1828 1490 vel
1860 1435 2048 1491 uxoris
2077 1433 2189 1490 Deo
2213 1435 2583 1506 praponebat,
2615 1436 2871 1508 indignus
2895 1437 3007 1492 Deo
3035 1445 3172 1504 erat,
3208 1437 3330 1508 ipso

108 1525 415 1596 eoaccepturi
441 1542 651 1596 sumus,
692 1532 955 1600 quoniam
987 1531 1092 1588 ista
1116 1540 1245 1588 sunt
1273 1547 1462 1603 parva,
1500 1533 1641 1604 fugi-
1741 1528 1984 1585 dicente:
2022 1548 2041 1580 ‹
2070 1527 2175 1596 Qui
2205 1536 2353 1583 amat
2386 1537 2597 1599 patrem
2640 1536 2736 1584 aut
2767 1537 2999 1584 matrem
3033 1529 3328 1600 plusquam

109 1615 188 1668 tira
211 1622 253 1668 et
281 1616 610 1685 transitoria;
644 1617 776 1674 illud
798 1635 928 1676 vero
950 1619 1156 1676 bonum
1186 1622 1290 1678 erit
1307 1622 1476 1695 (quid)
1501 1638 1638 1693 quo-
1739 1635 1847 1686 mc,
1874 1636 1982 1675 non
2010 1630 2092 1676 est
2114 1635 2202 1676 me
2221 1620 2422 1691 dignus
2445 1618 2666 1692 (Matth.
2690 1620 2769 1690 ι).
2802 1638 2823 1672 s
2857 1619 2977 1675 Non
2999 1620 3076 1676 ait
3105 1630 3329 1693 propter

106 1705 218 1758 niam
239 1720 497 1776 magnum,
525 1709 723 1766 stabile
742 1719 799 1767 et
819 1719 1104 1768 aeternum.
1740 1728 1848 1776 me,
1890 1720 1987 1765 aut
2035 1711 2339 1766 secundum
2379 1725 2487 1775 me,
2513 1709 2607 1766 sed
2633 1710 2710 1765 ait
2769 1709 3051 1781 plusquam
3093 1727 3195 1779 me,
3242 1712 3330 1766 vel

156 1797 377 1868 Sequitur
404 1815 530 1869 pars
563 1803 742 1871 tertia,
770 1803 826 1859 in
853 1821 961 1876 qua
986 1804 1249 1862 Dominus
1275 1807 1342 1862 ad
1367 1808 1470 1865 hoc
1491 1807 1636 1881 quod
1671 1875 1705 1881 Δ
1741 1811 1930 1859 contra
1975 1818 2082 1858 me.
2129 1802 2337 1874 Itaque,
2380 1801 2578 1860 fratres
2614 1802 2746 1871 mei,
2783 1803 3007 1874 quando
3049 1818 3081 1858 a
3112 1803 3200 1858 via
3235 1802 3330 1858 Dei

102 1887 253 1945 Petrus
283 1892 581 1961 quresierat,
618 1875 910 1966 respondet
941 1898 1132 1953 dicens
1162 1917 1176 1954 :
1207 1899 1372 1954 Amen
1405 1875 1527 1955 dico
1552 1918 1640 1955 vo-
1671 1875 1714 1936 Β
1740 1903 1998 1968 parentes
2052 1912 2154 1953 nos
2211 1895 2535 1966 impediunt,
2587 1909 2691 1951 nec
2733 1909 2836 1951 nos
2879 1908 2978 1950 eos
3031 1909 3332 1965 possumus

18 2015 20 2020 -
100 1982 175 2046 bis,
191 1982 310 2051 quod
336 1999 417 2036 ros
442 1986 535 2055 qui
561 1986 850 2060 reliquistis
882 1992 1062 2045 omnia
1089 2000 1138 2045 et
1174 1993 1339 2046 secuti
1367 1994 1496 2047 estis
1535 2010 1637 2062 me,
1739 1987 1940 2044 lucrari
1985 1987 2119 2054 Deo,
2160 1989 2257 2045 sed
2296 1989 2400 2061 ipsi
2437 1988 2664 2060 cupiunt
2706 2002 2808 2045 nos
2849 1987 3054 2044 lucrari
3098 1987 3328 2055 mundo,

98 2075 138 2125 in
167 2077 519 2144 regeneratioue
561 2095 682 2133 cum
719 2081 915 2136 sederit
942 2080 1120 2137 Filius
1160 2083 1390 2139 hominis
1432 2085 1486 2139 in
1520 2088 1639 2140 sede
1738 2081 2086 2151 relinquendi
2117 2090 2266 2149 sunt,
2289 2095 2359 2136 ne
2385 2079 2549 2137 simul
2572 2095 2696 2135 cum
2721 2079 2802 2136 eis
2831 2093 3141 2150 pereamus.
3174 2077 3330 2134 Unde

101 2166 344 2234 majestatis
364 2185 498 2236 suat,
517 2170 769 2226 sedebilis
789 2182 840 2227 et
867 2190 956 2227 vos
979 2191 1137 2245 super
1157 2176 1301 2230 sedes
1336 2175 1636 2245 duodecim,
1737 2168 2035 2226 Dominus:
2069 2189 2088 2223 ι
2121 2169 2240 2225 Non
2270 2170 2394 2225 veni
2424 2186 2613 2241 pacem
2648 2171 2861 2226 mittere
2892 2170 2948 2226 in
2978 2181 3204 2238 terram,
3233 2170 3328 2226 sed

93 2256 340 2325 iudicantes
365 2258 642 2315 duodecim
673 2263 842 2318 tribus
867 2263 1060 2320 Israel.
1090 2264 1191 2322 Per
1212 2267 1318 2322 hoc
1346 2267 1640 2322 conﬁrma-
1736 2260 2001 2333 gladium.
2034 2261 2170 2318 Veni
2199 2262 2345 2318 enim
2376 2277 2634 2332 separare
2663 2261 2834 2317 ﬁlium
2860 2277 2890 2316 a
2919 2271 3093 2333 patre,
3124 2277 3327 2318 nurum

18 2387 20 2394 ι
95 2359 226 2405 tuum
269 2351 606 2423 adverbium,
657 2374 830 2425 amen,
888 2359 1175 2415 conﬁrmat
1225 2360 1491 2416 Dominus
1533 2361 1640 2417 hoc
1737 2372 1769 2412 a
1797 2372 1959 2414 socru
1989 2355 2211 2428 (Matth.
2243 2357 2324 2428 ι),
2360 2375 2378 2410 ι
2414 2354 2612 2428 etc..Et
2641 2354 3049 2428 Hieronymus:
3084 2376 3104 2409 ι
3143 2357 3202 2411 Si
3227 2356 3327 2411 tibi

19 2479 22 2512 ε
93 2444 205 2514 quod
225 2446 326 2516 ipsc
372 2449 643 2518 promittit
681 2449 800 2507 fore
834 2467 1048 2520 verum,
1076 2462 1243 2509 etest
1271 2455 1430 2526 quasi
1456 2454 1637 2526 jusju-
1735 2451 1983 2508 tendenti
2024 2450 2080 2506 in
2122 2465 2369 2506 eremum
2397 2449 2673 2505 obstiterit
2710 2457 2864 2520 pater
2886 2449 2943 2504 in
2979 2448 3192 2516 limine,
3229 2462 3328 2519 per

91 2539 274 2596 randum
301 2540 412 2611 Dei,
443 2544 594 2614 quod
625 2561 732 2613 vos,
761 2545 959 2618 inquit,
990 2550 1082 2620 qui
1119 2550 1408 2621 reliquistis
1433 2552 1633 2606 omnia.
1713 2542 2007 2599 calcatum
2029 2557 2196 2615 perge
2220 2551 2453 2612 patrem.
2491 2559 2511 2593 ι
2546 2538 2772 2596 Pietatis
2791 2541 2939 2596 enim
2962 2543 3140 2613 genus"
3155 2548 3241 2597 est
3266 2540 3326 2596 in

93 2630 170 2686 Sed
191 2633 428 2703 quoniam
462 2635 624 2692 multi
649 2648 872 2710 propter
889 2640 1108 2698 inanem
1133 2643 1383 2714 gloriam,
1410 2644 1492 2701 vel
1509 2660 1606 2716 pro

1813 2650 1838 2690 c
1869 2649 1931 2690 re
1959 2649 2082 2691 esse
2114 2635 2411 2690 crudelem.
2449 2633 2606 2700 Quod
2640 2633 2686 2688 si
2727 2649 2836 2688 non
2879 2632 3177 2704 impediunt
3221 2646 3326 2688 nos

18 2765 26 2772 κ
88 2723 412 2795 pterfurorem
443 2730 636 2786 omnia
667 2732 1022 2804 reliquerunt,
1055 2745 1117 2791 ut
1145 2735 1400 2794 Socrates
1431 2748 1486 2795 et
1508 2737 1636 2794 Dio-
1734 2727 1963 2782 omnino
2012 2736 2291 2798 parentes,
2334 2726 2431 2782 sed
2471 2725 2872 2797 aliquantulum
2911 2740 3012 2782 nos
3046 2727 3328 2782 retardant

88 2830 230 2885 gerres,
257 2817 542 2886 quietiam
589 2825 906 2880 necessaria
965 2827 1330 2900 reliquerunt,
1362 2831 1535 2900 addit,
1580 2848 1601 2887 ε

1808 2821 1888 2877 via
1923 2819 2042 2889 Dei,
2064 2829 2120 2877 et
2148 2835 2304 2892 spem
2352 2819 2654 2876 habeamus
2685 2833 2784 2876 eos
2823 2819 3162 2876 lucriﬁcandi
3189 2818 3321 2885 Deo,

85 2907 212 2961 secuti
254 2908 374 2963 estis
428 2927 536 2979 me,
588 2915 736 2984 quod
782 2917 1022 2974 ﬁdelium
1069 2923 1352 2993 proprium
1403 2934 1526 2992 est,
1577 2925 1634 2980 in
1709 2929 1845 2970 ’που
1885 2922 2016 2970 sum
2051 2913 2362 2982 deserendi,
2403 2909 2500 2970 δθά
2545 2913 2734 2984 Pomm
2763 2927 2863 2985 ρετ
2906 2911 3230 2970 θδθτίίθιθω
3267 2919 3327 2967 ﬂ

87 3001 419 3067 regeneratioae
441 3043 458 3070 ,
510 3003 570 3060 id
602 3013 689 3061 est
728 3005 783 3062 in
829 3011 1234 3068 resurrectione
1259 3055 1274 3082 ,
1323 3029 1448 3085 qua:
1507 3014 1633 3071 ideo
1732 3005 1935 3062 bonam
1983 3005 2460 3064 conversationem
2509 3004 2579 3062 ad
2629 3005 2802 3062 Deum
2849 3004 3124 3061 trahendi.
3183 3001 3327 3060 llinc

85 3104 264 3148 vocatur
286 3097 650 3168 regeneratio,
682 3101 945 3170 quoniam
975 3104 1071 3174 qui
1094 3105 1332 3176 primum
1355 3107 1631 3166 nascendo
1731 3096 1936 3157 Paulus
1957 3100 2074 3156 ait:
2120 3099 2180 3156 Si
2207 3099 2482 3156 consentit
2517 3097 2602 3154 vir
2633 3097 2870 3154 inﬁdelis
2905 3097 3154 3153 habitare
3195 3111 3325 3154 cum

83 3198 414 3300 regeneramur
468 3188 540 3244 ad
589 3189 760 3246 vitam
807 3195 1092 3251 mortalem
1125 3239 1140 3264 ,
1193 3208 1382 3269 postea
1440 3215 1629 3257 resur-
1654 3235 1702 3300 ε
1732 3192 1963 3249 muliere
2007 3192 2174 3262 ﬁdeli,
2227 3208 2338 3249 non
2383 3191 2633 3248 discedat
2675 3190 2877 3248 ﬁdelis.
2937 3188 3326 3246 Sanctilicatur

81 3277 216 3346 genth
240 3281 625 3351 generabimur
651 3285 720 3339 ad
745 3285 914 3360 vitam
943 3297 1225 3346 arternam.
1277 3288 1412 3346 Cum
1433 3291 1630 3346 sederit
1655 3277 1702 3300 ν
1731 3286 1879 3342 enim
1915 3286 2000 3341 vir
2033 3286 2270 3343 inﬁdelis
2305 3301 2405 3358 per
2433 3286 2721 3342 mulierem
2751 3284 3004 3352 ﬁdelem;
3038 3292 3095 3340 et
3123 3283 3328 3338 mulier

81 3365 219 3424 Filius
239 3371 460 3429 hominis
485 3375 546 3428 in
581 3376 701 3448 sede
721 3378 1160 3449 majestatissuat,
1182 3383 1428 3438 sedcbitis
1446 3394 1496 3440 et
1517 3401 1626 3442 vos.
1731 3378 1967 3436 inﬁdelis
1994 3394 2090 3451 per
2117 3379 2296 3435 virum
2339 3379 2552 3436 ﬁdelem
2583 3377 2639 3450 (Ι
2675 3376 2804 3435 Cor.
2853 3377 2977 3448 vn).
3019 3374 3137 3431 Non
3173 3375 3324 3431 enim

77 3457 136 3515 Ac
157 3462 195 3518 si
221 3473 397 3534 aperte
430 3467 588 3524 dicat
623 3485 636 3524 :
670 3467 780 3525 Vos
802 3471 897 3542 qui
933 3487 1041 3528 non
1071 3475 1247 3530 solum
1287 3477 1627 3545 mandatum,
1729 3473 1931 3539 deﬁcit,
1973 3473 2086 3529 imo
2115 3469 2292 3545 magis
2329 3473 2568 3544 proiicit,
2610 3471 2706 3543 qui
2748 3479 2968 3541 propter
2999 3468 3324 3524 lucramlam

79 3552 312 3611 sedetiam
334 3558 638 3615 consilium
659 3569 714 3616 et
732 3562 1041 3633 exemplum
1062 3579 1246 3619 meum
1279 3566 1452 3622 secuti
1471 3567 1626 3636 estis,
1729 3565 1967 3637 proximi
2021 3566 2261 3621 animam
2291 3607 2305 3631 ,
2368 3580 2400 3621 a
2462 3580 2564 3621 sua
2622 3561 2959 3634 perfectione
3015 3559 3322 3616 descendit.

76 3641 132 3699 ita
157 3647 447 3716 specialiter
483 3667 706 3708 mecum
737 3653 1016 3710 sedebitis.
1063 3653 1412 3728 Signiﬁcatur
1440 3668 1626 3716 autem
1732 3655 1885 3712 Unde
1929 3656 2096 3711 etiam
2145 3655 2385 3710 Paulus:
2433 3673 2454 3707 s
2489 3653 2690 3710 Factus
2735 3668 2858 3709 sum
2893 3651 3127 3707 inﬁrmis
3163 3651 3321 3706 inﬁr-

78 3735 143 3792 hic
161 3754 243 3807 per
267 3740 564 3799 duodecim
597 3744 1088 3816 sedes,judiciaria
1121 3756 1364 3818 potestas
1379 3749 1626 3806 omnium
1727 3765 1874 3814 mus,
1926 3759 1986 3804 ut
2029 3765 2127 3806 eos
2169 3747 2550 3804 lucrifacerem
2579 3746 2633 3816 (1
2669 3746 2793 3802 Cor.
2833 3744 2933 3816 rx).
2971 3765 2990 3797 ι
3030 3744 3188 3812 Quod
3216 3759 3322 3799 au-

73 3831 416 3903 perlecturum,
449 3835 601 3892 sicut
629 3853 724 3906 per
751 3837 1040 3894 duodecim
1070 3840 1265 3906 tribus,
1298 3841 1628 3899 universitas
1729 3851 1836 3898 tem
1863 3844 1961 3908 ait,
1992 3841 2122 3913 quia
2157 3842 2247 3913 qui
2281 3840 2552 3911 reliquerit
2584 3839 2712 3894 illud
2757 3848 2973 3910 prapter
3004 3853 3104 3906 me,
3138 3845 3322 3892 centu-

73 3924 275 3980 oamium
300 3920 758 3996 judicandérum.
796 3930 948 3987 Alias
978 3947 1080 3988 nec
1111 3931 1337 3999 Paulus,
1376 3935 1628 4006 quirdicit
1725 3935 1872 4008 plum
1900 3936 2144 4007 accipiet,
2177 3950 2284 3990 non
2312 3944 2400 3990 est
2427 3932 2834 4004 intelligendum
2877 3931 3179 3987 secundum
3226 3929 3317 3983 in-

71 4018 332 4088 scaugelos
357 4019 768 4090 iudicaturum,
805 4021 1092 4093 iudicabit,
1137 4039 1241 4080 nec
1269 4025 1392 4081 alia:
1422 4042 1455 4081 a
1482 4026 1624 4082 duo-
1726 4029 2003 4084 tellectum
2051 4026 2365 4082 Judarorum
2413 4025 2499 4080 vel
2549 4023 2953 4089 hmreticorum,
2985 4021 3079 4092 qui
3126 4029 3322 4091 putant

70 4102 209 4160 decim
228 4109 481 4167 tribubus
499 4110 918 4181 iudicabuntur.
955 4111 1230 4170 Judicabit
1259 4125 1440 4170 autem
1471 4115 1626 4172 solus
1727 4121 1912 4178 omnia
1958 4120 2301 4192 temporalia,
2332 4134 2456 4190 quae
2504 4117 2559 4172 in
2609 4117 2715 4172 hac
2757 4115 2868 4171 vita
2897 4123 3117 4185 propter
3147 4113 3322 4173 Deum

69 4192 294 4257 Dominus
326 4203 686 4271 auctoritate,
729 4213 990 4278 tanquam
1037 4205 1304 4264 Dominus
1339 4217 1395 4264 et
1427 4207 1622 4268 Judex.
1725 4215 2172 4288 reliquerunt,ea
2195 4214 2250 4268 in
2276 4211 2592 4282 centuplum
2623 4225 2682 4266 se
2710 4209 2764 4265 in
2793 4209 2898 4264 alia
2926 4207 3037 4263 vita
3069 4211 3322 4276 receptu-

67 4287 271 4360 Apostoli
312 4311 449 4353 vero
487 4297 820 4366 iudicabunt
858 4316 1125 4368 assensu,
1166 4311 1428 4373 tanquam
1463 4319 1627 4360 sena-
1725 4287 1984 4373 ros,non
2014 4305 2358 4361 attendentes
2386 4312 2545 4374 turpe
2591 4310 2646 4357 et
2672 4300 2932 4356 indecens
2958 4313 3102 4364 esse,
3133 4305 3196 4353 ut
3223 4296 3322 4366 qui

67 4387 184 4438 iores
205 4384 255 4439 in
285 4388 549 4444 concilio.
575 4387 920 4446 Mediocriter
946 4391 1115 4446 etiam
1137 4392 1312 4449 bonos
1339 4392 1472 4449 dicit
1495 4395 1624 4450 alibi
1725 4412 1893 4453 unam
1920 4411 2148 4452 uxorem
2178 4403 2402 4466 propter
2424 4392 2708 4449 Christum
2734 4388 3035 4461 reliquerit,
3063 4388 3135 4444 sit
3164 4401 3322 4443 rece-

64 4469 288 4561 llominus
313 4478 689 4549 iudicaturos,
717 4481 1130 4552 comparatione
1149 4482 1360 4539 scilicet
1384 4484 1626 4542 melioris
1726 4499 1924 4561 pturus
1969 4497 2210 4546 centum.
2261 4486 2370 4544 Sed
2417 4486 2487 4542 iis
2534 4484 2718 4541 verbis
2752 4482 3092 4554 signiﬁcatur
3136 4479 3318 4545 nobis,

63 4559 163 4621 lacti
200 4567 417 4627 dicens:
460 4569 584 4628 Viri
621 4570 874 4629 Ninivitae
909 4585 1136 4646 surgent
1169 4574 1225 4630 in
1255 4574 1465 4646 judicio
1495 4591 1622 4632 cum
1656 4585 1702 4643 Ι)
1724 4559 1987 4652 quoniam
2039 4579 2295 4652 centuplo
2340 4578 2516 4650 pluris
2562 4584 2726 4634 erunt
2767 4575 2963 4646 prima,
3002 4587 3169 4642 quam
3217 4587 3322 4641 pro

61 4665 380 4729 generatione
405 4666 518 4723 ista
537 4707 554 4734 ,
599 4675 656 4722 et
683 4667 1130 4725 condemnabunt
1158 4685 1280 4726 eam
1301 4711 1317 4736 ,
1357 4673 1623 4742 quoniam
1727 4672 1842 4731 Deo
1866 4673 1992 4729 data
2019 4673 2104 4728 vel
2129 4671 2410 4728 derelicta.
2461 4669 2618 4739 Quod
2645 4677 2826 4724 autem
2860 4666 2935 4721 ait
2963 4665 3107 4720 alius
3152 4679 3322 4719 evan-

61 4765 254 4824 egerunt
283 4759 673 4830 penitentiam
702 4760 758 4817 in
789 4761 1178 4832 praedicatione
1201 4761 1372 4821 Jonas
1398 4763 1622 4836 (Matth.
1735 4767 1952 4840 gelista,
1995 4765 2301 4838 centuplum
2335 4765 2561 4837 accipiet
2597 4763 2704 4829 llic,
2740 4769 2792 4816 et
2832 4761 2889 4814 in
2931 4758 3112 4830 futuro
3151 4756 3318 4811 vitam

59 4856 145 4912 su;
172 4845 292 4906 Luc.
317 4852 408 4922 ιι).
438 4850 514 4906 Et
535 4853 730 4922 omnis,
753 4852 951 4926 inquit,
975 4856 1068 4927 qui
1089 4854 1360 4928 reliquerit
1386 4857 1624 4927 domum,
1733 4869 2010 4928 cateruam,
2053 4859 2408 4916 manifestum
2436 4865 2540 4915 est.
2571 4854 2677 4924 Qui
2721 4857 2867 4909 enim
2895 4851 3078 4907 omnia
3109 4858 3320 4919 tempo-

59 4947 132 4991 ιιι
149 4939 354 5012 fratres,
380 4953 483 4999 aut
505 4961 734 5014 sorores,
763 4955 859 5002 aut
885 4957 1112 5019 patrem,
1135 4959 1231 5004 aut
1257 4958 1502 5019 matrem,
1531 4959 1626 5006 aut
1728 4953 1867 5009 ralia
1904 4968 2032 5009 vere
2059 4952 2281 5024 reliquit
2304 4958 2526 5023 propter
2548 4947 2850 5013 Christum,
2879 4942 3194 5014 centuplum
3224 4957 3322 4998 ac-

55 5044 262 5103 ηονεικ,
300 5045 397 5091 σαι
428 5036 600 5106 ﬁlios,
637 5047 730 5092 aut
761 5054 918 5111 agros
959 5047 1174 5110 propter
1205 5056 1393 5095 nomen
1427 5057 1622 5108 meum,
1727 5046 1894 5118 cipiet
1923 5046 2011 5102 hic
2049 5044 2104 5102 in
2133 5046 2306 5118 gratia
2345 5045 2633 5100 virtutum.
2686 5039 2792 5096 Sed
2821 5038 2986 5095 etiam
3018 5038 3074 5093 in
3105 5045 3320 5107 tempo-

56 5126 324 5197 ccntaplum
352 5131 608 5201 accipiet,
633 5141 686 5186 et
721 5133 888 5188 vitam
921 5141 1176 5189 aztcrnam
1205 5135 1514 5206 possidebit.
1545 5134 1625 5192 Ac
1726 5139 1938 5196 ralibus
1965 5139 2280 5210 centuplum
2309 5135 2520 5207 recipit,
2561 5131 2823 5205 quoniam
2862 5129 2976 5186 Deo
3004 5128 3190 5185 omnia
3220 5129 3320 5185 ad-

53 5215 89 5268 si
116 5217 283 5276 dicat:
329 5218 460 5278 Non
503 5222 682 5279 solum
721 5239 822 5282 vos
840 5223 949 5295 fqui
989 5225 1174 5281 omnia
1212 5225 1535 5297 reliquistis,
1569 5236 1625 5282 et
1717 5229 1965 5301 jiciente,
1993 5228 2170 5286 factus
2199 5237 2284 5286 est
2309 5237 2571 5300 tanquam
2600 5223 2737 5280 nihil
2778 5223 3008 5290 habens,
3046 5231 3103 5279 et
3129 5221 3316 5279 omnia

54 5320 126 5361 me
153 5311 320 5368 secuti
356 5313 523 5380 estis,
560 5315 704 5386 apud
741 5331 830 5372 me
866 5316 1096 5389 gloriam
1131 5329 1391 5373 :eternam
1421 5333 1623 5374 conse-
1725 5323 2016 5396 possidens
2047 5320 2139 5393 (11
2162 5321 2289 5378 Cor.
2316 5320 2417 5392 vr).
2463 5317 2791 5390 Centuplum
2829 5317 2976 5374 enim
3005 5315 3206 5372 melius
3231 5323 3318 5371 est

50 5400 276 5472 quimiui,
306 5405 410 5462 sed
433 5406 603 5462 etiam
635 5408 820 5465 caeteri
843 5409 1110 5477 minores,
1146 5409 1388 5480 quicum
1412 5408 1624 5480 cupidi-
1724 5415 1910 5470 omnia
1941 5415 2144 5470 habere
2163 5413 2284 5470 sine
2302 5411 2669 5470 sollicitudine
2688 5420 2743 5467 et
2769 5410 2965 5466 timore
2990 5426 3157 5482 quam
3187 5424 3315 5464 cum

51 5498 141 5549 tate
154 5497 314 5553 etiam
339 5499 679 5572 relinquent,
699 5511 756 5558 et
773 5503 820 5559 si
856 5511 964 5559 non
983 5505 1192 5572 omnia,
1217 5512 1398 5560 tamen
1417 5505 1627 5576 aliquot
1724 5504 2093 5562 sollicitudine
2118 5513 2174 5560 et
2197 5504 2411 5560 timore.
2442 5501 2653 5574 Itaque,
2677 5500 2874 5557 fratres
2898 5501 3028 5567 mei,
3060 5510 3184 5555 cum
3219 5514 3317 5556 ne-

50 5590 414 5658 lcmporalium
447 5601 673 5663 propter
707 5609 814 5650 me.
848 5593 915 5650 lli
953 5604 1010 5651 et
1046 5595 1092 5650 si
1126 5611 1238 5650 non
1266 5605 1429 5652 erunt
1465 5595 1624 5664 tanti,
1725 5611 1879 5653 eesse
1921 5595 1993 5653 sit
2041 5611 2144 5652 nos
2189 5595 2276 5651 vel
2305 5595 2618 5666 relinquere
2641 5593 2827 5649 omnia
2855 5591 3198 5662 temporalia,
3226 5589 3316 5646 vel

47 5681 212 5745 quanti
240 5698 343 5738 vos
370 5683 432 5739 in
467 5693 734 5755 potestate
759 5687 1063 5758 judicandi,
1096 5697 1277 5745 tamen
1309 5689 1624 5760 centuplum
1721 5686 1837 5760 jam
1864 5687 2098 5758 relinqui
2148 5687 2219 5742 ab
2243 5687 2348 5755 eis,
2379 5685 2642 5758 quoniam
2676 5684 2910 5755 relinqui
2937 5699 2967 5738 a
2999 5681 3317 5750 temporali-

45 5774 316 5844 accipient,
349 5787 410 5834 et.
439 5777 610 5834 vitam
651 5790 909 5838 attemam
945 5782 1325 5853 possidebunt.
1356 5781 1460 5839 Sed
1492 5782 1626 5853 quid
1728 5782 1833 5837 bus
1882 5796 2099 5852 ptenam
2153 5779 2337 5845 habet,
2367 5788 2422 5835 et
2462 5793 2571 5834 non
2604 5777 2910 5848 praemium,
2941 5775 3314 5845 relinquamus

46 5866 338 5932 Nifratres
358 5870 653 5946 mei,quud
673 5874 760 5934 hic
779 5873 1044 5933 Dominus
1059 5875 1623 5948 promittitpraemium
1728 5889 1814 5942 ea,
1846 5881 2136 5944 antequam
2171 5871 2545 5942 relinquantur
2573 5869 2643 5925 ab
2671 5883 2784 5936 eis;
2823 5874 2877 5922 ct
2907 5864 2950 5921 si
2981 5880 3090 5922 non
3120 5877 3334 5935 possm-
