3832 6314
473 362 614 429 1339

1762 349 2115 412 RADULPBI
2151 348 2502 410 ARDENTIS

3590 346 3697 406 ιω

460 495 599 543 .tuus
620 477 933 548 relinquere
959 492 1072 535 non
1101 474 1434 541 necessaria,
1458 472 1653 528 snltem
1684 471 2061 543 relinquamus
2085 470 2141 534 Δ
2165 468 2349 525 vultis.
2403 466 2545 534 Quia
2604 479 2843 535 namque
2887 460 3082 518 Patres
3128 457 3345 518 Veteris
3400 457 3700 535 Testamenti,

472 571 773 643 superﬂua,
803 587 866 626 ea
898 571 955 625 in
984 569 1241 641 pupillos,
1274 568 1488 631 viduas,
1518 565 1788 629 inﬁrmos,
1819 565 2066 634 captivos

470 673 530 721 et
555 672 784 720 caeteros
810 663 985 720 bonos
1018 679 1151 718 usus
1181 668 1504 732 erogantes;
1555 668 1609 713 et
1642 657 1805 713 etiam
1837 658 1905 712 ab
1932 656 2067 727 ipsis

473 756 826 823 necessariis,
856 764 1119 825 quantum
1160 768 1478 823 possumus,
1508 767 1609 806 nos
1644 749 2065 822 restringamus,

475 848 531 904 lu
559 848 702 914 cibo,
734 856 788 903 et
814 856 945 917 potu
973 845 1293 915 cmterisque
1316 844 1646 899 necessariis
1673 858 1776 898 nos
1802 842 2066 899 cohiberi.

475 949 578 1009 tes,
612 949 673 997 ut
698 940 819 996 sine
845 938 1141 1009 cupiditate
1164 945 1219 992 et
1244 936 1443 996 timore
1470 936 1559 993 hic
1585 936 1858 1002 vivamus,
1892 953 1911 991 t
1941 943 2068 991 tan.

472 1048 641 1105 quam
667 1032 804 1089 nihil
834 1032 1095 1087 habentes
1124 1039 1178 1085 et
1226 1031 1412 1088 omnia
1442 1029 1804 1099 possidentes,
1837 1047 1855 1080 ι
1906 1044 2068 1082 man-

475 1126 623 1191 data,
651 1134 705 1181 et
733 1123 984 1189 consilia,
1012 1133 1067 1180 et
1090 1124 1337 1193 exempla
1366 1122 1574 1178 Christi
1597 1131 1894 1186 sectantes,
1920 1130 2073 1188 ut,et

472 1217 525 1272 si
556 1232 663 1270 non
683 1214 933 1285 judicare
959 1230 1083 1270 cum
1114 1215 1380 1284 apostolis
1406 1214 1705 1285 possimus,
1747 1224 1928 1267 tamen
1956 1228 2069 1269 nte-

474 1320 700 1363 reamur
742 1307 1050 1377 adjudicari
1093 1308 1218 1364 vita:
1262 1316 1483 1364 aeternae
1527 1307 1597 1362 ab
1633 1306 1918 1378 apostolis,
1960 1306 2075 1362 lar-

474 1401 656 1472 giente
686 1399 799 1455 Deo
824 1411 877 1457 et
908 1400 1142 1457 Domino
1171 1409 1363 1457 nostro
1393 1398 1525 1457 Jesu
1553 1400 1797 1468 Christo,
1822 1400 1917 1472 qui
1943 1415 2069 1456 eum

474 1489 640 1549 Patre
684 1502 741 1549 et
772 1493 978 1563 Spiritu
1029 1502 1223 1553 sancto
1252 1492 1386 1555 vivit
1424 1502 1480 1549 et
1524 1502 1714 1566 regnat
1761 1492 1924 1561 Deus,
1974 1508 2071 1564 per

477 1586 666 1644 omnia
696 1588 896 1647 saecula
926 1587 1275 1643 saeculorum.
1310 1587 1506 1647 Amen.

1222 1678 1315 1734 XI.

672 1787 726 1828 IN
757 1786 1167 1833 PURIFICATIONE
1194 1787 1381 1839 BEATJ
1410 1787 1590 1836 ιμιιιλε
1619 1786 1862 1828 VIRGINIS.

549 1860 688 1926 Ecce
730 1865 885 1919 mitto
923 1863 1169 1935 angelum
1204 1881 1399 1929 meum,
1435 1864 1524 1934 qui
1571 1864 1894 1933 prwparalait
1931 1864 2069 1918 viam

473 1965 598 2019 ante
628 1957 822 2026 facient
850 1973 1019 2011 meum
1064 1955 1221 2026 (Mal.
1257 1955 1364 2025 tu),
1391 1966 1495 2014 etc.
1536 1954 1635 2011 Hic
1663 1956 1925 2026 loquitur,
1958 1955 2071 2011 fra-

475 2062 591 2113 tres
636 2049 767 2116 mei,
798 2049 869 2106 de
913 2050 1147 2105 adventu
1195 2046 1402 2105 Christi
1438 2047 1733 2105 Malachias
1782 2050 2067 2119 prepheta,

476 2142 592 2198 imo
636 2140 905 2198 Dominus
950 2156 1047 2211 per
1094 2155 1241 2196 eum.
1293 2137 1545 2195 Ostendit
1589 2147 1772 2196 autem
1801 2140 2066 2212 quinque.

473 2235 685 2304 Primo,
734 2236 868 2293 dicit
914 2234 1060 2292 Deus
1105 2234 1270 2291 Pater
1318 2249 1380 2291 se
1416 2235 1632 2292 mittere
1659 2236 1911 2307 angelum
1944 2244 2072 2297 ante

472 2327 771 2387 adventum
803 2326 925 2383 Filii
979 2328 1086 2383 sui.
1141 2327 1416 2395 Secundo,
1472 2327 1607 2385 dicit
1654 2327 1838 2383 statim
1890 2328 2070 2398 ipsum

473 2420 677 2479 Filium
705 2429 1021 2478 venturum.
1067 2419 1275 2488 Tertio,
1304 2420 1439 2477 dicit
1462 2435 1675 2491 paucos
1699 2420 2073 2485 intellecturos

471 2513 768 2574 adventum
794 2512 935 2583 ejus.
968 2511 1198 2579 Quarto,
1230 2512 1365 2569 dicit
1390 2512 1538 2583 quod
1565 2512 1638 2569 sit
1663 2511 1903 2568 oﬁicium
1923 2513 2066 2582 ejus.

472 2604 701 2673 Quinto,
729 2605 862 2661 dicit
887 2605 1019 2677 quid
1047 2606 1121 2662 sit
1146 2604 1415 2663 facturus.
1464 2604 1651 2661 Primo
1698 2605 1884 2677 igitur,
1924 2604 2070 2662 Deus

473 2696 632 2754 Pater
687 2697 921 2769 loquens
970 2698 1037 2753 ad
1086 2697 1283 2755 Filium
1335 2714 1520 2764 suum,
1572 2698 1705 2754 dicit
1746 2713 1807 2754 se
1853 2697 2072 2753 mittere

472 2791 729 2849 nuntium
756 2800 882 2847 ante
896 2791 1191 2847 adventum
1216 2790 1358 2862 ejus,
1383 2790 1574 2849 dicens
1598 2809 1611 2846 :
1638 2790 1775 2846 Ecce
1799 2806 1892 2862 ego
1914 2791 2070 2845 mitto

472 2882 719 2953 angelum
750 2900 945 2939 meum.
990 2883 1129 2939 Cum
1160 2885 1345 2955 plures
1374 2885 1597 2941 nuntios
1642 2883 1912 2940 adventus
1940 2881 2067 2939 Filii

473 2974 561 3031 sui
596 2974 952 3046 prmisisset
998 2975 1144 3032 Deus
1190 2977 1245 3032 in
1301 2976 1552 3047 pluribus
1603 2974 1964 3046 temporibus,
2011 2982 2072 3033 ut

471 3066 817 3138 patriarchas
842 3077 897 3125 et
925 3070 1242 3141 prophetas,
1290 3070 1381 3126 hic
1429 3069 1782 3141 singulariter
1828 3068 1964 3126 dicit
2010 3083 2072 3125 se

2170 558 2319 631 gravi
2351 556 2598 613 dominio
2639 553 2843 610 diaboli
2888 562 2944 608 et
2990 551 3267 608 malorum
3309 550 3595 621 principum
3628 570 3701 625 op-

2168 650 2345 721 pressi
2374 657 2557 715 erant,
2580 647 2775 720 jugum
2821 662 2990 702 suave
3030 643 3240 700 Christi
3284 646 3608 714 quazrebant;
3633 665 3701 719 qui

2168 740 2384 812 pondus
2430 738 2643 795 Veteris
2680 737 3040 803 Testamenti,
3090 745 3146 792 et
3176 735 3439 791 duritiam
3478 737 3705 794 ministro-

2169 850 2294 890 rum
2325 834 2447 904 ejus
2484 832 2629 888 ferre
2658 848 2767 888 non
2813 839 3087 901 poterant,
3117 829 3374 900 angelum
3418 826 3546 883 Novi
3566 828 3705 888 Testa-

2169 925 2342 983 menti
2362 924 2766 980 desiderabant.
2793 922 2911 979 lloc
2935 930 3020 978 est
3040 921 3188 992 quod
3214 918 3437 974 Simeon
3459 920 3542 976 ille
3562 937 3706 991 senet,

2170 1019 2266 1091 qui
2291 1034 2617 1090 responsum
2648 1024 2934 1087 acceperat
2973 1030 3033 1070 se
3075 1029 3184 1069 non
3218 1013 3543 1068 moriturum
3577 1013 3711 1072 donec

2170 1111 2380 1168 videret
2407 1110 2689 1166 Christum
2733 1107 2889 1180 (Luc.
2916 1107 3000 1177 ιι),
3048 1104 3268 1162 dicebat
3303 1104 3541 1175 quotidie
3561 1105 3712 1164 inora-

2171 1205 2419 1271 tionibus
2465 1205 2583 1262 suis
2618 1223 2632 1259 :
2670 1201 2902 1270 Quando
2938 1200 3159 1255 veniet?
3201 1198 3437 1266 Quando
3476 1202 3713 1254 nascetur?

2172 1297 2404 1366 Quando
2429 1296 2660 1353 videbo?
2706 1294 2822 1351 Hoc
2850 1293 3016 1349 etiam
3050 1289 3388 1348 desiderium
3414 1290 3712 1360 antiquorum

2171 1394 2395 1451 Patrum
2437 1394 2753 1466 signiﬁcant
2795 1391 2900 1446 illae
2936 1400 3143 1461 septem
3184 1388 3521 1458 antipbouz,
3560 1402 3659 1457 qua:
3690 1402 3714 1441 a

2172 1488 2539 1545 desiderativo
2560 1485 2819 1542 adverbio
2867 1483 2911 1540 0
2955 1483 3227 1554 incipiunt
3247 1481 3323 1536 ita
3351 1500 3365 1536 :
3393 1479 3438 1535 0
3470 1479 3715 1551 Sapientis,

2177 1580 2222 1637 0
2245 1581 2478 1648 Adonei,
2505 1589 2610 1636 etc.
2638 1578 2706 1633 Et
2725 1594 2837 1650 quo
2856 1577 3081 1633 veniet?
3121 1575 3207 1630 Ad
3240 1574 3495 1645 templum
3524 1584 3718 1628 mactata

2173 1690 2349 1737 suum,
2390 1672 2442 1728 id
2472 1671 2648 1728 estad
2680 1680 2898 1727 uterum
2939 1669 3115 1725 beatae
3136 1666 3406 1738 Virginis,
3447 1666 3582 1737 quod
3599 1674 3722 1721 anto-

2173 1766 2479 1823 nomastice
2517 1773 2783 1831 sanctum,
2834 1763 2887 1819 id
2927 1772 3014 1819 est
3052 1761 3458 1818 sanctiﬁcatum
3496 1760 3604 1814 fuit.
3647 1757 3724 1814 Vel

2173 1858 2337 1915 etiam
2376 1857 2445 1913 ad
2486 1855 2768 1910 materiale
2804 1854 3067 1925 templum
3109 1851 3530 1924 Hierosolymis,
3561 1852 3608 1907 in
3636 1867 3724 1922 quo

2174 1953 2441 2008 hodierna
2463 1951 2551 2007 die
2572 1966 2699 2007 cum
2724 1948 3099 2005 oblationibus
3129 1963 3161 2004 a
3194 1946 3515 2017 parentibus
3549 1945 3728 2000 oblatus

2174 2044 2298 2101 fuit.
2324 2043 2421 2098 Vel
2447 2052 2596 2101 certe
2621 2043 2695 2097 ad
2730 2041 3006 2112 templum,
3027 2041 3079 2097 id
3115 2050 3203 2097 est
3224 2040 3293 2096 ad
3317 2050 3558 2105 sanctam
3578 2037 3731 2094 Eccle~

2173 2139 2338 2205 siam,
2359 2154 2526 2209 quam
2558 2136 2870 2208 signiﬁcare
2891 2144 2949 2191 et
2983 2134 3323 2205 conjungere
3344 2133 3451 2189 sibi
3490 2133 3638 2187 venit.
3678 2132 3733 2189 Et

2172 2247 2243 2288 ne
2269 2230 2573 2302 desperetis
2593 2230 2662 2285 de
2682 2228 2969 2295 dilatione,
3003 2227 3137 2298 quia
3170 2242 3291 2281 ecce
3314 2226 3480 2293 mit,
3508 2225 3624 2279 dicit
3651 2224 3733 2279 Do-

2172 2326 2348 2380 minus
2369 2325 2720 2379 exercituum.
2746 2321 2954 2383 Tertio.
2992 2319 3131 2377 dicit
3151 2335 3360 2393 paucos
3402 2319 3733 2374 intellecturos

2171 2416 2468 2473 adventum
2496 2416 2723 2483 Christi,
2759 2431 2883 2471 cum
2924 2413 3113 2471 subdit
3137 2432 3151 2469 :
3177 2411 3250 2467 Et
3275 2414 3397 2484 quis
3420 2415 3602 2483 poterit
3624 2416 3738 2482 rogi.

2176 2518 2290 2564 tare
2313 2510 2456 2565 diem
2491 2511 2748 2563 adventus
2776 2509 2889 2579 ejus
2905 2509 2932 2562 ?
2969 2507 3039 2563 Et
3062 2508 3184 2579 quis
3207 2506 3373 2561 stabit
3404 2506 3475 2561 ad
3494 2506 3741 2560 ridendum

2173 2603 2337 2658 eum?
2378 2601 2550 2669 Quasi
2593 2602 2760 2669 dicat,
2784 2602 2964 2673 pauci.
3010 2601 3179 2657 Pauci
3204 2601 3412 2672 quippe
3440 2599 3647 2656 fuerunt
3673 2596 3741 2655 Si-

2172 2710 2337 2752 meon
2360 2704 2415 2752 et
2453 2696 2634 2761 Anna,
2675 2703 2730 2751 et
2773 2695 2982 2766 aliquot
3017 2694 3124 2749 viri
3163 2693 3502 2764 spirituales,
3540 2693 3628 2763 qui
3667 2708 3743 2762 per

2176 2787 2444 2859 Spiritum
2507 2789 2891 2845 intellexerunt
2936 2788 3160 2859 quando
3212 2796 3481 2843 venturus
3519 2796 3653 2851 erat.
3692 2786 3747 2841 Et

2175 2885 2338 2955 pauci
2363 2884 2587 2941 fuerunt
2605 2885 2860 2955 discipuli
2883 2885 3024 2951 ejus,
3048 2883 3142 2954 qui
3188 2899 3287 2954 per
3318 2882 3579 2953 Spiritum
3612 2882 3748 2936 intel—

2175 2979 2426 3035 texerunt
2447 2979 2594 3049 quod
2644 2977 2817 3035 Filius
2860 2977 2955 3033 Dei
3000 2976 3055 3032 in
3102 2993 3270 3032 carne
3298 2994 3468 3047 quam
3495 2976 3749 3041 videbant,

2176 3081 2421 3130 venerat.
2455 3072 2858 3128 Convenienter
2882 3080 3065 3126 autem
3090 3070 3189 3137 ait,
3215 3070 3401 3133 stabit,
3426 3069 3679 3139 quoniam
3706 3080 3752 3122 et

473 3162 693 3219 mittere
722 3178 893 3219 unum
922 3163 1199 3230 nuntium,
1240 3161 1507 3219 Joannem
1534 3163 1836 3235 Baptistam
1867 3162 2071 3219 intelli-
2096 3174 2142 3239 ε
2176 3166 2223 3221 si
2248 3165 2409 3222 multi
2440 3163 2756 3221 carnalibus
2777 3161 2955 3217 oculis
2977 3162 3232 3217 viderunt
3254 3159 3569 3225 Christum,
3591 3170 3753 3214 tamen

472 3270 630 3325 gens,
662 3268 828 3325 quem
855 3255 1021 3311 etiam
1059 3265 1283 3327 propter
1309 3257 1727 3327 praerogativam
1756 3256 2069 3315 sanctitatis

470 3355 528 3405 et
548 3345 738 3415 ,ollicii,
768 3360 932 3403 suum
962 3346 1218 3418 angelum
1241 3354 1420 3404 vocat.
1466 3344 1622 3405 Sicut
1645 3346 1795 3403 enim
1830 3360 1927 3403 rex
1951 3355 2065 3404 ter-

471 3452 643 3503 renus
665 3445 931 3494 venturus
953 3437 1011 3493 in
1030 3437 1275 3509 aliquam
1296 3437 1513 3506 urbem,
1551 3436 1758 3493 multos
1784 3437 2072 3508 praemittit

471 3531 860 3609 pmmbulos,
880 3530 1148 3589 adventus
1168 3531 1255 3587 sui
1278 3529 1523 3599 nuntios,
1536 3538 1591 3587 et
1601 3528 1719 3602 jam
1740 3528 2069 3601 intraturus,

472 3624 731 3681 nuntium
760 3623 1176 3683 familiariorem
1213 3624 1320 3680 sibi
1344 3623 1666 3695 praemittit;
1698 3623 1778 3679 ita
1802 3622 2071 3679 Dominus

474 3715 627 3783 fecit,
649 3717 873 3773 mittens
894 3717 1073 3787 primo
1094 3715 1436 3787 patriarchas
1462 3725 1516 3773 et
1536 3715 1853 3787 prophetas,
1886 3726 1937 3772 et
1953 3717 2069 3787 jam

473 3823 610 3864 vero
654 3816 943 3875 venturus,
987 3823 1385 3878 praecursorem
1428 3807 1533 3865 sibi
1580 3805 1889 3863 ehariorcm
1934 3823 2074 3877 prm-

477 3900 665 3968 misit;
707 3901 797 3956 cui
837 3901 1007 3958 etiam
1049 3900 1427 3957 testimonium
1470 3902 1769 3973 perhibuit,
1810 3902 2071 3973 quoniam

483 4012 504 4051 ο
536 3992 676 4049 inter
698 4002 857 4048 natos
878 3992 1169 4048 mulierum
1215 4008 1328 4049 non
1352 3995 1596 4050 surrexit
1633 3993 1813 4065 major
1860 3992 2076 4053 Joanne

480 4084 726 4156 Baptista
754 4084 938 4155 (Joan.
978 4085 1040 4157 ι).
1076 4106 1095 4140 ι
1142 4085 1245 4154 Qui
1290 4087 1457 4143 etiam
1484 4103 1637 4143 more
1658 4088 1837 4158 angeli
1858 4087 2076 4142 divinoq

481 4191 608 4234 rum
650 4190 979 4233 arcanorum
1013 4178 1385 4235 internuntius
1415 4177 1519 4233 fuit
1555 4178 1625 4236 ad
1669 4179 1942 4243 homines,
1988 4194 2077 4234 se-

482 4278 632 4331 creta
674 4267 961 4326 Trinitatis
1009 4280 1064 4326 et
1108 4270 1510 4327 lncarnationis
1552 4271 1908 4341 praedicavit,
1963 4271 2077 4326 imo

478 4360 645 4421 etiam
669 4361 1084 4429 demenstravit,
1109 4377 1218 4417 non
1256 4377 1434 4426 suam,
1465 4360 1563 4416 sed
1589 4359 1807 4415 Domini
1843 4360 2076 4432 gloriam

480 4453 753 4526 qumsivit.
797 4452 940 4522 Quid
970 4462 1153 4510 autem
1198 4454 1303 4510 iste
1350 4452 1607 4525 angelus,
1642 4450 1889 4508 facturus
1928 4460 2079 4509 esset

2168 3258 2238 3315 ad
2268 3271 2396 3317 eum
2416 3255 2711 3313 videndum
2753 3271 2862 3310 non
2893 3262 3182 3319 steterunt,
3213 3254 3309 3325 qui
3341 3253 3490 3308 unde
3518 3252 3763 3323 proﬁcere

2170 3350 2493 3417 debuerant,
2520 3364 2618 3421 per
2642 3348 3013 3404 inﬁdelitatem
3033 3356 3387 3403 corruerunt.

2242 3442 2476 3511 Quarto,
2496 3442 2631 3500 dicit
2654 3442 2803 3514 quod
2830 3440 2971 3505 foret
2992 3441 3233 3497 ofﬁcium
3255 3443 3380 3512 ejus
3405 3457 3535 3497 cum
3558 3440 3731 3497 subdit
3746 3482 3760 3510 ._

2174 3534 2310 3592 Ecce
2324 3536 2416 3591 ille
2436 3536 2592 3607 quasi
2618 3536 2757 3605 ignis
2778 3535 3037 3605 conﬂant,
3056 3544 3107 3590 et
3130 3537 3289 3607 quasi
3302 3536 3465 3590 herba
3489 3536 3756 3607 fullonis.

2174 3627 2255 3685 Ac
2279 3628 2325 3685 si
2354 3628 2503 3684 dicat
2536 3646 2550 3683 :
2583 3623 2833 3681 Ofﬁcium
2870 3626 2994 3696 ejus
3022 3627 3128 3682 erit
3155 3642 3396 3699 purgare
3424 3636 3482 3681 et
3507 3627 3763 3682 mundare

2174 3720 2499 3777 Ecclesiam.
2545 3716 2708 3773 Venit
2733 3718 2881 3773 enim
2908 3718 2965 3774 in
2994 3718 3173 3789 primo
3201 3718 3441 3774 adventu
3468 3719 3761 3789 justiﬁeare

2176 3812 2374 3883 impios
2414 3827 2513 3883 per
2560 3812 3015 3875 misericordiam,
3045 3810 3141 3882 qui
3192 3810 3250 3865 in
3300 3812 3553 3867 secundo
3593 3811 3764 3866 veniet

2178 3902 2376 3973 impios
2401 3902 2661 3958 damnare
2689 3919 2784 3972 per
2805 3903 3098 3973 justitiam.
3127 3899 3241 3957 Nec
3266 3910 3452 3956 tamen
3482 3902 3561 3957 ait
3597 3922 3610 3955 :
3646 3901 3768 3955 Este

2178 3995 2267 4051 ille
2292 3995 2455 4066 quasi
2483 3994 2771 4061 conﬁator,
2804 4003 2859 4051 et
2892 3994 3052 4065 quasi
3099 3993 3255 4061 fullo,
3302 3995 3573 4064 quoniam
3622 3994 3767 4049 Chri-

2178 4097 2300 4143 stus
2330 4103 2439 4143 non
2476 4094 2558 4143 est
2590 4096 2801 4142 tantum
2854 4087 3107 4147 minister
3152 4088 3423 4158 purgandi
3476 4096 3538 4143 et
3581 4103 3769 4143 emun-

2179 4180 2369 4247 dandi,
2398 4189 2460 4235 ut
2487 4181 2668 4236 cteteri
2702 4181 2974 4253 magistri,
3027 4180 3120 4236 sed
3168 4181 3333 4235 etiam
3381 4196 3580 4236 causa.
3615 4180 3773 4236 Porro

2179 4270 2323 4342 ignis
2347 4287 2443 4328 sex
2473 4288 2561 4328 res
2589 4269 2740 4337 facit,
2767 4271 3038 4337 calefacit,
3069 4270 3373 4343 llquefacit,
3408 4272 3549 4339 urit,
3578 4274 3771 4327 illumio

2179 4372 2294 4429 nat,
2322 4363 2644 4418 corroborat
2668 4372 2721 4419 et
2758 4362 3082 4424 inﬂammat.
3133 4361 3388 4418 Christus
3431 4379 3663 4434 quoque
3693 4380 3775 4419 ve.

2180 4455 2341 4511 niens
2365 4454 2421 4510 in
2451 4457 2599 4511 hunc
2619 4456 2886 4510 mundum
2912 4455 3162 4511 calefecit
3189 4455 3479 4511 hominum
3512 4454 3777 4529 {rigidita-

478 4543 744 4610 ostendit,
775 4560 901 4602 cum
929 4544 1154 4601 subdit:
1187 4544 1293 4610 Qui
1321 4543 1648 4615 preparabit
1670 4545 1808 4599 viam
1838 4554 1962 4599 ante
1986 4544 2073 4614 [ιι-ν
2103 4542 2151 4605 1)
2177 4555 2309 4613 tem,
2338 4546 2618 4617 liquefecit
2645 4546 2898 4602 cordium
2922 4547 3204 4613 duritiam,
3240 4546 3381 4602 ussit
3422 4560 3777 4617 peccatorum
3824 4534 3825 4597 ἶ

474 4634 607 4695 ciem
635 4644 804 4690 tuam.
836 4634 1171 4707 Prmparavit
1193 4634 1341 4694 enim
1382 4648 1693 4706 przecursor
1716 4634 1863 4690 viam
1897 4635 2063 4690 Chri-

474 4736 585 4796 sto,
610 4727 982 4799 praadicando,
1012 4728 1373 4799 baptizando;
1403 4728 1496 4785 sed
1516 4727 1679 4784 etiam
1703 4744 1801 4785 sua
1825 4730 2065 4786 mirabili

473 4821 779 4888 nativitate,
808 4821 1151 4878 nativitatem
1171 4819 1382 4876 Christi
1408 4820 1827 4889 mirabiliorem,
1868 4830 1924 4879 et
1965 4838 2065 4879 sua

476 4921 667 4972 sancta
706 4913 1127 4971 conversatione
1165 4913 1639 4969 conversationem
1682 4914 1893 4971 Christi
1939 4931 2071 4972 sano

472 5004 724 5072 ctiorem,
756 5014 812 5061 et
850 5021 951 5061 sua
978 5004 1236 5075 passione
1256 5005 1495 5077 pretiosa
1525 5006 1837 5078 passionem
1859 5007 2069 5064 Christi

473 5099 862 5172 pretiosiorem
886 5098 1246 5169 praecucurrit
1270 5107 1326 5155 et
1351 5100 1813 5171 praemonstravit.
1861 5100 1919 5156 Si
1966 5117 2069 5157 au-

475 5204 589 5253 tem
628 5194 685 5249 in
739 5193 917 5248 littera
963 5193 1228 5251 habeatur
1265 5203 1389 5250 ante
1426 5194 1619 5266 faciem
1662 5212 1854 5263 meam,
1900 5194 2071 5252 facies

474 5283 656 5339 Patris
678 5282 851 5339 Filius
870 5283 1090 5351 dicitur,
1114 5299 1180 5340 eo
1206 5287 1351 5357 quod
1382 5302 1480 5357 per
1505 5286 1705 5343 Filium
1730 5286 1875 5343 Deus
1903 5287 2066 5344 Pater

476 5374 533 5429 in
561 5383 705 5428 terra
733 5383 1118 5444 cognoscatur.
1148 5374 1421 5445 Secundo,
1453 5377 1590 5434 dicit
1608 5385 1736 5448 post
1756 5393 2067 5448 praecurso-

476 5478 594 5519 retr
626 5462 812 5519 statim
832 5463 1033 5522 Filium
1059 5476 1374 5536 venturum,
1396 5485 1523 5527 cum
1554 5469 1739 5527 subdit
1761 5487 1774 5523 :
1795 5468 1865 5524 Et
1886 5471 2074 5525 statim

473 5556 664 5623 ueniet,
694 5564 800 5613 etc.
827 5557 1253 5631 Conceptionem
1274 5561 1475 5633 quippe
1496 5570 1551 5617 et
1574 5560 1912 5617 nativitatem
1937 5579 2081 5634 prae.

477 5650 744 5718 cursoris,
771 5660 897 5722 post
922 5653 1223 5719 dimidium,
1247 5670 1453 5710 annum
1490 5655 1786 5712 subsecuta
1819 5666 1905 5713 est
1939 5673 2072 5713 con-

476 5739 657 5815 céptio
676 5754 731 5801 et
754 5745 1012 5812 nativitas
1032 5746 1259 5803 Christi.
1284 5746 1352 5802 Et
1370 5748 1496 5818 quis
1516 5748 1731 5804 veniet?
1754 5748 2074 5805 Dominator

475 5853 626 5907 quem
660 5854 747 5893 ws
780 5839 1046 5909 queritis,
1086 5847 1136 5893 et
1183 5838 1400 5910 angelus
1447 5842 1746 5896 testamenti
1791 5857 1944 5911 quem
1978 5856 2070 5899 vos

2174 4640 2481 4711 rubiginem
2512 4683 2527 4707 ,
2605 4642 2940 4697 illuminavit
2998 4641 3301 4695 hominum
3360 4640 3776 4711 insipientiam,
3824 4660 3825 4689 :

2172 4731 2550 4788 corroboravit
2626 4731 2913 4787 hominum
2976 4731 3351 4789 inﬁrmitatem
3378 4772 3393 4797 ,
3467 4730 3775 4787 inﬁamrna~
3824 4752 3825 4757 π

2174 4823 2255 4878 vit
2295 4824 2463 4882 etiam
2510 4822 2762 4879 cordium
2820 4832 3118 4893 torporem.
3173 4821 3349 4877 Herba
3398 4838 3635 4895 quoque
3680 4823 3775 4877 ful-
3824 4840 3825 4869 ξ

2174 4915 2365 4971 lonum
2394 4917 2506 4972 duo
2535 4915 2688 4982 facit,
2720 4916 2966 4971 maculas
3011 4931 3315 4985 pannorum
3376 4916 3543 4982 tollit,
3591 4926 3651 4971 et
3694 4930 3781 4971 eos
3824 4928 3825 4935 ‘

2174 5007 2408 5063 dealbat.
2433 5006 2689 5063 Christus
2720 5006 2977 5063 similiter
3006 5008 3253 5069 macu’as
3277 5006 3600 5061 animarum
3627 5007 3779 5069 tollit,
3824 5006 3825 5053 1

2175 5107 2229 5155 et
2247 5115 2344 5156 eos
2354 5099 2589 5155 dealbat.
2608 5097 2762 5155 Unde
2787 5098 3057 5169 Propheta
3079 5100 3130 5153 ei
3154 5098 3312 5153 dicit:
3338 5117 3356 5149 t
3377 5099 3667 5169 Asperges
3682 5114 3778 5163 me,

2182 5197 2430 5264 Domine,
2458 5198 2696 5270 hyssopo
2724 5208 2779 5253 et
2808 5198 3138 5263 mundabor,
3168 5198 3379 5253 lavabis
3399 5215 3515 5263 me,
3544 5210 3603 5254 et
3625 5214 3782 5269 super
3824 5208 3825 5241 ξ

2182 5290 2363 5345 nivem
2388 5290 2684 5346 dealbabor
2708 5290 2883 5361 (Paul.
2908 5291 2983 5361 ι).
3019 5310 3037 5342 ι
3079 5289 3218 5345 Sunt
3240 5300 3421 5345 autem
3447 5291 3566 5347 duo
3587 5308 3783 5363 genera
3824 5294 3825 5347 ἒ

2182 5383 2491 5438 hominum.
2522 5382 2755 5449 Quidam
2783 5385 2931 5440 enim
2959 5392 3091 5439 sunt
3118 5384 3243 5438 duri
3286 5384 3476 5439 cmdis
3507 5394 3559 5439 et
3591 5386 3783 5439 crude-
3824 5368 3825 5443 Ῑ

2181 5471 2270 5539 lis,
2304 5472 2398 5543 qui
2428 5472 2810 5543 signiﬁcantur
2854 5489 2940 5544 per
2980 5474 3201 5529 metalla
3250 5472 3604 5543 rubiginosa.
3661 5474 3787 5541 Qui-

2179 5565 2305 5623 dam
2331 5580 2463 5618 vero
2488 5576 2619 5620 sunt
2643 5565 2825 5620 mollis
2851 5564 3021 5620 animi
3064 5574 3113 5620 et
3164 5564 3410 5631 remissi,
3442 5566 3542 5636 qui
3570 5568 3787 5639 signiti-

2175 5664 2372 5714 cantur
2397 5672 2495 5728 per
2525 5657 2777 5728 squalida
2800 5657 3149 5713 vestimenta.
3199 5657 3269 5712 At
3304 5610 3577 5714 Christ
3606 5610 3790 5713 untrus-

2175 5692 2363 5714 wutu.
2398 5692 2484 5728 με.
2526 5692 2777 5728 ειμι-..νο
2811 5692 3149 5713 ..πιιωυηιω
3199 5692 3269 5712 τι.
3304 5692 3577 5714 unus.”
3610 5692 3790 5713 unua—

2173 5765 2281 5821 que
2311 5763 2409 5821 per
2452 5747 2893 5807 misericordiam
2943 5765 3101 5805 suam
3130 5748 3469 5820 respiciens,
3500 5760 3557 5808 et
3584 5751 3701 5807 illis
3730 5750 3789 5818 μ

2172 5842 2309 5912 t'jm‘:
2344 5841 2604 5917 conﬂatis,
2638 5848 2697 5919 (et
2741 5839 2862 5897 istis
2902 5838 3060 5897 herba
3100 5838 3393 5908 fullonum.
3450 5840 3783 5913 Utrumque.
