3850 6318
75 389 222 460 1348

1193 386 1524 460 nonnum,
1564 417 1638 432 —
1672 385 1716 446 ι.
1757 380 1848 444 es
1881 386 2237 465 τειιιιοιιις,

3208 393 3364 457 ιω

77 507 290 564 fratres
319 501 654 571 charissimi,
684 503 740 560 in
769 503 1035 562 hodierna
1079 503 1427 562 solemnitate
1467 501 1678 576 signiﬁ-
1701 503 1754 566 Α
1779 503 1944 561 dandi
1983 521 2081 578 per
2120 483 2477 579 baptismum,
2517 523 2603 565 ve.
2639 522 2740 580 per
2765 509 3162 580 polluendam.
3208 505 3369 569 ιιιιύ⁸

74 614 299 666 camus,
351 598 448 670 qui
494 595 658 654 hodie
703 597 994 654 luminaria
1029 613 1264 665 accensa
1295 607 1590 671 gestamus,
1624 603 1680 654 et

69 691 422 748 vestimentis
447 690 695 746 candidis
724 689 1059 746 dealbamur.
1087 689 1310 758 Quinto,
1340 689 1471 762 quid
1503 688 1680 744 factu-

70 798 175 840 rus
205 785 279 840 sit
308 783 638 851 ostenditur,
687 799 812 838 cum
845 784 1101 840 subditur
1148 802 1163 840 :
1215 781 1287 838 Et
1311 782 1513 838 sedebit
1552 799 1679 837 cou-

69 877 224 948 ﬂans
246 887 295 932 et
327 877 618 932 entuudans
663 886 961 948 argentum,
993 886 1042 932 et
1072 877 1320 948 purgabit
1355 876 1500 947 filios
1525 874 1673 931 Levi.

70 970 184 1026 Per
232 979 550 1043 argentum,
601 970 750 1042 quod
801 985 1066 1026 sonorum
1113 977 1200 1025 est
1248 977 1304 1024 et
1350 967 1678 1036 utensilibus

71 1064 274 1119 altaris
304 1072 514 1134 aptum,
541 1061 920 1134 signiﬁcantur
949 1061 1338 1132 praedicatores
1358 1069 1414 1117 et
1436 1060 1677 1120 ministri

71 1157 362 1213 Ecclesiae.
415 1155 560 1212 idem
593 1155 755 1211 etiam
789 1155 1130 1226 signilicatur
1179 1171 1275 1225 per
1327 1155 1468 1210 lilios
1521 1153 1672 1223 Levi,

67 1249 172 1319 qui
203 1249 258 1302 in
285 1245 647 1313 ministerium
681 1243 895 1301 Domini
925 1246 1192 1317 assumpti
1219 1255 1396 1304 erant.
1426 1245 1507 1300 Ad
1535 1260 1676 1317 quo-

66 1354 206 1394 rum
237 1337 676 1394 emendationem
707 1338 1262 1410 emundationemque
1291 1338 1546 1396 Christus
1583 1356 1674 1396 se-

65 1429 176 1496 dit,
213 1437 478 1500 tanquam
530 1429 811 1502 magister,
842 1439 897 1485 et
939 1430 1175 1486 vacavit.
1225 1429 1472 1486 Primum
1525 1433 1673 1488 enim

66 1519 363 1590 apostolos
403 1528 460 1574 et
523 1519 824 1590 discipulos
873 1534 1006 1576 suos
1049 1521 1175 1592 igne
1221 1522 1398 1578 sancti
1436 1520 1674 1593 Spiritus

62 1611 336 1684 purgavit
359 1619 416 1667 et
442 1609 793 1677 illuminavit,
825 1621 886 1668 ut
930 1627 1029 1683 per
1057 1612 1426 1670 ministerium
1476 1627 1670 1670 eorum

62 1705 264 1769 caeteri
313 1720 534 1776 quoque
579 1716 948 1777 purgarentur
991 1714 1048 1762 et
1091 1704 1552 1762 illuminarentur.
1600 1705 1672 1762 Et

62 1797 336 1867 conﬂabit
355 1813 463 1864 eos,
487 1797 686 1867 inquit,
717 1806 972 1868 tanquam
993 1815 1207 1865 aurum,
1230 1807 1280 1853 et
1308 1800 1462 1869 quasi
1484 1815 1673 1870 argen-

1767 595 1882 666 ,Job
1907 617 1921 652 :
1951 617 1970 652 ι
2000 599 2138 666 Quis
2156 609 2336 670 potest
2354 601 2535 659 facere
2552 601 2816 658 mundum
2839 602 2908 658 de
2931 602 3218 660 immundo
3235 619 3367 660 con-

1777 698 1994 761 ceptum
2019 691 2262 748 semine?
2298 691 2490 748 Nonne
2530 701 2589 748 tu
2610 694 2704 764 qui
2727 695 2879 751 solus
2898 696 2999 752 es?
3024 713 3045 748 ι
3071 695 3195 768 (Job
3217 699 3364 771 xm),

1779 778 1850 834 Et
1884 779 2104 848 sedebit,
2149 781 2350 852 inquit,
2379 783 2616 853 conﬂatis
2653 791 2703 838 et
2733 783 3025 839 emundans
3057 798 3367 858 argentum,

1777 871 1858 928 Ae
1878 872 1925 928 si
1952 873 2103 928 dicat
2127 891 2142 930 :
2167 871 2288 929 Non
2333 874 2458 930 illos
2483 874 2539 930 in
2561 875 2766 946 quibus
2805 877 2874 932 ad
2915 876 3108 933 horam
3151 878 3366 948 habitat

1777 963 1946 1033 Deus,
1971 965 2065 1022 sed
2088 966 2210 1022 illos
2233 966 2382 1023 solos
2404 966 2460 1022 in
2481 967 2684 1038 quibus
2705 968 2860 1024 sedet
2876 977 2934 1024 et-
2953 978 3160 1035 manet,
3181 983 3365 1028 emen-

1775 1057 1870 1114 dat
1897 1065 1951 1113 et
1970 1057 2133 1114 ellicit
2154 1067 2440 1130 argentum
2462 1076 2664 1131 purum
2689 1068 2744 1116 ct
2777 1076 2915 1128 vasa.
2936 1061 3242 1120 electionis.
3289 1063 3367 1118 Et

1775 1151 2022 1223 purgabit
2050 1151 2192 1223 ﬁlios
2215 1151 2362 1220 Levi,
2407 1152 2460 1209 id
2481 1162 2570 1210 est
2605 1153 2729 1210 illos
2763 1155 2858 1225 qui
2899 1155 3225 1211 videbantur
3265 1155 3364 1211 ad-

1775 1244 1875 1300 diti
1913 1259 2143 1300 numero
2181 1246 2563 1316 reproborum,
2599 1247 2886 1319 purgando
2924 1247 3091 1304 addet
3132 1263 3370 1304 numero

1773 1338 2070 1404 electorum
2091 1338 2494 1404 ministrorum,
2507 1349 2562 1395 et
2583 1338 2746 1394 faciet
2765 1339 3075 1396 eosoﬂ'erre
3091 1341 3371 1412 sacriﬁcio

1775 1431 1831 1486 in
1848 1430 2091 1502 justitia,
2116 1439 2178 1486 ut
2195 1430 2409 1502 iustitia
2434 1431 2509 1487 sit
2531 1432 2585 1487 in
2609 1430 2889 1498 oll'erente,
2910 1441 2966 1486 et
2989 1432 3046 1486 in
3071 1431 3276 1498 oblato,
3305 1435 3367 1497 et

1774 1523 1831 1580 in
1872 1523 2192 1580 intentione.
2229 1522 2300 1580 Et
2345 1523 2573 1594 placebit
2619 1523 2730 1578 Deo
2767 1523 3094 1593 sacriﬁcium
3129 1522 3276 1579 Iuda
3309 1525 3358 1579 ό

1774 1614 2094 1670 Jerusalem.
2129 1615 2208 1672 Ac
2230 1617 2276 1672 si
2299 1616 2446 1672 dicat
2469 1635 2483 1671 :
2509 1615 2646 1684 Quia
2677 1616 2736 1671 in
2761 1630 2891 1671 vera
2921 1614 3266 1671 confessione
3307 1623 3368 1684 et

1774 1721 1907 1782 pace
1929 1707 2338 1776 sacrificabant,
2360 1707 2652 1778 placebunt
2671 1706 2782 1764 Deo
2803 1707 2948 1764 sicut
2969 1707 3236 1763 sacriﬁcia
3258 1723 3364 1762 an-

1777 1800 2054 1872 tiquorum
2097 1812 2432 1858 sanctorum.
2474 1799 2791 1858 Clamemus
2818 1816 2970 1872 ergo,
3003 1799 3201 1856 fratres
3229 1801 3360 1866 mei,

63 1901 214 1956 sum,
246 1887 302 1944 id
326 1896 412 1945 est
433 1887 700 1959 sapientia
724 1898 779 1943 ct
799 1867 1106 1959 eloquentia
1133 1905 1229 1946 eos
1256 1867 1433 1947 claros
1461 1867 1668 1959 reddet,
1705 1867 1746 1928 Β
1777 1867 1891 1950 toto
1913 1894 2098 1962 corde,
2111 1893 2412 1951 clamamus
2432 1893 2502 1950 ad
2523 1893 2676 1951 illum
2701 1867 3368 1961 sanctu‘mmundatorem,

59 1995 172 2049 per
202 1995 348 2050 quas
393 1979 705 2050 praedicatio
751 1981 1112 2037 ministratur.
1161 1980 1231 2036 Et
1261 1992 1416 2036 erant
1446 1981 1674 2038 Domino

63 2073 358 2141 olerent“
408 2073 681 2142 sacriﬁcia
728 2074 784 2126 in
819 2074 1060 2144 justitia.
1133 2073 1244 2129 Deo
1288 2076 1472 2131 omnia
1506 2077 1672 2144 bona,

61 2163 184 2218 sibi
214 2162 333 2218 sola
363 2163 508 2218 mala
541 2163 926 2230 attribuentes,
972 2179 1080 2219 non
1107 2164 1308 2233 aliena,
1337 2167 1432 2223 sed
1461 2167 1674 2239 seipsos

62 2253 193 2310 Deo
225 2264 452 2326 propter
497 2254 668 2310 Deum
702 2257 1100 2317 sacrillcantes.
1151 2255 1266 2314 Hoc
1291 2267 1376 2315 est
1402 2260 1549 2316 enim
1582 2277 1673 2317 sa-

59 2346 330 2404 criﬁcare
355 2347 686 2404 sacriﬁcium
700 2348 949 2420 iustitiae.
973 2347 1195 2405 Utinam
1217 2348 1274 2406 et
1296 2366 1399 2408 nos
1419 2352 1674 2425 indignos

59 2445 398 2510 peccatores
416 2447 472 2494 et
497 2439 830 2507 sacerdotes,
855 2440 943 2496 ille
965 2441 1106 2512 ignis
1126 2439 1345 2496 divinus
1367 2449 1580 2513 purget,
1604 2441 1673 2496 il-

59 2530 318 2587 inminet
332 2538 387 2587 et
415 2529 736 2599 inflammet,
773 2541 1046 2602 quatenus
1083 2533 1415 2590 sacrificium
1446 2533 1678 2604 iustitiae

59 2638 392 2678 mereamur
406 2624 456 2678 ei
468 2622 630 2695 digne
643 2623 980 2680 sacriﬁcare!
1003 2625 1074 2679 Et
1083 2625 1331 2696 placebit,
1355 2625 1551 2696 inquit,
1569 2625 1675 2680 Deo

59 2715 408 2785 sacriﬁcium
433 2713 581 2770 Iuda
609 2724 660 2770 et
694 2714 995 2772 Jerusalem
1025 2760 1040 2782 ,
1091 2718 1141 2773 id
1179 2727 1263 2774 est
1293 2718 1580 2788 primitiva:
1606 2718 1674 2774 de

59 2807 284 2864 ludatis
309 2807 587 2874 Ecclesize,
611 2811 751 2863 sicut
787 2809 900 2864 dies
935 2811 1142 2878 saxuli,
1170 2811 1456 2878 subaudis,
1486 2812 1670 2883 primi.

63 2899 146 2954 Et
173 2901 321 2954 sicut
342 2899 470 2953 anni
499 2901 728 2972 antiqui,
771 2900 826 2955 id
857 2909 941 2956 est
965 2902 1110 2956 sicut
1155 2902 1486 2958 sacriﬁcium
1516 2901 1672 2970 Abel,

60 2992 335 3059 Abrahte,
384 2991 802 3059 Melchisedech,
846 3001 901 3048 et
945 3004 1268 3050 cancrorum
1319 2996 1674 3066 antiquorum

61 3082 329 3151 Patrum,
378 3099 612 3155 quorum
646 3084 978 3140 sacrificium
1032 3096 1242 3141 certum
1287 3096 1373 3142 est
1406 3077 1520 3142 Deo
1551 3087 1672 3158 pla-

62 3177 299 3244 coisse;
353 3177 464 3232 imo
492 3177 666 3249 magis
695 3193 859 3248 quam
907 3177 1064 3246 illud,
1113 3179 1241 3251 quia
1288 3179 1365 3234 illi
1413 3180 1670 3252 figuram,

62 3272 172 3328 isti
199 3287 395 3327 verum
421 3271 636 3343 Agnum
659 3280 714 3326 et
740 3287 930 3328 verum
962 3288 1158 3342 panem
1191 3273 1528 3330 obtulerunt.
1558 3272 1644 3330 .‘llo

63 3367 272 3423 raliter
311 3381 462 3432 vero,
507 3365 652 3422 sicut
701 3364 846 3422 Deus
891 3363 1055 3422 Pater
1106 3367 1371 3438 praemisit
1419 3368 1672 3440 angelum

65 3475 270 3527 suum,
298 3458 354 3514 id
383 3467 467 3516 est
492 3457 758 3515 Joannem
787 3458 1110 3530 Baptistam,
1138 3469 1198 3515 ut
1231 3469 1562 3531 praepararet
1584 3459 1676 3518 Fi-

60 3551 154 3606 lio
174 3567 280 3606 suo
305 3550 359 3605 in
387 3565 555 3606 carne
576 3551 836 3618 venienti,
863 3551 1032 3618 viam,
1059 3551 1134 3607 ita
1165 3552 1410 3624 quotidie
1437 3551 1677 3623 praemit-

62 3644 144 3697 tit
171 3642 398 3712 angelos
429 3658 562 3698 suos
588 3643 683 3712 qui
712 3643 1194 3714 praeparent-Filio
1221 3643 1399 3700 eidem
1430 3643 1677 3700 invisibi-

65 3733 206 3787 liter
237 3730 307 3785 ad
353 3731 521 3786 corda
568 3732 855 3791 hominum
904 3733 1143 3788 venienti
1201 3733 1370 3789 viam.
1437 3733 1676 3806 Angelos

66 3834 266 3880 autem
294 3823 420 3880 dico
447 3825 758 3881 sacerdotes
783 3833 838 3880 et
866 3825 1272 3896 praedicatores,
1312 3827 1406 3898 qui
1437 3827 1674 3899 primum

67 3916 387 3988 praedicant
415 3916 642 3972 verbum
698 3917 789 3973 Dei
837 3917 1202 3986 auditoribus,
1243 3929 1302 3974 ut
1331 3921 1402 3974 ita
1433 3927 1679 3991 postmo-

66 4010 212 4064 dum
249 4009 316 4064 ad
343 4009 508 4064 corda
537 4009 754 4065 illorum
790 4010 974 4066 veniat
1003 4011 1121 4082 ipse
1166 4011 1362 4067 Filius.
1401 4011 1676 4084 Scriptum

64 4113 166 4158 est
190 4101 338 4156 enim
370 4121 383 4157 :
423 4121 442 4154 ‹
473 4101 642 4157 Labia
689 4103 991 4160 sacerdotis
1015 4103 1330 4160 custodiunt
1361 4105 1672 4174 scientiam,

68 4203 138 4248 et
181 4193 355 4259 legem
407 4193 690 4264 requirent
717 4193 784 4249 de
814 4210 908 4249 ore
933 4194 1072 4264 ejus.
1126 4195 1366 4266 Angelus
1396 4196 1542 4251 enim
1573 4194 1679 4251 Do—

69 4286 222 4341 mini
251 4285 591 4340 exercituum
618 4294 705 4341 est
730 4284 890 4356 (Mal.
923 4285 1006 4356 ιι).
1037 4305 1055 4338 ι
1106 4284 1172 4341 Ει
1203 4303 1309 4342 non
1341 4289 1520 4344 solum
1554 4283 1684 4354 nos,

71 4379 179 4434 sed
208 4379 372 4433 ctiam
405 4379 666 4449 quislibet
689 4388 957 4447 vestrum,
1006 4377 1204 4435 fratres
1235 4381 1364 4446 mei,
1413 4381 1507 4451 qui
1556 4396 1680 4436 ver-

69 4473 217 4529 bum
249 4470 443 4527 salutis
465 4472 719 4543 proximo
748 4471 1059 4540 annuntiat,
1087 4471 1315 4543 angelus
1339 4471 1555 4528 Domini
1582 4488 1680 4544 po-

1697 3233 1744 3298 C

1773 1987 2109 2054 animarum,
2131 1996 2403 2056 quatenus
2445 1987 2563 2056 ipse
2603 1986 2846 2042 emolliat
2865 1985 3126 2041 duritiam
3151 1983 3368 2039 animar-

1772 2094 1894 2134 rum
1945 2088 2282 2145 nostrarum,
2327 2078 2600 2149 decoquat
2643 2077 2950 2149 rubiginem
2989 2085 3362 2146 peccatorum,

1774 2171 1964 2227 induat
1985 2187 2087 2226 nos
2111 2171 2348 2227 candore
2369 2185 2594 2228 suarum
2626 2170 2911 2236 virtutum,
2937 2168 3239 2224 inﬂammet
3261 2183 3365 2224 nos

1774 2264 1840 2318 ad
1869 2278 2115 2319 amorem
2137 2262 2390 2318 desiderii
2423 2261 2533 2330 sui,
2566 2269 2629 2317 ut
2663 2261 2849 2317 omnia
2885 2261 3200 2316 transitoria
3241 2269 3365 2316 tan-

1773 2370 1940 2426 quam
1963 2364 2204 2412 stercora
2231 2363 2545 2426 reputantes
2569 2352 2794 2424 (Philip.
2831 2351 2942 2424 ιιι),
2985 2351 3053 2407 ad
3089 2368 3216 2408 eum
3245 2359 3370 2407 toto

1774 2446 2053 2503 desiderio
2075 2445 2424 2512 festinemus,
2447 2453 2668 2504 nosmet
2687 2445 2744 2501 in
2769 2445 3150 2502 holocaustum
3176 2441 3371 2498 suavi-'

1776 2540 1905 2596 tatis
1927 2538 2124 2594 offerre
2145 2538 2217 2606 ci,
2240 2547 2294 2593 et
2331 2537 2402 2594 ab
2437 2553 2504 2594 eo
2543 2537 2753 2608 suscipi
2777 2549 3106 2601 mereamur,
3131 2535 3366 2588 interce-

1774 2633 1933 2688 dente
1975 2631 2070 2686 Dei
2111 2630 2409 2696 Gcnitriee,
2455 2645 2580 2701 qua:
2617 2629 2881 2687 hodierna
2909 2629 2998 2684 die
3039 2627 3240 2684 meruit
3275 2623 3373 2686 οἳ*

1777 2723 1917 2778 ferre
1939 2722 2137 2778 Filium
2163 2739 2326 2778 suum
2356 2721 2650 2779 Dominum
2677 2730 2929 2778 nostrum
2973 2719 3159 2776 Jcsum
3202 2717 3374 2774 Chrio'

1776 2824 1942 2880 stum,
1966 2813 2060 2884 qui
2080 2828 2205 2869 enim
2229 2812 2388 2870 Patre
2410 2822 2466 2868 et
2491 2811 2699 2882 Spiritu
2721 2819 2913 2867 sancto
2934 2810 3069 2866 vivit
3093 2818 3149 2866 et
3171 2814 3372 2881 regtiat

1776 2901 1922 2959 Deus
1949 2918 2047 2974 per
2075 2902 2263 2961 omnia
2284 2902 2482 2962 saecula
2511 2901 2860 2958 saeculorum.
2882 2899 3078 2956 Amen.

2509 2991 2628 3048 XII.

2265 3099 2396 3142 ιτειι
2421 3099 2472 3139 ιΝ
2494 3099 2670 3138 εουειι
2695 3098 2881 3138 ιιίῑετο.

1847 3175 2137 3248 Postquam
2189 3173 2435 3247 completi
2478 3182 2600 3232 sunt
2655 3173 2766 3226 dies
2803 3169 3138 3243 purgationis
3176 3165 3370 3226 Maria

1777 3269 2065 3325 secundum
2103 3271 2267 3342 legem
2312 3267 2485 3339 Moysi
2527 3266 2680 3340 (Luc.
2710 3268 2796 3337 ιι),
2819 3268 2926 3324 elc.
2954 3262 3144 3333 tlodie,
3167 3260 3368 3320 fratres

1778 3359 2112 3427 charissimi,
2141 3359 2316 3418 beatis
2337 3357 2577 3430 Virginis
2599 3367 2658 3414 et
2676 3359 2872 3416 matris
2891 3356 3110 3415 Domini
3131 3356 3368 3413 celebra.-

1776 3469 1904 3511 mus
1925 3453 2380 3525 purificationem.
2415 3449 2570 3508 Unde
2602 3461 2657 3508 et
2693 3449 3071 3521 Evangelium,
3099 3448 3250 3504 illius
3269 3463 3368 3504 ex-

1776 3545 1990 3617 plicans
2012 3545 2327 3612 historiam,
2353 3543 2518 3601 hodie
2543 3543 2804 3600 recitatur
2823 3542 2880 3598 in
2895 3551 3084 3598 sancta
3099 3539 3368 3608 Ecclesia,

1777 3652 2093 3710 proponens
2119 3636 2279 3697 nobis
2306 3645 2546 3708 quatuor
2566 3635 2726 3707 quasi
2767 3633 3018 3705 opposita
3045 3650 3060 3689 :
3093 3631 3366 3698 videlicet,

1780 3729 1926 3803 quod
1948 3746 2083 3802 pura
2110 3730 2451 3801 puriﬁcatur,
2478 3727 2626 3800 quod
2649 3726 2794 3782 Deus
2824 3725 3072 3792 offertur,
3097 3723 3244 3796 quod
3266 3723 3372 3778 Re-

1779 3821 2034 3892 demptor
2058 3820 2372 3887 redimitur,
2407 3819 2555 3892 quod
2583 3832 2750 3874 senex
2767 3815 2883 3888 jam
2913 3814 3218 3872 moriturus
3243 3829 3371 3885 grau-

1778 3916 2002 3972 tulatur.
2049 3913 2122 3971 Ut
2163 3914 2318 3987 quid,
2359 3913 2556 3970 fratres
2599 3913 2726 3977 mei,
2763 3910 2937 3968 voluit
2975 3907 3240 3966 Dominus
3282 3905 3370 3961 vel

1779 4017 2010 4063 matrem
2035 4023 2192 4064 suam
2215 4022 2434 4078 puram,
2461 4021 2588 4062 cum
2629 4020 2740 4059 non
2769 4003 3038 4074 indigeret
3060 3997 3366 4072 puriﬁcari,

1779 4103 1865 4158 vel
1907 4117 1967 4158 se
2007 4099 2179 4156 Deum
2205 4099 2412 4167 offerri,
2433 4099 2518 4155 vel
2549 4083 2968 4166 Redemptorem
3011 4091 3241 4148 redimi?
3285 4088 3374 4146 0b

1782 4181 1891 4251 tres
1913 4209 2110 4249 causas
2137 4211 2150 4247 :
2175 4202 2236 4248 ut
2258 4208 2317 4248 se
2345 4205 2455 4248 non
2479 4189 2690 4247 solvere
2711 4188 2904 4258 legem,
2933 4184 3029 4242 sed
3066 4181 3372 4254 adimplere

1780 4287 2186 4344 demonstraret
2219 4283 2438 4355 (Matth.
2469 4284 2548 4354 v),
2595 4291 2654 4336 ut
2694 4297 2790 4352 per
2831 4279 3017 4334 omnia
3059 4275 3372 4346 exemplum

1780 4380 2108 4436 humilitatis
2125 4379 2284 4434 nobis
2297 4384 2646 4449 proponeret,
2660 4382 2723 4430 ut
2733 4371 3118 4428 uosdebitores
3129 4386 3162 4426 a
3173 4367 3376 4426 debitis

1779 4488 1881 4544 pro
1905 4471 2064 4528 nobis
2085 4470 2324 4526 indebita
2355 4467 2616 4524 solvendo
2635 4466 2948 4522 redimeret.
2990 4461 3178 4519 Primo
3202 4459 3378 4532 igitun

71 4575 190 4622 test
217 4564 346 4620 diei.
400 4563 590 4636 Itaque
613 4565 784 4621 verbo
809 4565 1188 4637 praedicatoris
1215 4566 1458 4622 exterius
1485 4564 1552 4621 ad
1581 4582 1680 4620 au-
1709 4581 1758 4642 ι)
1781 4563 2036 4638 proponit
2057 4563 2216 4620 nobis
2240 4561 2572 4634 evangelista
2597 4558 2914 4630 purissimae
2932 4554 3163 4628 virginis
3184 4549 3384 4625 purin

75 4672 203 4713 rem
232 4667 480 4725 sonante,
512 4667 567 4714 et
592 4657 702 4714 Deo
723 4659 874 4715 intus
895 4658 1244 4716 invisibiliter
1266 4668 1546 4731 operante,
1573 4669 1687 4716 sta-

77 4753 186 4814 tim
214 4752 364 4806 venit
391 4752 618 4808 verbum
644 4749 827 4808 Patris
851 4769 948 4824 per
968 4753 1128 4810 fidem
1156 4753 1222 4808 ad
1245 4768 1360 4821 cor,
1395 4761 1450 4808 et
1471 4752 1603 4809 illud
1629 4752 1684 4808 in

76 4843 351 4912 templum
376 4844 481 4900 sibi
541 4844 867 4902 sanctiﬁcat.
918 4865 937 4898 ι
991 4843 1280 4918 Templum
1338 4843 1486 4902 enim
1536 4845 1682 4924 Dei,

77 4937 274 5008 inquit
312 4936 609 5009 Apostolus
636 4981 653 5006 ,
709 4941 972 4995 "sanctum
1032 4949 1153 5007 est,
1206 4941 1352 5012 quod
1413 4939 1548 4998 estis
1587 4957 1686 4999 vos

81 5029 144 5102 (1
177 5027 303 5085 Cor.
339 5031 444 5101 ιιι).
482 5051 501 5083 ι
551 5030 658 5088 Sed
689 5032 808 5103 quis
841 5033 1036 5102 poterit
1071 5035 1326 5105 cogitare,
1360 5033 1445 5088 vel
1488 5034 1691 5090 intelli-

82 5137 222 5195 gere
240 5123 380 5178 diem
411 5125 494 5179 vel
517 5124 711 5180 horam
737 5125 992 5180 adventus
1022 5126 1136 5196 ejus
1163 5127 1229 5182 ad
1255 5127 1390 5183 cor?
1423 5127 1500 5183 Ac
1523 5127 1567 5183 si
1600 5127 1688 5183 di-

81 5230 179 5276 cat
204 5238 221 5274 :
247 5217 463 5276 Nullus.
496 5218 615 5291 ipse
637 5220 784 5275 enim
828 5221 980 5277 solus
1003 5221 1153 5277 novit
1175 5223 1452 5294 quomodo
1476 5234 1688 5277 mentes

82 5300 388 5369 hominum
421 5311 476 5367 in
513 5314 714 5369 melius
744 5321 940 5382 mutet,
963 5315 1049 5370 vel
1081 5317 1358 5386 quomodo
1380 5315 1448 5371 ad
1477 5332 1572 5372 eas
1597 5333 1688 5370 ve-

83 5405 234 5472 niat,
261 5405 351 5461 vel
373 5421 469 5462 eas
491 5407 812 5462 sanctiﬁcct.
843 5405 1119 5479 Scriptum
1145 5417 1227 5463 cst
1247 5408 1394 5462 enim
1422 5427 1435 5464 :
1467 5429 1486 5462 ι
1517 5406 1690 5479 Spiri—

83 5509 182 5556 tus
225 5498 320 5553 ubi
362 5499 482 5554 vult
523 5499 717 5570 spirat,
763 5508 817 5554 et
848 5515 1037 5556 vocem
1073 5499 1192 5570 ejus
1227 5497 1408 5566 audis,
1433 5508 1487 5555 et
1511 5499 1690 5558 nescis

83 5591 238 5646 unde
261 5590 469 5656 veniat,
512 5600 607 5646 aut
647 5607 758 5660 quo
798 5592 959 5646 vadat
1005 5590 1186 5648 (Joan.
1212 5591 1316 5662 ιιι).
1350 5609 1370 5644 ι
1418 5589 1483 5645 Et
1507 5600 1687 5646 tamen

81 5682 197 5738 hoc
239 5681 484 5749 scimus,
527 5683 658 5752 quia
705 5682 796 5738 ille
838 5695 920 5738 est
965 5682 1120 5754 quasi
1166 5684 1302 5752 ignis
1339 5683 1598 5753 conﬂatis,
1640 5691 1692 5736 et

78 5775 248 5848 quasi
301 5766 464 5829 herba
512 5773 798 5845 fullonum.
865 5774 922 5830 ld
966 5783 1052 5830 est
1105 5775 1487 5830 auctoritatem
1531 5774 1694 5829 habet

79 5866 412 5929 muniendi
452 5876 664 5928 mentes
703 5884 800 5939 per
844 5868 1317 5940 cempunctioncm
1346 5910 1361 5936 ,
1409 5875 1463 5924 et
1501 5883 1695 5924 cmun-

1792 4656 2085 4722 cationem,
2103 4669 2228 4710 cum
2252 4652 2328 4710 ait
2355 4671 2368 4708 :
2389 4651 2682 4723 Postquam
2695 4648 2906 4720 impleti
2918 4655 3040 4702 sunt
3057 4646 3171 4702 dies
3184 4658 3384 4716 purgas

1793 4754 1952 4816 tionis
1981 4750 2174 4808 Maria:
2195 4750 2484 4806 secundum
2508 4748 2674 4821 legem
2706 4746 2902 4818 Noysi,
2941 4742 3228 4808 subaudis,
3264 4739 3379 4814 egit

1789 4847 1936 4919 quod
1947 4845 2289 4917 puriﬁcando
2311 4843 2490 4900 facere
2503 4842 2752 4898 debebat.
2770 4837 3032 4908 Praecepit
3048 4835 3195 4892 enim
3211 4834 3298 4891 lex
3315 4841 3379 4894 ut

1789 4940 1989 4996 mulier
2016 4953 2141 5011 quae
2169 4944 2422 5008 suscepto
2467 4933 2678 4992 semine
2710 4931 3016 4990 masculum
3053 4926 3381 5000 peperisset,

1789 5030 2073 5093 immunda
2121 5029 2416 5086 haberetur
2459 5035 2667 5098 septem
2715 5023 2930 5090 diebus,
2975 5029 3030 5077 et
3077 5019 3134 5074 in
3183 5025 3382 5078 octava

1789 5140 1928 5196 puer
1964 5121 2472 5185 circumeiderctur,
2521 5117 2736 5182 deinde,
2783 5114 2908 5170 aliis
2943 5111 3160 5183 triginta
3201 5109 3380 5166 tribu

1792 5221 2008 5286 diebus,
2056 5216 2484 5288 suspenderctur
2529 5214 2598 5270 ab
2642 5211 2867 5268 introitu
2916 5206 3123 5279 templi.
3167 5203 3382 5274 Quibus

1793 5307 2481 5384 expletis,quadragesimo
2510 5306 2598 5361 die
2624 5320 2748 5360 cum
2769 5299 2986 5366 hostiis,
3003 5313 3146 5372 agno
3173 5296 3384 5354 scilicet

1795 5413 1849 5460 et
1879 5412 2112 5469 turture,
2135 5401 2220 5458 vel
2238 5399 2756 5469 columba,puerum
2774 5393 2840 5450 ad
2863 5391 3123 5464 templum
3139 5389 3386 5445 offerret.

1799 5495 1855 5552 Si
1869 5505 2049 5552 autem
2065 5494 2368 5566 peperisset
2380 5490 2659 5557 feminam,
2673 5496 2791 5546 erat
2817 5484 3098 5542 immunda
3115 5488 3392 5554 quatuor-.

1795 5589 1970 5646 decim
1986 5588 2200 5655 diebus,
2217 5595 2272 5642 et
2301 5584 2423 5640 aliis
2446 5581 2727 5654 sexaginta
2747 5593 2843 5636 sex
2862 5577 3057 5634 diebus
3077 5569 3386 5643 suspende-

1795 5681 1959 5737 batur
1995 5680 2064 5735 ab
2111 5680 2362 5751 ingressu
2410 5674 2599 5748 templi
2636 5691 2650 5730 :
2699 5672 2877 5728 donec
2921 5663 3256 5738 octogesimo
3297 5656 3388 5715 die

1799 5790 1923 5830 cum
1937 5773 2132 5828 hostiis
2155 5772 2222 5827 ad
2246 5755 2507 5842 templum
2523 5767 2734 5826 veniret
2748 5763 2930 5836 (Deut.
2953 5759 3073 5832 ιιι).
3089 5755 3388 5812 Videamus

1804 5867 1970 5945 igitur
2011 5865 2299 5938 diligenter
2346 5864 2507 5919 verba
2557 5859 2738 5934 legis“
2768 5867 2822 5912 ct
2860 5855 3036 5926 primo
3083 5846 3384 5910 secundum
