3832 6314
447 353 591 414 1315

1693 333 2043 395 RADULPIII
2077 329 2424 390 ARDENTIS

3545 319 3667 376 ibi!

445 467 720 532 litteram;
753 465 830 523 ait
867 464 1019 523 enim
1056 460 1339 520 mulierem
1373 472 1496 530 quae
1535 464 1793 525 suscepto
1823 452 2032 508 semine
2061 453 2107 512 Α
2134 445 2540 510 reconciliaret;
2573 442 2692 513 ipso
2712 439 2873 497 Patre
2892 445 3051 505 teste,
3075 435 3172 508 qui
3189 435 3238 492 ei
3265 433 3519 490 innotuit:
3552 456 3570 487 ι
3602 434 3670 500 'l'u

450 559 760 616 masculum
821 556 1164 629 peperisset,
1227 551 1564 610 immundam
1637 551 1760 604 c’sse
1832 552 2039 614 septem

453 651 668 709 df‘ebus.
725 651 878 706 Illam
919 664 1051 706 vero
1099 662 1222 718 qua;
1265 645 1384 700 sine
1427 635 1634 700 semine
1669 637 2038 711 perperissct,

455 759 566 801 non
625 745 756 802 dicit
806 758 932 800 esse
971 739 1310 797 immundam
1359 751 1536 807 neque
1577 735 1846 806 praedicta:
1885 733 2040 806 puri-

456 838 705 896 ﬁcationi.
757 836 1057 908 suhjacere.
1107 831 1262 887 Patet
1312 845 1445 902 ergo
1491 828 1637 902 quod
1687 829 1846 885 beata
1876 827 2043 900 Virgo

459 943 586 999 qua:
610 928 729 984 sine
768 925 980 982 semine
1026 923 1094 979 de
1133 920 1340 994 Spiritu
1384 928 1576 978 sancto
1615 920 1885 993 concepit,
1915 935 2043 976 cum

461 1019 743 1076 immunda
792 1033 901 1072 non
955 1014 1160 1082 fuerit,
1212 1013 1592 1086 puriﬁcatione
1649 1027 1757 1069 non
1814 1013 2042 1085 eguerit.

459 1109 670 1182 itaque,
699 1109 898 1164 fratres
926 1106 1052 1172 mei,
1084 1105 1131 1163 si
1161 1113 1336 1161 mater
1361 1105 1615 1177 puritatis
1641 1121 1750 1161 non
1775 1105 2049 1162 recusavit

462 1200 898 1274 puriﬁcationem
924 1199 1058 1270 legis
1085 1197 1290 1265 subire,
1313 1197 1444 1269 quid
1473 1211 1576 1254 nos
1602 1197 1800 1268 impuri
1826 1207 1878 1254 et
1897 1197 2047 1269 impii

462 1294 645 1352 facere
683 1292 968 1359 debemus,
1011 1291 1106 1363 qui
1142 1291 1387 1363 quotidie
1417 1291 1800 1362 puriﬁcatione
1837 1291 2050 1362 indige-
2152 1295 2156 1299 ’

463 1386 623 1443 mus?
665 1383 837 1441 Mater
888 1385 1170 1440 munditia:
1201 1393 1257 1440 et
1299 1385 1610 1440 sanctitatis
1639 1384 2051 1440 mundationcm

463 1493 576 1536 non
598 1476 820 1549 refugit,
857 1487 913 1533 ct
943 1486 999 1533 tu
1031 1477 1246 1532 adulter
1267 1477 1352 1533 vel
1383 1478 1650 1545 adultera,
1678 1485 1736 1532 tu
1772 1476 2054 1534 immundo

463 1571 550 1630 vel
577 1569 882 1638 immunda,
904 1586 1001 1642 per
1020 1569 1456 1641 puriﬁcationem
1480 1570 1784 1642 disciplinae
1806 1579 1855 1627 et
1881 1571 2056 1641 paeni-

464 1663 652 1720 tentiae
698 1662 1046 1719 mundiﬁcari
1103 1662 1280 1736 fugis?
1334 1662 1613 1718 Moraliter
1660 1678 1810 1731 vero,
1871 1662 2054 1718 anima

466 1754 646 1811 ﬁdelis
667 1769 811 1826 quae,
842 1763 1098 1825 suscepto
1122 1754 1271 1810 verbi
1294 1753 1391 1810 Dei
1420 1755 1649 1822 semine,
1669 1753 1911 1811 fructum
1936 1770 2058 1810 ma-

2143 553 2200 594 es
2232 535 2404 592 Filius
2431 550 2585 590 meus
2619 535 2871 599 dilectus,
2899 531 2956 586 in
2993 545 3104 602 quo
3146 527 3280 584 mihi
3315 527 3444 583 bene
3468 527 3672 598 compla-

2143 631 2230 689 cui
2267 629 2485 701 (Matth.
2518 644 2609 695 Ill;
2661 643 2805 693 xvu;
2837 625 3006 679 Marc.
3037 623 3097 695 ι).
3136 641 3153 674 ι
3187 619 3300 676 Nos
3324 635 3464 692 ergo,
3488 619 3675 686 fratres,

2143 724 2190 781 si
2217 723 2544 795 quandoque
2571 713 2882 792 peCcamus,
2924 717 2970 772 si
2998 713 3325 786 quandoque
3343 710 3500 766 Deum
3533 711 3682 766 oﬂ‘eu—

2143 816 2346 882 dimus,
2377 830 2486 869 non
2513 829 2610 884 per
2631 827 2753 878 nos,
2780 809 2873 865 sed
2899 825 2997 880 per
3026 805 3309 862 Christum
3338 802 3686 858 reconciliatio-

2145 924 2271 966 nem
2296 922 2629 980 quaaramus,
2661 921 2756 976 per
2781 918 2942 974 quem
2970 900 3146 957 solum
3169 911 3380 970 preces,
3404 895 3684 963 oblationes,

2145 1009 2203 1058 et
2230 998 2424 1056 hostia:
2453 998 2596 1070 apud
2617 996 2788 1052 Deum
2819 994 3036 1050 Patrem
3069 988 3433 1063 aceeptabiles
3457 1004 3560 1044 esse
3583 1004 3689 1058 pos-

2149 1100 2299 1150 sunt.
2324 1089 2481 1147 Unde
2507 1098 2561 1146 et
2588 1089 2845 1161 quaelibet
2867 1086 3046 1142 oratio
3072 1083 3178 1141 Per
3200 1081 3479 1137 Dominum
3491 1091 3689 1133 nostra!!!

2148 1183 2334 1242 Iesum
2362 1181 2634 1239 Christum
2667 1179 2729 1235 ﬁt
2755 1188 2809 1236 et
2837 1175 3202 1234 concluditur.

2222 1317 2409 1375 Tertio
2428 1332 2558 1373 vero
2587 1315 2841 1386 proponit
2881 1315 3028 1383 quod
3065 1309 3404 1379 Redemptor
3429 1305 3595 1362 mundi
3629 1321 3700 1360 re-

2153 1412 2415 1478 dimitur,
2457 1426 2584 1466 cum
2633 1407 2887 1462 subditur
2921 1423 2936 1460 :
2975 1403 3044 1458 Et
3089 1412 3147 1456 ut
3192 1402 3386 1455 darent
3407 1399 3611 1453 hostium
3632 1414 3702 1452 ss-

2157 1506 2388 1562 cundum
2447 1503 2587 1576 quod
2643 1502 2899 1570 scriptum
2967 1507 3047 1552 est
3101 1497 3160 1551 in
3217 1494 3331 1565 lege
3379 1490 3593 1557 Domini,
3627 1509 3707 1561 par

2158 1607 2470 1664 turturum,
2525 1604 2620 1650 aut
2669 1594 2802 1648 duos
2852 1590 3029 1662 pullos
3086 1581 3710 1644 colwnbarumJleclto-

2159 1689 2264 1760 stia
2314 1700 2615 1758 pauperum
2661 1691 2811 1748 erat,
2871 1679 2966 1751 qui
3017 1693 3221 1749 agnum
3268 1674 3415 1731 ferre
3454 1688 3550 1726 non
3585 1680 3713 1742 pote-

2159 1789 2306 1836 rant.
2355 1778 2620 1850 Dignatus
2674 1783 2759 1830 est
2803 1772 2951 1829 enim
2996 1769 3269 1826 Dominus
3315 1780 3418 1837 pro
3442 1765 3584 1820 nobis
3608 1779 3717 1834 pau-

469 1845 639 1946 sculat
659 1852 715 1901 et
747 1854 952 1903 sanctae
979 1846 1104 1946 vitae
1136 1846 1285 1902 intus
1327 1846 1568 1946 concipit
1593 1862 1690 1918 per
1732 1846 1931 1901 bonam
1961 1860 2031 1902 vo
2089 1834 2259 1946 Β
2311 1834 2470 1937 ﬁeri”;
2525 1869 2784 1940 dignatus
2849 1874 2933 1922 es;
2979 1878 3079 1935 ριιο
3135 1834 3551 1917 ιιθωέτωῑτυῑ.
3610 1854 3718 1910 Data

471 1937 761 2005 luutatem,
789 1946 846 1994 et
873 1938 1116 1995 exterius
1138 1954 1330 2010 parcre
1360 1939 1551 2010 incipit
1579 1955 1678 2011 per
1707 1939 1906 1995 bonam
1930 1953 2062 2009 ope—

471 2031 782 2098 rationem,
836 2047 946 2087 non
1003 2031 1188 2087 statim
1242 2047 1302 2088 se
1359 2033 1662 2101 mundam,
1726 2033 1821 2089 sed
1879 2033 2063 2103 potius

477 2120 818 2178 immundam
850 2130 1106 2192 reputare
1124 2122 1304 2178 debet.
1330 2122 1489 2191 Quia,
1511 2124 1638 2195 quis
1665 2133 2068 2196 quantumcun-

478 2229 588 2284 que
640 2215 827 2286 justus
873 2213 1197 2286 gloriabitur
1253 2213 1522 2272 mundum
1567 2233 1628 2274 se
1684 2217 1886 2273 habere
1936 2216 2068 2273 cor?

479 2304 651 2363 Debet
670 2304 883 2378 ergo'se
915 2307 1254 2363 immundam
1292 2318 1418 2365 ante
1456 2308 1551 2366 Dei
1578 2311 1768 2367 oculos
1793 2319 2067 2382 reputare,

480 2405 538 2456 et
569 2399 840 2470 praecipue
866 2399 999 2454 dum
1044 2400 1226 2456 adhuc
1252 2400 1376 2472 ejus
1418 2403 1707 2458 conversio
1739 2418 1879 2459 nova
1904 2412 1990 2459 est
2016 2411 2073 2460 et

481 2490 658 2558 rudis,
681 2507 847 2563 quam
869 2491 1031 2548 debet
1059 2493 1114 2548 iu
1140 2501 1355 2562 octava,
1381 2493 1437 2551 id
1457 2503 1543 2552 est
1565 2494 1620 2553 in
1644 2496 1748 2553 ﬁde
1769 2505 1822 2553 et
1848 2512 1947 2569 pro
1969 2497 2073 2554 ﬁde

484 2583 928 2652 resurrectionis,
969 2601 999 2640 a
1042 2586 1210 2644 veteri
1256 2595 1311 2642 et
1351 2603 1492 2644 vana
1531 2591 1930 2650 consuetudine
1968 2591 2076 2648 cir-

483 2675 818 2745 cumcidere,
843 2678 938 2734 sed
964 2687 1020 2735 et
1043 2678 1210 2734 etiam
1239 2695 1338 2751 per
1359 2679 1726 2754 quadraginta
1753 2682 1890 2750 dies,
1919 2685 1972 2740 id
1993 2693 2078 2740 est

484 2785 586 2842 per
615 2779 786 2826 totum
813 2771 939 2827 vita:
965 2771 1252 2843 praesentis
1272 2788 1521 2842 cursum,
1537 2790 1598 2831 se
1617 2775 1777 2832 debet
1798 2791 1830 2832 a
1857 2786 2079 2848 praeter-

487 2863 582 2921 itis
624 2864 865 2933 peccatis
902 2879 1001 2936 per
1043 2864 1421 2936 pmnitentiam
1451 2875 1507 2923 et
1543 2867 1892 2940 disciplinam
1929 2869 2082 2940 puri-

2163 1965 2365 2037 quippe
2385 1971 2472 2020 est
2498 1962 2703 2029 hostia,
2732 1975 2856 2031 quae
2892 1959 3126 2014 dabatur
3151 1970 3255 2026 pro
3279 1951 3553 2022 conceptis
3570 1959 3619 2004 et
3641 1965 3721 2003 na-

2165 2054 2237 2111 tis
2277 2055 2330 2109 in
2360 2060 2607 2124 peccato,
2639 2066 2738 2122 pro
2776 2048 3031 2114 Domino,
3061 2045 3157 2116 qui
3188 2059 3297 2100 nec
3331 2050 3612 2110 conceptus
3645 2053 3723 2094 nec

2166 2159 2330 2204 natus
2380 2153 2466 2200 est
2520 2144 2577 2199 in
2638 2149 2880 2214 peccato.
2941 2139 3278 2208 Redemptus
3327 2143 3414 2192 est
3457 2133 3609 2187 etiam
3654 2147 3723 2184 se-

2168 2237 2410 2296 cundum
2439 2237 2546 2292 hoc
2575 2234 2721 2306 quod
2754 2233 3019 2303 scriptum
3049 2237 3157 2296 est,
3189 2224 3345 2298 quod
3377 2221 3726 2296 primogenitus

2170 2328 2267 2401 qui
2297 2343 2409 2382 non
2455 2334 2575 2382 erat
2604 2324 2672 2380 de
2702 2323 2849 2378 tribu
2886 2321 3039 2386 Levi,
3069 2318 3322 2390 quinque
3374 2314 3521 2371 siclis
3561 2311 3728 2383 argenti

2173 2418 2546 2479 redimebatur
2574 2415 2722 2487 (Leu.
2757 2413 2952 2484 xxvu).
2983 2410 3170 2467 Voluit
3217 2408 3371 2465 enim
3402 2406 3558 2462 nobis
3597 2405 3730 2458 vitam

2174 2511 2503 2570 humilitatis
2527 2519 2637 2565 tam
2665 2505 2917 2578 exemplo
2947 2521 3116 2577 quam
3149 2502 3323 2559 verbo
3371 2497 3728 2556 commendare.

2176 2601 2460 2672 Exemplo,
2496 2600 2650 2670 quia,
2670 2613 2797 2653 cum
2834 2604 2981 2652 esset
3018 2593 3266 2650 omnium
3295 2591 3475 2659 dives,
3507 2599 3650 2644 natus
3673 2596 3736 2642 est

2178 2707 2408 2763 pauper,
2436 2699 2490 2745 et
2520 2703 2621 2760 pro
2649 2687 2810 2743 nobis
2847 2701 3056 2758 pauper
3088 2685 3210 2740 ﬁeri
3252 2681 3450 2737 voluit.
3473 2678 3603 2735 Cum
3625 2687 3739 2734 esset

2181 2783 2513 2855 Redemptor
2543 2781 2754 2848 mundi,
2778 2779 2950 2835 voluit
2969 2776 3193 2844 redimi;
3221 2791 3351 2832 cum
3377 2781 3520 2830 esset
3548 2788 3632 2828 rex
3650 2787 3740 2825 om-

2181 2875 2358 2943 nium,
2383 2873 2557 2930 voluit
2581 2887 2680 2944 pro
2701 2887 2759 2928 se
2791 2871 3056 2926 tributum
3085 2867 3241 2934 dari;
3270 2881 3399 2922 cum
3423 2874 3570 2921 esset
3591 2863 3744 2918 Domi-

491 2957 677 3020 ltcare,
719 2968 773 3012 et
799 2955 1087 3028 lacrymis,
1132 2958 1334 3030 partim
1364 2959 1433 3016 de
1475 2961 1854 3017 recordatione
1889 2977 2083 3033 peoca-
2185 2981 2291 3022 nus
2319 2964 2589 3032 omnium,
2613 2962 2784 3018 voluit
2804 2959 3122 3017 hominibus
3146 2957 3311 3014 subdi
3352 2953 3506 3011 Unde
3531 2954 3636 3024 ipse
3653 2954 3744 3006 ait:

494 3054 701 3115 torum,
729 3048 927 3119 partim
956 3047 1025 3104 de
1047 3049 1323 3106 desiderio
1356 3050 1545 3121 patria:
1565 3052 1805 3109 caelestis
1828 3053 1994 3121 natis,
2025 3069 2086 3110 se
2197 3076 2216 3112 ‹
2254 3056 2373 3113 Non
2389 3056 2514 3112 veni
2540 3052 2868 3119 ministrari,
2899 3050 2996 3108 sed
3020 3049 3344 3106 ministrare
3369 3045 3588 3119 (Matth.
3620 3048 3742 3114 nl.»

495 3138 703 3208 lavare,
747 3137 944 3209 donec,
985 3151 1363 3246 consummata
1398 3143 1662 3246 praesenti
1688 3143 1816 3213 vita,
1847 3143 2084 3200 fructum
2117 3185 2161 3246 Ο
2191 3149 2394 3218 Verbo,
2421 3149 2550 3222 quia
2575 3145 2860 3218 discipulis
2888 3144 3070 3201 adhuc
3106 3141 3451 3206 carnalibus,
3477 3149 3530 3195 et
3551 3138 3614 3194 de
3630 3138 3749 3208 prino

501 3244 664 3288 suum
686 3247 812 3288 cum
838 3243 1188 3291 sacramento
1220 3233 1362 3308 Αςηί
1397 3235 1733 3292 immaculati
1759 3245 1815 3292 et
1841 3236 2093 3294 castitate
2121 3232 2161 3246 ““
2195 3243 2378 3315 cipatu
2406 3238 2860 3298 contendentibus
2882 3236 2997 3292 ait:
3033 3255 3052 3287 ι
3087 3232 3196 3301 Qui
3219 3232 3397 3303 major
3419 3241 3506 3288 est
3531 3240 3749 3294 vestrum,

507 3326 738 3381 :urturis
764 3368 780 3394 ,
819 3335 875 3382 et
923 3327 1240 3384 innocentia
1285 3328 1555 3385 columbae
1611 3331 1873 3401 templum
1905 3331 2097 3402 patriae
2197 3335 2292 3392 ﬁat
2322 3332 2703 3404 sicutjunior;
2726 3339 2781 3387 et
2805 3329 2901 3402 qui
2925 3342 3227 3400 praecessor
3246 3334 3356 3393 est,
3381 3325 3526 3380 sicut
3560 3322 3644 3395 qui
3671 3323 3750 3376 Ini-

507 3417 748 3474 emlestis
779 3431 1060 3475 mereatur
1095 3420 1344 3477 introire.
1390 3421 1589 3478 Anima
1623 3437 1758 3479 vero
1788 3440 1912 3496 quae
1940 3423 2100 3480 femi-
2200 3424 2401 3483 nistrat
2435 3423 2589 3497 (Luc.
2629 3422 2796 3494 χιιι),
2843 3422 3050 3478 docens
3085 3435 3184 3476 eos
3219 3418 3288 3474 de
3334 3419 3456 3474 sola
3498 3415 3754 3472 humilitate

511 3526 662 3578 nam,
705 3512 758 3566 id
797 3523 900 3580 est,
944 3513 1164 3570 mollem
1208 3515 1543 3572 voluntatem
1579 3517 1849 3589 concepit,
1887 3527 1941 3573 et
1967 3533 2100 3588 ope-
2202 3519 2552 3576 contendere.
2577 3514 2638 3572 In
2675 3531 2786 3588 quo
2827 3522 3016 3571 nostra
3043 3512 3357 3569 retunditur
3386 3508 3654 3581 superbia,
3686 3507 3754 3576 qui

513 3603 687 3658 rando
713 3605 933 3661 mollem
955 3606 1122 3660 vitam
1152 3608 1380 3678 peperit,
1405 3607 1572 3680 duplo
1597 3625 1761 3680 quam
1787 3609 1892 3664 alia
1911 3610 2105 3681 majori
2206 3596 2484 3669 malumus
2508 3609 2783 3666 dominari
2813 3624 2978 3683 quam
3010 3606 3190 3675 subdi,
3223 3606 3318 3677 qui
3352 3604 3594 3676 fugimus
3620 3600 3756 3656 domi-

516 3695 723 3768 indiget
743 3697 1146 3766 puriﬁcatione,
1176 3707 1230 3754 et
1267 3715 1363 3770 per
1386 3699 1745 3772 quadraginta
1771 3702 1911 3768 dies,
1937 3701 1988 3756 id
2023 3710 2110 3757 est
2209 3715 2396 3761 natum
2423 3704 2730 3770 hominum,
2761 3713 2818 3758 et
2844 3701 3193 3758 dominatum
3239 3715 3350 3755 nou
3380 3697 3619 3769 fugimus
3641 3695 3757 3749 vitio-

518 3804 617 3861 per
649 3797 820 3846 totam
851 3800 1174 3862 praesentem
1216 3793 1382 3848 vitam
1409 3808 1519 3848 non
1565 3792 1728 3865 digne
1766 3793 2107 3864 puritieatur.
2211 3812 2356 3864 rum,
2385 3796 2479 3868 qui
2511 3795 2716 3852 tributa
2763 3795 2895 3851 dare
2939 3792 3259 3850 hominibus
3288 3792 3454 3863 quasi
3482 3801 3670 3862 pestem
3697 3787 3759 3841 lu-

525 3880 632 3938 Sed
654 3891 709 3938 et
729 3884 894 3938 etiam
927 3893 1050 3955 post
1077 3895 1308 3942 mortem
1344 3886 1398 3941 in
1434 3887 1767 3960 purgatoriis
1790 3888 1926 3944 locis
1957 3887 2113 3958 puriv-
2214 3889 2414 3962 giiuus,
2475 3895 2529 3942 ct
2572 3885 2775 3942 tributa
2832 3887 2964 3941 dare
2988 3884 3206 3940 diabolo
3235 3898 3347 3938 non
3379 3883 3675 3947 horremus,
3695 3877 3762 3947 qui

526 3975 742 4044 ticatur,
788 3976 964 4034 donec
997 3981 1332 4052 octogesimo
1367 3981 1487 4049 die,
1535 3982 1590 4038 id
1632 3992 1745 4051 est,
1777 3983 1830 4038 in
1864 3997 2115 4039 resurre-
2215 3978 2416 4034 damna
2468 3986 2523 4032 et
2575 3975 2892 4031 exactiones
2938 3972 3187 4045 pecunia:
3233 3971 3395 4042 quasi
3431 3969 3764 4042 gravissimum

530 4066 732 4134 ctione,
758 4068 914 4138 plene
936 4071 1241 4140 puriﬁcata,
1269 4073 1324 4128 in
1355 4074 1616 4145 templum
1643 4085 1860 4130 «Bleer
1884 4074 2119 4130 beatitu-
2218 4071 2400 4127 scelus
2432 4068 2699 4141 fugimus,
2728 4076 2784 4124 et
2813 4066 3016 4122 damna
3046 4064 3380 4122 innocentiae
3399 4078 3512 4118 non
3539 4063 3762 4118 timemus.

532 4158 679 4215 diuis
698 4160 1035 4217 admittatur.
1067 4161 1320 4227 Secundo
1343 4181 1470 4221 vero
1499 4166 1756 4236 proponit
1782 4166 1927 4237 quod
1956 4165 2118 4234 Deus,
2222 4161 2281 4218 Si
2309 4162 2509 4233 aliquis
2539 4161 2818 4217 saecularis
2843 4159 2995 4214 tollat
3017 4157 3178 4214 nobis
3204 4157 3521 4228 pecuniam,
3543 4157 3610 4211 ab
3629 4154 3765 4210 Emi-3

537 4267 662 4308 cum
699 4253 771 4309 sit
798 4255 978 4311 omnis
1006 4257 1233 4325 oblatio,
1272 4257 1522 4325 oﬁ'ertur,
1555 4275 1681 4313 cum
1704 4258 1890 4315 subdit
1915 4277 1926 4312 :
1969 4257 2125 4316 Tule—
2223 4253 2304 4311 sia
2329 4269 2600 4320 arcemus,
2627 4253 2808 4309 divina
2836 4251 3085 4308 ﬁdelibus
3101 4249 3484 4321 prohibemus,
3507 4247 3617 4306 Deo
3631 4254 3769 4302 nos“

539 4355 665 4399 runt
683 4344 867 4400 Iesum
907 4349 960 4402 in
992 4347 1354 4416 Hierusalem,
1377 4359 1434 4403 ut
1455 4350 1701 4404 sisterent
1730 4366 1850 4403 eum
1875 4349 2124 4419 Domino,
2226 4347 2510 4404 servitium
2535 4344 2933 4402 subtrabimus.
2964 4341 3031 4396 Et
3055 4341 3184 4412 quia
3209 4341 3371 4396 nobis
3395 4339 3637 4395 aufertur
3657 4354 3769 4410 νοω-
3806 4377 3807 4380 η

540 4437 682 4492 sicut
710 4439 967 4509 scriptum
999 4448 1076 4493 est
1105 4439 1160 4493 in
1191 4439 1301 4510 lege
1327 4438 1561 4506 Domini,
1593 4440 1719 4509 quia
1742 4456 1892 4495 omne
1914 4458 2126 4495 mascu-
2229 4441 2341 4509 nia,
2371 4455 2471 4495 uos
2498 4439 2654 4493 nobis
2685 4436 2986 4492 auferimus
3011 4435 3196 4490 divina
3227 4433 3340 4488 Deo
3369 4432 3662 4488 ministeria
3685 4444 3768 4482 sua.
3806 4491 3807 4506 1

542 4528 714 4584 linum
734 4530 1048 4602 adaperiens
1072 4531 1303 4599 vulvam,
1323 4540 1568 4585 sanctum
1582 4531 1811 4587 Domino
1835 4535 2126 4589 vocabitur.
2165 4555 2209 4612 ι)
2237 4532 2308 4590 Ut
2337 4533 2470 4604 quid
2507 4532 2646 4587 hoc?
2693 4530 2802 4585 nisi
2834 4528 2965 4600 quia
2994 4528 3141 4583 viam
3193 4525 3314 4594 Dei,
3363 4534 3710 4598 paupertatem
3737 4529 3771 4572 et
3806 4589 3807 4594 η

545 4622 687 4690 Quia
747 4639 983 4696 namque
1042 4622 1311 4680 Dominus
1363 4622 1421 4678 in
1475 4621 1712 4696 Egypto
1770 4625 2135 4698 primogenita
2239 4624 2603 4682 humilitatem
2634 4621 3023 4693 abjicimus,ct
3054 4619 3348 4690 pecuniam
3383 4617 3499 4673 Deo
3542 4627 3600 4673 et
3633 4616 3770 4670 anim

546 4713 902 4772 Hebraeorum
929 4717 998 4772 ab
1027 4715 1221 4787 angelo
1246 4715 1586 4787 percutiente
1608 4727 1939 4786 servaverat,
1968 4718 2140 4774 voluit
2240 4728 2446 4776 nostrae
2479 4716 2873 4789 praeponimus.
2908 4713 3113 4770 Contra
3155 4727 3298 4784 quos
3328 4711 3622 4784 Apostolus
3649 4710 3772 4776 loqui-

549 4807 819 4866 Domiuus
839 4808 1408 4880 primogenitaeorum
1434 4809 1499 4864 de
1519 4819 1717 4866 caetero
1739 4810 2067 4867 sanctiﬁcari
2086 4818 2141 4866 et
2244 4827 2334 4876 ιυι-
2368 4835 2382 4873 ;
2417 4836 2436 4870 ι
2472 4815 2732 4882 omnino,
2761 4811 2960 4885 inquit,
2999 4811 3260 4867 delictum
3285 4816 3372 4865 est
3406 4809 3463 4864 in
3486 4808 3650 4874 vobis,
3674 4801 3774 4874 quid

551 4901 757 4960 oﬁ‘erri.
787 4900 952 4957 Juxta
979 4915 1148 4971 quam
1190 4899 1613 4971 institutionem,
1652 4902 1921 4960 Dominus
1955 4911 2141 4959 noster
2243 4910 2627 4968 contentiones
2657 4907 2871 4966 habetis
2904 4907 3046 4962 inter
3073 4920 3192 4972 vos,
3219 4918 3395 4976 quam
3422 4918 3536 4958 non
3557 4899 3702 4970 magis
3723 4898 3776 4947 in-
3806 4897 3807 4954 ζ

550 4993 712 5052 Iesus
733 4995 973 5065 seipsum
989 4992 1288 5050 voluitDeo
1307 4993 1455 5051 Patri
1471 4995 1673 5066 oil’erri,
1689 4997 1942 5054 videlicet
1965 5006 2023 5052 ut
2045 5013 2142 5069 per
2240 5004 2447 5076 iuriam
2471 5000 2723 5074 patimini
2749 5000 2773 5063 ’ζ
2809 5017 2827 5051 ι
2866 4997 2916 5069 (ι
2947 4997 3073 5054 σω»,
3098 4995 3198 5068 γι.)
3225 4973 3439 5063 Quam
3452 4988 3779 5064 quoqucindlv

553 5090 792 5146 hostiam
833 5089 919 5145 sui
957 5087 1205 5160 corporis
1249 5103 1352 5171 nos
1388 5089 1501 5147 Deo
1543 5091 1942 5148 reconciliaret.
1969 5091 2140 5158 Alias,
2243 5096 2318 5154 cit
2366 5094 2701 5166 evangelista
2753 5107 2939 5148 senem
2969 5089 3293 5162 prophetam
3343 5088 3452 5154 iam
3495 5077 3807 5166 moriturum}

553 5183 702 5239 unde
735 5182 848 5239 Deo
875 5183 1040 5239 homo
1061 5168 1402 5241 reconciliari
1431 5186 1680 5258 poterat?
1713 5184 1773 5241 Si
1802 5184 1950 5241 enim
1975 5185 2143 5241 homo
2250 5187 2348 5260 qui
2382 5161 2535 5257 viso,
2563 5183 2712 5257 quod
2726 5161 3166 5249 'desideraverat,
3188 5189 3344 5252 optat
3369 5179 3572 5235 dimitti
3593 5177 3653 5234 ad
3678 5187 3778 5260 mr-

554 5273 786 5331 oﬁerret~
811 5274 1054 5346 seipsum
1084 5275 1198 5333 Deo
1224 5275 1395 5346 Patri,
1425 5293 1552 5336 cum
1593 5294 1722 5335 reus
1763 5286 1927 5347 esset,
1963 5277 2144 5350 potius
2250 5259 2380 5337 tem.
2407 5277 2752 5337 Describitur
2764 5286 2947 5332 autem
2976 5275 3104 5334 talis
3120 5275 3217 5346 qui
3246 5273 3450 5346 dignus
3476 5273 3550 5328 sit
3579 5259 3780 5325 Decii!"

553 5366 906 5424 oxacerbaret
939 5383 1066 5425 eum
1093 5383 1260 5442 quam
1286 5370 1546 5440 placaret.
1579 5371 1638 5426 Si
1669 5369 1890 5427 oll'erret
1927 5386 2048 5438 sua,
2090 5376 2148 5428 ut
2253 5367 2935 5430 testimonium.Namerat
2950 5367 3157 5440 justus,
3173 5363 3782 5434 reddensunicuiquesn.

555 5475 760 5534 agnum
785 5461 867 5518 vel
892 5461 1126 5531 hircum,
1155 5471 1253 5520 aut
1292 5463 1630 5535 hujusmodi,
1661 5462 1844 5519 minor
1881 5471 2030 5520 esset
2063 5462 2149 5519 ob
2259 5464 2567 5530 timoratus,
2593 5476 2704 5516 non
2721 5461 2918 5523 timore
2939 5459 3148 5526 servili,
3161 5459 3256 5515 sed
3273 5458 3453 5522 ﬁliali;
3483 5455 3614 5527 quia
3627 5447 3785 5507 timebit

559 5557 711 5624 latio,
729 5573 829 5615 nec
849 5573 949 5631 pro
968 5559 1166 5616 dilecto
1188 5550 1559 5617 satisfactura.
1586 5557 1642 5613 Si
1667 5556 1891 5630 angelus
1915 5571 1974 5612 se
1997 5554 2156 5613 oi'fer-
2261 5573 2390 5614 cum
2441 5555 2770 5620 dilectione,
2820 5561 2875 5609 et
2897 5551 3158 5622 diligebat
3201 5565 3331 5607 cum
3383 5549 3583 5604 timore
3634 5543 3781 5600 Deum:

559 5660 643 5706 ret
672 5667 769 5722 pro
793 5652 1037 5721 homine,
1067 5653 1274 5710 oblatio
1295 5661 1443 5709 esset
1472 5651 1541 5706 ab
1572 5650 1794 5706 homine
1823 5649 2021 5704 aliena.
2053 5647 2160 5703 lta-
2264 5646 2556 5719 Espectans
2607 5661 2720 5701 non
2773 5655 2833 5700 ut
2869 5643 3094 5710 dubius,
3143 5641 3240 5698 sed
3286 5649 3497 5705 certus,
3528 5636 3786 5722 παίωνι»

562 5719 937 5814 quc'Verbum
981 5719 1188 5801 factum
1237 5753 1325 5802 est
1368 5745 1536 5800 homo
1563 5742 1744 5815 (Joan.
1775 5743 1838 5812 I),
1885 5751 1944 5797 ut
1990 5741 2159 5796 homo
2262 5755 2401 5797 rem.
2445 5739 2514 5795 Et
2563 5737 2800 5810 Spiritus
2837 5745 3083 5803 sanctus,
3125 5748 3253 5788 cum
3290 5742 3505 5803 septem
3535 5729 3676 5786 donis
3692 5719 3807 5808 suisl

561 5852 660 5909 per
684 5837 865 5894 omnia
891 5837 1000 5894 Deo
1029 5826 1252 5909 placens
1271 5852 1371 5911 pro
1392 5837 1615 5895 homine
1635 5836 1871 5906 oblatus,
1901 5849 2028 5892 cum
2049 5832 2162 5898 Deo
2266 5841 2382 5889 erat
2408 5832 2462 5888 in
2492 5848 2572 5889 eo.
2614 5829 2714 5887 llic
2744 5827 2955 5887 orando
2979 5834 3033 5886 et
3068 5823 3458 5897 desiderando,
3509 5825 3735 5880 memerat
3760 5823 3780 5864 ι
