3850 6318
39 372 216 434 1385
1180 377 1514 437 ΙΙΟΜΙΙΛᾸΞ.
1555 409 1624 420 ——

1763 380 1838 438 DE
1875 379 2220 441 TEBIPORE.
3211 389 3367 456 151³

38 488 290 561 Spiritu
327 502 523 552 sancto
561 493 763 552 habere
807 508 1135 568 responsum
1175 513 1286 554 non
1316 497 1566 556 visurum
1613 503 1749 569 ςοπΑ
1776 498 1995 574 phirum
2019 498 2336 574 illuminati,
2377 516 2546 574 supra
2567 500 2948 565 immaculatas
2977 509 3261 569 columnas
3295 514 3363 568 i-‘I

37 593 335 653 mortem,
363 582 542 642 donec
569 587 780 645 videret
805 586 1110 645 Christum.
1141 587 1209 644 Et
1229 593 1390 657 venit,
1418 605 1529 646 non
1551 568 1689 652 for-7.
1773 568 1942 657 $39303
1965 568 2268 657 “Olﬁmﬁét
2302 572 2386 657 ,ίὲδ
2432 568 2774 657 ἓὲκηιξδίδιιε
2817 579 2885 633 ad
2905 577 3004 636 υθί
3056 568 3360 640 occursum

33 674 238 744 tui‘tu,
273 678 368 734 sed
407 677 714 736 illustratus
761 696 796 736 a
830 679 1060 752 Spiritu,
1089 681 1148 736 in
1186 681 1472 753 templum,
1513 690 1570 737 et
1611 682 1670 739 iu

31 767 270 824 eodem
322 768 530 841 Spiritu
561 787 688 829 eum
723 787 847 830 esse
887 772 1170 830 Christum
1215 775 1500 844 intellexit,
1529 784 1584 832 et
1608 775 1666 832 in

33 859 232 918 ulnas
266 877 398 920 suas
425 878 554 919 eum
597 865 861 936 suscepit.
892 863 1033 932 Quis
1065 874 1244 937 potest
1271 883 1526 938 pensare,
1554 866 1694 938 ira:

33 958 176 1009 tres
227 954 373 1022 mei,
439 965 706 1026 quantum
755 956 1020 1030 gaudium
1076 957 1269 1014 habuit
1324 957 1428 1016 iste
1473 973 1692 1027 senex,-

31 1046 295 1113 quando
325 1045 744 1119 Redemptorem
767 1064 929 1105 suum
952 1057 1007 1106 et
1031 1050 1245 1118 mundi,
1273 1066 1439 1122 quem
1466 1051 1664 1108 tandiu

31 1137 494 1206 desiderarent,
521 1140 896 1210 suspiraverat
918 1150 974 1197 et
1016 1150 1448 1214 exspectaverat,
1485 1142 1691 1212 oculis

35 1225 228 1296 vidit,
295 1228 438 1286 inter
483 1230 711 1286 brachia
753 1233 1020 1300 sustulit,
1059 1233 1343 1288 exsultans
1392 1233 1664 1303 portavit?

32 1316 164 1384 Qui
195 1335 335 1376 cum
369 1321 552 1394 gaudii
580 1321 1010 1394 magnitudinem
1041 1338 1143 1378 nec
1185 1323 1516 1394 exprimere,
1559 1340 1662 1382 nec

32 1411 298 1468 omnino
337 1420 518 1469 tacere
546 1421 762 1484 posset,
789 1415 845 1468 in
881 1414 1184 1486 gratiarum
1213 1415 1484 1470 actionem
1532 1431 1663 1487 pro-

33 1514 378 1570 rumpens,
435 1501 713 1558 benedixit
751 1504 820 1558 de
868 1503 1154 1560 immensis
1210 1503 1492 1560 beneﬁciis
1546 1505 1662 1562 suis

33 1589 241 1646 Dequ
271 1601 331 1659 et
350 1592 487 1648 dixit
510 1611 524 1648 :
559 1591 719 1664 Nunc
739 1593 974 1648 dimittis
991 1610 1198 1649 servum
1222 1603 1392 1662 tuum,
1415 1593 1660 1664 Domine,

27 1686 359 1740 secundum
383 1686 595 1740 verbum
637 1695 786 1740 tuum
837 1686 894 1741 in
934 1704 1081 1758 pace.
1123 1687 1205 1744 Ac
1253 1685 1300 1743 si
1347 1696 1532 1758 aperte
1573 1688 1661 1744 di-

31 1785 141 1831 cat
175 1794 190 1830 ;
231 1775 414 1844 Nunc,
447 1776 694 1844 Domine,
725 1776 970 1850 exhibito
995 1777 1143 1850 quod
1179 1777 1534 1848 promiseras,
1561 1793 1660 1835 oro

32 1868 267 1924 dimitti
294 1869 355 1922 in
375 1884 529 1939 pace,
561 1868 785 1940 quando
811 1877 938 1940 post
979 1869 1413 1942 magnitudinem
1445 1869 1656 1942 gaudii,
1691 1871 1734 1928 Β
1764 1868 1916 1942 ¹¹⁶¹¹³¹Ῐ
1939 1868 2247 1942 ῗν¹³⁸ξῖ¹⁶¹³ξ¹’
2279 1868 2313 1942 ,ξ

33 1976 166 2016 non
223 1928 462 2018 sentiam
513 1928 765 2019 mortem.
811 1928 887 2018 Et
929 1928 1103 2034 quare
1151 1971 1364 2018 tantum
1414 1928 1658 2036 gaudesi
1762 1929 2042 2036 ³ξ³⁰⁵ξ⁰¹¹¹⁸
2061 1928 2346 2036 ἀίδίξίρυίίε

35 2054 207 2122 Quia
243 2055 492 2120 viderunt
535 2055 675 2110 oculi
723 2057 827 2112 mei
849 2056 1088 2112 salutare
1117 2069 1286 2112 tuum.
1317 2055 1652 2126 Exteriorcs,

30 2147 400 2204 exteriorem
423 2163 679 2216 carnem;
708 2148 1022 2215 interiores,
1045 2147 1362 2224 interiorem
1401 2149 1660 2205 divinita-

36 2246 196 2294 tem.
238 2237 492 2306 Quarum
541 2239 860 2311 coniunctio
895 2250 981 2296 est
1005 2241 1247 2298 salutare
1277 2251 1431 2297 tuum
1475 2251 1530 2298 et
1567 2258 1661 2298 no-

36 2339 278 2398 strum;
307 2340 485 2400 tuum,
508 2331 636 2402 quia
663 2331 798 2400 das;
830 2341 1104 2402 nostrum,
1127 2333 1257 2405 quia
1279 2334 1580 2406 accipimus
1605 2344 1660 2392 et

37 2421 344 2479 sentimus
365 2420 717 2490 beneﬁcium,
746 2423 1193 2494 quandoquidem
1231 2424 1492 2494 salutare,
1543 2441 1656 2482 non

36 2523 138 2570 est
175 2514 487 2588 singulare,
519 2515 614 2571 sed
655 2516 902 2571 omnium
927 2531 1238 2572 commune.
1287 2515 1441 2574 Unde
1475 2519 1660 2589 sequi-

40 2617 146 2664 tur
173 2627 193 2664 :
233 2607 396 2675 Quod
420 2611 629 2681 parasti
675 2619 800 2666 ante
845 2611 1037 2676 [aciem
1057 2613 1292 2667 omnium
1319 2612 1662 2687 populorum.

36 2699 272 2756 Lumen
303 2701 372 2756 ad
390 2701 755 2758 reuelationem
771 2703 1028 2774 gentium,
1052 2703 1162 2761 huc
1177 2720 1351 2776 usque
1365 2721 1656 2778 caecarum,
1683 2769 1688 2774 ,

37 2802 98 2848 et
127 2792 376 2864 gloriam
395 2794 560 2866 plebis
592 2805 700 2850 tua:
730 2792 923 2850 Israel.
963 2793 1039 2852 De
1063 2797 1266 2868 quibus
1286 2796 1541 2855 Christus
1571 2813 1682 2872 se:

41 2885 320 2942 cundum
341 2903 564 2944 carnem
591 2898 755 2945 natus
779 2896 884 2944 est.
912 2885 980 2942 Et
1021 2888 1152 2960 quia
1203 2889 1366 2946 hodie
1405 2891 1496 2947 ille
1534 2907 1659 2948 san-

41 2987 190 3036 ctus
216 2995 389 3036 senex
431 2977 512 3038 sic
537 2997 570 3037 a
611 2980 817 3054 Spiritu
861 2989 1054 3054 sancto
1089 2983 1432 3042 illuminatus
1452 2993 1557 3055 est,
1596 2994 1684 3056 ut,

43 3071 258 3128 lumen
304 3073 471 3130 totius
502 3073 693 3129 mundi
739 3081 1062 3145 agnosceret
1103 3082 1159 3130 et
1190 3074 1480 3146 bajularet,
1515 3076 1682 3151 hinc,

43 3164 300 3222 inolevit
328 3180 450 3222 mos
478 3167 536 3222 in
564 3173 754 3223 sancta
775 3165 1022 3222 Ecclesia
1053 3176 1113 3223 ut
1135 3181 1329 3224 omnes
1362 3168 1658 3224 luminaria

43 3273 306 3314 accensa
349 3258 510 3314 hodie
552 3259 712 3330 quasi
746 3257 1028 3315 Christum
1067 3259 1123 3314 in
1156 3259 1412 3316 manibus
1447 3259 1660 3330 baiula-

43 3366 213 3410 mus.
243 3349 390 3423 Ignis
421 3351 574 3416 enim,
601 3350 975 3418 divinitatem;
1011 3365 1164 3418 cera,
1191 3365 1316 3422 quae
1351 3350 1469 3422 apis
1500 3350 1661 3422 virgi-

46 3442 214 3498 nalis
239 3451 326 3498 est
361 3457 522 3514 opus,
555 3443 952 3499 humanitatem
1005 3457 1075 3498 ex
1119 3441 1342 3514 Virgine
1379 3451 1657 3514 sumptam

44 3531 430 3605 demonstrat.
454 3531 566 3590 Nos
587 3534 794 3604 itaque,
819 3531 1038 3601 fratres,
1066 3548 1382 3604 quaeramus
1403 3534 1662 3590 omnibus

45 3627 253 3683 modis
299 3627 610 3683 animarum
639 3636 952 3684 nostrarum
999 3625 1470 3698 puriﬁcationem;
1516 3627 1663 3682 redi-

45 3735 291 3775 mamus
314 3727 541 3794 peccata
572 3729 763 3796 nostra
793 3735 888 3791 per
915 3719 1390 3792 eleemosynarum
1437 3718 1664 3791 largita-

47 3822 180 3868 tem
205 3830 222 3880 ;
266 3811 559 3870 oll‘eramus
589 3812 702 3869 Deo
724 3812 779 3867 in
804 3812 1208 3880 holocaustum,
1235 3811 1466 3868 turturis
1494 3810 1661 3866 casti-

49 3914 240 3962 tatem
264 3913 320 3974 et
357 3905 623 3986 columba:
648 3905 1038 3962 innocentiam.
1053 3905 1280 3963 Etsicut
1297 3905 1662 3977 utraqueavis

48 3999 202 4055 facit
231 3998 492 4069 gemitum
523 4013 624 4070 pro
656 4006 844 4066 cantu,
875 3999 1008 4055 dum
1043 4015 1237 4056 sumus
1282 4000 1338 4056 in
1381 3999 1488 4056 hac
1523 3999 1664 4056 valle

53 4093 445 4163 lacryrnarum
500 4105 717 4162 semper
744 4089 1047 4148 habeamus
1088 4091 1375 4166 gemitum,
1423 4097 1480 4147 et
1504 4103 1685 4160 more,

52 4183 256 4239 sancti
289 4181 582 4257 Simeonis,
627 4183 901 4259 justitiam
941 4183 1254 4240 esuriamus
1281 4189 1336 4240 et
1383 4181 1680 4254 sitiamus.,

53 4272 458 4347 Desideremus
479 4282 762 4346 pacemet
787 4273 973 4330 videre
1018 4272 1138 4330 dies
1180 4273 1357 4330 bonos
1379 4315 1394 4342 ,
1440 4282 1502 4329 ut
1529 4273 1665 4330 visi-

54 4365 283 4422 tatione
307 4363 405 4422 Dei
443 4366 719 4435 illustrati,
746 4373 804 4423 et
848 4364 1048 4438 gaudio
1089 4365 1264 4422 sancti
1289 4363 1529 4437 Spiritus
1575 4379 1664 4422 re-

55 4456 228 4531 pleti,
256 4457 403 4530 pleni
435 4458 646 4515 dierum
673 4467 730 4515 et
749 4459 1050 4531 gaudentes
1078 4457 1420 4536 dimittamur
1448 4459 1503 4512 in
1527 4470 1679 4529 pace

57 4548 142 4605 ad
169 4557 404 4604 mortem
432 4548 632 4623 victuri
655 4548 713 4604 in
734 4556 1024 4618 aeternum,
1049 4562 1148 4619 per
1169 4546 1452 4603 Christum
1481 4545 1664 4602 Domi-

59 4656 209 4699 num
259 4650 530 4710 nostrum,
566 4641 658 4698 cui
693 4651 776 4698 cst
808 4642 988 4699 honor
1015 4649 1070 4699 et
1097 4640 1268 4715 gloria
1310 4655 1408 4712 per
1447 4639 1663 4697 inﬁnita

60 4733 403 4792 saeculorum
423 4735 644 4792 seacula.
673 4735 870 4792 Amen.

713 4829 1022 4886 Annotatio.

143 4921 388 4994 Observa
409 4931 782 4994 pervetustum
812 4922 1073 4980 Ecclesiae
1085 4939 1318 4992 morem,
1331 4922 1478 4994 quod
1500 4922 1555 4979 in
1573 4923 1662 4994 die

64 4993 482 5067 Puritlcationis
501 4995 673 5050 beatae
697 4993 879 5067 Maria}
896 4995 1121 5067 virginis
1145 4993 1385 5067 candela:
1413 5010 1552 5067 cerae
1572 4993 1662 5051 be-

68 5065 311 5134 nedicta:
323 5065 562 5120 ﬁdelium
579 5065 834 5122 manibus
849 5063 1137 5121 deferuntu
1145 5083 1190 5122 r.
1204 5065 1362 5134 Quod
1378 5065 1542 5120 etiam
1559 5079 1676 5121 an-‘

68 5145 252 5218 tumat
287 5133 527 5208 Cyrillus
547 5137 994 5260 archiepiscopus
1024 5133 1572 5220 Hier-osolymitanus,
1600 5137 1659 5192 in

69 5215 328 5260 oratione
359 5208 428 5260 de
466 5222 699 5260 occursu
783 5223 958 5260 omtm
994 5216 1168 5260 nostri
1188 5205 1320 5260 Jesu
1345 5208 1572 5260 Christi.
1603 5215 1659 5260 et

69 5205 428 5274 oratione'de
466 5222 699 5264 occursu
736 5205 958 5263 Domini
994 5209 1168 5265 nostri
1188 5205 1320 5264 Jesu
1345 5207 1572 5274 Christi,
1603 5215 1661 5264 et

68 5273 460 5360 dehSimegne
496 5278 592 5350 qui
640 5275 1101 5360 Deummexcepit.
1119 5277 1529 5360 Quamobrem,
1550 5273 1659 5360 jn-

69 5349 215 5422 quit,
244 5347 425 5422 venite
462 5345 564 5406 vos
590 5362 784 5422 omnes
809 5345 1022 5405 Christi
1035 5358 1091 5404 et
1119 5345 1218 5405 Dei
1248 5345 1522 5422 amantes,
1550 5345 1674 5404 Do-'

71 5418 228 5476 mino
280 5418 390 5474 laeti
435 5429 492 5475 et
543 5419 734 5475 mundi
777 5431 1176 5491 occurramus,
1207 5433 1317 5476 non
1357 5418 1611 5491 ‘legaliter
1637 5461 1654 5488 ,

73 5493 172 5564 sed
223 5491 616 5564 spiritualiter;
653 5507 762 5546 non
805 5498 1050 5546 ventrem
1102 5490 1311 5564 geliciis
1349 5490 1651 5564 explentes,

73 5563 173 5619 sed
217 5561 418 5631 spiritu
465 5562 838 5630 exsultantes;
888 5576 1001 5616 non
1049 5561 1149 5617 nos
1202 5561 1330 5618 vino
1379 5561 1656 5617 inebrian-

73 5641 179 5697 tes,
231 5631 546 5716 scd'spiritu
582 5631 873 5716 ferventes.
904 5631 1036 5688 La:ti
1068 5631 1228 5689 hodie
1257 5634 1656 5716 lantpall‘lespr-

72 5719 293 5759 nemus.
320 5701 604 5773 Tanquam
630 5703 724 5758 lilii
750 5703 912 5770 lucis,
941 5718 1096 5759 ceras
1117 5719 1262 5760 verre
1284 5701 1393 5760 luci
1432 5701 1654 5758 Christo

71 5775 391 5831 eieramus.
414 5772 682 5840 Quoniam
711 5774 891 5830 lumen
914 5774 984 5828 ad
1013 5774 1382 5842 reuelationem
1423 5774 1658 5845 gentium

73 5847 288 5902 mundo
328 5845 600 5914 apparuit,
639 5845 762 5902 ideo
807 5845 1016 5901 lumina
1051 5861 1116 5904 ex
1146 5845 1354 5900 lumine
1385 5843 1550 5913 supra
1573 5843 1631 5897 ni

74 5933 200 5973 rem
236 5915 697 5982 resplemleamus.
727 5915 904 5985 Supra
929 5916 1015 5974 lac
1051 5915 1307 5983 dcalbati,
1345 5930 1508 5985 supra
1533 5928 1636 5984 sap

1765 656 2047 698 exeamus.
2081 639 2250 698 Hodie
2283 642 2476 724 di_l_ecti_
2495 642 2616 701 festi
2653 663 2876 724 ettrsum
2913 661 3174 722 perpetuo
3219 669 3350 724 per-

1766 726 2016 795 agamus,
2039 729 2165 795 cum
2196 714 2403 785 angelis
2428 715 2628 795 choros
2648 714 2943 795 ducamus,
2959 714 3085 778 cum
3113 714 3351 794 pastori-

1767 783 1880 860 bus
1906 783 2306 860 illuminemur,
2338 801 2465 841 cum
2509 787 2828 860 orthodoxis
2877 783 3190 860 adoremus,
3223 810 3352 850 cum

1767 851 2082 928 Bethlehem
2115 853 2315 910 festum
2354 873 2602 928 agamus,
2637 875 2762 915 cum
2792 859 3048 919 Simeone
3071 851 3354 920 Christum
3379 863 3386 878 ³

1768 923 1912 1006 ulnis
1928 925 2350 1006 amplectantur,
2359 923 2420 1006 ut
2433 923 2606 1006 simu
2618 930 2761 988 intra
2773 941 2974 1006 aeterna
2986 933 3192 1006 Christi
3210 936 3352 1006 bona
3375 955 3383 962 ·

1765 996 1936 1064 gratia
1947 1005 2004 1050 et
2014 996 2459 1054 miserationibus
2477 1009 2532 1054 et
2543 1001 2828 1058 clementia
2843 1001 3055 1059 Domini
3071 1007 3244 1062 nostri
3261 1005 3354 1061 Je-

1765 1079 1829 1120 su
1847 1066 2070 1134 Clu-isti,
2093 1067 2182 1123 cui
2195 1068 2364 1139 gloria
2377 1078 2432 1125 et
2443 1071 2750 1141 potentiain
2775 1075 2973 1131 sarcula
2997 1076 3348 1133 smculorum.

2489 1171 2626 1228 XIII.

2154 1278 2206 1318 IN
2233 1278 2516 1320 CATBEDBA
2545 1281 2735 1322 SLNC'I‘I
2759 1283 2941 1325 PETRI.

1836 1373 2028 1429 Petrus
2071 1377 2340 1447 apostolus
2374 1377 2501 1434 Jesu
2533 1378 2753 1450 Christi,
2813 1383 2993 1438 electis
3024 1385 3238 1440 advenis
3263 1387 3350 1440 di-

1687 1485 1693 1494 ’
1763 1466 2048 1535 spersionis
2076 1466 2260 1536 Ponti,
2294 1467 2544 1538 Galatia,
2577 1469 2950 1542 Cappadociae,
2992 1474 3156 1542 Asia,
3180 1485 3230 1530 et
3258 1469 3352 1530 Bi-

1765 1558 1980 1628 thynius,
2011 1560 2299 1613 secundant
2318 1563 2709 1631 prwscientiam
2732 1563 2830 1619 Dei
2844 1565 3048 1635 Patris,
3071 1569 3126 1622 in
3150 1569 3355 1623 sancti-

1761 1651 2064 1720 [irationem
2107 1650 2362 1722 Spiritus,
2421 1654 2480 1707 in
2523 1654 2873 1710 obedientiam
2901 1665 2952 1712 et
2997 1661 3351 1729 aspersionem

1761 1741 1890 1796 Jesu
1921 1741 2143 1811 Christi,
2167 1746 2344 1816 gratia
2374 1745 2518 1799 vobis
2569 1755 2620 1800 et
2665 1763 2770 1817 pax
2810 1747 3214 1821 multiplicetur,
3239 1763 3346 1809 etc.
3377 1785 3383 1792 ι

1764 1834 1916 1891 Hanc
1939 1836 2247 1907 epistolam,
2294 1836 2493 1892 fratres
2531 1838 2659 1906 mei,
2702 1840 2894 1896 scribit
2936 1842 3128 1898 beatus
3153 1843 3349 1900 Petrus

2353 1971 2367 1996 ,
2397 1930 2494 2000 qui
2522 1931 2590 1986 de
2623 1930 2860 1999 diversis
2911 1934 3226 1991 nationibus
3254 1951 3350 1992 ve-

1761 2019 1993 2088 nientes,
2023 2030 2182 2076 erant
2205 2023 2459 2078 conversi
2490 2023 2558 2077 ad
2590 2022 2750 2079 ﬁdem
2790 2023 2918 2082 Jesu
2955 2025 3183 2095 Christi,
3211 2028 3346 2084 etin

1759 2114 2161 2184 persecutione,
2193 2129 2316 2184 quae
2357 2113 2499 2170 facta
2537 2123 2624 2170 est
2661 2115 2717 2171 in
2745 2116 2991 2174 Ecclesia
3037 2117 3350 2192 Hierosoly-

1760 2205 1988 2274 mitana,
2013 2207 2234 2278 quando
2260 2207 2530 2278 lapidatus
2555 2215 2639 2263 est
2661 2207 2991 2280 Stephanus,
3016 2225 3114 2281 per
3134 2211 3348 2268 diversa

1761 2299 1881 2354 loca
1906 2298 2136 2370 dispersi
2171 2307 2318 2354 sunt.
2338 2299 2408 2353 At
2428 2299 2621 2361 beatus
2649 2297 2843 2355 Petrus
2872 2301 3188 2372 relinquens
3221 2299 3349 2356 Hie—

1760 2391 2022 2459 rusalem,
2083 2401 2342 2464 tanquam
2397 2391 2589 2447 ﬁrmus
2622 2399 2678 2448 et
2705 2393 2926 2447 nescius
2949 2393 3140 2448 cedere
3171 2407 3355 2462 persev

1683 2495 1688 2502 '
1760 2484 1990 2553 cutioni,
2017 2492 2280 2557 tanquam
2306 2485 2488 2540 bonus
2506 2491 2698 2556 pastor
2714 2484 2921 2540 habens
2960 2499 3150 2541 curam
3181 2485 3350 2542 etiam

1762 2577 1829 2633 de
1863 2577 2204 2645 absentibus,
2244 2576 2544 2647 Epistolam
2583 2577 3010 2632 consolatoriam
3045 2587 3098 2633 et
3123 2577 3349 2634 confor-

1760 2669 2016 2725 tatoriam
2047 2669 2128 2724 eis
2150 2668 2359 2724 scribit.
2389 2667 2596 2737 Primo,
2627 2683 2723 2725 eos
2760 2668 3038 2737 salutans;
3083 2670 3347 2740 secundo,

1763 2759 1831 2818 de
1855 2777 2045 2816 eorum
2061 2759 2308 2832 profectu
2329 2759 2500 2816 Deum
2527 2761 2886 2825 benedicens;
2914 2761 3094 2830 tertio,
3123 2763 3191 2818 ad
3215 2762 3351 2820 tole-

1761 2853 1996 2910 rantiam
2030 2853 2349 2924 passionum
2388 2861 2443 2908 et
2483 2853 2902 2909 tribulationum
2950 2864 3213 2927 tanquam
3238 2855 3350 2912 uti-

1760 2945 1896 3002 lium
1917 2961 2012 3002 eos
2033 2946 2352 3002 exhortans.
2383 2943 2491 3001 Sed
2517 2947 2661 3016 quod
2688 2955 2816 3004 tunc
2849 2949 3044 3004 beatus
3065 2950 3350 3020 apostolus

1760 3035 1956 3094 Petrus
1989 3037 2203 3094 dicebat
2236 3037 2366 3106 illis,
2405 3054 2554 3095 nunc
2576 3054 2816 3110 quoque,
2853 3039 3070 3108 fratres,
3093 3057 3194 3113 ego
3222 3043 3350 3098 dico

1760 3129 1940 3197 vobis,
1979 3129 2378 3202 qualiscunque
2397 3145 2500 3201 ego
2525 3131 2631 3186 sim
2655 3131 2748 3202 qui
2779 3131 3016 3190 cilicium
3045 3141 3102 3189 et
3130 3140 3352 3205 aposto-

1687 3221 1731 3281 C
1762 3222 1934 3278 latum
1962 3221 2108 3277 Petri
2137 3222 2344 3291 habeo;
2373 3223 2579 3280 missus
2604 3224 2748 3280 enim
2785 3239 2906 3279 sum
2935 3224 3092 3280 vobis
3124 3240 3354 3298 evange-

1761 3314 1948 3370 lizare.
1977 3311 2082 3380 Qui
2108 3313 2274 3369 etiam
2314 3313 2509 3372 Petrus
2543 3329 2667 3372 esse
2693 3316 2886 3384 debeo,
2912 3315 2966 3373 id
3001 3325 3087 3373 est
3113 3317 3347 3386 ﬁrmus;

1760 3413 1950 3479 pastor
1967 3407 2113 3462 enim
2135 3406 2278 3462 inter
2304 3407 2718 3476 persecutiones
2746 3417 2800 3464 et
2830 3410 3158 3466 tentationes
3181 3409 3345 3466 debet

1759 3512 1882 3554 esse
1927 3497 2120 3554 ﬁrmus
2161 3505 2218 3553 et
2255 3496 2438 3566 fortis,
2471 3506 2534 3554 ut
2567 3497 3010 3569 imperfectiones
3030 3508 3141 3555 tam
3179 3502 3372 3558 verbo-

1761 3604 1928 3660 quam
1958 3589 2208 3660 exemplo
2241 3589 2418 3660 possit
2459 3589 2804 3646 conﬁrmare.
2839 3588 2949 3646 Vos
2973 3606 3213 3664 quoque,
3245 3592 3353 3649 ira-

1761 3690 1875 3738 tres
1895 3682 2025 3750 mei,
2073 3682 2231 3738 electi
2271 3682 2426 3749 estis,
2454 3681 2501 3739 si
2534 3690 2718 3737 tamen
2748 3683 2944 3740 tenetis
2994 3699 3157 3754 opere
3199 3685 3347 3757 quod

1762 3775 1896 3833 estis
1922 3775 2231 3844 vocatione,
2272 3775 2318 3832 si
2341 3775 2475 3832 estis
2497 3775 2640 3831 sicut
2658 3776 2899 3844 nomine,
2932 3776 3008 3832 ita
3037 3777 3094 3832 in
3117 3777 3347 3833 veritate

1761 3867 2082 3924 Christiani.
2126 3866 2365 3923 Adventu
2393 3881 2615 3938 quoque
2645 3868 2779 3925 estis
2809 3868 2866 3923 in
2899 3867 3004 3924 hoc
3034 3870 3261 3936 mundo,
3299 3868 3348 3926 si

1675 3971 1683 3979 ‘
1762 3960 2124 4033 intelligentes
2153 3977 2246 4019 vos
2275 3977 2383 4018 non
2418 3961 2620 4017 habere
2641 3961 2732 4016 hic
2785 3967 3098 4017 manentem
3152 3961 3350 4017 civita-

1677 4065 1684 4070 '
1763 4064 1894 4124 tem,
1923 4055 1991 4112 ad
2015 4063 2277 4112 aeternam
2309 4055 2544 4127 patriam
2591 4063 2706 4110 toto
2752 4054 3024 4111 desiderio
3049 4053 3346 4122 festinatis,

1763 4148 1810 4203 si
1833 4147 1976 4203 inter
1997 4147 2163 4219 hujus
2184 4146 2364 4204 exsilii
2387 4146 2641 4202 miserias
2671 4145 3108 4217 ingemiscentes,
3156 4145 3221 4200 ad
3246 4160 3368 4216 ρει-ι·

1675 4235 1680 4254 ⁵
1763 4240 1925 4296 triam
1964 4238 2278 4312 suspiratis,
2317 4247 2371 4295 et
2423 4238 2605 4296 dicitis
2653 4253 2780 4294 cum
2825 4236 3096 4309 Propheta
3129 4255 3144 4293 :
3174 4256 3193 4290 ί
3227 4235 3347 4293 Iieu

1763 4332 2093 4404 mihilquia
2139 4331 2410 4387 incolatus
2437 4346 2592 4386 meus
2646 4330 3001 4402 prolongatus
3046 4335 3130 4385 est
3170 4325 3346 4400 (Psal.

1763 4425 1936 4498 cxtx).
1969 4445 1988 4480 ›
2026 4423 2095 4482 Ει
2131 4424 2304 4481 illud:
2337 4443 2356 4478 ‹
2391 4425 2613 4480 Advena
2653 4439 2754 4496 ego
2781 4439 2904 4479 sum
2931 4421 3075 4494 apud
3111 4429 3162 4477 te
3185 4431 3353 4493 etpe-

1764 4519 2036 4591 regrinus,
2074 4518 2218 4575 sicut
2258 4533 2450 4573 omnes
2479 4523 2663 4588 patres
2689 4515 2796 4573 mei
2821 4514 2998 4588 (l’sal.
3027 4515 3284 4580 xxxviii).
3321 4531 3342 4567 ο

1765 4611 1824 4667 In
1855 4610 2194 4684 dispersione
2221 4611 2385 4667 etiam
2425 4609 2590 4682 positi
2611 4609 2766 4677 estis,
2790 4607 3051 4680 quoniam
3082 4605 3240 4675 pauci
3265 4605 3352 4659 in-

1765 4713 1849 4761 ter
1867 4704 2111 4762 inﬁnitos
2140 4703 2350 4772 malos,
2395 4701 2539 4760 sicut
2569 4716 2746 4774 pauca
2777 4715 2950 4772 grana
2985 4698 3128 4753 inter
3147 4696 3368 4753 multas

1673 4789 1678 4794 ’
1763 4799 1950 4870 paleas
2005 4798 2155 4856 misti
2207 4798 2359 4855 estis.
2403 4797 2558 4852 Alius
2604 4794 2750 4851 enim
2806 4793 3103 4848 electorum
3133 4789 3264 4844 latet
3291 4787 3351 4844 in

1764 4889 1958 4965 Ponto,
2002 4895 2143 4950 alius
2173 4892 2228 4948 in
2258 4887 2623 4962 Cappadocia,
2666 4887 2808 4942 alius
2837 4884 2895 4941 in
2925 4879 3156 4948 Galatia,
3207 4879 3350 4935 alius

1767 4995 1822 5052 in
1845 4992 1996 5060 Asia,
2030 4990 2171 5046 alius
2207 4988 2261 5042 in
2291 4983 2574 5056 Hispania,
2607 4981 2750 5038 alius
2780 4979 2837 5036 in
2876 4976 3180 5043 Britannia,
3208 4973 3350 5031 alius

1761 5085 1872 5153 hic,
1897 5093 1952 5140 et
1978 5082 2120 5138 alius
2147 5079 2242 5136 ibi.
2269 5076 2421 5145 Quos
2444 5075 2610 5140 Deus,
2633 5071 2729 5144 qui
2753 5071 2904 5128 solus
2927 5067 3079 5124 novit
3097 5067 3193 5138 qui
3217 5073 3349 5122 sunt

1759 5175 1880 5248 ejus
1913 5171 2002 5247 (II
2049 5169 2188 5227 Tim.
2243 5170 2328 5241 ιι),
2364 5167 2420 5223 in
2461 5166 2570 5221 line
2623 5163 2951 5221 saeculorum
2979 5156 3287 5231 segregabit
3314 5171 3349 5212 a

1760 5266 1942 5334 malis,
1973 5273 2029 5322 et
2049 5263 2106 5319 in
2138 5275 2308 5317 unum
2333 5255 2708 5331 congregabit.
2767 5251 2844 5310 Ad
2887 5252 2993 5308 hoc
3014 5249 3181 5318 enim,
3204 5255 3350 5304 teste

1758 5357 1990 5423 Joanne,
2039 5360 2292 5410 mortuus
2331 5345 2446 5407 est‘
2472 5347 2748 5412 Christus,
2804 5350 2868 5400 ut
2920 5341 3062 5397 ﬁlios
3109 5336 3206 5396 Dei
3251 5337 3384 5409 qui'

1759 5457 1915 5505 erant
1985 5444 2242 5516 dispersi,
2304 5445 2664 5511 congregaret
2719 5436 2776 5491 in
2804 5449 2976 5490 unum
3029 5431 3212 5506 (Joan.
3241 5429 3344 5500 ιι).

1761 5539 1930 5596 Electi
1965 5543 2148 5594 autem
2189 5533 2323 5590 estis
2360 5547 2469 5588 non
2501 5528 2804 5587 secundum
2838 5527 3033 5582 merita
3055 5531 3238 5580 vestra
3258 5520 3348 5576 vel

1759 5641 2047 5707 parentum
2100 5636 2430 5692 vestrorum,
2487 5623 2578 5679 sed
2619 5624 2906 5678 secundum
2956 5614 3348 5688 prwscientiam

1761 5725 1859 5782 Dei
1884 5723 2090 5790 Patris,
2115 5721 2208 5792 qui
2227 5719 2437 5777 scilicet
2459 5731 2557 5772 vos
2579 5729 2679 5772 sua
2703 5713 2818 5769 sola
2844 5708 3018 5782 gratia
3049 5707 3118 5762 ab
3143 5712 3350 5760 interno

1761 5812 2273 5890 praedestinavit.Ad
2286 5809 2442 5883 quid?
2455 5808 2520 5864 In
2533 5805 3008 5876 sanctiﬁcationem
3020 5797 3274 5870 Spiritus,
3287 5803 3350 5850 ut

1763 5911 2014 5968 videlicet
2025 5924 2119 5981 per
2131 5906 2407 5980 spiritum,
2425 5919 2481 5960 sa
2491 5909 2676 5958 ortum
2691 5899 2744 5954 in
2755 5896 3028 5971 baptismo
3039 5909 3139 5948 vos
3151 5901 3348 5947 cmun-
