3832 6314
528 396 671 457 15η

1791 384 2142 446 R’ADULPIII
2184 376 2533 441 ARDENTIS

3411 351 3441 387 ‘
3620 377 3711 433 ius

525 515 682 572 daret
702 512 772 569 ab
798 493 1058 570 omnibus
1079 507 1321 583 peccatis
1334 503 1553 563 vestris.
1573 501 1644 560 Et
1665 504 1723 559 in
1749 504 2120 572 obedientiam,
2152 510 2199 571 Α
2227 505 2640 558 resurrecturus
2685 506 3055 567 spei-aremus.
3087 487 3161 551 ﬁ
3188 485 3391 551 sint
3419 489 3532 566 spei
3550 474 3641 549 illa?
3668 494 3715 551 Is

526 607 587 663 ut
622 605 833 663 scilicet
862 603 1109 660 mundati
1142 618 1176 658 a
1210 600 1466 674 peccatis,
1492 614 1602 655 non
1642 596 1893 653 rediretis
1929 598 1997 654 ad
2022 614 2119 654 vo.

526 698 745 764 mitum,
774 697 870 753 sed
897 697 965 752 de
993 704 1189 752 caetero
1214 691 1488 748 mandatis
1512 690 1607 746 Dei
1629 691 1944 746 obedientes
1965 706 2116 747 essci-

525 792 618 847 tis.
640 788 708 844 Et
735 791 791 845 in
813 789 1168 861 aspersionem
1194 785 1469 856 sanguinis
1495 782 1624 838 Iesu
1642 782 1864 849 Christi,
1888 790 1950 837 ut
1968 783 2117 838 vide-

526 883 650 938 licet
681 882 974 954 participes
1008 878 1204 935 essetis
1254 876 1528 947 passionis
1557 874 1784 942 Christi,
1817 890 1914 945 per
1947 890 2115 946 quam

526 980 703 1035 solam
747 994 975 1050 regnum
1020 977 1285 1033 emlorum
1322 976 1480 1031 vobis
1503 975 1747 1046 aperitur
1784 982 1840 1030 et
1872 975 2113 1031 coelestia

526 1069 754 1125 terrenis
793 1066 1257 1124 confmderautur.
1305 1065 1404 1122 Hic
1430 1075 1517 1123 est
1558 1066 1703 1121 enim
1745 1066 1882 1121 ordo
1923 1066 2117 1122 salutis

523 1171 743 1226 nostrai,
768 1159 966 1216 fratres
992 1159 1118 1214 mei.
1146 1158 1333 1213 Primo
1351 1156 1497 1214 enim
1524 1167 1816 1230 antequam
1843 1174 2113 1236 essemus,

522 1266 554 1306 a
584 1250 693 1307 Deo
718 1251 885 1323 gratis
910 1251 980 1306 ad
996 1251 1161 1306 vitam
1188 1250 1557 1321 praedestinati
1590 1266 1819 1318 sumus;
1851 1248 1963 1306 nali
1984 1259 2115 1306 Vero

522 1358 619 1411 per
639 1343 974 1413 baptismum
1006 1344 1415 1399 sanctiﬁcamur
1441 1362 1456 1410 ;
1503 1342 1699 1398 deinde
1725 1359 1820 1413 per
1856 1343 2116 1398 obedien-

522 1435 653 1490 tiam
688 1436 856 1492 vitam
897 1436 1006 1492 Deo
1036 1438 1290 1507 placitam
1326 1436 1583 1491 ducimus
1611 1446 1666 1491 et
1708 1436 1776 1490 ad
1805 1446 2114 1492 extremum

521 1544 619 1599 per
647 1530 957 1599 passionem
976 1528 1183 1585 Christi
1211 1529 1363 1600 regni
1389 1529 1616 1599 januam
1643 1529 1932 1584 intramus.
1956 1529 2116 1596 Quod

520 1631 705 1677 autem
738 1630 873 1678 tunc
921 1621 1118 1678 Petrus
1175 1621 1399 1692 optabat
1446 1622 1582 1689 suis,
1634 1637 1736 1693 ego
1775 1638 1922 1678 nunc
1962 1633 2112 1693 opto,

521 1716 723 1775 fratres
755 1715 883 1781 mei,
922 1714 1086 1771 vobis
1115 1732 1128 1768 :
1166 1714 1358 1769 Gratia
1393 1714 1535 1769 vobis
1572 1723 1624 1768 et
1644 1731 1749 1784 pax
1790 1714 2115 1785 multiplice—

522 1817 628 1865 tur.
657 1803 774 1860 Non
797 1814 926 1875 opto
949 1804 1103 1861 vobis
1128 1804 1365 1871 divitias,
1405 1820 1514 1859 non
1545 1804 1809 1869 honores,
1855 1820 1964 1858 non
1992 1805 2112 1875 glo-

2218 593 2364 648 vobis
2387 590 2483 662 qui
2512 588 2866 646 custodimini
2912 603 3023 643 non
3055 602 3183 642 cum
3225 585 3439 642 sirit.
3462 585 3715 649 used

2219 686 2274 741 in
2304 686 2508 740 virtute
2535 682 2649 739 Dei.
2675 681 2742 737 Et
2769 680 3048 753 quomodo
3080 688 3166 736 est
3195 679 3355 735 vobis
3402 694 3520 749 spes
3540 678 3725 735 instra

2216 780 2395 850 ﬁdem.
2430 776 2552 834 Non
2587 777 2736 831 enim
2763 774 3080 846 speraretis,
3115 773 3219 830 nisi
3246 773 3551 829 crederetis.
3585 771 3723 846 Etqu

2217 872 2390 926 tendit
2409 886 2536 942 spes
2565 871 2655 926 illa
2678 870 2703 923 ?
2730 867 2796 922 In
2827 868 3138 923 haereditate
3182 874 3403 921 merum
3432 866 3724 937 beatitudinis,

2217 979 2248 1018 a
2272 978 2379 1035 qua
2403 978 2500 1034 per
2528 969 2811 1033 peccatum
2839 959 3000 1031 primi
3023 958 3157 1015 Adm
3174 956 3723 1021 eshaereditatiersmss,

2216 1063 2271 1111 et
2290 1071 2437 1111 nunc
2466 1069 2563 1125 per
2585 1069 2786 1110 novum
2818 1053 2989 1107 Adam
3013 1048 3396 1105 hteredamur?
3428 1046 3728 1103 Hareditaten

2215 1146 2339 1203 dico
2393 1146 2870 1217 incorruptibilem,
2919 1158 3021 1199 nec
3064 1142 3237 1208 senio,
3284 1155 3396 1197 nec
3448 1140 3632 1206 morbo,
3668 1156 3730 1196 nte

2217 1241 2494 1313 aliquibus
2527 1239 2874 1305 defectibus;
2919 1246 2969 1291 et
3013 1235 3518 1301 incontaminatam,
3558 1249 3733 1304 turpes

2215 1330 2360 1401 cato,
2386 1350 2487 1389 nec
2517 1332 2673 1399 vitio,
2704 1346 2804 1387 nec
2850 1331 3033 1401 aliqua
3080 1328 3336 1394 macula;
3367 1335 3421 1381 et
3464 1327 3737 1380 immurmu-

2216 1426 2398 1493 bilem,
2429 1442 2529 1480 nec
2560 1423 2978 1489 mutationibus,
3008 1436 3107 1477 nec
3129 1415 3735 1475 deteriorationibulea-

2218 1518 2505 1574 reditatem
2536 1518 2659 1573 dico
2684 1521 3047 1569 conservatam
3073 1514 3130 1566 in
3175 1511 3344 1579 cretis,
3394 1509 3489 1581 qui
3517 1509 3620 1579 ejus
3638 1510 3735 1582 digni

2214 1627 2335 1668 esse
2366 1620 2665 1665 merentur.
2699 1608 2765 1663 Et
2794 1608 2886 1664 ubi
2912 1616 3293 1663 conservatam
3314 1605 3340 1659 ?
3370 1603 3439 1657 In
3466 1602 3738 1659 cclisHUbi

2217 1719 2318 1758 nec
2346 1718 2551 1774 aerugo,
2598 1717 2699 1758 nec
2738 1702 2883 1756 tinea
2911 1699 3226 1766 demolitur,
3270 1712 3452 1767 neque
3492 1695 3622 1751 fures
3649 1697 3739 1751 etio-

2216 1794 2393 1861 diunt,
2437 1810 2536 1848 nec
2564 1792 2818 1847 furantur
2839 1789 3060 1863 (Matth.
3090 1790 3189 1860 vr).
3232 1808 3251 1842 ι
3280 1788 3363 1844 Ad
3386 1786 3551 1859 quam
3574 1787 3741 1843 battali-

519 1898 635 1954 rias
662 1897 827 1968 hujus
847 1898 1053 1964 saeculi,
1076 1913 1199 1967 quae
1224 1898 1410 1953 multis
1432 1904 1561 1952 sunt
1582 1912 1748 1952 causa
1771 1897 2110 1966 perditionis,
2149 1877 2187 1933 Β
2217 1896 2405 1953 tatem,
2430 1888 2524 1958 qui
2548 1885 2721 1941 tendit
2750 1886 2805 1939 in
2832 1884 3062 1941 salutem
3093 1892 3359 1939 retentam
3388 1882 3579 1936 anima:
3600 1890 3744 1936 eteor-

521 1987 615 2041 sed
645 1997 774 2057 opto
798 1986 954 2043 vobis
994 1988 1501 2058 multiplicationem
1542 1987 1862 2057 gratiarum,
1910 1989 2118 2043 scilicet

521 2078 669 2146 ﬁdei,
697 2080 835 2150 spei,
865 2080 1170 2147 charitatis,
1212 2080 1513 2150 sapientiae,
1546 2079 1793 2149 justitiae,
1842 2078 2116 2135 fortitudi-

522 2172 630 2239 nis,
663 2172 1055 2243 temperantiae,
1077 2183 1508 2243 caaterarumque
1522 2172 1781 2228 virtutum
1798 2189 1920 2243 quae
1938 2173 2116 2227 humi-

521 2277 620 2318 nes
662 2274 883 2319 sanctos
934 2271 989 2318 et
1038 2263 1132 2319 Dei
1173 2264 1384 2319 amicos
1432 2263 1691 2331 elliciunt,
1738 2275 1793 2319 et
1828 2263 1898 2319 ad
1945 2273 2113 2319 vitam

517 2363 779 2410 :eternam
807 2356 1035 2411 ducunt.
1069 2354 1210 2427 Opto
1234 2357 1401 2413 etiam
1430 2355 1588 2412 vobis
1618 2371 1829 2427 pacem,
1880 2363 1942 2412 ut
1966 2356 2115 2412 vide-

518 2445 648 2501 licet
676 2461 864 2516 pacem
896 2447 1142 2504 habeatis
1169 2463 1294 2503 cum
1326 2446 1459 2513 Deo,
1484 2446 1536 2502 ei
1564 2445 1890 2513 obediendo,
1921 2463 2111 2518 pacem

517 2535 826 2603 vobiscum,
870 2552 969 2593 vos
1022 2538 1259 2593 mundos
1310 2537 1707 2604 custodiendo;
1754 2553 1942 2608 pacem
1984 2554 2114 2594 eum

514 2628 804 2700 proximis,
832 2645 929 2683 eos
966 2628 1021 2683 in
1044 2628 1155 2684 Deo
1178 2629 1472 2701 diligendo.
1502 2627 1631 2685 Haec
1666 2630 1815 2684 enim
1859 2644 1967 2699 pax
2007 2630 2111 2684 ho-

517 2721 694 2778 mines
718 2721 882 2777 eﬁicit
908 2721 1049 2777 ﬁlios
1085 2721 1200 2777 Dei.
1250 2720 1527 2793 Scriptum
1556 2729 1642 2779 est
1676 2722 1823 2777 enim
1852 2739 1864 2774 ε
1906 2742 1923 2775 ι
1960 2721 2113 2778 Beati

519 2814 756 2884 paciﬁci,
785 2814 1047 2886 quoniam
1081 2814 1178 2869 ﬁlii
1214 2814 1307 2871 Dci
1340 2816 1681 2871 vocabuntur
1712 2814 1933 2887 (Matth.
1968 2816 2044 2887 ν).
2085 2836 2105 2871 ι

520 2906 784 2977 Sequitur
804 2923 933 2979 pars
957 2907 1216 2976 secunda,
1232 2907 1285 2962 in
1304 2923 1412 2979 qua
1428 2906 1624 2964 Petrus
1645 2907 1918 2965 benedicit
1939 2907 2112 2966 Deum

516 2997 585 3053 de
606 2997 884 3054 beneﬁciis
914 3015 1037 3070 quae
1064 2998 1351 3070 discipulis
1390 3000 1506 3056 suis
1533 3000 1843 3056 contulerat
1880 3000 2107 3057 dicens:

517 3088 834 3144 Benedictus
875 3090 1037 3159 Deus,
1067 3101 1118 3147 et
1155 3091 1320 3147 Pater
1348 3092 1565 3147 Domini
1585 3094 1756 3147 nostri
1781 3091 1911 3147 Jesu
1952 3092 2112 3148 Citri-

517 3180 609 3245 sti,
643 3180 906 3237 subaudis
948 3182 1041 3237 sit.
1095 3181 1201 3238 Sed
1252 3183 1548 3255 quomodo,
1591 3180 1790 3238 fratres
1824 3182 1951 3250 mei,
1998 3182 2110 3240 Deo

517 3281 775 3344 optamus
816 3275 1269 3343 benedictionem,
1316 3292 1348 3332 a
1395 3292 1508 3348 quo
1551 3285 1639 3333 est
1677 3278 1860 3333 omnis
1885 3278 2110 3334 benedi-

502 3366 650 3432 ctio,
676 3375 729 3421 et
755 3382 786 3421 a
807 3382 917 3438 quo
942 3377 1026 3424 est
1050 3368 1371 3425 benedictus
1399 3368 1716 3439 quicunque
1763 3378 1847 3425 est
1880 3370 2108 3427 benedi-

517 3459 667 3513 ctus?
695 3456 793 3516 Vel
814 3461 1093 3531 quomodo
1118 3460 1289 3517 Deum
1316 3461 1638 3517 benedicere
1668 3477 1984 3532 possumus,
2012 3462 2109 3535 qui

517 3548 785 3605 benedicti
813 3566 936 3607 esse
965 3566 1075 3605 non
1110 3566 1425 3621 possumus,
1449 3550 1551 3605 nisi
1590 3566 1623 3605 a
1665 3549 1777 3607 Deo
1816 3552 2106 3606 benedica-

517 3642 687 3713 mur?
717 3641 823 3698 Sed
855 3644 962 3699 alio
998 3644 1165 3699 modo
1197 3643 1423 3698 Creator
1472 3642 1744 3699 benedicit
1776 3654 2107 3712 creaturam,

516 3734 627 3789 alio
653 3735 816 3790 modo
844 3745 1099 3792 creatura
1122 3745 1460 3803 creatorem;
1491 3736 1600 3791 alio
1626 3737 1790 3793 modo
1816 3753 1924 3792 una
1950 3753 2107 3793 crea—

516 3836 640 3883 tura
662 3828 825 3884 aliam
858 3840 1187 3885 creaturam.
1219 3830 1450 3886 Creator
1473 3831 1620 3886 enim
1664 3830 1936 3888 benedicit
1957 3848 2109 3887 crea-

516 3928 699 3975 turam
749 3922 1162 3978 sanctilicando.
1202 3923 1464 3979 Creatura
1496 3939 1626 3980 vero
1656 3924 1858 3981 dicitur
1887 3925 2109 3981 benedi-

516 4028 642 4068 cere
668 4011 1003 4081 Creatorem,
1036 4015 1086 4071 ei
1111 4017 1317 4088 gratias
1348 4016 1580 4086 agendo.
1615 4014 1732 4071 Una
1757 4017 1922 4072 etiam
1948 4034 2107 4093 crea-

518 4112 640 4158 tura
704 4104 978 4161 benedicit
1032 4107 1196 4162 aliam
1224 4146 1239 4175 ,
1295 4107 1346 4163 ei
1383 4108 1625 4164 divinam
1673 4107 2106 4165 benedictionem

516 4197 773 4265 optando.
802 4196 970 4255 Deum
995 4215 1126 4272 ergo
1171 4199 1570 4267 benedicimus,
1597 4199 1795 4258 fratres
1818 4201 1949 4268 mei,
1980 4215 2107 4257 cum

515 4286 566 4355 ei
595 4288 798 4359 gratias
827 4290 1044 4361 agimus
1071 4292 1139 4347 de
1160 4291 1441 4348 beneﬁciis
1470 4292 1607 4348 suis.

592 4377 746 4436 Unde
770 4390 826 4437 et
852 4383 1057 4452 subdit,
1084 4383 1189 4450 Qui
1211 4385 1530 4456 regenerauit
1554 4399 1641 4438 vos
1674 4384 1730 4437 in
1748 4400 1891 4455 spem
1914 4385 2108 4454 vivam,

519 4472 573 4528 id
601 4481 684 4530 est
714 4474 811 4546 qui
840 4491 938 4532 vos
966 4485 1255 4549 generatos
1282 4492 1351 4532 ex
1378 4475 1554 4533 Adam
1581 4475 1638 4530 in
1670 4481 1925 4543 mortem,
1954 4491 2108 4548 rege-

2216 1978 2388 2048 poris,
2412 1986 2774 2048 prtrparatam
2812 1974 3035 2030 revelari
3072 1974 3127 2028 in
3154 1983 3391 2043 tempore
3430 1972 3746 2040 norissisto,is

2215 2086 2318 2141 quo
2378 2068 2737 2124 exsultabitis.
2791 2066 2953 2123 Juxta
2998 2068 3145 2139 quod
3192 2066 3439 2121 Joannes
3491 2066 3587 2120 ait:
3618 2065 3749 2120 «Filii

2216 2161 2312 2217 Dei
2351 2176 2565 2229 sumus,
2588 2159 2683 2217 sed
2709 2161 2953 2216 nondum
2982 2160 3237 2231 apparuit
3262 2159 3395 2228 quid
3417 2158 3627 2214 erimus.
3646 2158 3747 2214 Cum

2215 2262 2397 2308 autem
2437 2253 2672 2318 venerit,
2719 2252 2926 2309 similes
2976 2252 3028 2307 ei
3066 2251 3300 2319 erimus,
3349 2250 3481 2321 quia
3511 2250 3749 2307 videbimus

2214 2359 2339 2400 eum
2367 2344 2528 2399 si'cuti
2551 2353 2635 2399 est
2662 2343 2713 2417 (1
2738 2342 2903 2398 Joan.
2953 2343 3057 2413 In).
3100 2361 3121 2396 ι
3158 2342 3221 2398 Et
3249 2343 3384 2414 quid
3415 2342 3634 2409 dulcius,
3654 2343 3751 2414 quid

2213 2433 2528 2505 gloriosius,
2566 2434 2764 2489 fratres
2788 2434 2917 2501 mei,
2955 2450 3125 2506 quam
3165 2435 3219 2489 in
3245 2445 3452 2489 aeterna
3475 2434 3753 2490 beatitudine

2212 2536 2268 2583 et
2289 2528 2463 2599 gloria
2486 2544 2611 2583 cum
2659 2526 2800 2582 Filio
2843 2525 2937 2582 Dei
2968 2526 3280 2584 coheredes
3332 2542 3479 2595 esse,
3510 2537 3560 2583 et
3584 2543 3687 2582 cum
3709 2543 3757 2582 eo

2212 2621 2271 2677 in
2316 2629 2583 2677 aeternum
2632 2620 2913 2693 gaudere?
2944 2619 3173 2691 Propter
3220 2635 3390 2693 quam
3438 2620 3758 2676 haereditate:

2212 2715 2501 2772 emendem
2546 2725 2989 2783 contemnamus,
3026 2714 3081 2771 id
3116 2723 3204 2770 est
3250 2713 3573 2779 vendamus,
3605 2712 3762 2769 fratres

2213 2806 2345 2876 mei,
2394 2822 2587 2863 omnes
2634 2807 2964 2878 temporales
3011 2806 3383 2877 hereditates,
3422 2808 3667 2878 quoniam
3690 2807 3764 2879 qui

2212 2901 2444 2957 istarum
2472 2908 2747 2956 amatores
2769 2910 2921 2969 sunt,
2947 2900 3017 2957 ad
3044 2899 3196 2956 illam
3242 2908 3507 2956 mternam
3530 2901 3771 2972 pervenire

2214 3010 2325 3049 non
2351 3003 2603 3065 possunt.
2637 2992 2899 3065 Sequitur
2919 3009 3046 3066 pars
3064 2993 3246 3061 tertia,
3278 2993 3336 3049 in
3361 3010 3473 3066 qua
3493 2994 3673 3051 Petrus
3690 3011 3770 3050 nos

2211 3086 2463 3141 hortatur
2489 3086 2555 3140 ad
2582 3086 2924 3141 tolerantiam
2956 3084 3301 3156 passionum,
3326 3085 3566 3142 subdens
3596 3106 3609 3141 :
3635 3086 3775 3141 lodi-

2212 3192 2332 3231 cum
2353 3179 2401 3231 si
2428 3186 2631 3247 oportet
2654 3194 2741 3231 vos
2762 3179 3075 3231 contristari
3090 3178 3144 3231 in
3168 3171 3335 3232 uariis
3353 3178 3772 3232 tribulationibus.

2212 3268 2355 3324 Bene
2389 3278 2573 3324 autem
2605 3270 2700 3336 ait,
2733 3279 2957 3341 oportet,
2997 3270 3260 3341 quoniam
3312 3269 3666 3338 frumentum,
3691 3272 3776 3326 nisi

2211 3362 2365 3433 prius
2409 3361 2748 3429 trituratum,
2790 3378 2904 3418 non
2958 3363 3279 3423 reconditur
3322 3363 3378 3418 in
3429 3363 3699 3428 horreum,
3736 3375 3779 3419 es

2211 3452 2354 3511 sicut
2382 3469 2601 3521 aurum,
2654 3455 2761 3511 nisi
2791 3456 2946 3527 prius
2982 3457 3329 3513 examinetur
3370 3472 3482 3513 non
3526 3458 3779 3529 reponitur

2211 3544 2265 3600 in
2305 3546 2647 3614 thesaurum,
2674 3546 2749 3603 ita
2787 3563 2890 3604 nec
2914 3548 3123 3619 justus,
3165 3549 3273 3606 nisi
3305 3550 3460 3621 prius
3508 3566 3608 3622 per
3628 3550 3780 3605 tribu-

2210 3638 2441 3695 lationes
2471 3640 2755 3710 probatus,
2805 3656 2916 3696 non
2966 3642 3229 3714 recipitur
3256 3644 3313 3698 in
3366 3660 3603 3716 regnum
3642 3646 3785 3700 celo-

2208 3747 2352 3787 rum.
2370 3731 2516 3787 Bene
2537 3732 2701 3788 etiam
2733 3734 2811 3789 ait
2842 3735 3189 3803 contristari,
3219 3736 3507 3807 quoniam,
3535 3739 3787 3810 quamvis,

2208 3830 2270 3877 ut
2299 3823 2375 3877 ait
2402 3822 2717 3893 Apostolus,
2763 3824 2897 3894 justi
2927 3826 3232 3898 glorientur
3276 3827 3331 3882 in
3359 3827 3787 3884 tribulationibus

2208 3912 2265 3969 in
2296 3930 2393 3985 spe
2438 3914 2626 3985 gloria:
2673 3915 2911 3971 ﬁliorum
2965 3916 3060 3972 Dei
3095 3915 3270 3989 (Rom.
3302 3920 3401 3986 vl,
3456 3929 3643 3976 tamen
3680 3935 3790 3975 caro

2210 4008 2354 4067 inter
2399 4010 2796 4067 amaritudines
2847 4013 3284 4081 tribulationum,
3334 4030 3447 4070 non
3490 4023 3790 4087 potestnea

2209 4102 2544 4157 contristari.
2588 4099 2745 4159 Unde
2774 4102 3040 4160 Dominus
3076 4104 3190 4161 ait:
3221 4123 3241 4157 ι
3291 4104 3495 4162 Tristis
3523 4114 3611 4164 est
3630 4108 3793 4161 anima

2209 4210 2330 4250 mea
2353 4211 2530 4266 usque
2552 4195 2622 4252 ad
2666 4204 2899 4253 mortem
2936 4196 3154 4269 (Matth.
3201 4198 3530 4263 xxvt;Luc.
3584 4203 3742 4271 nn).
3776 4221 3791 4249 ν

2209 4285 2354 4342 Bene
2384 4303 2604 4360 quoque
2631 4289 2727 4356 ait,
2753 4290 2810 4343 iu
2844 4290 3008 4345 uariis
3056 4291 3525 4360 tribulationibus,
3550 4296 3797 4366 quoniam

2211 4379 2354 4435 sicut
2383 4379 2623 4437 varietas
2673 4383 3048 4438 membrorum
3081 4383 3250 4455 exigit
3278 4383 3611 4440 varietatem
3639 4387 3800 4440 medi-

2210 4471 2482 4539 cinarum,
2528 4472 2605 4529 ita
2632 4474 2868 4531 varietas
2899 4490 3118 4531 morum
3141 4476 3308 4548 exigit
3347 4477 3685 4533 varietatem
3716 4479 3803 4531 tri-
3830 4476 3832 4505 ⁵

518 4567 732 4622 neravit
752 4584 852 4625 vos
891 4585 988 4640 per
1030 4570 1364 4640 baptismum
1409 4570 1465 4625 in
1495 4584 1649 4641 spem
1690 4568 1891 4635 vivam,
1942 4568 1995 4625 id
2026 4578 2109 4626 est
2138 4579 2188 4641 ι)
2212 4565 2574 4622 bulationum.
2600 4566 2745 4623 Bene
2779 4576 2961 4623 autem
3000 4568 3078 4623 ait
3122 4569 3424 4635 modicum,
3454 4570 3727 4640 quoniam
3758 4569 3801 4621 is
3830 4582 3832 4615 ε

515 4652 644 4712 vita;
665 4665 899 4715 aeternae.
929 4658 1022 4715 Vel
1059 4668 1205 4716 certe
1247 4675 1400 4730 spem
1448 4659 1623 4714 vivam
1655 4668 1836 4727 vocat,
1862 4675 1985 4730 qua:
2011 4674 2108 4730 per

516 4749 840 4806 charitatem
870 4750 1009 4807 bene
1033 4758 1309 4822 Operatur.
1340 4750 1476 4822 Spes
1505 4751 1673 4819 enim,
1698 4751 1840 4808 sicut
1866 4761 1920 4807 et
1948 4752 2104 4819 ﬁdes,

516 4838 637 4893 sine
656 4839 915 4909 operibus
941 4849 1156 4896 mortua
1189 4848 1276 4896 est
1298 4839 1443 4914 (Gal.
1483 4841 1561 4912 v),
1591 4857 1692 4897 nec
1719 4841 1955 4899 fruetum
1981 4858 2109 4913 par-

514 4932 651 5003 turit
688 4932 1030 4988 aeternitatis.
1082 4932 1240 5000 Quod
1280 4942 1363 4991 est
1401 4943 1591 4992 contra
1644 4936 1767 4992 illos
1808 4936 1924 5007 qui,
1979 4952 2105 4992 cum

516 5025 659 5080 male
679 5025 890 5090 vivant,
917 5040 977 5082 se
1002 5024 1217 5082 futuros
1241 5027 1424 5084 salvos
1452 5037 1810 5098 praesumunt.
1844 5025 1949 5085 Sed
1971 5045 2109 5083 nun-

513 5115 648 5188 quid
672 5124 896 5187 propter
908 5117 1102 5173 merita
1132 5129 1318 5174 nostra
1349 5120 1432 5176 vel
1462 5129 1753 5190 parentum
1788 5128 2103 5176 nostrorum

515 5208 837 5277 regeneravit
861 5224 961 5265 nos
990 5210 1045 5263 in
1065 5227 1209 5282 spem
1239 5212 1411 5267 vivam
1430 5212 1457 5266 .9
1501 5210 1881 5284 Nequaquam,
1909 5212 2001 5267 sed
2031 5229 2108 5266 se—

514 5298 748 5367 cundum
778 5317 1025 5373 magnam
1053 5305 1477 5360 misericordiam
1498 5323 1670 5360 suam.
1696 5305 1762 5360 Et
1794 5307 2107 5377 quomodo?

513 5387 627 5455 Per
649 5394 1077 5449 resurrectionem
1105 5392 1235 5449 Iesu
1266 5394 1468 5450 Christi
1510 5412 1575 5449 ea:
1605 5396 1846 5449 mortuis.
1895 5393 2105 5452 Resur-

514 5485 688 5540 rectio
716 5484 915 5555 quippe
939 5485 1060 5556 ejus
1088 5501 1197 5541 non
1226 5486 1403 5542 solum
1433 5494 1519 5541 est
1549 5501 1715 5541 causa
1737 5486 2108 5557 regeneratio-

516 5574 603 5629 nis
629 5582 686 5628 et
714 5575 1116 5632 emundationis
1138 5585 1361 5643 nostrae,
1398 5575 1494 5629 sed
1523 5575 1686 5630 etiam
1717 5584 2102 5644 argumentum

513 5671 570 5720 et
606 5678 773 5721 causa
824 5680 908 5722 est
952 5677 1155 5724 nostra:
1203 5666 1402 5723 futura:
1454 5666 1896 5722 resurrectionis.
1951 5664 2106 5722 Sicut

512 5757 665 5821 esiim
686 5768 936 5817 mortuus
962 5770 1046 5817 est
1072 5776 1172 5831 pro
1200 5762 1380 5830 nobis,
1408 5777 1476 5817 ne
1507 5776 1608 5815 nos
1643 5777 1743 5831 pro
1773 5775 1838 5815 eo
1869 5760 2009 5816 mori
2035 5758 2109 5816 ti;

512 5865 814 5922 mensus,
836 5854 912 5909 ita
942 5854 1239 5910 resurrexit
1267 5871 1366 5926 pro
1414 5856 1594 5922 nobis,
1628 5862 1685 5909 ut
1716 5868 1818 5910 nos
1860 5869 1955 5923 per
1976 5869 2100 5911 eum

2209 4667 2457 4730 respectu
2501 4668 2722 4715 aeternae
2761 4660 3117 4717 beatitudinis
3139 4668 3581 4732 quantacunque
3613 4660 3675 4715 in
3715 4660 3832 4723 δοες

2210 4752 2412 4807 saeculo
2460 4753 2755 4822 patiamur,
2805 4754 3081 4809 modicum
3117 4761 3172 4808 et
3202 4761 3667 4808 momentaneum

2208 4844 2442 4900 videtur.
2469 4842 2625 4901 Unde
2646 4845 2940 4916 Apostolus
2971 4864 2984 4900 :
3016 4864 3034 4897 ι
3089 4844 3380 4911 Existimo,
3434 4845 3650 4917 inquit,
3674 4842 3832 4917 quod!

2210 4952 2318 4993 non
2369 4949 2500 4993 sunt
2546 4938 2831 5011 condignae
2869 4937 3158 5011 passiones
3200 4938 3368 5010 hujus
3412 4940 3717 5011 temporis,
3750 4932 3809 4991 ad

2210 5028 2451 5085 futuram
2507 5029 2740 5101 gloriam
2775 5045 2899 5101 qua:
2947 5030 3277 5086 revelabitur
3328 5030 3387 5086 in
3436 5030 3606 5087 vobis
3642 5028 3812 5100 (Res.

2206 5124 2349 5192 vni).
2380 5141 2399 5174 ι
2436 5120 2609 5178 Porro
2637 5138 2802 5193 quam
2834 5122 3123 5178 utilitatem
3145 5122 3302 5179 nobis
3325 5122 3629 5180 conferant
3650 5124 3819 5179 tribu-

2206 5210 2442 5267 lationes
2466 5212 2727 5279 ostendit,
2769 5228 2896 5267 cum
2924 5213 3145 5268 subdit:
3187 5212 3257 5268 Ut
3297 5214 3556 5285 probatio
3569 5214 3711 5285 ﬁdei
3746 5228 3819 5265 ae-

2207 5312 2354 5371 straz,
2417 5304 2470 5360 id
2509 5314 2593 5361 est
2652 5304 2787 5361 ﬁdes
2821 5313 3000 5362 vestra
3032 5308 3281 5376 probata,
3328 5304 3505 5361 multo
3533 5306 3823 5377 pretiosia‘

2206 5395 2279 5448 sit
2302 5411 2433 5448 auro
2461 5395 2600 5466 quod
2619 5412 2711 5465 per
2733 5396 2906 5467 ignem
2931 5397 3208 5466 probatur.
3250 5395 3439 5452 Prima
3469 5397 3703 5453 utilitas
3730 5392 3821 5450 tri-

2208 5485 2549 5541 bulationum
2594 5496 2699 5555 est,
2756 5489 3017 5559 quoniam
3067 5488 3159 5544 hic
3198 5490 3439 5560 probant
3468 5498 3529 5545 et

2208 5578 2451 5634 Probant
2482 5581 2744 5650 quoniam
2774 5582 2916 5637 sicut
2937 5598 3112 5652 equus
3141 5583 3193 5637 in
3223 5584 3424 5651 stadio,
3448 5583 3507 5639 id
3538 5596 3631 5640 est
3658 5588 3825 5654 eque!

2208 5672 2263 5726 in
2307 5672 2532 5742 prtelio,
2579 5674 2652 5729 ita
2707 5674 2839 5731 ﬁdes
2898 5677 2953 5730 in
3006 5677 3464 5735 tribulationibus
3525 5680 3823 5751 pmbater.

2206 5760 2469 5836 Purgant,
2494 5765 2754 5836 quoniam
2779 5767 2921 5823 sicut
2970 5768 3113 5841 ignis
3144 5769 3325 5827 reddit
3348 5788 3559 5828 aurum

2208 5868 2380 5922 unum,
2431 5854 2506 5911 ita
2545 5854 2824 5914 tribulatio
2864 5857 3093 5927 justum.
3150 5857 3408 5918 Secunda
3449 5861 3710 5926 utilitas,
3754 5866 3827 5914 est
