3850 6318
67 384 212 442 1549

1135 371 1469 433 110311.ιῶ..
1511 401 1580 417 ο-
1617 369 1660 428 l.
1702 363 1793 424 DE
1830 363 2179 424 TEMPORI'Z.

3218 365 3356 428 1350

63 512 282 555 merces
309 503 532 551 teterna.
566 487 724 549 Unde
746 499 806 548 ct
845 498 1050 556 sunmt,
1099 483 1410 544 Inveniatur
1439 485 1496 540 in
1530 481 1654 538 lau-
1680 479 1870 541 A‘ctos
1897 477 2252 550 despiciebat,
2282 486 2344 532 ut
2382 473 2605 548 quidam
2644 471 2874 546 faciunt,
2927 478 3022 535 sed
3067 493 3162 537 eos
3194 474 3354 553 quasi

56 592 210 657 deus,
253 597 305 644 et
353 587 602 660 gloriam,
625 597 675 640 et
711 587 981 651 honorem,
1025 583 1081 638 in
1121 581 1494 638 reuelationem
1526 577 1659 634 Iesu

57 681 272 739 Christi
295 679 509 734 Domini
532 679 722 734 nostri.
752 678 885 745 Qua:
909 684 1112 743 autem,
1139 673 1338 729 fratres
1380 670 1508 739 mei,
1534 687 1658 726 ma-

52 775 148 846 jor
179 775 300 830 laus
323 781 499 844 potest
531 770 692 826 nobis
737 770 1072 840 contingere,
1103 782 1269 840 quam
1298 763 1520 836 quando
1539 763 1660 819 lau-

56 867 323 921 dabimur
351 881 380 918 a
408 861 520 918 Deo
547 863 801 917 dicente:
833 879 852 914 s
903 859 1118 926 Venite,
1163 857 1434 913 benedicti
1477 855 1658 911 Patris

57 957 171 1011 mei
202 955 421 1027 (Matth.
469 951 624 1023 xxv),
662 971 681 1004 ι
711 951 807 1023 qui
850 949 1062 1006 fecistis
1100 950 1208 1004 hoc
1231 948 1411 1004 ethoc
1441 955 1662 1018 propter

59 1048 201 1104 me?
239 1046 373 1114 Quae
408 1045 583 1116 major
627 1043 800 1116 gloria
838 1051 1018 1114 potest
1061 1057 1186 1098 esse
1231 1057 1398 1112 quam
1438 1039 1658 1110 quando

61 1141 212 1197 Deus
239 1140 428 1196 induet
476 1153 578 1194 nos
617 1136 788 1209 gloria
821 1133 1278 1201 immortalitatis,
1323 1132 1532 1188 faciens
1557 1148 1658 1188 nos

57 1234 179 1289 sole
206 1232 489 1300 clariores,
515 1239 571 1287 et
605 1230 958 1286 introducens
982 1244 1084 1284 nos
1115 1227 1170 1282 in
1219 1226 1536 1283 societatem
1561 1241 1662 1280 an-

55 1326 314 1397 gelorum
339 1324 526 1380 dicens
551 1342 565 1378 :
591 1321 860 1394 Percipite
881 1337 1132 1393 regnum,
1153 1321 1302 1393 quod
1323 1319 1480 1376 vobis
1499 1334 1661 1391 para-

55 1427 178 1471 tum
207 1425 295 1472 est
316 1415 387 1471 ab
413 1415 626 1486 origine
663 1414 854 1469 mundi
879 1414 904 1468 ?
931 1412 1067 1481 Quis
1104 1413 1282 1484 major
1326 1412 1505 1468 honor
1536 1425 1660 1467 esse

53 1515 245 1579 potest
264 1523 433 1580 quam
483 1505 750 1562 associari
786 1505 1017 1578 angelis,
1048 1503 1399 1576 patriarchis,
1426 1503 1660 1575 prophe-

53 1603 128 1664 tis
159 1609 220 1658 et
264 1600 552 1672 apostolis,
582 1599 692 1655 imo
716 1600 880 1655 etiam
915 1597 988 1654 ibi
1017 1613 1140 1654 esse
1174 1597 1266 1653 ubi
1294 1604 1378 1653 est
1405 1595 1661 1669 unigeni-

53 1704 151 1748 tus
183 1691 361 1748 Filius
389 1691 506 1759 Dei,
529 1703 581 1748 et
603 1708 713 1747 non
757 1691 933 1746 solum
959 1689 1169 1757 vocari,
1209 1690 1320 1745 imo
1341 1688 1508 1745 etiam
1538 1703 1662 1744 esse

55 1796 112 1840 et
141 1801 410 1858 apparere
432 1784 527 1841 lilii
557 1784 700 1841 Del?
729 1781 855 1840 Hmc
881 1792 1061 1840 autem
1089 1783 1221 1839 lient
1249 1783 1302 1837 in
1331 1783 1661 1839 revelationc

1760 572 2000 644 aequales
2027 580 2082 626 et
2115 569 2313 625 fratres
2327 567 2565 624 amabat.
2597 566 2754 624 Unde
2780 569 2921 625 idem
2944 569 3060 628 ait.
3101 589 3120 622 ι
3157 569 3268 628 Nec
3295 581 3358 630 ut

1760 663 2108 721 dominantes
2138 661 2192 717 in
2222 659 2390 728 clero,
2436 661 2529 717 sed
2566 660 2740 717 forma
2771 661 2898 718 facti
2922 663 3100 735 gregis
3141 679 3208 720 ex
3233 665 3357 722 sni-

1761 772 1852 814 mo
1888 755 1942 829 (1
1987 755 2135 810 Petr.
2179 756 2254 824 v).
2311 773 2329 806 ι
2382 753 2598 810 Rursus
2645 753 2716 810 ita
2740 763 2859 810 erat
2884 770 3188 828 exsurgens
3213 757 3358 814 inter

1760 847 1980 911 fratres,
2013 843 2160 917 quod
2192 847 2357 902 etiam
2381 846 2436 901 in
2461 845 2642 901 medio
2671 861 2863 902 eorum
2910 856 3028 903 erat
3055 859 3159 920 per
3183 850 3358 920 tequi-

1762 946 1948 993 tatem.
2001 935 2157 1004 Quod
2193 936 2338 992 enim
2385 937 2628 992 medium
2654 945 2757 1004 est,
2799 938 3082 1010 aequaliter
3107 955 3166 996 se
3193 939 3361 996 habet

1759 1031 1829 1088 ad
1857 1031 2322 1088 circumstantias.
2353 1029 2547 1088 Petrus
2570 1046 2790 1104 quoque
2805 1031 3088 1104 aequaliter
3107 1049 3168 1089 sc
3190 1033 3359 1089 habe-

1760 1126 1854 1181 bat
1883 1139 2012 1198 erga
2043 1141 2252 1182 omnes.
2281 1123 2398 1180 Non
2427 1123 2594 1193 enim,
2641 1135 2700 1182 ut
2729 1125 2952 1198 quidam
3003 1125 3237 1191 faciunt,
3271 1127 3357 1182 vel

1759 1226 1983 1292 propter
2005 1219 2352 1290 sanguinem,
2392 1218 2476 1274 vel
2530 1228 2754 1291 propter
2805 1218 3026 1290 aliquod
3057 1219 3358 1291 temporale

1760 1311 2214 1377 emolumentum,
2243 1309 2329 1364 vel
2363 1317 2587 1381 propter
2614 1309 2854 1382 aliquam
2887 1310 3244 1382 temporalem
3263 1311 3353 1366 in-

1759 1403 2082 1469 tentionem,
2110 1417 2280 1457 unum
2315 1402 2407 1457 alii
2438 1403 2820 1473 prmponebat;
2857 1403 2951 1458 sed
2975 1403 3028 1456 in
3051 1393 3355 1459 exercenda

1753 1494 1991 1565 justitia,
2017 1493 2380 1560 ordinatione,
2407 1494 2692 1561 electione,
2723 1494 3034 1564 aequitatem
3065 1503 3120 1548 et
3140 1493 3360 1549 rectitu-

1759 1585 1942 1643 dinem
1961 1585 2306 1642 observabat.
2335 1583 2523 1656 Itaque
2563 1585 2657 1657 qui
2705 1596 2893 1658 pastor
2929 1597 3031 1654 est,
3067 1588 3133 1643 ad
3173 1603 3358 1642 exem-

1761 1677 1911 1750 plum
1931 1677 2078 1733 Petri
2107 1693 2203 1749 per
2235 1677 2578 1733 altitudinem
2615 1679 2739 1734 vita:
2775 1689 3070 1752 exsurgat;
3100 1693 3196 1751 per
3226 1680 3359 1735 cha-

1762 1770 1980 1826 rit-atem
2031 1771 2274 1826 minores
2323 1779 2586 1842 tanquam
2628 1767 2826 1828 fratres
2868 1780 2922 1828 et
2968 1772 3072 1828 sibi
3118 1772 3361 1844 aequales

55 1853 478 1946 Jesu'Cbristi;
517 1877 572 1933 id
619 1886 703 1932 est
729 1876 784 1932 in
825 1876 932 1932 ﬁne
975 1876 1187 1944 mundi,
1235 1875 1456 1948 quando
1497 1873 1653 1932 Iesus

1763 1863 1999 1928 habeat;
2033 1871 2089 1918 et
2111 1877 2210 1934 per
2247 1863 2520 1933 mquitatis
2564 1864 2945 1920 rectitudinem
2995 1865 3235 1919 medium
3270 1872 3354 1918 tc-

56 1975 347 2043 Christus,
379 1975 474 2047 qui
503 1974 668 2030 modo
711 1981 795 2030 est
832 1969 1207 2037 absconditus,
1240 1976 1294 2023 et
1339 1984 1369 2023 a
1403 1967 1657 2039 pluribus

54 2055 462 2136 contemnitur,
498 2075 592 2122 aut
622 2068 924 2140 ignoratur,
944 2063 1126 2121 veniet
1154 2062 1220 2118 ad
1239 2061 1508 2132 judicium
1532 2076 1659 2116 cum
1690 2051 1692 2054 ’

49 2169 335 2232 potestate
371 2175 589 2232 magna,
648 2158 916 2229 claritate}
939 2167 996 2214 et
1043 2155 1326 2227 majestate
1354 2196 1370 2220 ,
1413 2154 1661 2209 revelans

51 2251 367 2324 potentiam
407 2233 586 2318 susm,
628 2250 878 2307 revelans
931 2248 1097 2306 etiam
1142 2246 1358 2302 occulta
1410 2245 1660 2301 cordium

52 2353 409 2412 nostrorum,
459 2350 709 2400 revelans
756 2356 978 2415 quoque
1015 2348 1280 2412 quantam
1319 2336 1548 2411 gloriam
1573 2335 1660 2392 sui

49 2437 362 2492 dilectores
415 2444 472 2490 ct
528 2444 788 2507 quantam
841 2449 1063 2506 pmnam
1121 2432 1208 2488 sui
1255 2437 1661 2501 contemptores

50 2536 410 2585 meruerunt.
440 2526 518 2584 Nc
563 2537 748 2584 autem
774 2527 1005 2583 crimina
1034 2534 1246 2592 nostra,
1291 2522 1487 2579 fratres
1529 2523 1658 2589 mei,

52 2622 136 2677 ibi
166 2621 237 2677 ad
285 2619 664 2677 confusionem
704 2621 1036 2688 revelentur,
1088 2633 1236 2674 nunc
1270 2617 1575 2673 revelemus
1594 2631 1661 2672 ea

49 2729 162 2788 per
193 2711 622 2781 confessionem,
649 2727 714 2768 ea
743 2711 1000 2784 lacrymis
1036 2711 1320 2766 abluentes
1341 2717 1392 2764 et
1425 2709 1661 2764 eleemo—

52 2805 225 2876 synis
265 2804 614 2871 redimentes,
656 2803 840 2859 omnia
880 2803 1198 2859 transitoria
1245 2801 1684 2884 vilipendentes,

50 2903 130 2957 ad
164 2901 410 2958 caelestia
449 2909 562 2957 toto
585 2901 860 2958 desiderio
895 2899 1240 2956 festinantes.
1276 2897 1360 2952 Ad
1381 2913 1505 2969 quae
1530 2912 1658 2967 per-

49 2995 270 3052 ducere
291 3009 392 3051 nos
435 2994 687 3066 dignetur
708 2993 855 3050 Deus
883 3002 938 3048 et
960 2992 1224 3048 Dominus
1247 3001 1452 3056 noster,
1471 2990 1559 3046 cui
1577 2997 1661 3046 est

49 3089 246 3144 honor
276 3095 331 3144 ct
346 3087 517 3160 gloria
542 3103 641 3160 per
662 3086 846 3144 omnia
867 3086 1067 3143 saecula
1089 3086 1436 3142 saeculorum.
1460 3083 1656 3141 Amen.

410 3196 532 3253 Vita
569 3197 639 3254 Β.
670 3197 820 3266 Petri
851 3214 946 3270 per
980 3197 1320 3252 Dorotheum.
1679 3209 1728 3272 (ς

135 3289 222 3370 ςε)
238 3287 444 3370 Petrus
467 3288 1212 3370 apqgolorumﬁCoriphaeus,
1246 3296 1313 3370 ut
1337 3287 1396 3369 in
1408 3286 1656 3370 epistolis

51 3355 209 3432 suis
237 3359 464 3432 inlinere
502 3355 724 3432 'videtur
747 3401 765 3427 ,
792 3431 795 3432 ν
826 3355 1197 3432 Evangelium
1246 3355 1458 3432 Domini
1504 3356 1655 3432 ‘Jesu

50 3431 294 3496 Christi,
324 3431 380 3485 in
403 3429 594 3498 Ponto,
628 3429 860 3516 Galatia,
889 3427 1257 3556 Cappadocia,
1301 3427 1576 3511 Bithynia,
1601 3437 1658 3486 et

53 3502 292 3556 tandem
331 3500 519 3556 Romae
540 3503 855 3556 pradicant
906 3499 960 3556 ll
1043 3511 1144 3556 etr.
1171 3501 1233 3556 Il.
1259 3501 1353 3555 ubi
1389 3509 1656 3556 etnostea

53 3502 292 3573 tandem
331 3500 855 3573 Romaeprzedicavit
899 3499 1144 3573 _(~l’Petr.
1171 3501 1233 3568 ι),
1259 3499 1353 3555 ubi
1389 3499 1656 3573 etpostea

51 3572 171 3629 sub
198 3570 414 3643 Nerone
466 3570 594 3643 rege
629 3573 806 3643 capite
845 3570 924 3628 ad
963 3581 1178 3633 terram,
1218 3586 1378 3643 verso
1406 3573 1556 3643 (nam
1587 3571 1658 3626 ad

51 3645 217 3714 hunc
240 3642 462 3698 modum
499 3641 616 3714 ipse
640 3641 752 3714 pati
775 3643 1012 3712 volebat)
1047 3643 1210 3699 tertio
1233 3641 1506 3697 Kalendas
1525 3641 1656 3698 Julii

51 3713 387 3782 cruciﬁxus,
413 3713 598 3786 ibique
634 3713 880 3786 sepultus
905 3723 1009 3769 est.

795 3803 936 3862 XIV.

462 3915 515 3954 In
553 3913 718 3954 rnsro
745 3894 941 3954 ’δικαίη
993 3913 1271 3952 nurum.

137 3989 445 4062 Exsurgens
493 3989 687 4044 Petrus
731 3991 788 4044 in
826 3990 997 4044 medio
1039 3989 1271 4060 fratrum
1313 3990 1454 4046 dixit
1517 3990 1654 4063 (erat

50 4092 250 4137 autem
297 4082 450 4136 turba
490 4079 762 4136 hominum
786 4083 895 4153 fere
931 4093 1141 4138 centum
1190 4083 1402 4155 uiginti)
1437 4083 1580 4154 (Act.
1615 4087 1654 4154 ι)

49 4185 172 4232 etc.
213 4173 406 4244 llodie,
433 4173 634 4232 fratres
675 4174 804 4243 mei,
849 4175 1158 4232 natalitium
1204 4175 1656 4232 sancti-Matthiae

53 4268 306 4339 apostoli
336 4267 701 4334 celebramus,
741 4268 836 4338 qui
873 4275 958 4324 est
985 4268 1040 4324 in
1083 4269 1205 4324 loco
1235 4265 1387 4324 Iudae
1416 4269 1658 4340 prodito-

55 4360 143 4416 ris
177 4359 362 4414 divina
389 4357 659 4414 electione
701 4359 1054 4431 subrogatus,
1104 4373 1174 4414 ne
1196 4357 1445 4415 videlicet
1468 4373 1655 4415 sacra-

55 4458 316 4504 mentum
355 4447 677 4505 duodcnarii
711 4463 743 4504 a
786 4464 886 4505 sua
919 4446 1254 4520 perfectione
1291 4449 1650 4506 claudicaret.

1763 1966 1908 2012 neut.
1949 1957 2082 2011 Erat
2113 1966 2291 2012 autem
2313 1956 2468 2011 turba
2503 1958 2776 2011 hominum
2823 1958 2987 2012 simul
3015 1959 3124 2029 fere
3151 1967 3360 2012 centum

1761 2051 1968 2121 viginti.
2001 2048 2105 2116 Qui
2134 2064 2396 2105 numerus
2445 2057 2661 2104 constat
2693 2065 2759 2105 ex
2812 2049 3042 2106 denario
3065 2051 3360 2106 duodecies

1761 2142 1944 2198 ducto.
1974 2140 2032 2195 ln
2055 2155 2167 2212 quo
2188 2139 2497 2196 ostenditur
2522 2151 2851 2195 conventum
2875 2141 3274 2212 discipulorum
3302 2141 3356 2196 in

1759 2234 2113 2290 exsecutione
2137 2231 2310 2288 fuisse
2343 2230 2669 2304 perfectum.
2715 2231 2822 2289 Sed
2854 2243 3035 2289 tamen
3067 2235 3176 2304 fere
3199 2233 3360 2289 addi-

1763 2335 1872 2394 tur,
1907 2324 2168 2397 quoniam
2191 2339 2476 2392 numerus,
2509 2333 2732 2396 propter
2753 2325 2968 2380 ruinam
2999 2321 3156 2380 Iudae
3179 2323 3361 2380 miuo-

1761 2427 1935 2485 ratus,
1964 2426 2085 2474 erat
2117 2416 2504 2490 perliciendus.
2551 2416 2656 2486 Qui
2681 2433 2874 2474 omnes
2903 2429 3027 2474 esse
3071 2418 3237 2473 simul
3271 2419 3359 2474 di-

1761 2521 1962 2570 cuntur
1987 2511 2130 2567 sicut
2164 2511 2307 2577 loco,
2355 2512 2430 2567 ita
2466 2510 2594 2578 lldc,
2641 2525 2830 2564 amore
2865 2519 2919 2565 ct
2940 2512 3357 2566 communitate.

1762 2602 1918 2661 Unde
1945 2611 2000 2660 et
2040 2604 2107 2660 de
2147 2604 2228 2659 eis
2267 2603 2500 2660 dicitur:
2549 2623 2566 2655 ι
2614 2601 2978 2658 Multitudinis
3013 2603 3354 2658 crtdentlum

1761 2707 2003 2754 eratcor
2031 2713 2203 2754 unum
2251 2705 2306 2754 ct
2360 2697 2544 2752 anima
2581 2713 2710 2763 una,
2746 2705 3012 2767 erantque
3053 2697 3134 2752 eis
3173 2696 3357 2751 omnia

1764 2791 2078 2848 communia
2112 2789 2361 2863 (Act-.11).
2389 2809 2408 2842 s
2441 2788 2699 2862 Sequitur
2717 2805 2847 2861 pars
2877 2790 3136 2856 secunda,
3167 2789 3221 2844 in
3249 2803 3360 2861 qua

1761 2883 2002 2940 ostendit
2020 2882 2216 2939 Petrus
2240 2881 2395 2938 ludar.
2419 2883 2856 2954 reprobationem
2887 2890 2942 2939 et
2965 2883 3192 2939 alterius
3221 2883 3356 2938 sub-

1761 2978 2102 3034 stitutionem
2147 2993 2179 3032 a
2227 2976 2435 3050 Spiritu
2462 2985 2654 3034 sancto
2683 2976 2856 3033 fuisse
2897 2978 3235 3048 praedictam,
3269 2977 3357 3031 di-

1761 3085 1930 3126 cens:
1973 3067 2089 3122 Viri
2111 3069 2324 3138 fratres,
2350 3077 2551 3139 oportet
2576 3069 2786 3138 impleri
2817 3067 3155 3140 Scripturam
3192 3087 3354 3142 quam

1759 3159 2018 3231 pradiai't
2058 3157 2292 3230 Spiritus
2333 3170 2548 3214 sanctus
2593 3173 2686 3232 per
2713 3178 2768 3216 os
2800 3159 2976 3216 David
2996 3163 3060 3218 de
3099 3160 3265 3218 Iuda.
3290 3161 3360 3218 Et

1758 3267 1885 3308 cum
1941 3251 2163 3307 deberet
2233 3252 2564 3324 subjungerc
2615 3252 2998 3327 Scripturam,
3058 3253 3359 3327 interponit

1758 3357 1986 3398 causam
2016 3343 2439 3414 reprobationis,
2468 3345 2690 3401 dicens°
2741 3345 2846 3412 Qui
2891 3346 2996 3417 fuit
3023 3347 3134 3401 dua:
3174 3363 3356 3402 eorum

1757 3436 1849 3508 qui
1869 3435 2368 3506 comprehenderunt
2409 3435 2614 3506 Iesum,
2656 3437 2709 3493 id
2753 3448 2837 3494 est
2869 3439 2981 3494 dux
3029 3437 3358 3510 proditionis

1758 3526 1883 3594 fuit,
1909 3528 2000 3599 qui
2025 3537 2434 3582 eonnumeratus
2455 3537 2572 3582 erat
2600 3527 2894 3596 nobiscum,
2926 3538 2976 3583 et
3009 3531 3232 3584 sortitus
3275 3538 3354 3584 est

1756 3628 1954 3674 sortem
1976 3617 2263 3673 ministerii
2286 3619 2464 3690 hujus.
2490 3619 2569 3675 Ac
2605 3619 2652 3675 si
2683 3620 2862 3675 dicat:
2914 3618 3210 3676 Nobiscum
3236 3631 3354 3678 erat

1760 3725 1990 3767 numero
2019 3725 2129 3767 non
2159 3712 2376 3780 merito,
2406 3713 2692 3768 vocatione
2731 3728 2840 3768 non
2877 3713 3164 3783 electione,
3190 3713 3355 3770 mini-

1789 3803 1928 3860 terio
1958 3817 2066 3859 non
2094 3801 2310 3860 virtute.
2345 3803 2414 3858 Et
2441 3803 2526 3858 hic
2546 3804 2756 3876 quidem
2791 3805 3047 3876 possedit,
3080 3804 3134 3861 id
3155 3813 3240 3862 est
3266 3804 3351 3862 fc-

1758 3897 1834 3954 clt
1858 3895 2148 3968 possideri,
2197 3913 2386 3968 agrum
2424 3895 2747 3970 iniquitatis,
2789 3895 3002 3954 reddito
3034 3897 3212 3970 pretio
3241 3896 3350 3954 ini-

1758 3999 1882 4062 qua:
1905 3989 2233 4062 proditionis
2276 3989 2499 4047 Judmis.
2540 3987 2638 4046 Vel
2675 3989 2927 4062 possedit,
2971 3989 3101 4063 quia
3133 3989 3272 4048 forte
3295 3990 3351 4048 in

1757 4085 1824 4137 c0
1858 4081 2104 4153 sepultus
2142 4079 2264 4136 fuit.
2313 4080 2384 4135 Et
2439 4095 2721 4154 suspensus
2767 4082 2972 4151 crepuit
3027 4081 3262 4150 medius,
3299 4087 3352 4137 et

1759 4173 1956 4243 diffusa
1988 4182 2112 4228 sunt
2143 4174 2324 4227 omnia
2356 4173 2557 4228 viscera
2587 4173 2723 4244 ejus.
2748 4171 2853 4241 Qui
2899 4171 3027 4230 licet
3066 4182 3354 4246 peccasset

1759 4265 2081 4338 gravissime
2105 4264 2406 4337 prodendo,
2439 4273 2619 4322 tamen
2647 4265 2867 4337 gravius
2890 4265 3138 4336 peccavit
3157 4265 3354 4338 despeu

1756 4359 1950 4415 rando.
1983 4357 2154 4430 Cujus
2177 4367 2364 4430 guttur
2383 4357 2452 4414 de
2475 4372 2587 4430 quo
2637 4373 2739 4414 vox
2773 4357 3099 4430 proditionis
3143 4356 3354 4414 exierat

1758 4451 1954 4523 laqueo
1977 4451 2312 4522 sull'ocaturJ,
2339 4449 2542 4507 Venter
2589 4458 2644 4506 et
2674 4449 2884 4506 viscera
2931 4467 3055 4522 qua:
3079 4449 3349 4522 proditio-

55 4540 211 4598 llinc
239 4551 324 4599 est
351 4542 497 4614 quod
524 4541 684 4598 lectio
711 4539 833 4613 ejus
879 4540 1159 4611 explicans
1184 4541 1528 4609 electionem,
1557 4541 1656 4596 ho-
1683 4555 1735 4622 ο
1758 4559 1883 4600 nem
1934 4552 2301 4615 conceperant
2337 4542 2710 4599 eﬂ'unduntur.
2761 4541 2994 4599 Moritur
3020 4551 3204 4599 autem
3236 4557 3350 4598 non

54 4635 157 4692 die
183 4634 242 4689 in
263 4643 451 4690 sancta
497 4631 742 4689 Ecclesia
787 4632 1068 4700 recitatur,
1101 4647 1226 4704 qum
1260 4631 1653 4704 quadripertita

55 4734 173 4784 est.
206 4724 392 4782 Primo
413 4725 584 4793 enim,
613 4724 783 4798 surgit
807 4723 1003 4780 Petrus
1025 4723 1168 4780 inter
1195 4722 1392 4780 fratres
1417 4742 1432 4792 ;
1459 4739 1658 4781 secun-

53 4819 161 4887 do,
185 4819 525 4875 demonstrat
541 4816 974 4888 reprobationem
994 4813 1168 4885 Iudae,
1197 4825 1252 4874 et
1278 4817 1503 4874 alterius
1524 4819 1682 4874 sub-‘

55 4911 412 4968 stitutionem
447 4925 479 4966 a
505 4907 713 4981 Spiritu
743 4915 934 4964 sancto
965 4907 1138 4964 fuisse
1163 4909 1476 4980 prmdictam
1503 4929 1517 4976 ;
1548 4917 1656 4965 ter-

61 5001 166 5072 tio,
201 5001 438 5058 ostendit
465 5001 613 5073 quod
640 5016 786 5057 unus
823 5015 891 5056 ex
917 4999 1180 5057 fratribus
1221 5001 1417 5058 debeat
1440 5003 1490 5058 ei
1519 5003 1653 5058 sub-

55 5094 254 5167 rogari
279 5111 296 5162 ;
320 5101 539 5165 quarto,
567 5093 874 5150 ostenditur
905 5093 1183 5164 quomodo
1215 5094 1544 5150 substitutus
1561 5095 1652 5151 sit.

54 5185 158 5243 Ait
167 5202 324 5258 ergo,
340 5183 641 5257 Exsurgens
653 5183 843 5239 Petrus
858 5184 912 5238 in
927 5185 1096 5239 medio
1108 5184 1491 5256 fratrum.Tria
1504 5185 1656 5254 dicit,

54 5293 375 5350 exsurgens,
403 5287 454 5334 et
475 5279 530 5333 in
566 5277 759 5346 medio,
795 5284 848 5332 et
869 5277 1118 5348 fratrum.
1141 5277 1273 5344 Qua:
1296 5277 1515 5350 quidem
1552 5279 1653 5334 tria

52 5377 199 5430 sunt
235 5372 294 5426 in
333 5386 464 5426 vero
489 5378 716 5442 pastore
751 5369 1100 5440 requirenda.
1145 5368 1277 5426 Erat
1297 5370 1442 5426 enim
1471 5385 1660 5426 exsur-

53 5479 200 5538 gens
231 5475 398 5533 super
432 5463 698 5534 reliquos,
721 5467 782 5516 ut
809 5461 979 5533 gradu
1003 5461 1076 5518 ita
1099 5461 1262 5517 etiam
1307 5463 1441 5529 vita,
1467 5471 1522 5518 et
1546 5463 1657 5518 vir-o

51 5566 250 5616 tntum
282 5554 591 5624 altitudine,
614 5553 770 5627 juxta
805 5553 978 5630 illud:
1007 5572 1028 5608 s
1082 5551 1260 5624 Super
1296 5563 1539 5610 montem
1560 5569 1656 5611 ex-

47 5649 280 5707 celsam
308 5645 565 5717 ascende,
589 5653 651 5704 tu
681 5646 777 5720 qui
799 5646 1143 5719 evangelizas
1177 5644 1309 5702 Sion
1338 5645 1602 5720 (Isa.xt.).
1629 5665 1649 5701 ο

51 5737 180 5799 κιο
203 5749 393 5798 tamen
423 5727 632 5800 idcirco
648 5737 889 5812 reliquos
910 5738 1071 5809 quasi
1109 5737 1352 5795 minores
1380 5747 1434 5795 et
1463 5738 1654 5811 subje-

133 5851 220 5923 es)
248 5847 459 5920 Erum,
491 5849 590 5908 lib.
619 5861 662 5921 ι,
687 5855 822 5910 tom.
846 5843 912 5916 ll,
959 5845 1160 5906 Contra
1183 5849 1310 5906 has.

1760 4636 1816 4692 in
1839 4644 2006 4704 terra,
2029 4652 2139 4691 non
2163 4635 2218 4690 in
2270 4635 2432 4703 creto,
2465 4634 2559 4691 sed
2598 4634 2654 4690 in
2691 4649 2838 4702 aere,
2873 4633 3134 4704 quoniam
3173 4633 3350 4689 socie-

1762 4733 1870 4783 tate
1892 4725 2175 4781 hominum
2201 4732 2255 4781 et
2275 4724 2594 4798 angelorum
2623 4723 2902 4795 indiguus,
2929 4722 3074 4778 acris
3101 4730 3347 4793 potesta-

1759 4817 1908 4874 tibus
1932 4816 2463 4890 cratagregrandus.
2511 4815 2782 4886 Scriptum
2814 4821 2892 4868 est
2941 4813 3082 4868 enim
3131 4813 3189 4866 in
3209 4813 3348 4868 libro

1761 4909 2106 4966 Psalmorum
2138 4926 2156 4965 :
2185 4909 2313 4964 Fiat
2340 4910 2603 4964 habitatio
2632 4911 2747 4981 ejus
2772 4907 2921 4980 (ante
2975 4906 3211 4977 tempus)
3248 4905 3344 4961 de-

1759 5014 1923 5074 serta,
1947 5005 2208 5077 quoniam
2246 5003 2398 5074 impii
2435 5022 2454 5056 ι
2507 5017 2618 5058 non
2647 5000 3012 5058 dimidiabunt
3065 4996 3183 5056 dies
3213 5015 3349 5056 suos

1759 5096 1935 5170 (Psal.
1961 5098 2094 5170 Liv).
2134 5116 2152 5150 ι
2210 5087 2280 5152 Et
2325 5097 2686 5168 episcopatum
2731 5093 2848 5165 ejus
2917 5091 3147 5163 accipiat
3185 5089 3342 5146 alter.

1759 5188 1898 5257 Quia
1921 5190 2278 5246 commissum
2321 5181 2741 5259 talentum,'quo
2776 5185 2919 5242 male
2940 5199 3076 5242 usus
3105 5190 3211 5254 est,
3246 5198 3348 5239 auo

1758 5280 1964 5338 feretur
2007 5281 2077 5336 ab
2133 5297 2219 5348 eo,
2261 5286 2316 5336 et
2361 5280 2582 5335 dabitur
2610 5278 2702 5333 alii
2745 5278 2882 5332 bene
2918 5290 3088 5332 usuro
3119 5273 3343 5346 (Matth.

1757 5375 1909 5444 xxv).
1941 5372 2117 5441 Multi,
2159 5374 2356 5428 fratres
2401 5373 2531 5438 mei,
2574 5369 2735 5427 hodie.
2765 5375 3122 5426 exsecrantur
3163 5367 3343 5424 scelus

1755 5463 1911 5520 Juda:
1933 5463 2028 5534 qui
2078 5462 2302 5518 tradidit
2351 5459 2666 5529 Dominum,
2697 5460 2792 5516 sed
2833 5460 2934 5530 ipsi
2960 5457 3140 5515 simile
3163 5459 3346 5514 scelus

1756 5557 2063 5613 incurrunt.
2089 5555 2414 5626 Quicunque
2441 5555 2589 5610 enim
2617 5554 2701 5610 vel
2725 5554 3010 5609 veritatem
3040 5565 3140 5621 pro
3166 5549 3345 5620 pretio

1753 5649 1964 5718 dicunt,
1983 5651 2066 5704 vel
2093 5650 2360 5721 justitiam
2394 5664 2491 5720 pro
2521 5661 2745 5704 niunerc
2765 5645 2994 5712 faciunt,
3021 5642 3214 5711 Deum,
3245 5639 3341 5712 qui

1755 5743 1959 5803 veritas
1985 5752 2070 5800 est
2095 5751 2148 5801 et
2173 5742 2407 5817 iustitia,
2439 5742 2700 5799 vendunt.
2728 5737 3054 5809 Quicunque
3079 5734 3224 5791 enim
3256 5731 3342 5787 vel
