3832 6314
508 368 671 429 MSS.

1767 340 1951 399 ΒΑΝ]
1961 337 2117 396 ιριιι
2154 334 2504 394 ARDENTIS

3619 332 3716 391 Ιτμὂέ

496 485 696 529 manus
718 465 1145 539 impoSitionem,
1174 460 1259 518 vel
1285 454 1715 517 ecclesiasticam
1741 455 2091 511 administra-
2117 453 2171 517 Δ,
2192 466 2321 521 pum
2362 446 2729 505 ordinandum
2774 460 2885 502 non
2937 444 3303 518 neophytum.
3336 459 3403 501 ne
3428 445 3585 503 elatus
3603 453 3716 507 cadat

498 563 726 627 tionem,
750 557 1090 630 velaliquod
1132 560 1536 612 sacramentum
1577 549 1781 605 Christi
1829 546 2093 613 vendunt,

506 655 688 727 ipsum
720 652 1026 717 Christum,
1054 656 1323 720 quantum
1364 643 1419 699 in
1454 643 1536 699 eis
1562 650 1667 708 est,
1696 639 1957 697 vendunt.
1989 637 2097 705 Qui

500 745 700 817 laqueo
728 742 930 800 collum
980 754 1141 797 suum
1178 737 1474 807 stringunt,
1518 733 1649 790 dum
1684 741 1800 787 rete
1836 731 2097 801 iniquita-

503 846 623 894 tum
656 851 848 893 vocem
889 844 945 891 et
979 831 1214 890 oﬂicium
1251 826 1653 900 praedicationis
1681 824 1788 881 sibi
1814 823 2092 891 auferunt,

504 932 721 1004 seipsos
747 928 1087 1000 suspendunt
1114 932 1171 979 et
1193 922 1473 988 occidunt,
1504 920 1636 975 dum
1667 918 1809 973 male
1835 916 2093 982 vivendo,

505 1024 578 1079 ab
588 1022 763 1078 cilicio
782 1019 927 1092 quod
940 1013 1578 1087 indigneadministrant,
1591 1026 1651 1069 se
1662 1010 2024 1083 suspendunt,
2043 1016 2097 1065 et

504 1129 567 1170 se
578 1110 930 1183 spiritualiter
942 1114 1155 1164 necant.
1169 1104 1416 1173 Quorum
1429 1112 1619 1160 venter
1627 1110 1813 1174 crepat
1823 1110 1876 1157 et
1886 1102 2096 1157 viscera

504 1202 878 1273 eifundnntur,
922 1199 1183 1271 quoniam
1206 1195 1503 1254 consilium
1539 1209 1730 1251 eorum
1771 1193 2092 1264 dissipatur,

506 1296 561 1351 id
587 1304 671 1350 est
707 1278 939 1365 pereunt
978 1307 1172 1348 omnes
1202 1288 1564 1362 cogitationes
1592 1302 1804 1343 eorum.
1850 1284 2097 1353 Quorum

501 1384 624 1440 dies
646 1392 776 1439 sunt
814 1383 998 1455 pauci,
1019 1381 1305 1454 'quoniam
1346 1380 1403 1435 in
1450 1379 1596 1435 malo
1626 1386 1682 1434 et
1719 1394 1829 1433 non
1859 1377 1915 1432 in
1953 1376 2099 1432 bono

504 1484 637 1531 sunt
662 1475 1051 1531 consummati.
1076 1473 1142 1529 Et
1160 1472 1427 1528 habitatio
1461 1484 1655 1526 eorum
1686 1472 1743 1525 tit
1771 1469 2016 1536 deserta,
2042 1477 2098 1525 et

503 1566 882 1638 episcopatum
926 1580 1116 1620 eorum
1174 1563 1374 1634 accipit
1423 1563 1587 1629 alter,
1647 1562 1912 1632 quoniam
1959 1575 2096 1616 con-

506 1658 745 1714 versatio
774 1673 991 1723 eorum,
1042 1668 1104 1711 ut
1145 1656 1310 1727 digna
1350 1662 1489 1721 erat,
1526 1653 1688 1725 perit,
1740 1662 1794 1708 et
1831 1654 2096 1708 talentum

506 1751 651 1806 male
698 1749 1070 1805 aiinistrntum
1117 1748 1255 1804 alter
1297 1747 1484 1804 sumit.
1522 1745 1708 1816 lmpiis
1744 1760 1965 1817 quoque
1995 1744 2097 1800 .lu-

505 1840 660 1906 dicis,
710 1840 805 1911 qui
845 1838 999 1895 ludas
1044 1840 1281 1895 dicenti:
1318 1859 1335 1892 ι
1365 1838 1598 1895 Peccavi
1619 1837 1841 1895 tradens
1869 1837 2096 1909 sangui-

510 1947 633 1986 nem
650 1932 887 2002 justum,
919 1933 1350 2004 responderunt:
1382 1929 1527 1999 Quid
1549 1931 1620 1986 ad
1642 1931 1782 1987 nos?
1812 1940 1869 1987 tu
1894 1930 2098 2003 videris

510 2021 731 2093 (Matth.
771 2022 964 2093 xxvii),
1003 2042 1021 2076 ι
1053 2022 1261 2078 similes
1307 2029 1439 2079 sunt
1482 2020 1578 2091 qui
1621 2036 1716 2077 eos
1746 2020 1845 2091 qui
1874 2020 1978 2077 sibi
2002 2036 2100 2092 per

513 2117 820 2173 Simoniam
876 2116 1265 2181 vendiderunt;
1318 2125 1374 2171 et
1425 2132 1535 2171 non
1566 2130 1647 2182 se,
1671 2115 1765 2187 qui
1808 2116 2096 2186 pecuniam

507 2211 796 2277 dederunt,
824 2225 948 2267 reos
979 2209 1242 2265 Simonis:
1262 2209 1575 2279 opinantur.
1605 2207 1709 2264 Sed
1731 2207 2097 2278 Simoniaeos,

509 2311 622 2358 tam
649 2312 923 2372 emptores
947 2318 1113 2373 quam
1136 2302 1467 2370 venditores,
1511 2300 1676 2357 simul
1700 2301 2100 2358 involvitdam-

510 2395 684 2461 natio,
742 2394 850 2451 nisi
908 2396 1041 2467 quia
1087 2394 1413 2467 praacessuri
1453 2403 1584 2451 sunt
1628 2395 1682 2449 in
1718 2410 1879 2465 paena
1905 2395 1998 2466 qui
2043 2393 2133 2449 in.

508 2485 682 2555 gradu
737 2494 791 2540 et
812 2484 1037 2541 scientia
1083 2485 1481 2557 praecedebant.
1541 2485 1697 2552 Quod
1750 2499 1880 2540 vero
1926 2483 2101 2539 Judaei

507 2576 767 2632 dixerunt
801 2594 815 2632 :
860 2595 879 2629 ‹
910 2574 1030 2632 Non
1057 2577 1343 2633 mittamus
1365 2594 1473 2633 xxx
1502 2587 1789 2649 argenteos
1816 2577 1869 2632 in
1901 2577 2100 2633 corbo-

512 2684 661 2737 nam,
690 2670 820 2741 quia
849 2670 1084 2741 pretium
1110 2671 1398 2745 sanguinis
1422 2680 1527 2739 est,
1566 2670 1659 2726 sed
1694 2670 1819 2726 inde
1852 2678 2104 2725 emerunt

510 2775 706 2834 agrum
762 2762 817 2816 in
867 2762 1204 2834 sepulturam
1229 2764 1640 2834 peregrinorum
1674 2762 1890 2835 (Ilvid.),
1925 2781 1943 2814 ι
1980 2762 2127 2827 ἱιιιίε

514 2858 700 2906 tantur
728 2851 891 2908 hodie
913 2852 1138 2924 quidam
1180 2854 1275 2925 qui
1309 2854 1572 2924 pecunias
1601 2854 1744 2909 male
1774 2854 1992 2910 habitas
2015 2852 2103 2909 of-

514 2943 659 3000 ferre
689 2943 800 3001 Deo
849 2953 1122 3014 metuunt,
1151 2955 1207 3003 et
1240 2956 1423 3002 tamen
1468 2962 1564 3002 eas
1613 2945 1672 3001 in
1726 2944 2104 3018 eleemosynas

515 3037 600 3092 vel
627 3038 679 3091 in
712 3037 852 3093 alios
883 3054 1017 3095 usus
1048 3037 1360 3105 conferunt,
1414 3054 1525 3096 non
1578 3038 1923 3093 attendentes
1971 3053 2105 3109 quo-

517 3128 667 3184 niam
698 3130 845 3201 quod
886 3146 997 3186 non
1047 3132 1203 3189 licuit
1253 3132 1470 3200 offerre,
1526 3147 1637 3187 non
1682 3130 1836 3187 licuit
1855 3130 1987 3187 dare
2018 3131 2103 3189 vel

518 3218 620 3276 sibi
660 3222 912 3277 retinere.

593 3312 853 3385 Sequitur
896 3330 1026 3385 pars
1080 3316 1257 3385 tertia,
1313 3315 1369 3373 in
1411 3331 1519 3388 qua
1553 3315 1791 3373 ostendit
1821 3313 2015 3373 Petrus
2036 3316 2105 3373 de

517 3404 740 3476 quibus,
773 3405 826 3461 id
852 3414 955 3476 est,
993 3408 1060 3463 ad
1101 3409 1232 3480 quid
1259 3408 1575 3465 substitutio
1608 3409 1802 3465 debeat
1828 3409 1945 3465 fieri
1976 3424 2103 3467 cum

514 3494 701 3551 subdit
730 3515 742 3550 :
779 3496 999 3568 Oportet
1032 3515 1155 3569 ergo
1184 3514 1249 3553 ea:
1274 3498 1354 3552 his
1404 3498 1531 3553 viris
1560 3499 1651 3570 qui
1685 3498 1957 3553 nobiscum
1978 3506 2105 3553 sunt

516 3591 661 3644 omni
693 3600 921 3662 tempore
946 3592 1270 3663 congregati,
1308 3607 1372 3645 ea:
1403 3606 1505 3662 quo
1545 3590 1806 3647 Dominus
1829 3590 1987 3647 Jesus
2014 3592 2102 3646 in-

515 3682 672 3736 trarit
703 3692 752 3737 et
778 3683 906 3737 exiit
929 3684 1067 3737 inter
1092 3700 1206 3750 nos,
1233 3684 1490 3754 incipiens
1523 3701 1554 3738 α
1578 3684 1897 3755 baptismate
1925 3683 2102 3740 Joan-

514 3773 597 3829 nis
625 3792 789 3847 usque
810 3777 866 3830 in
900 3776 1039 3831 diem
1062 3793 1167 3846 qua
1215 3786 1515 3847 assumptus
1541 3787 1617 3833 est
1639 3794 1671 3831 a
1698 3778 1845 3831 nobis
1871 3818 1886 3845 ,
1921 3788 2106 3832 testem

514 3869 913 3923 resurrectionis
964 3868 1235 3923 nobiscum
1263 3869 1402 3939 ﬁeri,
1439 3886 1600 3924 unum
1629 3870 1858 3924 existis.
1890 3868 1965 3925 Ex
1995 3870 2103 3939 his,

516 3957 715 4030 inquit,
756 3960 850 4031 qui
888 3958 1174 4016 nobiscum
1201 3970 1349 4025 sunt.
1400 3959 1671 4029 Quoniam
1721 3960 1789 4017 de
1840 3960 2107 4018 fratribus

513 4049 761 4121 ejusdem
794 4054 1230 4127 congregationis
1260 4054 1420 4111 debet
1445 4054 1561 4109 fieri
1589 4054 1802 4123 electio,
1834 4054 1880 4111 si
1910 4056 1984 4111 ibi
2018 4055 2105 4111 di-

515 4160 655 4215 gnus
697 4147 872 4217 possit
917 4147 1171 4204 inveniri.
1214 4146 1375 4215 Quod
1418 4158 1604 4219 aperte
1630 4159 1715 4205 est
1741 4161 1932 4205 contra
1957 4149 2103 4219 illos,

514 4238 606 4309 qui
632 4248 849 4310 propter
878 4239 1137 4297 invidiam
1164 4257 1297 4300 suos
1320 4242 1493 4300 bonos
1513 4242 1709 4300 fratres
1726 4252 2105 4313 contemnunt,

513 4340 569 4385 et
596 4330 806 4403 eligunt
845 4341 1156 4389 extraneos.
1186 4334 1278 4391 Ait
1303 4351 1456 4408 ergo,
1487 4337 1654 4409 (viris,
1700 4337 1968 4407 quoniam
1998 4337 2105 4394 viri

517 4429 627 4475 tam
666 4430 824 4479 aetate
861 4439 1028 4494 quam
1072 4427 1321 4484 moribus
1369 4428 1569 4484 debent
1593 4428 1648 4482 in
1680 4436 1931 4499 pastores
1954 4429 2104 4502 eligi,

516 4513 663 4570 unde
715 4524 770 4571 et
818 4517 1140 4591 presbyteri,
1195 4519 1250 4575 id
1294 4530 1379 4577 est
1412 4521 1665 4587 seniores,
1694 4532 2099 4594 nuncupantur.
2132 4510 2182 4572 D
2207 4514 2377 4585 cipere
2410 4512 2695 4566 ministerii
2736 4511 2895 4582 hujus
2923 4516 2974 4566 et
3024 4510 3381 4582 apostolatus,
3424 4514 3490 4567 de
3524 4531 3628 4585 quo
3668 4530 3797 4585 pr:-

515 4605 675 4673 Quod
712 4619 900 4680 aperte
936 4620 1020 4668 est
1047 4622 1236 4668 contra
1269 4612 1390 4669 illos
1434 4612 1529 4683 qui
1553 4612 1804 4683 juniores
1832 4622 1995 4671 astate
2019 4616 2106 4672 vel

516 4700 765 4758 moribus
791 4703 1000 4776 eligunt
1026 4705 1081 4760 in
1110 4715 1381 4776 pastores,
1409 4720 1534 4759 cum
1562 4704 1679 4776 ipsa
1710 4707 1976 4778 sapientia
2002 4708 2106 4765 Pa-

517 4792 618 4848 tris
643 4792 907 4854 Dominus
937 4806 1125 4853 noster
1162 4795 1323 4852 Jesus
1343 4795 1620 4866 Christus,
1652 4814 1761 4853 non
1797 4800 1903 4855 nisi
1934 4802 2102 4859 trice-

517 4885 659 4941 simo
711 4902 857 4945 anno
913 4890 1147 4944 voluerit
1199 4897 1385 4959 aperte
1420 4891 1718 4961 praedicare
1748 4900 1803 4948 et
1828 4892 2100 4951 Ezechieli

516 4978 795 5050 prophetat
842 4997 952 5037 non
989 4981 1097 5036 nisi
1148 4981 1445 5038 tricenario
1495 4984 1669 5054 aperti
1714 4994 1843 5041 sunt
1872 4987 2018 5057 cteli,
2050 4996 2107 5044 et

455 5113 460 5119 .
518 5069 574 5125 in
623 5072 925 5129 canonibus
959 5074 1297 5144 prohibitum
1347 5074 1440 5141 sit,
1500 5076 1606 5133 nisi
1654 5078 2009 5135 tricenarium
2045 5080 2103 5137 in

519 5161 855 5219 sacerdotem
895 5165 1162 5219 ordinari.
1205 5164 1297 5221 Ait
1332 5162 1496 5223 etiam
1518 5184 1583 5223 ex
1606 5169 1688 5225 his
1716 5171 1808 5242 qui
1834 5172 2102 5228 uobiscum

517 5264 640 5309 sunt
678 5257 821 5310 omni
881 5266 1110 5327 tempore
1161 5274 1261 5329 quo
1313 5258 1573 5316 Dominus
1616 5261 1774 5319 Iesus
1805 5264 2026 5319 intravit
2051 5274 2102 5321 et

516 5346 650 5400 (:ct't't
679 5346 818 5401 inter
853 5364 963 5415 vos,
1007 5350 1260 5422 incipiens
1304 5370 1337 5407 a
1362 5354 1681 5426 baptismate
1717 5355 1965 5427 Joannis,
1993 5368 2099 5415 etc.

519 5435 795 5503 Quoniam
821 5438 899 5493 illi
926 5440 1027 5495 soli
1053 5442 1252 5498 debent
1274 5444 1396 5517 eligi
1432 5445 1485 5499 in
1518 5457 1786 5517 pastores,
1847 5449 1941 5520 qui
1982 5450 2104 5504 lon-

523 5541 591 5591 go
619 5534 861 5598 tempore
904 5528 1125 5590 fuerunt
1177 5534 1377 5591 eruditi
1436 5536 1492 5591 in
1545 5538 1734 5593 schola
1785 5549 2102 5596 sanctarum

524 5617 935 5688 Scripturarum
984 5633 1039 5682 et
1115 5642 1331 5684 morum
1407 5630 1861 5687 ordinaudorum.
1948 5631 2104 5701 Quod

522 5719 709 5782 aperte
755 5722 841 5769 est
866 5725 1054 5773 contra
1109 5720 1230 5777 ilics
1276 5721 1371 5793 qui
1432 5723 1594 5780 rudes
1633 5734 1688 5781 et
1726 5723 1963 5781 novitios
2008 5723 2107 5780 eli-

524 5810 662 5869 gunt
693 5804 743 5856 i-n
767 5814 1033 5875 pastores,
1067 5825 1190 5866 etim
1241 5813 1533 5884 Apostolus
1580 5814 1861 5889 prtecipiat
1890 5815 2104 5887 episco—

2200 543 2254 599 in
2281 544 2497 598 ruinam
2538 540 2765 597 diaboli.
2818 539 2906 594 Ait
2931 539 3096 594 etiam
3154 548 3340 593 testem
3393 545 3717 600 resurrectionis

2200 635 2315 705 fieri
2330 635 2620 689 nobiscum.
2642 632 2699 688 ln
2714 649 2824 705 quo
2841 632 3158 689 ostendit'ad
3182 631 3315 704 quid
3333 632 3517 689 debeat
3530 634 3577 690 in
3593 651 3720 693 sacer-

2198 725 2380 779 dotem
2406 724 2489 779 vel
2521 722 2576 778 in
2611 730 2887 793 pastorem
2912 722 3115 794 aliquis
3136 722 3547 796 eligi,quoniam
3575 726 3720 785 adhoc

2198 824 2260 871 ut
2286 815 2617 871 resurrectio
2641 815 2848 871 Christi
2872 831 3088 887 semper
3118 814 3439 872 testificetur
3466 833 3563 871 non
3593 819 3727 878 solum

2199 908 2514 965 testimonio
2529 908 2954 979 praedicationis,
2972 908 3067 965 sed
3106 909 3273 964 etiam
3302 909 3596 966 testimonio
3613 911 3726 974 bona

2198 1002 2325 1058 vita:
2372 1011 2427 1057 et
2472 1000 2601 1057 boni
2649 1002 2855 1073 operis,
2901 1011 2959 1057 ut
3010 1001 3264 1058 videlicet
3296 1001 3379 1058 sic
3413 1002 3654 1075 praedicet,
3675 1008 3725 1065 sic

2198 1095 2368 1162 vivat,
2396 1095 2477 1151 sic
2509 1103 2638 1168 agat
2663 1104 2725 1151 ut
2753 1094 3008 1151 ostendat
3052 1111 3113 1151 se
3161 1111 3293 1151 vere
3336 1094 3551 1152 credere
3576 1097 3728 1158 Christi

2200 1188 2686 1256 resurrectionem,
2717 1197 2773 1244 et
2798 1205 2925 1245 vere
2954 1204 3181 1260 sperare
3222 1205 3404 1245 suam.
3433 1188 3577 1257 Quod
3596 1204 3729 1262 aperte

2199 1279 2530 1337 condemnat
2554 1297 2655 1336 nos
2686 1280 2941 1353 indignos
2964 1281 3303 1349 sacerdotes,
3330 1282 3447 1353 qui,
3476 1291 3528 1337 et
3550 1283 3590 1337 si
3612 1286 3729 1341 verbo

2198 1372 2405 1430 Christi
2459 1374 2918 1430 resurrectionem
2971 1384 3028 1430 et
3089 1384 3339 1431 nostram
3394 1375 3731 1447 praedicamus,

2199 1476 2382 1520 tamen
2425 1464 2680 1522 moribus
2716 1475 2769 1522 et
2814 1464 2977 1522 factis
2998 1481 3119 1523 eam
3166 1482 3452 1539 negamus.
3482 1466 3605 1523 Cum
3628 1470 3734 1527 enim

2199 1567 2523 1629 praesentem
2554 1558 2744 1626 vitam,
2773 1559 3043 1630 tantisper
3070 1573 3327 1615 amamus
3358 1601 3375 1627 ,
3403 1560 3542 1631 quod
3569 1571 3735 1632 propter

2198 1664 2319 1704 eam
2358 1650 2500 1705 ultra
2544 1651 2767 1707 modum
2809 1650 3277 1722 concupiscimus,
3318 1652 3491 1707 multa
3514 1652 3671 1709 illicita
3701 1665 3738 1713 ct

2199 1739 2323 1797 vita:
2400 1740 2599 1797 futurae
2665 1741 2940 1798 contraria
3006 1741 3265 1813 facimus,
3338 1747 3738 1802 resurrectionem

2199 1831 2285 1887 vel
2325 1832 2492 1888 vitam
2551 1832 2793 1888 futuram
2844 1848 2947 1889 nos
2994 1848 3103 1889 non
3145 1836 3375 1891 credere
3414 1835 3496 1891 vel
3530 1852 3623 1891 non
3651 1853 3741 1908 spc-

2200 1938 2324 1980 rare
2361 1925 2827 1981 demonstramus.
2897 1922 3051 1981 Unde
3108 1926 3279 1981 etiam
3338 1928 3573 1983 minores
3600 1930 3653 1984 de
3680 1947 3723 1985 re

2200 2019 2542 2074 surrectione
2563 2018 2798 2075 facimus
2814 2017 3065 2074 dubitare
3086 2025 3139 2073 et
3160 2018 3344 2075 dicere
3362 2038 3406 2073 ει
3434 2018 3491 2075 Si
3513 2022 3655 2076 nostri
3673 2040 3743 2093 pa-

2201 2120 2400 2178 stores,
2415 2127 2538 2166 cum
2554 2111 2850 2182 prudentes
2864 2111 2993 2178 sint,
3013 2124 3301 2182 sperarent
3318 2114 3742 2183 resurrectionem,

2202 2218 2483 2273 nunquam
2509 2203 2591 2258 sic
2610 2203 2873 2271 viverent,
2908 2215 3191 2273 nunquam
3232 2204 3363 2257 talia
3404 2213 3743 2275 perpetrarent,

2200 2299 2256 2349 et
2280 2301 2566 2365 propterea
2610 2310 2719 2348 non
2762 2302 3143 2364 exspectantes
3181 2293 3356 2347 vitam
3406 2293 3627 2349 futuram
3652 2313 3745 2350 oni-

2204 2384 2294 2439 nia
2348 2384 2594 2439 refcrunt
2617 2383 2683 2439 ad
2723 2394 3066 2456 prmsentem.
3120 2384 3373 2453 Quorum
3424 2387 3575 2442 ruina
3607 2388 3747 2459 (quod

2203 2478 2321 2534 sine
2351 2479 2556 2550 gemitu
2592 2479 2776 2535 dicere
2814 2494 2921 2534 non
2964 2480 3233 2552 possum)
3275 2481 3435 2540 nobis
3480 2480 3747 2552 imputatur.

2206 2569 2467 2641 Sequitur
2515 2586 2644 2641 pars
2695 2578 2891 2641 quarta
2955 2571 3010 2626 in
3061 2573 3171 2642 q'ua
3224 2572 3467 2629 ostendit
3523 2575 3754 2645 quomodo

2204 2658 2440 2718 llathias
2484 2663 2815 2719 substitutur
2847 2664 2939 2732 sit,
2969 2680 3094 2720 cum
3142 2664 3389 2721 dicitur:
3428 2664 3497 2720 Et
3531 2667 3754 2739 elegerunt

2204 2750 2358 2820 duos,
2387 2751 2582 2825 Ioseph
2622 2755 2713 2826 qui
2748 2754 3126 2809 nominabatur
3170 2754 3468 2823 Barsabas,
3494 2758 3578 2828 qui
3601 2774 3758 2831 cogno-

2204 2845 2439 2900 minatus
2455 2855 2534 2901 est
2553 2845 2590 2900 J
2594 2856 2765 2915 ustus,
2788 2856 2838 2902 et
2864 2845 3168 2902 Matt/tiam.
3188 2846 3267 2903 Ac
3289 2849 3337 2903 si
3358 2848 3505 2905 dicat
3529 2869 3541 2904 :
3563 2847 3760 2921 Nonlex-

2205 2941 2403 3010 tranei,
2448 2942 2543 2998 sed
2584 2938 2690 3014 ipsi
2733 2942 3035 3015 elegerunt.
3084 2938 3195 2999 Nec
3226 2956 3372 3000 unus
3408 2945 3491 3000 vel
3533 2945 3648 3012 duo,
3683 2944 3763 3001 sed

2206 3033 2597 3090 communiter.
2634 3032 2753 3090 Non
2787 3035 2935 3090 enim
2964 3036 3237 3104 extranei,
3290 3036 3387 3091 sed
3434 3035 3535 3107 ipsi
3564 3034 3763 3101 fratres;

2129 3162 2178 3225 Ω
2208 3124 2303 3198 qui
2339 3125 2649 3183 confratres
2672 3142 2805 3184 suos
2833 3140 2902 3183 ex
2927 3127 3255 3201 quotidiano
3281 3130 3537 3185 convictu
3566 3127 3770 3185 familia.

2207 3218 2327 3275 rius
2357 3227 2718 3291 agnoverunt,
2743 3218 2942 3275 debent
2959 3221 3178 3293 eligere.
3213 3218 3373 3288 Quod
3402 3231 3585 3291 aperte
3608 3230 3767 3275 contra

2204 3310 2479 3383 principes
2505 3312 2590 3367 vel
2626 3311 2910 3383 pontifices
2954 3321 3060 3381 est,
3091 3313 3186 3384 qui
3220 3328 3316 3369 eos
3355 3328 3591 3384 quorum
3630 3313 3771 3367 vitam

2206 3418 2315 3460 non
2338 3413 2734 3476 cognoverunt,
2759 3404 2957 3477 eligere
2979 3414 3344 3476 praesumunt.
3393 3405 3506 3462 Nec
3548 3422 3679 3461 unus
3702 3406 3774 3459 vel

2206 3497 2319 3554 duo
2350 3498 2455 3554 sibi
2488 3497 2746 3554 dilectum
2781 3498 2863 3553 vel
2886 3497 3075 3552 utilem
3103 3497 3210 3553 nisi
3236 3496 3375 3554 forte
3438 3515 3775 3556 omnesomn-

2206 3589 2449 3645 muuiter
2487 3588 2653 3645 alicui
2713 3588 2958 3644 honesta:
3011 3603 3263 3659 personae
3300 3603 3413 3644 non
3456 3591 3560 3645 sibi
3607 3606 3776 3659 suspe-

2205 3688 2326 3749 ctse,
2351 3688 2542 3752 sponte
2554 3695 2900 3736 communem
2915 3681 3293 3736 concesserint
3313 3681 3651 3737 electionem.
3677 3682 3777 3736 Ele-

2207 3782 2403 3847 gerunt
2436 3781 2619 3829 autem
2667 3772 2899 3844 apostoli
2942 3771 3101 3841 duos,
3133 3786 3275 3844 quos
3315 3773 3476 3845 juxta
3516 3775 3779 3829 arbitrium

2208 3885 2369 3925 suum
2396 3867 2608 3924 casteris
2626 3866 3034 3940 praeponebant,
3070 3882 3308 3937 quorum
3340 3868 3482 3924 alter
3518 3870 3781 3940 cognomi-

2206 3963 2429 4017 natione
2450 3961 2679 4033 justitia:
2699 3960 3145 4029 commendatur;
3185 3961 3342 4015 alteri
3369 3977 3505 4017 vero
3553 3962 3619 4017 ad
3654 3978 3787 4017 mm-

2208 4055 2613 4110 meudationem
2647 4054 2847 4111 suilicit
2889 4054 3038 4125 quod
3077 4069 3110 4109 a
3168 4053 3407 4110 Domino
3452 4057 3657 4112 electus
3690 4066 3783 4111 εει.

2210 4144 2317 4200 Sed
2352 4145 2615 4216 quoniam
2649 4152 2769 4200 uter
2790 4159 2983 4199 eorum
3010 4144 3166 4198 alteri
3208 4146 3615 4215 praeponendus
3635 4156 3787 4215 esset,

2208 4235 2559 4303 nesciebant,
2590 4236 2656 4291 ad
2687 4236 2994 4290 orationem
3018 4233 3368 4306 confugiunt,
3395 4245 3451 4292 et
3472 4236 3647 4293 Deum
3675 4254 3789 4293 coa-

2209 4329 2396 4385 Sulunt
2432 4326 2705 4383 dicentes:
2738 4325 2837 4393 Tu,
2871 4323 3113 4393 Domine,
3145 4328 3236 4397 qui
3266 4328 3433 4382 corda
3458 4330 3603 4383 nosti
3631 4329 3794 4382 hamis
3826 4376 3827 4391 χ

2209 4436 2357 4488 num,
2388 4419 2600 4474 ostende
2620 4435 2773 4490 quem
2797 4418 3014 4489 elegeris
3036 4434 3101 4473 ea:
3131 4418 3214 4472 his
3236 4418 3470 4488 duobus,
3516 4438 3679 4475 unum
3707 4438 3793 4474 ωε·

2206 4606 2474 4660 varicatus
2519 4612 2596 4658 est
2644 4601 2817 4657 Iudas
2846 4612 2902 4657 ut
2946 4601 3114 4657 abiret
3158 4604 3213 4656 in
3255 4603 3453 4673 jlocum
3503 4623 3680 4660 suum.
3745 4600 3827 4673 ini

2207 4695 2497 4768 quo:nobis
2518 4692 2785 4752 dederunt
2808 4695 3118 4765 exemplum
3145 4705 3206 4750 ut
3220 4695 3551 4752 electionem
3566 4698 3801 4752 celebra-

2205 4786 2337 4856 turi,
2361 4800 2710 4843 communem
2756 4801 2883 4840 cum
2927 4783 3190 4842 fratribus
3235 4787 3499 4844 omnibus
3539 4786 3801 4843 faciamus

2208 4877 2515 4935 orationem
2558 4878 2625 4934 ad
2654 4872 2848 4945 Deum,
2882 4887 2940 4933 ut
2962 4878 3078 4949 ipse
3107 4878 3200 4950 qui
3243 4879 3399 4936 solus
3441 4881 3601 4935 novit
3644 4872 3827 4950 corda;

2210 4969 2521 5037 hominum,
2569 4968 2733 5040 eligat
2767 4976 2823 5023 et
2859 4968 3196 5025 demonstret
3245 4984 3411 5041 quem
3456 4971 3531 5027 ad
3562 4973 3807 5027 ministe-

2207 5063 2354 5119 rium
2380 5077 2542 5118 suum
2582 5060 2795 5116 noverit
2820 5061 2995 5133 magis
3023 5062 3270 5134 dignum.
3298 5060 3369 5116 Et
3406 5063 3671 5118 dederunt
3698 5060 3827 5134 [σῖοὲ

2212 5165 2287 5212 tes
2317 5154 2426 5223 eis,
2466 5165 2515 5211 et
2539 5156 2729 5210 cecidit
2758 5172 2871 5210 sors
2896 5172 3054 5225 super
3084 5154 3396 5225 Matt/tiam,
3412 5166 3462 5213 et
3489 5173 3811 5212 annumera-

2213 5258 2297 5303 tus
2319 5259 2398 5304 est
2423 5265 2543 5304 cum
2568 5249 2812 5305 undecim
2840 5248 3115 5320 apostolis.
3159 5247 3301 5307 Hinc
3331 5262 3569 5307 sumunt
3587 5252 3815 5324 quidam

2209 5342 2592 5398 auctoritatem
2638 5342 2751 5398 sibi
2794 5342 3047 5399 sumendi
3080 5349 3277 5399 sortes.
3318 5341 3427 5399 Sed
3471 5353 3662 5400 tamen
3712 5358 3815 5397 no-

2210 5434 2389 5490 verint
2411 5433 2555 5504 quod
2580 5433 2865 5505 privilegia
2891 5448 3195 5505 paucorum
3234 5449 3344 5490 non
3392 5434 3613 5492 faciunt
3636 5434 3823 5508 legm

2210 5550 2580 5591 communem.
2611 5532 2669 5588 Si
2694 5542 2878 5589 tamen
2904 5533 3179 5589 voluerint
3200 5534 3452 5599 sortibus
3476 5537 3583 5605 uti,
3609 5535 3823 5592 iaciant

2213 5628 2316 5684 hoc
2336 5627 2485 5699 quod
2519 5627 2753 5698 apostoli
2780 5626 3049 5695 fecerunt,
3077 5634 3134 5683 et
3152 5642 3265 5683 non
3293 5628 3405 5685 nisi
3450 5630 3511 5685 in
3555 5646 3826 5687 necessu

2213 5719 2311 5777 riis
2331 5728 2387 5775 et
2408 5717 2609 5775 dubiis.
2634 5719 2786 5775 Alias
2807 5718 3044 5791 graviter
3068 5730 3323 5791 peccant,
3345 5737 3452 5779 nec
3476 5706 3827 5791 merentur

2214 5813 2448 5871 Domino
2472 5812 2782 5872 certihcari.
2812 5812 3060 5887 Apostoli
3082 5827 3219 5872 vero
3249 5815 3349 5889 qui
3382 5816 3658 5874 dederunt
3696 5831 3828 5870 son

3826 4636 3827 4693 i

3825 4726 3827 4785 4

3825 4822 3827 4977 1

3823 5742 3827 5795 i
