3850 6318
61 331 176 393 1355

1078 326 1409 384 llOMlLl/E.
1458 361 1509 368 —
1552 329 1592 383 1.
1637 329 1725 384 DE
1764 327 2109 384 'l‘EMl‘ORE.

3149 334 3289 394 ιδδι

57 461 124 504 tes
144 447 195 501 in
220 453 404 500 retam
433 439 738 498 necessaria
760 447 816 494 et
849 439 1034 506 dubia,
1079 449 1134 495 et
1171 442 1273 495 hoc
1319 456 1446 496 cuin
1476 457 1602 496 ora-
1634 447 1679 507 Α
1705 452 1760 499 et
1783 443 1952 498 odore
1979 455 2206 497 suorum
2228 455 2456 513 operum
2485 451 2541 499 et
2577 457 2822 514 morum,
2851 462 2956 504 nos
2993 449 3296 510 delcctatur

53 543 199 606 tione,
231 554 261 592 a
298 537 524 591 Domino
553 534 942 591 exaudiuntur.
989 531 1124 588 Nam
1153 532 1410 590 Matthias
1436 549 1468 588 a
1492 533 1604 589 Deo

53 640 229 690 sortem
255 637 467 700 regente
486 628 691 683 electus
716 635 822 692 est,
847 635 903 681 et
932 635 1328 683 annumeratus
1362 634 1449 682 est
1491 633 1603 682 tam

53 735 221 784 mento
241 739 403 796 quam
427 738 673 790 numero,
697 733 808 778 tam
825 721 1090 778 electione
1113 737 1280 792 quam
1303 729 1472 788 sorte,
1489 730 1603 776 tam

51 823 288 891 potestate
330 828 491 885 quam
525 813 859 879 ministerio,
911 811 1122 868 caeteris
1154 811 1440 882 apostolis,
1487 819 1600 866 tam

53 912 96 964 in
126 908 264 963 caelis
288 921 452 977 quam
480 905 534 959 in
567 913 730 959 terra.
765 903 920 960 Unde
943 903 1206 960 ho‘dierna
1236 902 1326 959 die
1352 903 1422 959 de
1462 912 1604 958 terra

50 1009 353 1070 assumptus,
377 1015 502 1053 cum
537 998 749 1054 caeteris
779 995 1042 1070 apostolis
1085 997 1140 1052 in
1162 996 1304 1053 ctelo
1332 995 1619 1066 glorifica“

52 1108 143 1160 tus,
173 1109 286 1149 cum
309 1091 524 1147 eisdem
543 1091 808 1146 mundum
834 1088 1204 1161 iudicaturus.
1253 1087 1426 1159 Cujus
1449 1089 1605 1143 meri-

50 1197 146 1242 tum
167 1195 215 1241 et
235 1184 550 1240 intercessio
586 1182 750 1239 faciat
774 1198 874 1239 nos
902 1183 1027 1238 vita:
1050 1182 1603 1253 aternanadjudicari,

50 1280 280 1351 largiente
328 1275 564 1331 Domino
618 1284 809 1332 nostro
858 1274 988 1332 Jesu
1029 1273 1286 1339 Christo,
1339 1274 1434 1344 qui
1475 1286 1605 1329 cum

51 1370 186 1435 Patre
204 1379 254 1426 et
284 1367 490 1440 Spiritu
533 1376 725 1424 saneto
747 1367 879 1423 vivit
901 1376 956 1424 et
980 1375 1172 1438 regnat
1203 1365 1348 1421 Deus
1370 1381 1466 1438 per
1487 1381 1608 1422 om-

1705 543 1760 589 et
1788 534 1978 601 allicit,
2011 543 2066 588 et
2107 549 2204 604 spe
2232 534 2522 592 suavitatis
2561 551 2673 607 qua
2721 537 2979 596 fruuntur
3011 547 3186 600 sancti
3238 548 3292 602 in

1703 626 1881 697 patria
1905 640 2006 682 nos
2034 625 2223 682 trahit.
2253 625 2318 682 In
2338 625 2526 684 futuro
2555 643 2687 684 vero
2736 639 2902 700 gustu
2945 648 3060 689 sua:
3098 635 3294 693 inclia-

1705 718 1832 774 bilis
1857 717 2147 776 suavitatis
2173 718 2354 776 nosin
2383 727 2647 776 aeternum
2669 723 2910 779 satiabit.
2947 723 3004 780 Si
3035 727 3125 782 illa
3149 729 3292 784 inef-

1707 808 1859 868 fabili
1891 809 2203 877 dulcedine,
2255 809 2454 867 fratres
2508 812 2638 880 mei,
2681 813 2738 868 in
2778 823 3044 871 aeternum
3095 819 3286 875 satiari

1706 902 1980 973 cupimus,
2026 903 2084 960 in
2125 903 2531 973 pulchritudine
2575 906 2696 976 ejus
2736 908 3106 979 admiremur,
3145 919 3202 967 et
3238 913 3297 968 in

1706 994 1878 1050 odore
1905 995 2026 1065 ejus
2049 1011 2361 1063 curramus,
2397 1006 2452 1052 et
2489 998 2545 1052 in
2583 1015 2680 1070 spe
2720 1002 3026 1071 trahamur,
3071 1014 3296 1062 orantes

1709 1101 1834 1143 cum
1860 1102 2065 1158 sponsa
2087 1097 2143 1144 et
2163 1087 2408 1145 dicentes
2434 1108 2445 1144 :
2478 1110 2497 1144 ι
2527 1085 2706 1148 Trahe
2728 1109 2816 1148 me
2844 1103 2967 1164 post
2995 1104 3070 1162 te,
3101 1113 3294 1152 curre-

1709 1193 1832 1234 mus
1857 1179 1912 1233 in
1941 1179 2112 1234 odore
2133 1189 2536 1250 unguentorum
2557 1192 2778 1256 tuorum
2805 1185 2986 1256 (Cant.
3021 1187 3082 1256 ι).
3106 1207 3123 1240 ι
3150 1187 3298 1244 Con-

1707 1267 1988 1324 venienter
2024 1277 2206 1324 autem
2232 1271 2350 1326 ait:
2389 1270 2460 1324 Et
2497 1273 2596 1341 ﬂos
2635 1275 2701 1330 de
2735 1277 2913 1332 radice
2953 1279 3068 1348 ejus
3105 1296 3294 1334 ascen-

1707 1358 1818 1424 det,
1845 1358 2110 1428 quoniam
2137 1374 2246 1415 non
2275 1361 2343 1416 de
2366 1361 2590 1418 insitivo
2618 1366 2874 1434 surculo,
2922 1367 3020 1423 sed
3063 1369 3130 1425 de
3179 1370 3296 1425 sola

50 1465 122 1518 nia
148 1463 326 1519 εωευιδ
361 1463 708 1518 mimum,
741 1461 932 1517 Amen,
1707 1465 1876 1506 carne
1904 1449 2142 1521 Virginis
2163 1451 2282 1507 sine
2309 1467 2476 1523 opere
2508 1455 2658 1510 virili
2679 1467 2978 1528 conceptus
3007 1469 3093 1515 est
3135 1460 3301 1516 Chri-

305 1554 427 1609 Vita
452 1557 564 1610 divi
591 1555 838 1610 Manilia
860 1571 954 1626 per
980 1554 1330 1609 Dorotheum.

1719 1549 1848 1596 stus.
1897 1538 2299 1596 Convenienter
2336 1557 2557 1613 quoque
2590 1544 2687 1611 ait,
2731 1549 2997 1614 ascendet,
3035 1551 3298 1620 quoniam

109 1647 191 1728 (ii)
214 1647 462 1704 Matthias
489 1665 613 1728 cunt
638 1659 785 1728 esset
805 1663 1037 1728 unuse:
1081 1646 1422 1728 septuaginta
1445 1646 1611 1728 otsci-

1719 1628 1966 1686 Christus
2014 1631 2212 1686 merito
2257 1631 2585 1689 humilitatis
2629 1635 2974 1693 altitudinem
2997 1638 3216 1695 virtutis
3237 1657 3300 1695 a-

50 1717 186 1798 palis,
235 1728 415 1798 postea
456 1721 717 1798 undecim
755 1719 1019 1789 apostolis
1064 1717 1610 1798 duodecimuszdoco

1719 1723 1946 1789 scendit,
1973 1737 2082 1778 nor.
2107 1724 2287 1780 solum
2320 1733 2380 1780 ut
2413 1735 2561 1781 esset
2602 1737 2767 1798 caput
2810 1729 2978 1784 totius
3023 1729 3301 1797 Ecclesrae,

48 1789 177 1844 Jndae
212 1791 526 1860 proditoris,
555 1788 949 1846 annumeratus
991 1797 1076 1844 est
1119 1789 1270 1858 (Act.
1300 1791 1373 1860 ι).
1407 1788 1506 1842 llic
1550 1789 1604 1842 in

51 1861 274 1914 interiore
322 1860 633 1914 ZEthionia.
663 1861 754 1914 ulti
817 1859 1027 1914 llvssus
1078 1861 1249 1914 maris
1291 1869 1503 1914 portus.
1554 1867 1608 1912 et

1719 1814 1993 1871 sedetiam
2021 1817 2272 1872 ascendit
2324 1833 2490 1887 super
2521 1788 2806 1874 cherubim
2844 1829 2899 1875 et
2934 1822 3208 1892 seraphim
3249 1788 3305 1877 et

51 1875 274 1918 interiore
322 1875 633 1931 minamur,
663 1875 754 1915 nm
817 1875 1027 1932 rtyssus
1078 1875 1249 1918 utaris
1291 1875 1503 1928 portus,
1554 1875 1608 1912 et

49 1926 215 1984 Phasis
257 1931 451 1985 ﬂuvius
496 1941 599 1995 est,
628 1931 885 1985 omnibus
926 1931 1176 1986 barbaris
1196 1938 1251 1984 et
1297 1929 1608 1984 carnivoris

1719 1922 1878 1977 super
1899 1906 2072 1963 ctelos
2103 1908 2374 1964 ctelorum
2396 1925 2575 1980 usque
2599 1911 2670 1966 ad
2699 1910 2876 1967 Patris
2911 1875 3301 1985 atquaiitatcm,

51 2002 325 2070 pmlicaxit
368 2001 742 2072 Evangelinm.
779 2000 1041 2072 Mortuus
1065 2010 1150 2055 est
1195 2009 1378 2055 autem
1417 2001 1476 2054 in
1512 1998 1610 2054 Se-
1710 1998 1873 2054 nobis
1904 1998 2224 2069 relinquens
2252 2001 2562 2069 exemplum
2595 2013 2656 2056 ut
2677 2017 2988 2059 mercamur
3011 2005 3307 2060 ascendere

1711 2091 1778 2146 ad
1799 2089 2066 2146 calorum
2093 2089 2460 2146 altitudinem.

53 2071 307 2143 bastopuli,
339 2071 716 2143 ibiqueiprope
735 2073 998 2142 templum
1021 2071 1168 2128 Solis
1197 2072 1465 2143 sepultus.

1781 2182 2017 2250 Quantis
2059 2192 2244 2238 autem
2293 2183 2457 2240 donis
2497 2201 2528 2240 a
2576 2185 2783 2256 Spiritu
2839 2197 3032 2243 sancto
3062 2201 3208 2244 esse:
3237 2191 3306 2243 il-

765 2162 881 2218 XV.

1712 2277 2033 2332 lnstrandus
2081 2276 2357 2344 ostendit,
2423 2291 2549 2332 cum
2609 2278 2796 2333 subdit
2839 2297 2853 2332 :
2897 2277 2966 2332 Et
3023 2281 3308 2349 requiescet

316 2273 366 2310 IN
405 2272 844 2312 ANNUNTIATIONE
881 2271 1069 2310 REATE
1111 2270 1312 2310 ΙΙΑΗΙΕ.

109 2348 401 2418 Εθηνέὲειαι·
425 2350 579 2420 uirga
601 2350 669 2402 de
701 2350 878 2404 radice
906 2347 1078 2414 Iesse,
1119 2359 1169 2402 et
1209 2349 1308 2426 dos
1331 2347 1399 2401 de
1433 2345 1611 2400 radice

1719 2383 1868 2438 super
1905 2384 2024 2422 eum
2081 2366 2317 2437 Spiritus
2347 2366 2588 2423 Domini.
2641 2367 2762 2425 Non
2801 2370 2977 2426 solum
3007 2345 3154 2426 enim
3179 2373 3308 2443 Spi-

1713 2455 1853 2510 ritus
1880 2465 2123 2520 sanctus,
2145 2454 2238 2510 sed
2258 2455 2426 2510 etiam
2443 2465 2555 2512 tota
2580 2454 2818 2516 Trinitas
2849 2458 2904 2514 in
2937 2459 3157 2516 homine
3177 2460 3311 2518 Jcsn

49 2442 146 2508 ejus
165 2442 396 2496 ascemlet
428 2441 573 2513 (Isa.
623 2445 728 2510 ιιι),
752 2449 858 2496 etc.
889 2440 987 2497 liis
1018 2439 1223 2506 verbis,
1264 2437 1462 2493 fratres
1487 2437 1614 2493 cha-

55 2534 248 2600 rissimi,
281 2536 530 2605 pmlixit
555 2535 689 2590 olim
715 2532 888 2590 lsaias
925 2533 1194 2603 propheta
1223 2530 1508 2587 Christum
1557 2529 1610 2584 in

1719 2533 1936 2604 Christo
1979 2547 2296 2618 requiescit,
2335 2547 2390 2604 id
2418 2559 2503 2605 est
2532 2558 2814 2621 gratanter
2838 2550 3090 2622 quiescit.
3130 2551 3186 2607 In
3212 2568 3313 2611 cte-

52 2641 192 2681 carne
211 2637 522 2694 venturum,
557 2627 853 2684 ostendens
885 2625 1012 2692 tria,
1039 2625 1252 2680 scilicet
1281 2623 1427 2678 unde
1466 2629 1615 2678 esset

52 2718 306 2784 oriundus,
337 2719 566 2790 quantis
591 2718 752 2776 donis
783 2734 813 2773 a
837 2716 1044 2788 Spiritu
1077 2725 1269 2772 sancto
1314 2722 1461 2772 esset
1497 2713 1615 2768 illu-

53 2812 298 2879 strandus,
328 2822 382 2868 et
403 2813 592 2884 qualis
615 2827 744 2883 erga
793 2812 932 2868 alios
969 2818 1117 2866 esset
1156 2808 1398 2864 futurus.
1441 2805 1614 2864 Porro

59 2906 177 2960 unde
219 2917 357 2962 esset
407 2906 683 2962 oriundus
734 2905 914 2976 primo
963 2902 1206 2959 ostendit
1250 2917 1379 2958 cum
1432 2900 1610 2956 dicit:

59 2991 338 3064 Egredietttr
361 2998 516 3068 virga
545 2997 609 3052 de
629 2997 810 3050 radice
827 2993 998 3062 Iesse,
1021 3004 1070 3050 et
1092 2996 1191 3066 ﬂos
1216 2995 1280 3048 de
1299 2993 1479 3048 radice
1500 2993 1614 3065 ejus

56 3087 285 3142 ascendet.
338 3086 734 3158 Metaphorice,
766 3084 966 3142 fratres
1007 3085 1136 3154 mei,
1185 3093 1346 3140 vocat
1375 3083 1613 3140 radicem

55 3193 213 3235 semen
242 3179 392 3237 Jesse
443 3181 620 3251 patris
648 3179 847 3248 David;
873 3179 1081 3251 virgam
1113 3193 1240 3234 vero
1265 3178 1477 3234 beatam
1495 3176 1618 3232 Vir-

57 3269 231 3339 ginem,
260 3285 313 3329 et
331 3275 524 3329 liorem
551 3272 855 3353 Christum.
885 3272 1060 3328 Radix
1087 3270 1288 3343 quippe
1316 3280 1402 3328 est
1432 3272 1544 3328 ima
1563 3282 1618 3329 et

55 3361 238 3417 occulta
265 3363 317 3417 in
341 3373 514 3430 terra,
541 3371 596 3418 et
627 3371 809 3419 tamen
830 3379 898 3420 ex
919 3378 984 3419 ea
1005 3362 1183 3435 surgit
1203 3363 1364 3419 arbor
1394 3379 1612 3435 magna.

57 3450 135 3506 Sic
162 3454 316 3525 stirps
343 3453 504 3512 Iesse
532 3453 640 3511 fuit
682 3455 790 3511 ima
826 3464 882 3512 et
918 3455 1156 3524 occulta,
1193 3455 1455 3528 quoniam
1502 3457 1618 3528 ple—

56 3543 169 3602 beus
191 3556 302 3602 erat
321 3548 505 3616 Jesse,
535 3548 590 3603 id
619 3559 705 3604 est
735 3547 942 3604 nullius
965 3547 1229 3616 nominis,
1255 3556 1312 3604 et
1341 3555 1525 3609 tamen
1549 3562 1618 3604 ex

55 3650 110 3692 eo
137 3649 248 3696 nata
279 3650 361 3697 est
381 3640 587 3712 regalis
615 3640 778 3696 linea.
806 3639 875 3696 Et
905 3641 1050 3697 sicut
1079 3641 1385 3696 nesciretur
1411 3639 1503 3696 ubi
1529 3655 1619 3696 es-

58 3736 126 3782 set
151 3731 312 3800 radix,
342 3732 452 3789 nisi
482 3741 708 3802 propter
733 3731 990 3788 arborem
1019 3731 1147 3788 inde
1174 3741 1511 3804 surgentem,
1542 3731 1618 3786 ita

57 3822 183 3877 nulla
212 3826 400 3882 notitia
419 3833 576 3882 esset
601 3825 668 3880 de
688 3822 864 3892 Jesse,
899 3823 1008 3880 nisi
1045 3839 1142 3894 per
1169 3824 1378 3896 regiam
1413 3824 1616 3880 lineam

1715 2642 1850 2698 teris
1909 2641 2113 2713 quippe
2178 2642 2501 2699 hominibus
2567 2644 2774 2714 aliquid
2835 2654 2920 2700 cst
2983 2646 3128 2716 quod
3200 2645 3311 2704 Deo

1715 2734 2005 2805 displicet;
2053 2735 2110 2789 in
2152 2733 2376 2792 Christo
2417 2744 2602 2791 autem
2639 2735 2777 2790 nihil
2809 2745 2894 2792 cst
2920 2738 3005 2792 vel
3032 2736 3134 2792 fuit
3163 2737 3314 2808 quod

1715 2825 1828 2882 Deo
1870 2826 2273 2896 beneplacitum
2317 2841 2428 2883 non
2481 2826 2582 2894 sit,
2623 2835 2762 2883 teste
2807 2825 2970 2883 Patro
3005 2828 3099 2898 qui
3142 2828 3209 2884 de
3244 2842 3315 2884 eo

1715 2915 1892 2972 dixit:
1927 2935 1946 2968 ι
1979 2914 2081 2971 Hic
2105 2925 2191 2972 est
2221 2907 2394 2972 Filius
2433 2931 2593 2972 meus
2633 2915 2897 2984 dilectus,
2941 2916 2996 2972 in
3035 2932 3146 2988 quo
3179 2917 3313 2973 mihi

1719 3005 1855 3061 bene
1898 3005 2203 3076 mmplacui
2249 3003 2488 3077 (Matth.
2527 3009 2644 3076 ιιι).
2679 3004 2862 3063 t-Nos
2909 3021 3076 3080 ergo,
3117 3007 3316 3063 fratres

1720 3099 1847 3166 mei,
1875 3114 2039 3154 omne
2063 3098 2208 3170 quod
2237 3097 2348 3154 Deo
2396 3097 2649 3170 displicet
2685 3099 3042 3157 cxclndamns
3063 3114 3090 3156 ο
3131 3101 3311 3156 nobis.

1721 3189 1781 3246 Si
1809 3193 2064 3249 volumus
2084 3191 2232 3266 quod
2257 3189 2400 3248 Deus
2423 3193 2728 3262 requiescat
2757 3193 2810 3248 iu
2843 3194 3022 3260 nobis,
3046 3195 3316 3252 evitemus

1718 3295 1942 3358 peccata
1975 3301 2070 3356 per
2103 3301 2228 3356 qua:
2269 3284 2414 3341 Deus
2455 3287 2731 3342 excutitur
2767 3302 2798 3342 a
2839 3288 3017 3344 nobis.
3053 3289 3317 3359 Sequitur

1721 3381 1775 3436 in
1808 3387 1956 3434 textu
1997 3397 2009 3432 :
2044 3376 2283 3449 Spiritus
2327 3379 2609 3448 sapientia!
2646 3387 2696 3433 et
2732 3379 3063 3442 intellectus,
3093 3383 3316 3452 spiritus

1719 3471 1929 3527 consilii
1952 3479 2002 3525 et
2037 3469 2377 3540 fortitudinis
2397 3511 2414 3537 ,
2444 3471 2670 3541 spiritus
2703 3472 2943 3528 scientia:
2975 3484 3023 3526 et
3063 3473 3277 3543 pietatis
3298 3517 3314 3539 ,

1717 3574 1766 3619 et
1792 3562 2005 3634 replebit
2030 3579 2149 3616 eum
2164 3563 2384 3632 spiritus
2408 3563 2617 3618 timoris
2644 3561 2876 3618 Domini.
2897 3563 3050 3620 Unus
3069 3575 3153 3620 est
3167 3566 3316 3620 enim

1719 3657 1976 3727 spiritus,
2027 3654 2122 3712 sed
2169 3655 2384 3711 diversa
2427 3663 2558 3710 sunt
2605 3655 2726 3726 ejus
2761 3657 2925 3712 dona.
2967 3656 3073 3725 Qui
3115 3673 3316 3713 nomen

1719 3766 1881 3807 suum
1904 3749 2065 3806 donis
2097 3750 2214 3806 suis
2251 3749 2373 3806 ideo
2404 3749 2624 3816 tribuit,
2661 3750 2924 3821 quoniam
2954 3766 3018 3806 ea
3051 3750 3102 3805 in
3131 3751 3318 3822 aliquo

1721 3859 2002 3915 antiquam
2027 3843 2375 3914 derelinq-uit.
2403 3841 2509 3910 Qui
2534 3844 2680 3900 enim
2712 3844 2876 3900 habet
2903 3844 3045 3900 dona
3080 3843 3322 3914 Spiritus

1719 3937 1930 4002 sancti,
1958 3937 2122 3993 habet
2146 3934 2409 4006 Spiritum
2439 3945 2722 4005 sanctum,
2753 3947 2807 3993 et
2832 3938 2926 4008 qui
2953 3939 3116 3994 habet
3143 3937 3318 4009 Spiri-

1719 4041 1837 4088 tum
1864 4041 2138 4097 sanctum,
2170 4031 2331 4086 habet
2359 4031 2480 4102 ejus
2507 4031 2672 4096 dona,
2699 4033 2999 4104 praesertim
3028 4048 3153 4089 cum
3182 4033 3322 4088 nihil

1721 4125 1868 4182 aliud
1897 4125 1969 4182 sit
1998 4123 2262 4196 Spiritum
2287 4134 2541 4181 sanctum
2571 4125 2803 4193 habere,
2831 4141 2996 4197 quam
3025 4125 3147 4198 ejus
3174 4127 3322 4182 dona

364 4213 534 4296 ξ¹⁰¹ξ¹θ
557 4213 896 4298 ξηιιξ-θυοωδν
938 4213 1042 4248 ¹¹¹¹ι
1079 4213 1336 4298 τυξυηυελ-
1367 4213 1618 4298 οιξ¹¹¹ίξ¹⁶
1723 4216 1945 4272 habere.
1973 4214 2147 4272 Porro
2182 4214 2236 4270 in
2265 4213 2496 4272 Domino
2515 4225 2704 4273 nostro
2733 4226 2863 4273 sunt
2892 4227 3097 4289 septem
3115 4260 3128 4284 ,
3153 4217 3207 4273 id
3235 4225 3323 4274 est

56 4285 148 4333 tate
169 4282 531 4350 perfectionis.
560 4282 620 4339 In
648 4284 782 4341 flore
793 4301 923 4341 vero
946 4294 1076 4342 sunt
1096 4285 1224 4354 tria,
1246 4287 1614 4358 pulchritudo,

1722 4308 1908 4365 omnia
1935 4307 2079 4366 dona
2109 4306 2348 4378 Spiritus
2379 4307 2577 4365 sancti.
2615 4306 2811 4365 Omnia
2839 4282 3040 4382 quippe
3071 4282 3233 4380 habet
3259 4309 3320 4365 in

55 4372 170 4426 odor
201 4383 251 4432 et
293 4393 438 4448 spes.
483 4376 546 4432 In
582 4376 806 4434 Christo
845 4394 1068 4450 quoque
1116 4378 1219 4436 fuit
1266 4381 1614 4451 pulchritudo

1722 4409 2010 4472 potestate,
2035 4401 2129 4472 qui
2151 4372 2220 4457 ea
2243 4400 2332 4457 cui
2361 4403 2475 4457 vult
2497 4410 2680 4473 potest
2697 4372 3054 4469 dat'e,.scd'in
3081 4372 3184 4459 usu
3211 4418 3321 4458 non

57 4468 275 4579 ξ’ξηηίιπξι
295 4468 782 4579 νίηυίυωοκξίηάξδ
807 4470 966 4577 δε.θο
991 4471 1257 4579 “fligi”?
1283 4482 1368 4529 θεῖ
1390 4491 1405 4527 ³
1484 4473 1620 4579 δρξξ-
1655 4523 1699 4579 D
1724 4468 1916 4561 habet,
1943 4468 2146 4550 nisi—ea
2172 4509 2294 4564 quae
2331 4468 2548 4564 oportet
2580 4509 2708 4550 eum
2744 4468 2962 4550 habere.
2993 4493 3320 4550 Pmnitcntia

58 4561 217 4657 ciosus
238 4561 410 4620 forma
441 4579 558 4636 prae
586 4563 714 4620 filiis
754 4564 1042 4620 hominum
1071 4564 1249 4635 (Psal.
1299 4565 1466 4634 xuv).
1508 4586 1526 4618 ›
1561 4564 1614 4620 In

1724 4583 1872 4640 enim
1928 4592 1984 4639 et
2043 4561 2339 4638 refrenatio
2370 4561 2633 4640 libidinis
2685 4592 2818 4640 sunt
2872 4584 3016 4640 dona
3083 4582 3324 4652 Spiritus

59 4655 159 4717 ipso
182 4669 393 4726 quoque
432 4656 540 4712 fuit
559 4655 698 4714 odor
736 4657 985 4712 omnium
1025 4657 1292 4712 bonarum
1334 4658 1614 4713 virtutum.

1726 4676 1924 4744 sancti,
1954 4691 2077 4746 quae
2103 4674 2360 4732 Christus
2393 4675 2446 4731 in
2478 4691 2537 4734 se
2565 4692 2676 4732 non
2711 4676 2897 4744 habet,
2920 4675 3182 4745 quoniam
3214 4690 3323 4729 non

59 4739 193 4801 υηίίθ
218 4749 282 4805 de
309 4767 376 4807 θο
406 4751 675 4822 scripuli“
697 4760 812 4808 θεῖε
836 4770 854 4804 ⁴
888 4750 1028 4808 Ecce
1056 4752 1194 4807 οι]οΓ
1235 4752 1332 4808 mli
1367 4754 1476 4809 mei
1520 4755 1624 4810 SiC‘
1725 4739 1956 4840 oportet.
1974 4739 2229 4824 Ῥι-ἰιιιιιιιι
2258 4769 2466 4824 donum
2493 4777 2579 4824 est
2606 4739 3238 4839 sapientia'divinorum,
3264 4777 3329 4822 nt

59 4843 111 4890 ut
148 4840 272 4896 odor
315 4845 434 4915 agri
472 4844 641 4915 pleni,
678 4845 768 4901 cui
812 4843 1090 4900 benedixit
1138 4843 1406 4901 Dominus
1467 4845 1614 4918 (Gen.

1728 4862 1922 4919 notitia
1951 4861 2212 4918 trinitatis
2243 4863 2296 4918 in
2327 4861 2564 4930 unitate,
2600 4871 2658 4918 et
2703 4861 2931 4918 unitatis
2972 4861 3030 4917 in
3059 4860 3324 4929 trinitate,
3371 4862 3388 4896 '

57 4937 229 5003 “Vlll-
261 4954 281 4986 ³
315 4934 381 4992 Et
412 4938 468 4993 in
511 4936 808 5008 EVangeliO
853 4937 1088 5008 Ῑοὲζίηιιιε
1123 4936 1388 5007 quoniam
1443 4956 1461 4991 ε
1492 4938 1626 4993 abi“
1728 4962 1783 5008 et
1823 4951 2016 5010 notitia
2058 4952 2369 5010 divinorum
2421 4962 2790 5021 secretorum,
2835 4953 3030 5010 notitia
3082 4953 3330 5023 creandi,

57 3927 108 3966 es
131 3929 190 3970 eo
211 3917 618 3986 procedentem.
647 3913 813 3988 Virga
835 3929 1058 3987 quoque
1084 3923 1170 3971 est
1197 3915 1381 3986 plana,
1407 3915 1616 3982 virens,

57 4015 180 4061 recta
203 4017 252 4063 et
272 4009 530 4066 rotunda.
568 4007 661 4065 Sic
679 4008 840 4064 beata
868 4006 1034 4080 Virgo
1056 4006 1160 4063 fuit
1188 4007 1350 4078 plana
1369 4007 1440 4063 ah
1466 4009 1620 4064 omni

58 4097 178 4151 nodo
199 4100 474 4167 vitiorum,
500 4099 604 4156 fuit
628 4101 810 4158 virens
831 4101 981 4157 omni
1002 4101 1182 4157 virore
1201 4100 1488 4168 virtutum,
1516 4100 1622 4157 fuit

58 4197 182 4243 recta
207 4192 534 4248 rectitudine
557 4192 896 4261 intentionis,
938 4192 1042 4248 fuit
1079 4193 1316 4249 rotunda
1367 4195 1618 4250 rotundi-

61 5025 223 5092 opinio
263 5030 382 5100 ejus
435 5047 533 5102 per
571 5039 746 5086 totam
796 5030 1075 5100 regionem
1119 5030 1319 5102 (Matth
1371 5034 1466 5102 ιν).
1509 5051 1527 5082 ι
1564 5030 1622 5086 ln

63 5113 165 5183 ipso
187 5120 344 5176 etiam
368 5121 471 5178 fuit
490 5131 546 5178 et
565 5119 650 5178 est
680 5137 806 5194 spes
832 5120 1046 5176 fructus
1071 5121 1284 5177 αξιοι-ιιι.
1323 5118 1478 5176 Unde
1510 5121 1626 5192 ipse

61 5219 265 5268 vocatur
326 5230 360 5270 a
431 5213 712 5286 prophetis
765 5212 1116 5285 Exspcctatio
1176 5213 1419 5286 gentium
1471 5212 1622 5284 (Gen.

63 5304 215 5370 xm),
253 5317 304 5360 et
361 5303 712 5363 Desideratus
773 5306 989 5362 cunctis
1030 5307 1286 5378 gentibus
1343 5307 1499 5378 (Agg.
1539 5307 1623 5378 ιι).

65 5386 214 5449 Porro
239 5407 364 5455 tunc
385 5412 614 5457 vocatur
640 5401 769 5467 llos;
798 5415 944 5455 nunc
971 5410 1198 5456 vocatur
1226 5400 1458 5456 fructus.
1476 5399 1627 5468 Quo-

65 5485 193 5542 niam
213 5489 321 5561 ipse
342 5494 436 5564 qui
463 5494 625 5550 nobis
667 5503 751 5550 est
786 5493 888 5548 llos
927 5493 980 5548 in
1019 5493 1128 5560 via,
1165 5494 1273 5549 erit
1317 5493 1532 5550 fructus
1570 5493 1626 5549 in

67 5583 241 5646 patria.
271 5583 427 5642 Nunc
454 5588 602 5643 enim
633 5584 1044 5658 pulchritudine
1082 5601 1312 5643 suarum
1338 5588 1624 5654 virtutum,

131 5753 202 5827 (6)
229 5758 444 5830 Essem,
473 5763 568 5839 lib.
595 5764 652 5832 2,
681 5781 799 5836 cap.
834 5765 887 5834 l,
911 5764 1050 5823 llist.
1084 5764 1283 5822 eccles.

408 5902 679 5967 Ριτιιδι.
717 5905 890 5969 CLV.

1729 5045 2093 5102 conservandi
2150 5046 2516 5118 propagandi,
2557 5058 2636 5104 -et
2670 5043 3010 5120 gubernandi
3046 5045 3326 5102 universa.

1731 5133 1890 5203 Quod
1941 5135 2151 5192 donum
2193 5137 2317 5206 quis
2347 5137 2524 5208 magis
2563 5138 2756 5194 habuit
2791 5153 2958 5210 quam.
2993 5137 3083 5194 ille
3108 5139 3204 5210 qui
3234 5154 3328 5195 es-

1732 5227 2034 5283 sentialitcr
2055 5237 2138 5284 est
2172 5229 2442 5298 sapientia
2468 5227 2561 5286 Dei
2589 5228 2790 5298 Patris,
2811 5239 2866 5286 et
2889 5230 2981 5302 qui
3010 5246 3136 5286 cum
3167 5227 3333 5285 Patre

1733 5318 1805 5373 ab
1833 5326 2040 5374 aeterno
2083 5319 2268 5374 omnia
2313 5319 2618 5391 disposuit,
2653 5331 2710 5379 et
2755 5323 2812 5378 in
2855 5331 3102 5394 tempore
3145 5323 3332 5378 omnia

1737 5421 1915 5479 creat,
1943 5419 2234 5468 conservat
2264 5419 2320 5468 et
2344 5412 2521 5484 regit?
2549 5411 2615 5469 Et
2649 5421 2832 5470 tamen
2867 5414 3012 5472 istud
3041 5415 3245 5471 donum
3276 5414 3334 5468 in

1737 5515 1983 5575 tempore
2010 5514 2336 5574 accepturus
2373 5504 2608 5575 dicitur,
2639 5507 2901 5578 quoniam
2931 5509 3079 5580 quod
3108 5515 3228 5564 erat
3248 5507 3334 5574 ei,

1739 5595 2040 5655 secundum
2061 5596 2210 5668 quod
2253 5595 2400 5656 Deus
2433 5607 2634 5656 natura
2665 5610 2777 5670 est,
2805 5600 3010 5658 factum
3035 5608 3118 5658 est
3159 5599 3210 5655 ei
3238 5613 3332 5654 se-

2967 5911 3046 5970 Ιι3
