3832 6314
467 368 608 430 1555

468 489 710 542 cundum
739 476 882 550 quod
913 481 1000 531 est
1042 482 1209 528 nomo
1247 463 1440 538 gratia.
1492 452 1807 513 Secundum
1849 447 2054 503 donum
2087 443 2131 504 Α

472 587 558 632 est
605 537 913 629 intellectus
953 537 1320 622 occultorum,
1367 560 1430 608 ut
1472 546 1724 604 videlicet
1767 537 2067 606 intelligere

475 667 691 725 occulta
729 661 976 719 cordium
1003 698 1018 726 ,
1047 651 1264 712 occulta
1300 646 1647 705 futurorum,
1677 633 1890 690 occulta
1921 625 2068 682 Scri-

476 815 598 923 prie
646 815 871 919 spiritus
918 835 1216 912 prophetiae
1260 835 1442 902 potest
1486 823 1616 880 dici.
1659 815 1818 886 Quod
1864 815 2070 869 donum

422 963 428 979 ·
478 904 609 1016 quis
655 904 829 1012 magis
857 904 1046 991 habuit
1075 942 1238 999 quam
1280 925 1369 978 ille
1394 919 1486 991 qui
1521 914 1764 971 occultas
1788 904 2075 980 cogitatio-

427 1041 431 1047 '
484 1050 586 1090 nes
609 997 923 1101 iniquvorum
949 997 1261 1076 Iudae—orum
1293 1010 1493 1083 arguit,
1517 1015 1572 1061 et
1593 1004 1776 1058 futura
1799 1007 1854 1054 et
1879 997 2077 1051 absen-

486 1127 566 1182 tia
589 1089 848 1191 tanquam
877 1112 1148 1186 pratici-ita
1184 1103 1466 1162 narravit?
1498 1098 1627 1153 Inde
1656 1102 1740 1151 est
1771 1089 1921 1163 quod
1949 1100 2078 1158 pro-

487 1217 681 1288 pheta,
703 1180 824 1264 imo
863 1180 1128 1260 Dominus
1162 1198 1550 1270 prophetarum
1577 1194 1825 1243 vocatur.
1866 1180 2081 1250 Moyses

489 1271 636 1361 enim
667 1303 732 1356 de
763 1316 828 1355 eo
855 1299 929 1353 ait
957 1314 969 1348 :
1003 1316 1020 1347 (
1063 1292 1396 1362 Prophetam
1433 1279 1722 1340 suscitabit
1749 1274 1908 1332 vobis
1937 1271 2083 1326 Deus

491 1400 559 1453 de
587 1394 847 1450 fratribus
870 1388 1066 1446 vestris
1103 1384 1283 1455 (Deut.
1311 1377 1492 1446 xvnt).
1531 1395 1549 1426 ι
1580 1372 1648 1428 Et
1671 1372 1724 1426 in
1749 1363 2041 1437 Evangelio
2067 1379 2081 1416 ε

501 1513 522 1544 ι
545 1489 643 1545 ilic
672 1496 755 1543 est
783 1499 907 1540 vere
926 1481 1189 1553 propheta
1222 1475 1317 1546 qui
1347 1479 1612 1527 venturus
1637 1463 1796 1521 estin
1819 1457 2086 1515 mundum

494 1582 679 1652 (Ioan.
703 1579 799 1650 vi).
825 1597 842 1627 ι
864 1574 1109 1630 Tertium
1134 1570 1338 1624 donum
1359 1572 1445 1620 est
1467 1557 1758 1617 consilium
1786 1554 1928 1608 inter
1951 1549 2088 1604 insi-

496 1676 618 1733 dias
667 1682 721 1727 et
761 1639 1005 1740 pericula
1051 1661 1216 1732 hujus
1263 1654 1475 1713 mundi.
1525 1649 1683 1718 Quod
1729 1647 1935 1702 donum
1967 1639 2091 1712 quis

497 1765 678 1838 magis
700 1761 891 1818 habuit
917 1772 1082 1828 quam
1112 1754 1200 1808 ille
1228 1751 1323 1821 qui
1352 1749 1594 1803 humano
1614 1737 1798 1813 generi
1821 1737 1888 1792 de
1915 1734 2094 1791 salute

500 1827 813 1926 desperanti
845 1827 1138 1906 consilium
1171 1842 1353 1907 dedit,
1394 1847 1449 1895 et
1481 1835 1575 1906 qui
1611 1829 1856 1904 quotidie
1903 1827 2096 1881 incon-

504 1948 665 2004 sultis
713 1941 983 1999 consulit?
1019 1939 1246 2007 Propter
1286 1935 1389 1988 hoc
1424 1928 1570 1984 enim
1617 1917 2018 1980 antonomaticc
2064 1930 2094 1970 a

505 2039 772 2112 pmplicta
805 2055 823 2086 (
863 2029 1241 2092 consiliarius,
1269 2033 1322 2080 et
1353 2021 1579 2092 angelus
1609 2013 1794 2086 magni
1821 2008 2036 2067 consilii
2073 2025 2092 2059 ι

509 2138 857 2200 nuncupatur
886 2125 1022 2197 (Isa;
1071 2123 1166 2190 Ix).
1199 2118 1465 2185 Quartum
1494 2113 1699 2167 donum
1725 2113 1810 2161 est
1840 2099 2102 2160 fortitudo

509 2221 798 2279 resistendi
855 2211 1329 2288 persecutionibus
1379 2215 1434 2262 et
1488 2187 1883 2258 tentationibus
1939 2191 2104 2262 hujus

511 2315 722 2373 mundi.
755 2287 910 2378 Quod
955 2309 1160 2364 donum
1194 2303 1321 2374 quis
1366 2299 1540 2369 magis
1584 2293 1774 2351 habuit
1819 2304 1986 2362 quam
2017 2287 2106 2342 ille

513 2409 608 2482 qui
645 2405 943 2462 diabolicas
975 2399 1304 2456 teutationes
1339 2403 1394 2450 et
1439 2388 1850 2462 persecutiones
1885 2382 2107 2454 penitus

515 2505 821 2577 superavit,
862 2499 1040 2556 aerias
1076 2501 1374 2567 potestates
1409 2483 1728 2547 debellavit,
1776 2478 1969 2536 fortem
2017 2489 2107 2529 ar-

515 2605 724 2653 matum
754 2591 1012 2663 alligavit,
1040 2565 1094 2642 et
1123 2583 1308 2640 omnia
1338 2595 1465 2635 vasa
1498 2577 1619 2648 ejus
1647 2569 1946 2629 distribuit.
1972 2565 2110 2621 Pro-

515 2699 639 2764 pter
683 2692 787 2745 hoc
849 2686 1030 2750 enim,
1089 2701 1105 2731 ι
1157 2677 1300 2732 Deus
1344 2672 1501 2728 fortis
1541 2677 1595 2725 et
1631 2665 1898 2721 Dominus
1940 2660 2114 2714 virtu-

516 2749 667 2837 tum»
695 2795 724 2834 a
751 2776 1011 2848 propheta
1035 2768 1336 2841 appellatur
1361 2759 1496 2834 Usa.
1537 2763 1597 2828 ι).
1623 2753 1886 2822 Quintum
1908 2749 2115 2805 donum

520 2881 607 2928 est
647 2868 874 2926 scientia
915 2857 1257 2919 discernendi
1299 2855 1556 2908 virtutem
1595 2863 1624 2902 a
1663 2844 1832 2908 vitio,
1864 2851 2053 2895 vermn
2085 2851 2117 2891 a

522 2963 666 3017 falso
686 3002 701 3026 ,
734 2959 938 3013 bonum
974 2970 1001 3007 a
1032 2951 1176 3006 malo
1196 2991 1209 3015 ,
1231 2947 1440 3018 justum
1470 2940 1539 2995 ab
1566 2937 1792 3008 injuslo.
1833 2929 1989 2999 Quod
2020 2929 2120 2982 do-

525 3070 658 3112 num
696 3049 916 3123 proprie
951 3043 1210 3102 discretio
1254 3039 1544 3110 spirituum
1579 3028 1799 3086 dicitur.
1833 3021 1990 3090 Quod
2022 3019 2123 3074 do-

527 3143 808 3214 numquis
857 3138 1029 3209 magis
1061 3133 1252 3190 habuit
1273 3143 1438 3200 quam
1473 3125 1561 3180 ille
1587 3121 1681 3192 qui
1715 3138 1732 3170 (
1770 3114 2119 3174 scientiarum

528 3211 799 3293 Dominus
827 3242 908 3287 est
934 3229 983 3300 (I
1014 3227 1138 3298 Reg.
1171 3225 1254 3295 ιι),
1288 3241 1305 3275 ι
1339 3230 1393 3276 et
1421 3238 1438 3271 ι
1468 3215 1559 3288 (ιιιί
1588 3219 1866 3270 scrutatur
1887 3221 2046 3262 renes
2071 3211 2126 3259 et

531 3330 698 3386 corda
731 3327 904 3399 (Rom.
938 3323 1082 3394 vin),
1134 3338 1152 3370 ι
1195 3317 1287 3386 (ιιιί
1335 3329 1444 3368 non
1496 3310 1676 3366 solum
1720 3305 1862 3359 inter
1905 3301 2047 3355 bona
2073 3303 2134 3352 et'

531 3421 676 3477 mala
723 3417 1007 3488 dijudicat,
1039 3411 1131 3468 sed
1155 3410 1320 3464 etiam
1365 3406 1507 3459 inter
1529 3402 1672 3456 bona
1705 3405 1760 3452 et
1794 3395 1958 3458 bona,
1983 3389 2127 3445 mala

533 3527 589 3572 ct
612 3515 778 3579 mala,
816 3520 870 3566 et
921 3506 1223 3565 secundum
1257 3499 1451 3556 merita
1487 3491 1785 3562 unicuique
1815 3485 2136 3543 rulditnrus

535 3608 653 3665 est?
708 3604 860 3660 Unde
896 3599 1235 3672 Apostolus:
1269 3613 1288 3645 (
1323 3591 1492 3646 Vivus
1540 3596 1646 3654 est,
1705 3581 1906 3652 inquit,
1947 3591 2132 3634 sermo

538 3701 657 3768 Dei,
691 3708 744 3754 et
776 3667 1162 3767 penetrabilior
1204 3685 1352 3742 omni
1405 3679 1584 3754 gladio
1621 3672 1868 3746 ancipiti,
1922 3667 2130 3741 pertin-

539 3809 674 3867 gens
705 3804 880 3861 usque
909 3786 978 3841 ad
1012 3782 1333 3840 divisionem
1383 3776 1581 3831 anima:
1614 3780 1670 3827 et
1703 3766 1952 3839 spiritus,
1983 3775 2132 3818 com-

541 3899 746 3956 pagum
773 3893 992 3952 quoque
1037 3887 1090 3931 et
1132 3871 1519 3935 medullarum,
1549 3873 1606 3921 et
1639 3863 1908 3920 discretor
1934 3853 2139 3926 cogita-

541 3979 756 4035 tionum
788 3984 840 4028 et
870 3969 1256 4031 intentionem,
1289 3973 1343 4018 et
1383 3976 1490 4016 non
1539 3967 1624 4012 est
1663 3953 1845 4022 aliqua
1883 3956 2135 4004 creatura

545 4067 839 4124 invisibilis
885 4063 938 4118 in
985 4067 1282 4129 conspectu
1327 4054 1448 4124 ejus
1481 4049 1670 4122 (Hebr.
1709 4049 1803 4114 Iv).
1851 4062 1869 4092 ι
1909 4038 2134 4095 Sextum

546 4165 751 4219 donmn
795 4170 879 4214 est
907 4157 1078 4228 pictas
1108 4148 1392 4222 diligendi,
1423 4136 1812 4213 compatiendi,
1836 4145 1889 4191 et
1917 4129 2140 4188 benefa-

548 4256 746 4312 ciendi.
779 4251 934 4320 Quod
991 4250 1195 4304 donum
1249 4242 1376 4315 quis
1410 4238 1585 4310 magis
1615 4232 1802 4290 habuit
1836 4242 2005 4300 quam
2053 4225 2142 4279 ille

549 4349 642 4420 qui
674 4347 914 4415 seipsum
939 4341 1085 4397 dedit
1111 4354 1216 4394 non
1245 4335 1423 4392 solum
1454 4344 1553 4401 pro
1602 4324 1816 4388 amicis,
1848 4318 1941 4375 sed
1975 4317 2142 4371 etiam

550 4456 653 4513 pro
680 4438 940 4504 inimicis,
980 4447 1148 4490 orans
1187 4430 1351 4485 etiam
1396 4437 1494 4495 pro
1518 4412 1966 4490 persecutoribus
1995 4407 2146 4465 suis?

551 4534 782 4604 Propter
812 4532 915 4587 hoc
939 4529 1105 4584 etiam
1155 4538 1263 4579 non
1293 4518 1472 4576 solum
1510 4512 1656 4584 pius,
1690 4505 1783 4563 sed
1835 4506 1949 4574 ipsa
1975 4503 2148 4572 pietas

553 4635 610 4684 et
632 4627 747 4697 ipsa
780 4622 1019 4680 charitas
1053 4615 1376 4686 appellatur.
1405 4605 1708 4676 Septimum
1736 4599 1943 4654 donum
1962 4603 2046 4650 est
2075 4593 2144 4676 ti--

556 4671 610 4684 ν’
632 4671 747 4697 Ἰ¹“”“
782 4671 1015 4680 ν·------ν-ν
1091 4671 1102 4686 ι
1128 4671 1138 4686 .
1481 4671 1495 4676 -

556 4736 675 4777 mor
705 4715 915 4772 Domini
949 4711 1159 4772 lilialis;
1198 4702 1390 4760 habuit
1437 4697 1658 4770 quidem
1688 4691 1850 4748 Jesus
1891 4671 2150 4744 Christus

556 4827 666 4866 non
699 4808 1009 4878 passionem
1044 4796 1283 4862 timoris,
1309 4791 1405 4849 sed
1430 4785 1786 4846 reverentiam
1808 4791 1862 4838 et
1888 4777 2148 4838 obedien-

557 4903 692 4957 tiam
735 4899 917 4954 omnia
972 4891 1120 4947 I‘atri
1159 4886 1488 4948 attribncns,
1519 4880 1567 4934 ei
1605 4891 1783 4948 usque
1820 4873 1887 4929 ad
1915 4879 2148 4926 mortem

559 4992 842 5051 obedieus.
896 4986 961 5041 Et
1014 4985 1130 5038 lucc
1183 4977 1404 5050 quidem
1440 4974 1584 5031 dona
1638 4971 1729 5026 hic
1774 4961 2155 5024 descendendo

561 5091 979 5145 enumerantur,
1030 5073 1291 5146 quoniam
1321 5068 1584 5126 Christus
1633 5063 1726 5136 (de
1753 5075 1866 5133 quo
1908 5059 2026 5113 hrec
2066 5055 2155 5110 di-
2200 5096 2216 5113 .

565 5177 788 5244 cuntur)
819 5177 888 5232 ab
915 5170 1203 5228 altitudine
1223 5165 1420 5224 divina:
1448 5157 1940 5234 sapicntizemsque
1964 5149 2033 5205 ad
2059 5163 2156 5204 ex-

562 5286 804 5331 tremum
835 5268 1062 5331 donum,
1091 5263 1142 5319 id
1174 5270 1254 5318 est
1285 5260 1538 5315 timorem
1571 5247 1789 5306 Domini
1818 5260 1914 5316 qut
1943 5250 2030 5299 est
2051 5239 2158 5296 ini-

565 5370 707 5425 tium
761 5361 1040 5435 sapientia:
1065 5357 1236 5430 (Psal.
1271 5353 1382 5424 cx),
1416 5356 1638 5422 propter
1665 5357 1764 5398 nos
1793 5348 1876 5396 est
1899 5333 2158 5392 humilia-

565 5470 682 5517 tus.
711 5455 824 5513 Nos
866 5468 1017 5520 vero,
1052 5450 1268 5515 fratres,
1298 5446 1391 5515 qui
1425 5444 1478 5498 in
1504 5436 1709 5495 infimis
1754 5430 1916 5504 positi
1943 5440 2158 5492 smnus,

572 5569 606 5610 a
632 5550 844 5608 minore
877 5549 1043 5612 dono,
1071 5544 1121 5600 id
1147 5551 1231 5598 est
1260 5541 1458 5595 timore
1489 5528 1728 5587 Domini.
1763 5525 1817 5580 in
1846 5523 2015 5578 altum
2039 5531 2158 5589 prm

571 5645 845 5702 ﬁeiamus.
874 5639 1108 5696 Oremus
1133 5648 1263 5706 ergo
1295 5632 1471 5701 ipsum
1499 5623 1593 5696 qui
1631 5621 1751 5676 sine
1789 5625 2046 5672 mensura
2075 5610 2168 5664 ha-

573 5737 667 5794 bet
691 5731 1085 5807 plenitudinem
1113 5727 1405 5788 donorum,
1438 5728 1498 5774 ut
1526 5717 1641 5786 ipse
1670 5707 1971 5766 secundum
2010 5715 2166 5758 men-

581 5844 766 5889 suram
802 5840 915 5885 snae
949 5818 1245 5879 voluntatis
1285 5813 1444 5873 nobis
1479 5804 1772 5867 distribuat
1814 5814 1899 5857 ea.
1933 5794 2168 5853 Oremus

1743 334 1928 420 RADU
1938 330 2092 388 LPHI
2127 318 2472 384 ARDENTlS

2183 4517 2226 4571 ο
2253 4505 2373 4549 sum
2407 4496 2510 4551 est,
2536 4480 2620 4536 vel
2648 4479 2877 4538 bonum,
2906 4469 3052 4543 quod
3081 4458 3581 4522 malnmest.llinc
3601 4464 3677 4510 est
3698 4445 3826 4521 quod

3579 299 3682 359 1556

2161 447 2216 492 rt
2243 434 2516 493 dicamus,
2543 421 2773 479 Domine
2801 437 2814 474 :
2849 414 3082 472 immitte
3105 411 3160 467 in
3182 408 3348 489 corda
3368 416 3538 463 nostra
3559 409 3683 466 tim-

2168 539 2284 581 rem
2335 515 2576 577 nominis
2607 511 2709 577 tui,
2738 519 2821 575 ut,
2857 514 3082 577 propter
3109 512 3182 569 te,
3213 484 3428 570 peccata
3468 505 3516 552 et
3539 515 3690 555 curres

2170 612 2540 686 turpitudines
2565 605 2852 662 evitemus.
2881 597 2986 654 Sed
3008 595 3137 667 quia
3168 593 3275 648 hoc
3293 606 3400 646 non
3429 589 3613 657 sullicit,
3638 591 3691 646 da

2174 683 2341 766 etiam
2395 701 2578 767 nobis,
2626 693 2880 760 Domine,
2921 688 3175 760 Spiritum
3207 683 3442 756 pietatis,
3468 691 3521 737 ut
3560 683 3693 738 simus

2172 802 2248 875 pii
2273 800 2400 854 inte
2425 793 2557 850 etin
2588 788 2869 862 proximos
2903 791 3146 846 nostros,
3167 786 3222 833 te
3261 789 3421 846 super
3462 775 3633 841 omnia,
3654 786 3695 830 et

2175 864 2456 964 proximos
2507 884 2650 939 sicut
2699 891 2803 933 nos
2851 873 3161 944 diligentes.
3213 864 3584 936 Sed'quoniam
3605 867 3696 935 qui-

2176 955 2302 1039 dam
2351 978 2556 1035 habent
2599 972 2776 1026 zelum
2809 966 2926 1033 Dei,
2974 961 3069 1019 sed
3101 975 3212 1016 non
3244 955 3530 1014 secundum
3566 955 3698 1009 scien-

2178 1075 2334 1138 tiam,
2359 1069 2428 1124 da
2452 1076 2672 1137 quoque
2715 1058 2898 1123 nobis,
2941 1051 3190 1116 Domine,
3219 1046 3471 1119 spiritum
3495 1044 3702 1103 scicntia.

2183 1175 2242 1220 ut
2262 1162 2507 1218 sciamus
2525 1155 2616 1212 cui
2646 1151 2926 1225 pietatem,
2963 1155 3017 1202 et
3037 1143 3127 1200 cui
3150 1141 3534 1198 correctionem
3553 1135 3706 1190 debea-

2183 1273 2326 1314 mus.
2355 1252 2465 1309 Sed
2499 1247 2764 1321 quoniam
2791 1241 3016 1313 quidam
3061 1235 3270 1298 sciunt,
3311 1230 3406 1287 sed
3430 1237 3592 1282 tamen
3614 1240 3703 1296 pro-

2184 1361 2304 1424 pter
2357 1319 2869 1418 pusillanimitatem
2906 1347 3030 1403 quae
3073 1329 3258 1384 sciunt
3285 1319 3524 1378 facienda
3541 1319 3713 1393 aggreli

2188 1459 2299 1500 non
2329 1438 2552 1502 audent,
2580 1434 2650 1488 da
2687 1428 2874 1493 simul,
2899 1422 3151 1492 Domine,
3198 1416 3361 1473 nobis
3385 1412 3609 1488 spiritum
3633 1409 3716 1463 for-

2191 1532 2464 1597 titudinis,
2489 1536 2550 1597 ut
2578 1523 2794 1580 fortiter
2815 1532 2998 1590 agere,
3022 1523 3076 1569 et
3109 1522 3221 1567 tam
3249 1507 3406 1563 duris
3424 1519 3573 1574 quam
3601 1502 3718 1555 blan-

2192 1628 2282 1684 dis
2303 1595 2558 1681 resistere
2593 1616 2900 1672 valeamus.
2929 1608 3036 1664 Sed
3071 1603 3334 1676 quoniam
3363 1597 3571 1668 quidam
3597 1595 3723 1648 etiam

2197 1720 2367 1776 lortes
2393 1708 2655 1779 sunt,sed
2681 1716 2862 1762 tamen
2893 1702 2950 1756 in
2980 1696 3235 1769 angustia
3260 1689 3612 1764 periculorum
3631 1701 3726 1755 per-

2199 1808 2510 1871 turbantur,
2535 1801 2601 1856 da
2661 1797 2827 1853 etiam
2872 1791 3052 1858 nobis,
3082 1786 3336 1851 Domine,
3369 1779 3603 1852 spiritum
3629 1793 3728 1852 ωιιέ

2201 1900 2332 1968 silii,
2372 1908 2433 1953 ut
2473 1906 2586 1949 tam
2634 1889 2796 1946 nobis
2830 1900 2998 1958 quam
3051 1881 3176 1936 aliis
3229 1874 3521 1933 consilium
3567 1879 3732 1925 rectum

2201 1993 2334 2050 dare
2370 1986 2670 2061 possimus.
2701 1978 2808 2036 Sed
2841 1974 3103 2048 quoniam
3129 1979 3346 2026 rectum
3380 1963 3643 2021 consilium
3664 1976 3739 2031 ικι·

2204 2056 2460 2156 spiritum
2511 2075 2818 2133 intellectus
2863 2067 3233 2128 ministratur,
3263 2060 3332 2116 da
3367 2056 3525 2112 nobis
3545 2068 3738 2124 quoque,

2207 2176 2456 2242 Domine,
2493 2170 2745 2243 spiritum
2806 2161 3136 2223 intellectus,
3182 2162 3248 2210 ut
3273 2169 3340 2208 eo
3366 2149 3605 2206 illustrati
3629 2160 3743 2216 quoa

2207 2239 2623 2326 faciendum-sit
2645 2261 2699 2315 in
2729 2257 2913 2314 dubiis
2965 2251 3367 2320 intelligamus.
3406 2241 3511 2297 Sed
3535 2239 3744 2311 quoniam

2210 2361 2518 2420 intellectus
2551 2370 2649 2426 per
2692 2347 3172 2423 lytr-ticipationem
3194 2353 3342 2396 verae
3376 2344 3430 2392 et
3462 2347 3656 2389 etet-ure
3677 2347 3741 2385 sa-

2194 2453 2428 2528 .pientize
2451 2422 2754 2510 con-fertur,
2791 2443 2859 2497 da
2901 2439 3061 2495 nobis
3103 2434 3322 2492 sedinm
3359 2439 3590 2492 tuarum,
3613 2422 3756 2478 Domi~

2213 2561 2313 2612 ne,
2356 2537 2693 2598 assistricem
2751 2529 3102 2603 sapientiam,
3133 2534 3196 2581 ut
3231 2523 3476 2580 sciamus
3500 2516 3619 2589 quid
3637 2528 3758 2570 acce-

2214 2647 2368 2710 ptum
2392 2634 2464 2690 sit
2487 2641 2675 2687 coram
2705 2634 2756 2681 te
2779 2621 2932 2680 onmi
2971 2630 3238 2688 tempore.

2289 2727 2550 2799 Sequitur
2577 2737 2703 2795 pars
2726 2717 2907 2782 tertia,
2950 2714 3006 2768 in
3032 2726 3143 2783 qua
3171 2704 3414 2764 ostendit
3445 2700 3613 2773 qualis
3630 2694 3761 2752 (Ἀπία

2219 2830 2308 2878 tus
2336 2833 2466 2889 erga
2493 2816 2632 2871 alios
2656 2817 2802 2868 esset
2827 2806 3070 2869 futurus,
3099 2801 3490 2856 demonstrans
3515 2807 3628 2847 eum
3649 2788 3767 2843 futuo

2221 2928 2345 2970 rum
2403 2884 2654 2965 iudicem
2689 2901 2945 2958 subtilem
2976 2905 3031 2952 et
3057 2896 3444 2962 incorruptum
3474 2884 3770 2942 defensorem

2221 3008 2515 3069 bonorum,
2549 3003 2958 3071 persecutorem
2992 2988 3291 3050 malorum,
3345 2983 3526 3053 justus
3550 2986 3599 3033 et
3623 2973 3776 3029 fideles

2226 3099 2328 3157 sibi
2359 3096 2808 3166 conjunctnrnm.
2841 3083 3095 3140 Iudicem
3124 3077 3382 3136 subtilem
3419 3089 3544 3130 eum
3570 3071 3775 3124 futurum

2227 3196 2591 3252 demonstrat,
2640 3197 2766 3239 cum
2817 3178 2999 3234 dicit:
3063 3171 3188 3228 Non
3233 3168 3525 3225 secundum
3567 3163 3782 3218 visionem

2228 3284 2499 3340 oculorum
2516 3274 2805 3349 judicnbit,
2831 3285 2992 3342 negate
3024 3263 3314 3321 secundum
3341 3260 3588 3315 auditum
3611 3256 3782 3309 aurium

2229 3383 2436 3447 arguet.
2461 3372 2540 3426 Ac
2562 3369 2609 3425 si
2629 3367 2835 3423 diceret
2860 3381 2873 3417 :
2905 3359 3026 3416 Non
3053 3354 3359 3415 secundum
3381 3349 3696 3407 exteriorem
3715 3360 3788 3398 suo

2230 3466 2531 3540 perliciem,
2563 3461 2657 3518 sed
2706 3455 3012 3515 secundum
3072 3449 3391 3506 interiorem
3431 3439 3788 3500 conscientiam

2227 3558 2514 3633 judicabit,
2540 3555 2697 3625 juxta
2735 3548 2882 3620 quod
2915 3545 3181 3614 scriptum
3211 3548 3296 3596 est
3333 3555 3345 3588 :
3380 3535 3563 3590 Homo
3601 3529 3794 3583 videtin

2236 3619 2456 3713 faciem,
2485 3619 2629 3702 Dens
2675 3619 2858 3697 autent
2916 3639 3165 3692 intuetur
3195 3646 3294 3687 cor
3323 3628 3375 3701 (1
3399 3628 3533 3698 Reg.
3571 3625 3696 3693 xvi).
3726 3619 3795 3671 Vi-

2236 3763 2334 3803 sus
2356 3745 2504 3801 enim
2535 3742 2811 3795 humanus
2846 3744 3090 3804 persaepe
3118 3725 3350 3790 fallitur,
3379 3722 3515 3778 dum
3552 3734 3659 3774 non
3685 3717 3799 3770 inte-

2238 3841 2377 3906 rius,
2402 3835 2495 3892 sed
2532 3841 2742 3888 tantmn
2775 3824 3019 3882 exterius
3037 3819 3203 3875 videt.
3237 3814 3380 3871 Hinc
3410 3823 3497 3869 est
3521 3809 3667 3883 quod
3690 3805 3802 3862 mal.

2243 3904 2404 3986 toties
2432 3925 2644 3998 judicnt
2686 3917 2964 3975 hominem
2991 3913 3206 3984 justum
3251 3906 3346 3978 qui
3376 3904 3623 3974 injustas
3653 3909 3738 3961 est,
3761 3905 3806 3950 et

2241 4040 2270 4081 C
2298 4035 2567 4080 COIWCI‘SO
2597 4036 2606 4047 '
2643 4026 2694 4071 Cl
2728 4027 2870 4082 opus
2920 4015 3152 4070 τροιιιιιι,
3187 3999 3334 4073 (111οἀ
3362 4009 3684 4070 perversum
3722 3999 3806 4051 εει,

2243 4120 2326 4175 vel
2359 4135 2390 4172 e
2421 4125 2707 4171 converso.
2743 4105 3028 4161 llumanus
3070 4111 3294 4169 quoque
3327 4091 3559 4147 auditus
3595 4084 3810 4142 similiter

2245 4211 2473 4274 fallitur,
2502 4206 2633 4260 dum
2664 4198 2886 4255 nescius
2914 4190 3310 4265 cogitationum
3340 4184 3428 4239 vel
3453 4180 3829 4258 intentionemj

2247 4249 2473 4274 ..........,
2665 4249 2880 4255 ---πμ
2985 4249 3015 4265 υ

2247 4322 2311 4362 ex
2349 4301 2554 4373 quibus
2603 4292 2962 4366 proferuntur
3012 4283 3200 4346 verba,
3240 4287 3457 4333 tantum
3519 4261 3829 4373 exteriorem}

2248 4411 2438 4454 vocem
2483 4388 2793 4451 attendens,
2820 4380 3031 4453 judicat
3059 4376 3285 4431 verbum
3319 4384 3542 4434 verum,
3572 4364 3707 4437 quod
3735 4360 3829 4454 fat-1

2253 4579 2501 4654 judicare
2559 4575 2614 4628 in
2649 4571 2755 4626 hoc
2803 4563 3004 4621 szecnlo
3059 4559 3292 4616 multum
3325 4551 3700 4625 periculosum
3735 4553 3824 4597 est.

2259 4671 2524 4744 Quamvis
2553 4667 2700 4724 enim
2740 4662 2908 4734 judex
2943 4655 3216 4712 neminem
3245 4650 3501 4705 intendat
3531 4643 3730 4698 fallere.
3753 4643 3830 4744 ml

2261 4731 2384 4825 men
2443 4731 3013 4819 multoties-fallitur,
3074 4744 3389 4819 jnstificans
3453 4731 3830 4825 damuandural

2259 4863 2344 4918 vel
2372 4859 2642 4914 damnans
2664 4843 3100 4922 justilicamlum.
3133 4837 3272 4892 llinc
3315 4830 3594 4888 Dominus
3615 4830 3830 4922 posituri

2265 4965 2378 5019 net,
2405 4953 2595 5008 dicens
2638 4965 2651 5002 :
2691 4964 2709 4998 (
2750 4941 2950 5008 Nolite,
2981 4935 3179 5007 inquit,
3215 4930 3498 5003 judicare,
3525 4937 3578 4980 et
3610 4939 3711 4978 non

2261 5010 2580 5106 dicabimini
2615 5038 2769 5112 (Luc.
2795 5035 2893 5095 vr).
2943 5051 2962 5085 ι
3007 5029 3070 5084 Ει
3100 5023 3401 5106 Apostolus
3436 5035 3450 5071 :
3492 5038 3512 5070 ι
3543 5016 3732 5071 Nolite.
3759 5010 3830 5112 inp

2262 5141 2402 5216 quit,
2427 5101 2677 5210 judicare
2706 5139 2830 5187 ante
2857 5136 3095 5196 tempus,
3137 5101 3510 5191 quoadusque
3541 5111 3716 5166 veniat
3749 5101 3830 5216 De!

2263 5207 2469 5298 minus,
2492 5229 2587 5302 qui
2610 5219 2942 5282 illmninabit
2962 5212 3284 5273 abscondita
3307 5207 3664 5263 tenebrarum
3684 5207 3830 5302 εικῆ

2265 5292 2547 5386 nifestabit
2585 5316 2820 5377 consilia.
2877 5311 3126 5369 cordium
3163 5304 3218 5377 (I
3243 5303 3371 5360 Cor.
3425 5300 3529 5370 tv).
3572 5316 3593 5350 ι
3621 5292 3830 5386 ιυριξῆ

2269 5423 2650 5488 incorruptum
2688 5409 2971 5464 Christum
3010 5402 3129 5458 fore
3154 5400 3540 5460 demonstrat,
3572 5405 3694 5446 cum
3731 5378 3830 5488 δειῆ

2270 5514 2353 5570 dit
2381 5531 2396 5568 :
2570 5501 2840 5577 judicabit
2883 5499 2937 5552 in
2972 5493 3197 5568 justilia
3241 5503 3530 5560 pauperes,
3563 5484 3613 5538 id
3641 5484 3830 5577 att-aq

2273 5618 2391 5663 sam
2420 5591 2913 5672 pauperum,circa
2937 5600 3102 5659 quam
3125 5596 3325 5640 omnes
3351 5576 3692 5650 ferejudiccs
3715 5576 3830 5672 ruﬁ

2275 5696 2404 5755 (lani
2437 5684 2889 5759 corrumpuntur.
2938 5678 3044 5737 Alii
3072 5675 3224 5734 enim
3279 5674 3812 5741 corrumpentium

2278 5696 2404 5755 dani
2437 5684 2889 5759 corrumpuntur.
2938 5678 3044 5737 Alii
3072 5675 3224 5734 enim
3279 5674 3812 5741 corrumpentium

2278 5796 2511 5859 temptu,
2559 5781 2635 5839 ita
2677 5776 2826 5858 quod
2851 5787 3076 5833 causam
3127 5781 3444 5842 pauperum
3493 5672 3830 5860 tanquam%

3800 4279 3829 4500 Ξ

3800 4703 3830 5672 3‘
