3850 6318
83 399 189 460 liii?

1072 388 1402 449 HOMILIIE.
1440 426 1510 436 ——
1536 393 1576 448 l.
1616 390 1706 447 DE
1743 388 2092 447 TEMPORE.

3140 400 3162 458 Ι
3174 402 3280 463 538

77 514 279 577 inutilem
309 510 491 568 audire
532 515 912 566 contemnunt.
977 506 1139 564 Unde
1190 497 1361 565 Isaias
1388 529 1402 563 :
1446 530 1465 561 ι
1500 508 1603 565 Pu-
1631 514 1675 571 Α
1703 505 1977 575 Quoniam
2004 506 2154 571 enim
2180 503 2438 562 Christus
2468 504 2524 563 in
2572 508 2689 564 suis
2713 508 2986 572 similibus
3042 514 3283 574 delecta-

74 611 317 677 pillosnon
349 602 611 675 judicent,
632 608 689 658 et
724 616 893 658 causa
920 600 1103 658 viduae
1129 610 1241 657 neu
1292 602 1598 674 ingreditur

70 701 127 757 ad
146 715 229 756 eos
265 693 394 768 (Ita.
432 693 498 766 ι).
536 711 558 746 ι
601 691 709 748 Alit
739 707 893 759 vero,
922 701 978 748 et
1007 691 1054 748 si
1083 707 1207 750 eam
1231 693 1487 763 audiunt,
1513 701 1597 750 ta-

70 807 171 849 non
192 792 593 858 corrumpuntur
613 800 862 852 munere,
885 783 971 841 vel
991 782 1201 853 favore,
1217 784 1302 841 vel
1327 784 1593 852 amicitia,

65 881 135 936 vel
152 886 279 935 metu
322 882 626 948 parentum,
652 889 723 931 ne
744 889 869 933 eam
893 874 1047 947 juste
1085 874 1357 946 judicent.
1383 875 1591 932 Contra

66 969 461 1045 quosPsaimista
493 984 508 1020 :
546 986 566 1021 ι
602 965 901 1041 Usquequo
924 967 1188 1039 judicatis
1223 967 1593 1041 iniquitatem,

61 1060 270 1130 «iacias
290 1067 637 1131 peccatorum
673 1057 927 1117 sumitis!
941 1057 1193 1116 iudicate
1213 1073 1389 1132 egeno
1416 1067 1472 1115 et
1496 1074 1597 1130 pu-

62 1154 187 1226 pillo.
198 1150 439 1207 humilem
453 1158 815 1222 etpauperem
838 1148 1136 1220 justillcate
1149 1149 1326 1229 (Paul.
1342 1150 1554 1223 um).
1568 1169 1588 1203 ι

57 1244 143 1299 Alii
156 1257 291 1308 vero,
319 1250 372 1298 et
390 1240 440 1296 si
468 1241 591 1297 istis
612 1257 725 1298 non
745 1252 1200 1313 corrumpuntur,
1225 1256 1593 1313 corrumpun-

57 1342 130 1388 tur
148 1331 487 1411 immoderato
504 1339 656 1387 metu
694 1330 1108 1398 misericordiae,
1132 1331 1263 1388 dum
1288 1342 1480 1389 contra
1502 1347 1594 1389 re-

52 1421 331 1479 ctitudinem
350 1420 585 1492 justitia:
622 1436 722 1493 per
749 1423 1181 1481 misericordiam
1213 1424 1440 1496 pauperi
1462 1440 1595 1482 con-

54 1514 206 1571 ferunt
236 1518 376 1585 quod
410 1516 512 1584 pe‘r
536 1513 802 1573 invidiam
839 1514 995 1571 diviti
1019 1514 1297 1573 auferunt.
1342 1515 1448 1575 Sed
1497 1517 1594 1587 qui

44 1607 184 1679 judex
204 1609 367 1676 sedet,
400 1623 515 1666 non
535 1608 701 1667 debet
716 1625 1018 1683 agnoscere
1048 1609 1248 1668 faciem
1272 1612 1327 1667 in
1358 1611 1590 1683 judicio,

49 1698 127 1754 sed
142 1715 171 1754 a
194 1699 503 1771 cupiditate,
538 1715 573 1756 a
602 1699 809 1770 favore,
830 1717 868 1757 a
888 1710 1063 1770 metu,
1089 1717 1120 1758 a
1146 1710 1489 1774 contemptu,
1523 1702 1596 1759 ab

46 1803 222 1857 amore,
248 1790 318 1846 ab
360 1790 516 1858 odio,
549 1806 585 1846 a
612 1790 993 1849 misericordia
1022 1801 1078 1849 et
1121 1792 1327 1849 invidia
1379 1793 1594 1850 alienus

42 1894 146 1936 esse
176 1881 344 1937 debet.
372 1878 536 1937 Unde
568 1880 839 1940 Dominus
872 1882 1046 1956 Moysi
1080 1898 1095 1937 :
1134 1902 1153 1936 ι
1186 1882 1308 1940 Νοιι
1337 1884 1594 1941 conside-

44 1990 116 2031 res
136 1976 187 2031 in
201 1977 406 2049 judicio
426 1992 723 2049 personam
752 1979 1033 2051 pauperis,
1068 1994 1173 2035 nec
1203 1978 1446 2040 honores
1468 1976 1592 2032 vul-

40 2074 136 2121 tum
162 2069 389 2138 potentis
419 2067 618 2140 (Leuit.
646 2068 785 2140 xix).
828 2087 850 2121 ›
877 2067 999 2126 Non
1043 2068 1362 2127 consideres
1398 2079 1592 2138 perso-

42 2172 147 2215 nam
180 2161 431 2231 pauperis
472 2161 789 2218 miserande
838 2161 895 2217 in
947 2160 1329 2233 prazjudiciun
1379 2159 1591 2226 divitis.

40 2266 124 2306 ucc
148 2238 377 2321 honores
415 2252 631 2309 vultum
671 2255 915 2325 potentis
934 2254 987 2309 ei
1042 2252 1281 2310 favendo
1310 2253 1366 2309 in
1395 2251 1596 2324 preju-

38 2339 211 2396 dicium
255 2343 535 2414 pauperis.
594 2343 743 2400 Talis
786 2343 1083 2415 praedictus
1137 2353 1227 2401 est
1267 2358 1298 2399 a
1329 2343 1595 2415 propheta

32 2431 259 2491 Christus
277 2433 527 2503 futurus,
553 2436 649 2508 qui
675 2436 951 2508 injudicio
968 2451 1261 2507 personam
1283 2451 1393 2493 non
1421 2451 1596 2509 agne-

35 2531 153 2588 smt,
193 2523 284 2579 sed
311 2539 513 2581 omnes
548 2526 711 2583 etiam
752 2541 1020 2597 pauperes
1045 2541 1203 2598 atque
1224 2525 1451 2598 iudicet,
1482 2541 1592 2583 non

31 2625 235 2680 parcens
266 2615 499 2687 pauperi
544 2630 711 2686 prave
739 2617 963 2687 viventi,
1014 2632 1117 2674 nec
1162 2618 1433 2685 damnans
1454 2618 1596 2674 divi-

32 2710 126 2756 tem
166 2713 311 2762 recte
359 2707 662 2763 viventem.
709 2706 865 2765 Unde
908 2709 1174 2781 scriptum
1210 2718 1296 2766 est
1339 2728 1355 2766 :
1393 2729 1412 2762 ι
1448 2708 1595 2769 Deus

26 2800 252 2860 potentes
298 2810 414 2852 non
444 2795 656 2869 abjicit,
692 2812 818 2854 cum
863 2797 1063 2870 etipse
1116 2799 1191 2855 sit
1224 2805 1420 2868 potens
1469 2795 1593 2870 (Job

27 2888 216 2959 xxxvi).
250 2908 270 2942 ι
304 2887 469 2958 Quod
499 2906 632 2947 vero
655 2888 798 2947 foret
832 2890 1090 2949 defensor
1110 2891 1385 2948 bonorum
1404 2899 1595 2949 osten-

23 2977 110 3046 dit,
128 2994 251 3037 cum
274 2983 471 3040 subdit
499 2999 515 3035 :
548 2981 618 3038 Et
646 2993 831 3055 arguet
859 2984 916 3040 in
937 2985 1188 3056 aequitate
1221 3000 1318 3056 pro
1342 2999 1596 3040 mansue-

24 3071 83 3125 ιὶι
103 3080 271 3144 terter,
297 3073 356 3132 id
383 3083 497 3144 est,
526 3085 799 3147 potentes,
812 3077 1017 3148 injuste
1036 3077 1408 3148 opprimentes
1436 3091 1596 3132 man-

19 3172 210 3233 suetos,
261 3168 538 3241 corripiet
585 3169 643 3225 in
681 3169 961 3241 aequitate.
991 3167 1149 3225 Unde
1184 3178 1241 3225 et
1292 3169 1343 3226 ei
1381 3168 1588 3226 dictum

18 3265 91 3311 est
118 3276 133 3312 :
161 3276 181 3310 ι
217 3258 343 3317 Tibi
369 3261 675 3319 derelictus
719 3272 806 3319 est
850 3277 1077 3334 pauper,
1120 3263 1371 3335 orphano
1395 3270 1456 3319 tu
1479 3262 1593 3319 eris

15 3347 220 3418 adjutor
240 3351 425 3423 (Prol.
480 3353 582 3425 IS).
622 3372 642 3407 ι
677 3351 835 3422 Quod
869 3354 918 3413 si
945 3354 1243 3426 aliquando
1287 3353 1599 3411 dissimulet

16 3437 145 3497 ferre
188 3432 471 3502 auxilium
529 3445 854 3516 mansuetis,
883 3445 1129 3519 quandiu
1156 3447 1338 3504 noscit
1369 3446 1598 3503 tribula-

15 3532 179 3593 tiones
204 3537 291 3594 eis
310 3540 688 3607 necessarias,
718 3548 903 3597 tamen
937 3558 958 3592 ι
984 3554 1095 3596 non
1120 3538 1180 3595 in
1206 3538 1371 3596 ﬁnem
1393 3538 1599 3595 oblivio

9 3628 107 3683 erit
126 3632 417 3702 pauperis,
468 3633 731 3703 patientia
753 3648 1059 3706 pauperum
1090 3646 1202 3690 non
1228 3632 1431 3704 peribit
1448 3632 1506 3688 in
1529 3632 1600 3689 ll-

8 3735 123 3778 nem
157 3723 385 3799 (Ibid).
430 3746 453 3781 ι
483 3726 647 3794 Quod
697 3727 839 3785 foret
861 3737 1183 3801 persecutor
1205 3727 1480 3783 malorum
1508 3741 1601 3783 os-

5 3819 186 3886 tendit,
217 3834 354 3877 cum
405 3820 602 3877 subdit
634 3840 647 3875 :
687 3819 757 3876 Et
784 3830 1043 3893 percutiet
1079 3830 1277 3875 terram
1307 3820 1459 3891 virga
1489 3819 1601 3874 oris

3 3910 100 3977 sui,
124 3911 177 3967 id
203 3920 295 3968 est
323 3911 603 3983 corripiet
630 3920 878 3969 terrenos
908 3912 1234 3969 rectitudine
1260 3911 1603 3989 praedicatio-

3 4002 79 4057 nis
98 4019 215 4062 sua:
236 4006 314 4061 ab
335 4020 543 4061 amore
562 4015 929 4073 terrenarum,
954 4012 1013 4060 et
1033 4004 1237 4077 diriget
1264 4003 1334 4059 ad
1354 4017 1601 4059 amorem

3 4095 329 4152 uelestium.
367 4096 447 4152 Et
490 4098 685 4168 spiritu
712 4096 980 4152 [abierunt
1007 4112 1250 4164 suorum,
1294 4095 1349 4151 id
1376 4104 1461 4152 cst
1485 4095 1601 4166 spi-

3 4188 171 4243 rituali
200 4204 507 4255 sermone,
544 4188 833 4245 iuterliciet
872 4188 1123 4259 impium.
1152 4187 1207 4244 id
1235 4195 1322 4243 est
1346 4186 1600 4258 impieta—

3 4284 96 4333 tem
129 4279 209 4336 ab
230 4281 509 4350 homine,
530 4290 583 4337 et
604 4280 892 4353 generabit
920 4281 975 4336 in
1014 4295 1083 4337 eo
1109 4288 1390 4352 pietatem.
1429 4278 1526 4336 Vel
1552 4279 1600 4336 si

8 4373 431 4431 uemendabilis
468 4371 791 4443 perstiterit,
834 4370 1159 4436 rectitudine
1212 4369 1496 4426 sentcntiae
1511 4369 1604 4441 ju-

1699 610 1812 668 tur,
1841 601 2021 656 simus
2050 600 2190 657 tales
2222 600 2407 671 qualis
2446 599 2564 671 ipse
2606 609 2713 669 est,
2764 603 2940 663 simus
2989 607 3114 673 iusti
3140 610 3284 666 sicut

1698 692 1817 762 ipse
1840 691 2027 762 justus
2073 699 2180 759 est;
2214 690 2399 749 ﬁdeles
2428 692 2573 749 sicut
2614 693 2732 765 ipse
2758 694 2934 753 tidelis
2956 707 3063 767 est,
3089 701 3283 757 mundi

1696 781 1841 841 sicut
1882 782 2001 853 ipse
2029 780 2271 838 mundus
2301 791 2406 850 est,
2444 781 2835 842 misericordes
2870 786 3014 845 sicut
3040 789 3157 860 ipse
3177 792 3283 846 mi-

1696 866 2069 934 sericorsest,
2098 874 2374 937 quatenus
2426 865 2482 922 in
2517 881 2585 922 eo
2616 867 2951 927 delectemur
2994 882 3050 929 et
3078 875 3195 945 ipse
3224 892 3283 933 ιιι

1696 956 1876 1025 nobis,
1908 972 2010 1014 nos
2057 956 2114 1013 in
2149 957 2553 1015 cohabitamus
2591 967 2647 1014 et
2690 958 2806 1030 ipse
2839 960 2897 1017 in
2950 964 3132 1033 nobis,
3161 962 3284 1033 ipso

1694 1048 1964 1120 largiente
2020 1048 2118 1120 qui
2158 1063 2286 1105 cum
2338 1047 2501 1105 Patre
2554 1057 2610 1104 et
2656 1050 2866 1121 Spiritu
2916 1063 3109 1111 sancto
3153 1056 3286 1111 vim

1695 1148 1753 1199 et
1793 1150 1989 1214 regnat
2048 1140 2196 1198 Deus
2217 1182 2235 1210 ,
2285 1156 2384 1213 per
2435 1142 2622 1198 omnia
2670 1145 2870 1200 saecula
2927 1148 3276 1204 saeculorum.

1695 1230 1891 1291 Amen.

1932 1306 1937 1311 '
2426 1299 2546 1357 XVI

2239 1409 2291 1451 IN
2327 1409 2504 1451 EODEM
2540 1412 2728 1452 FESTO.

1726 1476 1735 1562 ξ
1768 1484 1967 1542 Missus
1988 1495 2065 1543 est
2090 1485 2306 1558 angelus
2333 1483 2549 1541 Gabriel
2576 1504 2608 1542 a
2635 1487 2740 1543 Deo
2763 1489 2818 1543 in
2839 1490 3105 1547 civitatem
3130 1492 3281 1550 Gali—

1692 1579 1829 1648 ltrte,
1871 1579 1957 1633 cui
1990 1594 2175 1633 nomen
2206 1576 2502 1646 Nazareth,
2526 1579 2597 1633 ad
2625 1579 2879 1651 virginem
2904 1583 3278 1655 despumatum

1692 1666 1827 1738 uiro,
1851 1670 1939 1724 cui
1973 1684 2162 1724 nomen
2203 1676 2320 1723 erat
2348 1664 2567 1741 Ioseph,
2587 1669 2650 1724 de
2681 1671 2837 1725 domo
2879 1674 3074 1744 David,
3104 1685 3153 1732 et
3176 1693 3274 1731 no-

1692 1778 1813 1837 men
1859 1760 2082 1833 virginis
2131 1759 2313 1815 Maria
2363 1757 2517 1831 (Luc.
2556 1760 2621 1832 ι),
2662 1768 2717 1815 et
2762 1761 2991 1833 reliqua.
3025 1746 3307 1837 Quinque

1623 1866 1666 1926 η
1695 1860 1826 1907 sunt
1865 1861 2050 1923 partes
2074 1850 2242 1923 hujus
2301 1850 2578 1918 lectionis,
2645 1848 2846 1908 fratres
2891 1853 2998 1908 mei
3036 1870 3049 1906 :
3090 1853 3280 1920 Primo

1695 1940 1846 1996 enim
1896 1940 2126 2013 angelus
2168 1938 2406 1995 mittitur
2439 1955 2469 1994 a
2496 1937 2607 1999 Deo
2642 1941 2709 1996 ad
2757 1942 3054 2014 virginem;
3084 1960 3282 2001 secun-

1695 2031 1788 2099 do,
1812 2030 2096 2102 ingressus
2117 2045 2239 2087 eam
2270 2031 2502 2098 salutat;
2549 2032 2730 2101 tertio,
2755 2036 3032 2091 turbatam
3055 2037 3249 2093 confor
3274 2072 3283 2079 -

1696 2116 1804 2188 tat;
1833 2130 2052 2192 quarto,
2097 2122 2367 2193 quaerenti
2403 2122 2627 2178 modum
2677 2124 3035 2193 determinat;
3064 2129 3279 2198 quinto,

1698 2212 1840 2284 ipsa,
1888 2228 2046 2269 suam
2090 2212 2452 2269 humilitatem
2486 2212 2753 2283 professa,
2796 2217 3130 2287 promissum
3161 2218 3281 2273 lieri

1695 2312 1866 2380 optat.
1921 2302 2108 2359 Primo
2154 2318 2285 2376 ergo
2320 2303 2555 2359 mittitur
2592 2318 2624 2359 a
2672 2302 2784 2359 Deo
2815 2307 3179 2379 archangelus
3207 2307 3278 2365 ad

1695 2393 1985 2466 virginem,
2016 2393 2383 2450 ministerium
2411 2402 2617 2451 nostra:
2661 2395 3051 2467 redemptionis
3071 2397 3277 2457 ferens.

1698 2476 1808 2541 Sed
1833 2500 1960 2540 eum
1988 2483 2137 2542 Deus
2159 2484 2509 2556 omnipotens
2533 2486 2652 2542 solo
2683 2497 2817 2542 nutu
2843 2497 3031 2559 posset
3056 2505 3159 2548 nos
3188 2505 3282 2546 re-

1695 2576 1927 2645 dimere,
1956 2592 2059 2633 cur
2084 2576 2289 2649 placuit
2314 2577 2364 2632 ei
2413 2576 2684 2634 redimere
2730 2594 2834 2634 nos
2858 2588 2970 2636 tam
3001 2580 3282 2641 laborioso

1696 2672 1753 2721 et
1774 2674 1886 2721 tam
1918 2666 2113 2723 humili
2139 2657 2339 2723 modo:
2365 2675 2428 2723 ut
2452 2667 2659 2724 scilicet
2687 2678 2907 2739 propter
2934 2686 3037 2728 nos
3058 2687 3280 2729 carnem

1695 2757 1765 2814 de
1797 2757 2027 2815 muliere
2046 2766 2309 2827 sumeret,
2337 2767 2677 2828 nasceretur,
2702 2765 3023 2830 nutriretur,
3050 2764 3283 2820 inﬁrmi-

1693 2857 1836 2907 tates
1888 2849 2130 2907 hominis
2168 2857 2449 2922 pateretur
2493 2857 2548 2906 et
2577 2849 2742 2907 etiam
2790 2856 3146 2909 moreretur?
3200 2856 3283 2912 Ob

1694 2936 1811 2999 tres
1837 2956 2055 2999 causas.
2095 2940 2281 2999 Prima
2324 2949 2429 3009 est,
2459 2941 2590 3012 quia
2646 2942 2727 2998 sic
2772 2940 2999 2998 nimiam
3035 2945 3278 2999 cbarita-

1696 3020 1828 3101 tem,
1858 3047 2024 3106 quam
2054 3047 2184 3105 erga
2216 3048 2317 3089 nos
2356 3031 2614 3102 habebat,
2644 3034 2843 3091 melius
2862 3035 3280 3105 demonstravit;

1695 3123 1828 3205 dum
1865 3139 1976 3180 non
2022 3139 2120 3195 per
2144 3123 2334 3193 alium,
2360 3124 2456 3181 sed
2510 3139 2608 3196 per
2633 3125 2875 3196 seipsum
2906 3141 3008 3183 nos
3028 3127 3281 3195 redemit;

1616 3209 1664 3271 C
1693 3224 1914 3272 nostras
1941 3213 2286 3270 inﬁrmitates
2312 3214 2664 3287 suscipiendo
2700 3216 2860 3273 nobis
2893 3219 3283 3275 condescendit

1697 3315 1752 3362 et
1779 3321 1839 3362 se
1865 3305 2026 3364 nobis
2050 3306 2366 3376 coaequavit
2401 3314 2453 3362 et
2478 3322 2584 3377 non
2608 3306 2777 3375 aliud,
2807 3308 2903 3364 sed
2918 3310 3157 3380 seipsum
3182 3326 3284 3381 pro

1699 3396 1861 3453 nobis
1908 3397 2146 3468 pretium
2186 3396 2355 3454 dedit.
2407 3396 2489 3453 Ac
2535 3397 2582 3453 si
2631 3406 2817 3470 aperte
2855 3398 3049 3455 dicat:
3092 3400 3287 3456 Amata

1700 3484 1809 3551 me,
1836 3485 1965 3556 quia
1999 3492 2214 3541 tantum
2257 3499 2356 3541 vos
2385 3485 2585 3540 amavi.
2636 3484 2887 3542 Secunda
2918 3495 3021 3543 est.
3054 3487 3182 3558 quia
3208 3487 3289 3542 sic

1699 3577 2011 3648 exemplum
2060 3575 2390 3633 humilitatis
2419 3576 2745 3632 imitandum
2772 3576 2932 3633 nobis
2967 3578 3166 3635 melius
3192 3579 3289 3634 de-

1701 3669 2050 3736 monstravit,
2080 3669 2211 3725 dum
2238 3668 2481 3739 seipsum
2508 3682 2610 3740 pro
2632 3668 2792 3725 nobis
2820 3668 3139 3738 exinauivit,
3165 3686 3289 3726 ma—

1703 3766 1842 3813 trem
1863 3754 2252 3830 pauperculam
2275 3756 2459 3829 elegit,
2486 3767 2885 3829 paupertatem,
2926 3760 3289 3832 abje‘ctionem

1703 3857 1757 3904 et
1780 3850 2223 3919 persecutionem
2280 3850 2393 3921 pati
2441 3850 2634 3907 voluit.
2669 3851 2748 3907 Ac
2785 3852 2832 3908 si
2874 3860 3062 3923 aperte
3094 3852 3243 3907 dicat
3271 3871 3286 3884 -

1706 3932 2015 4009 Sequimini
2061 3937 2206 3994 viam
2243 3954 2407 4009 quam
2444 3938 2614 3997 vobis
2660 3940 3056 3997 demonstravi.
3103 3940 3289 3997 Tertia

1703 4038 1810 4098 est,
1836 4029 1966 4101 quia
1988 4030 2068 4087 sic
2094 4039 2296 4087 nostra:
2325 4032 2562 4088 miseria:
2587 4016 3098 4089 convenientiorem‘
3117 4022 3313 4088 medi-'

1706 4118 1888 4175 cinam
1936 4119 2207 4187 adhibuit,
2231 4119 2363 4175 dum
2401 4136 2576 4192 genus
2620 4121 2924 4177 humanum
2957 4120 3055 4194 per
3090 4110 3309 4179 nume?

1705 4223 1822 4265 rem
1870 4209 2212 4279 damnatum,
2246 4224 2345 4282 per
2386 4209 2672 4267 mulierem
2709 4210 2959 4278 salvavit,
2991 4211 3136 4267 sicut
3160 4224 3293 4267 caro

1704 4309 2048 4372 peccaverat,
2073 4301 2148 4356 ita
2169 4317 2300 4359 caro
2327 4308 2605 4373 purgaret,
2629 4301 2785 4373 juxta
2816 4301 2947 4358 illud
2971 4302 3290 4376 hymnigra-

1704 4393 1840 4464 phi:
1879 4411 1899 4446 ι
1926 4392 2124 4465 Culpat
2150 4408 2305 4462 caro,
2340 4400 2540 4475 purgat
2574 4402 2724 4461 caro,
2762 4402 2957 4467 regnat
2985 4393 3151 4462 Deus,
3193 4393 3293 4449 Dei

3 4461 209 4520 licarim
252 4463 570 4522 damnabit
616 4464 795 4534 ipsum
844 4462 1074 4535 impium
1117 4471 1173 4519 et
1219 4470 1499 4518 terrenum
1545 4461 1595 4518 in

1705 4461 1858 4540 caro.
1894 4504 1914 4538 ι
1944 4461 2100 4541 Sic—ut
2133 4485 2299 4557 igitur
2339 4461 2592 4541 diabolus
2618 4501 2715 4556 per
2739 4461 3049 4557 serpentem
3076 4461 3295 4542 seduxit

3 4564 278 4613 sternam.
335 4556 591 4625 Quidam
643 4555 809 4612 etiam
859 4556 970 4611 hoc
1005 4554 1312 4626 specialiter
1350 4554 1420 4611 de
1450 4554 1595 4609 Anti-

1706 4574 2016 4646 nluljerem,
2043 4560 2098 4632 et
2118 4554 2217 4646 per
2241 4576 2526 4632 mulierem
2572 4554 2775 4645 virum,
2806 4554 2880 4632 ita
2908 4576 3177 4632 Dominus
3193 4591 3294 4646 per

4 4646 195 4703 dir-isto
229 4649 472 4705 dictum
521 4652 738 4717 putant.
768 4644 927 4713 Quod
967 4643 1149 4717 justas
1180 4652 1238 4701 et
1263 4644 1453 4701 fideles
1497 4643 1605 4700 sibi

3 4748 124 4796 sset
151 4741 611 4813 conjuncturus,
640 4746 695 4794 et
727 4737 783 4793 in
808 4737 1090 4795 consortio
1140 4752 1334 4794 eorum
1360 4737 1605 4794 delecta-

4 4831 468 4899 urus,ostendit,
495 4843 619 4885 cum
644 4826 858 4886 subdit:
885 4825 959 4882 Et
980 4829 1081 4882 erit
1093 4827 1312 4898 iustitia
1334 4826 1607 4899 cingulum

3 4922 294 4978 amborum
324 4921 484 4989 eius,
515 4927 565 4975 et
589 4919 722 4990 ﬁdes
763 4919 1082 4974 ciuetorium
1128 4935 1311 4975 renum
1334 4920 1473 4990 ejus.
1497 4919 1602 4976 Per

3 5015 203 5071 ambos
226 5014 399 5071 enim
427 5022 488 5068 et
507 5026 670 5067 renes
689 5010 978 5068 delectatio
997 5012 1337 5085 intelligitur;
1366 5026 1465 5083 per
1485 5013 1605 5069 cin-

10 5107 165 5163 ulum
213 5115 278 5164 et
325 5103 702 5172 cinctorium,
758 5105 994 5161 societas
1045 5120 1176 5161 eum
1221 5106 1595 5163 circumdans.

3 5198 89 5253 Zril.
115 5215 265 5272 ergo
292 5196 535 5270 iustitia
565 5197 843 5269 cingulum
874 5196 1189 5253 lumborum
1213 5197 1355 5268 ejus,
1386 5208 1441 5255 et
1467 5197 1604 5256 lides

4 5289 325 5347 inctorium
360 5302 574 5344 renum
602 5288 746 5360 ejus,
769 5288 1030 5360 quoniam
1056 5288 1113 5343 in
1139 5288 1400 5345 societate
1424 5299 1604 5361 justo-

3 5399 95 5437 um
122 5393 185 5440 et
209 5382 489 5439 ﬁdelium
510 5380 888 5438 delectabitur.
911 5379 1132 5455 Deliciis
1143 5382 1292 5437 enim
1314 5381 1459 5439 illius
1470 5390 1605 5437 sunt

3 5490 93 5532 sse
134 5490 279 5532 cum
316 5473 474 5532 ﬁliis
500 5474 785 5529 hominum
824 5471 1007 5547 (Prov.
1047 5473 1193 5545 vui),
1220 5488 1330 5530 non
1356 5482 1601 5529 veterum

3 5566 191 5623 silicet
245 5565 363 5624 sed
406 5578 707 5620 novorum.
738 5562 811 5621 Ut
840 5580 992 5637 ergo,
1023 5564 1222 5622 fratres
1260 5565 1389 5634 mei,
1440 5564 1600 5620 Chri-

3 5670 119 5715 tum
142 5660 421 5718 delectet
455 5655 702 5714 habitare
728 5657 1039 5727 nobiscum,
1062 5658 1175 5715 imo
1200 5658 1255 5713 in
1277 5658 1459 5724 nobis,
1482 5673 1609 5729 pur-

3 5771 167 5812 entus
201 5772 319 5829 per
371 5754 766 5825 pmnitentiam
797 5769 829 5810 a
855 5755 1019 5811 nobis
1043 5769 1263 5811 omnem
1312 5755 1604 5811 immundi-

4 5862 122 5917 an',
154 5857 530 5920 satagamus
550 5846 606 5902 in
633 5846 796 5903 nobis
825 5847 1028 5903 habere
1051 5847 1323 5919 justitiam
1343 5859 1396 5903 et
1422 5848 1602 5905 tidem.

1708 4594 1821 4632 ιιιιιι
1843 4594 2016 4646 erem,
2043 4594 2098 4632 et
2118 4594 2217 4646 per
2241 4594 2526 4632 munerem
2572 4594 2775 4645 virum,
2806 4594 2880 4632 ua
2910 4594 3177 4632 Dominus
3193 4594 3294 4646 per

1708 4594 1964 4740 angeﬁum
1994 4668 2256 4726 instruxit
2300 4666 2608 4736 mulierem,
2655 4674 2710 4724 et
2747 4683 2844 4739 per
2868 4668 3150 4723 mulierem
3185 4667 3296 4722 sal-

1706 4758 1854 4815 vavit
1881 4774 2056 4832 genus
2107 4761 2432 4817 humanum.
2473 4759 2739 4827 Quamvis
2783 4760 2930 4815 enim
2959 4761 3123 4816 homo
3166 4775 3295 4831 pee-

1707 4851 1888 4908 cando
1917 4850 2091 4909 Deum
2137 4852 2474 4919 otl‘endisset,
2510 4861 2565 4909 et
2593 4852 2716 4909 ideo
2744 4853 2905 4934 abeo
2925 4852 3072 4923 juste
3101 4853 3291 4923 expul-

1709 4954 1809 5000 Sus
1852 4951 2019 5010 esset,
2069 4952 2250 5001 tamen
2311 4945 2442 5015 quia
2493 4959 2604 5000 non
2653 4944 3006 5000 obliviscetur
3045 4944 3296 4999 misereri

1713 5035 1883 5105 Deus,
1912 5038 2066 5108 prior
2091 5037 2331 5108 legatum
2355 5036 2507 5107 pacis
2530 5036 2768 5091 mittite:
2793 5051 2984 5106 pacem
3011 5036 3168 5091 offert
3190 5036 3293 5090 ho-
3352 5027 3369 5035 “

1713 5122 1871 5185 mini.
1921 5127 1980 5182 ln
2012 5143 2123 5198 quo
2158 5143 2264 5183 nos
2292 5127 2538 5191 instruit,
2576 5137 2639 5183 ut
2663 5129 2709 5183 si
2732 5128 3061 5199 quandoque
3089 5127 3296 5199 aliquis

1710 5235 1815 5277 nos
1841 5219 2165 5278 oll‘endendo
2210 5221 2347 5277 iram
2379 5219 2476 5276 Dei
2515 5221 2736 5289 meruit,
2774 5236 2883 5277 non
2910 5231 3295 5294 exspectemus

1714 5319 1777 5367 ut
1809 5311 1881 5366 ab
1899 5326 1968 5367 eo
1998 5321 2273 5382 petamur,
2302 5311 2397 5367 sed
2421 5311 2525 5383 ipsi
2549 5312 2759 5383 priores
2787 5328 2883 5383 per
2909 5313 3114 5387 legatos
3142 5316 3295 5385 pacis

1710 5403 1762 5460 ci
1793 5404 2008 5460 veniam
2046 5412 2102 5459 et
2128 5419 2318 5475 pacem
2354 5405 2670 5475 oll'eramus,
2699 5414 2759 5461 ut
2797 5407 2972 5464 simus
2992 5407 3086 5463 ﬁlii
3114 5407 3297 5464 Patris

1712 5494 1957 5551 caelestis
1989 5494 2083 5565 qui
2133 5495 2284 5565 cupit
2319 5510 2536 5567 semper
2576 5488 2799 5553 aversos
2832 5513 2862 5552 a
2893 5513 2952 5553 se
2980 5506 3298 5554 convertere

1712 5591 1768 5639 et
1795 5580 2056 5655 profugos
2095 5599 2373 5641 revocare.
2403 5584 2693 5658 Eleganter
2714 5596 2897 5643 autem
2930 5589 3156 5660 angelus
3180 5587 3294 5644 Ga-

1715 5671 1873 5739 briel,
1908 5673 2003 5744 qui
2052 5674 2312 5744 fortitudo
2357 5674 2457 5731 Dei
2495 5677 2906 5749 interpretatur,
2954 5678 3191 5733 mittitur
3227 5678 3299 5735 ad

1717 5762 1966 5831 Mariam,
1994 5772 2055 5819 ut
2080 5773 2205 5834 pote
2232 5765 2390 5838 virgo
2415 5766 2482 5822 ad
2508 5766 2793 5839 virginem,
2818 5752 3082 5823 fortitudo
3105 5766 3200 5821 Dei
3222 5751 3297 5824 ad

1716 5854 1911 5910 fortem
1948 5855 2253 5912 mulierem.
2277 5855 2453 5925 Quam
2496 5871 2759 5931 exoptans
2787 5870 2839 5915 et
2867 5858 3170 5930 praevidens
3196 5857 3298 5916 Sa-

3750 0 3844 3063 ἓ
