3832 6314
184 356 284 416 ενοι

1158 338 1486 397 ῐΙθΜΙΜΑΞ.
1524 372 1580 380 -
1631 341 1667 396 Ι.
1714 340 1798 395 illi
1838 342 2181 400 'l'liSll‘Uill'I.

3209 352 3370 410 1362

177 472 393 529 debemus,
413 460 602 515 fratres
635 458 760 524 mei,
783 455 1001 527 quando
1044 454 1240 525 aliquis
1277 470 1375 511 nos
1406 456 1606 509 salutat
1630 464 1678 509 et
1712 458 1757 516 Λ
1786 465 1836 510 et
1871 456 1960 510 Dei
1989 457 2162 512 liiiius
2187 470 2306 512 esse
2358 455 2620 526 operibus
2665 458 3052 517 attestantibus
3105 459 3360 519 iuncturi.

165 553 466 616 commendat.
497 549 656 616 Quod
681 549 724 604 si
751 547 1004 604 salutatio
1021 556 1075 601 et
1094 546 1499 602 commendatio
1531 545 1684 602 falsi-

173 652 270 708 tatis
287 656 370 712 est,
397 643 777 698 erubescamus
809 649 863 696 et
889 637 1331 696 contradicamus
1355 656 1368 706 ;
1414 648 1466 694 et
1495 638 1686 708 quales

167 741 486 814 przcdicamur,
502 749 629 789 esse
654 732 992 788 Studeamus.
1024 731 1079 787 Si
1105 742 1284 787 :mtem
1308 732 1554 788 veritatis
1579 743 1683 799 est,

156 835 248 890 'nou
271 829 391 902 apud
416 842 506 883 nos
535 827 838 883 elevemur.
871 825 964 880 sed
1007 824 1118 880 Deo
1146 835 1341 892 totum,
1373 840 1480 880 non
1529 825 1688 881 nobis

166 921 481 978 attriimatnus.
513 914 578 968 Si
599 930 666 969 ex
709 914 1020 969 adulatione
1047 924 1149 983 cst,
1183 930 1290 969 non
1337 913 1682 986 recipiamus,

161 1014 232 1069 sed
254 1023 478 1080 taumtam
506 1005 797 1061 falsitatem
822 1005 1188 1076 repudiemus.
1214 1005 1270 1060 Si
1295 1021 1420 1062 vero
1441 1021 1506 1062 ex
1528 1021 1684 1062 amo-

161 1119 222 1168 re,
247 1101 426 1166 amicis,
446 1098 535 1169 qui
565 1097 618 1152 in
645 1097 856 1167 judicio
885 1097 961 1152 rei
992 1106 1188 1152 amata!
1209 1112 1352 1169 saepe
1400 1097 1684 1166 falluntur,

157 1211 239 1249 non
261 1192 460 1246 omnino
487 1189 796 1244 credamus.
827 1187 1124 1244 Turbatam
1165 1189 1330 1260 igitur
1358 1199 1412 1246 et
1443 1191 1687 1262 cogitan-

157 1297 238 1339 tn:
264 1285 450 1338 beatam
482 1280 752 1353 Virginem
798 1282 1022 1352 angelus
1049 1281 1215 1353 (ψιθά
1236 1281 1454 1352 proprie
1480 1291 1564 1338 est
1589 1283 1686 1338 bo-

151 1390 308 1430 nerunt
335 1373 663 1445 angelorum)
690 1372 982 1440 confortat,
1005 1382 1077 1442 et,
1093 1375 1238 1445 quod
1262 1376 1498 1431 maxime
1519 1377 1685 1433 timo-

150 1483 238 1521 rent
257 1465 436 1535 pellere
459 1465 617 1532 solet,
641 1466 868 1536 proprio
891 1466 1109 1520 nomine
1133 1482 1252 1521 eam
1276 1476 1435 1522 vocat
1454 1468 1643 1523 dicens
1669 1486 1682 1521 :

146 1559 412 1623 A’etimeus,
441 1557 636 1612 Maria.
678 1557 938 1630 litquarc
985 1574 1092 1613 non
1145 1559 1215 1614 sit
1267 1560 1316 1614 ei
1362 1559 1684 1626 timendum,

144 1651 407 1720 impolitis
433 1650 799 1720 gaudendum,
821 1650 1103 1720 subjunxit
1133 1669 1144 1705 :
1175 1651 1430 1706 Invenisti
1455 1653 1686 1724 gratiam

136 1744 252 1814 apud
279 1744 452 1798 Deum.
476 1744 554 1798 At:
586 1743 632 1799 si
665 1753 850 1814 aperte
892 1744 1033 1799 dicat
1063 1764 1074 1798 :
1108 1743 1246 1813 Quia
1285 1743 1416 1812 Deo,
1448 1761 1555 1800 non
1585 1745 1680 1800 ho-

136 1837 336 1891 minibus
380 1835 593 1906 placere
633 1835 982 1902 desiderasti,
1038 1837 1181 1907 apud
1233 1835 1404 1893 Deum
1453 1838 1679 1909 gratiam

131 1924 363 1980 invenisti.
423 1924 524 1990 Qui
569 1923 884 1980 hominilms
949 1926 1200 1996 placent,
1253 1926 1464 1982 confusi
1516 1937 1682 1995 sunt,

127 2017 346 2087 quoniam
376 2015 518 2071 Deus
545 2017 746 2087 sprevit
774 2032 889 2072 eos.
923 2016 1073 2072 Unde
1097 2018 1388 2088 Apostolus
1422 2038 1434 2074 :
1467 2039 1485 2070 ι
1517 2017 1572 2075 Si
1597 2021 1686 2074 ad-

125 2107 230 2173 bue,
250 2108 437 2177 inquit,
462 2109 779 2164 hominibus
806 2109 1324 2183 placcrem,Christ.i
1353 2128 1544 2168 servus
1571 2127 1682 2170 non

123 2215 268 2252 essent
298 2196 438 2265 (Gal.
472 2201 536 2267 ι).
575 2219 591 2252 ι
628 2198 742 2256 lien
772 2203 784 2256 !
818 2218 982 2272 quam
1013 2203 1136 2256 vani
1180 2213 1309 2259 sunt
1343 2204 1421 2259 illi
1461 2205 1554 2275 qui
1596 2214 1682 2260 to-

120 2302 207 2345 tam
235 2291 410 2357 vitam,
440 2306 646 2361 corpus
669 2302 722 2348 et
747 2292 986 2348 animam
1015 2310 1195 2361 suam,
1225 2296 1539 2366 expendunt
1564 2312 1684 2367 pro-

119 2391 214 2450 pter
231 2382 576 2437 cmerendam
616 2384 833 2438 inanem
871 2383 1179 2455 principum
1218 2386 1534 2441 mortalium
1560 2387 1680 2458 glo-

116 2471 246 2534 riam,
269 2487 430 2542 quam
460 2473 554 2528 vix
586 2474 786 2530 habere
810 2485 1062 2546 possunt,
1110 2476 1352 2532 habitam
1402 2477 1514 2534 cito
1561 2493 1682 2550 per-

110 2561 222 2616 dunt
241 2561 434 2629 !Quam
467 2563 690 2622 facilius
716 2553 939 2636 possent
965 2566 1208 2624 invenire
1235 2584 1418 2625 veram
1449 2578 1503 2626 et
1523 2580 1680 2628 arter-

110 2670 214 2709 uam
233 2656 459 2726 gloriam
492 2658 644 2728 apud
676 2657 878 2714 Deum!

164 2745 282 2800 Ecce
309 2749 610 2818 concipias,
644 2748 842 2819 inquit,
876 2757 932 2804 et
949 2751 1124 2821 paries
1169 2750 1363 2820 ﬁlium,
1393 2760 1442 2805 et
1472 2751 1679 2806 vocabis

103 2854 262 2894 nomen
281 2840 394 2910 ejus
421 2840 641 2897 Iesum.
684 2839 762 2897 De
808 2842 911 2897 hac
963 2842 1320 2913 conceptione
1355 2842 1682 2912 praedixerat

97 2928 332 2988 Jeremias
360 2936 663 3005 propheta,
699 2933 888 2989 dicens
913 2951 925 2988 :
961 2954 977 2986 ι
996 2932 1205 2989 Novum
1233 2933 1394 2990 faciet
1415 2932 1679 2989 Dominus

97 3035 239 3091 super
251 3031 477 3090 terram,
504 3023 1273 3080 muliercircumdabitvirum
1291 3022 1424 3093 (Jer.
1448 3022 1624 3094 xxxi).
1652 3041 1671 3075 ι

94 3111 344 3170 Mulierem
369 3118 677 3186 concipere
706 3127 759 3172 et
789 3132 980 3186 parere
1007 3115 1177 3170 filium
1205 3131 1314 3170 non
1337 3125 1420 3172 est
1450 3130 1672 3170 novum.

94 3201 182 3259 Sed
204 3203 254 3258 iu
277 3207 381 3262 hoc
408 3216 590 3278 partu
627 3220 831 3261 novum
863 3215 918 3261 et
956 3205 1209 3262 mirabile
1236 3204 1363 3261 fecit
1397 3205 1564 3272 Deus,
1593 3207 1678 3262 vel

87 3298 129 3350 in
157 3301 252 3355 hoc
281 3303 434 3371 quod
475 3318 601 3356 non
647 3316 712 3356 ex
757 3311 912 3358 utero
956 3300 1120 3372 Virgo
1170 3301 1430 3370 suscepit,
1478 3301 1572 3355 sed
1623 3300 1678 3356 in

87 3401 219 3445 utero
239 3401 289 3446 et
317 3410 386 3449 ex
419 3403 598 3450 utero
621 3403 852 3452 tantum.
887 3393 978 3449 Vel
1017 3394 1071 3448 in
1113 3393 1218 3448 hoc
1242 3391 1389 3463 quod
1426 3407 1534 3446 non
1582 3407 1681 3463 per

82 3483 345 3540 intervalla
377 3488 645 3558 primum
683 3502 811 3542 caro
834 3487 1017 3542 decisa
1055 3494 1137 3541 est
1161 3485 1227 3541 de
1256 3499 1422 3540 carne
1464 3484 1678 3549 matris,

79 3587 256 3648 etpost
285 3580 511 3650 aliquot
545 3580 675 3635 dies
700 3581 923 3652 Spiritus
964 3579 1181 3636 infusus
1228 3587 1332 3645 est,
1374 3578 1469 3633 sed
1516 3576 1680 3632 simul

75 3672 304 3740 concepit
335 3671 590 3741 plenum
621 3670 824 3736 virum,
842 3686 906 3725 ex
932 3685 1060 3725 vera
1084 3684 1248 3725 carne
1267 3677 1322 3723 et
1342 3682 1471 3722 vera
1495 3670 1678 3723 anima

78 3771 432 3831 constantem,
487 3762 676 3818 Deum
733 3772 787 3817 ct
837 3761 1129 3818 Dominum
1187 3771 1437 3818 nostrum
1491 3759 1680 3816 Jesum

68 3855 358 3913 (lin-istam.
398 3857 483 3914 De
507 3858 625 3913 hoc
653 3857 842 3912 eodem
878 3853 1049 3913 lsaias
1077 3854 1209 3910 dicit
1242 3874 1255 3910 :
1292 3873 1309 3908 ε
1353 3853 1495 3910 Ecce
1526 3853 1679 3924 virgo

70 3949 322 4020 concipiet
354 3950 414 4005 in
443 3960 619 4005 utero
648 3959 703 4005 et
737 3949 909 4020 pariet
945 3947 1116 4004 lilium
1148 3945 1284 4019 (Isa.
1346 3948 1465 4019 vn).
1497 3965 1515 3998 ι
1541 3944 1678 4001 Cum

62 4050 231 4096 autent
263 4041 356 4098 hic
394 4051 638 4096 tantum
683 4039 1195 4105 iste,nominativus
1229 4039 1386 4110 virgo
1423 4046 1677 4110 ponatur,

63 4145 274 4188 necesse
303 4143 396 4188 cst
432 4141 502 4186 ut
538 4131 612 4186 ad
663 4139 959 4200 utrumque
1007 4130 1234 4185 verbum
1283 4127 1573 4184 referatur.
1623 4125 1680 4180 In

53 4236 154 4290 quo
177 4232 372 4293 aperte
398 4222 843 4278 demonstratur
869 4220 1012 4276 sicut
1040 4220 1091 4274 in
1117 4228 1404 4290 conceptu,
1438 4219 1511 4273 ita
1542 4231 1680 4292 qttO-

54 4329 149 4382 que
171 4315 222 4370 in
255 4325 456 4386 partu,
494 4313 778 4385 virginem
810 4327 1223 4383 permansuram
1255 4331 1395 4370 esse.
1430 4315 1497 4370 Et
1520 4331 1683 4371 voca-

49 4404 203 4474 bitur,
241 4407 437 4479 inquit
476 4406 705 4477 (ibitL),
739 4402 1083 4470 Emmanuel,
1116 4406 1259 4475 quod
1299 4407 1682 4477 interpretatur

1704 3159 1746 3216 C

1791 545 1886 602 llic
1917 557 1999 601 est
2022 547 2168 600 enim
2199 547 2288 601 ille
2329 561 2540 616 parvus.
2570 547 2728 617 lapis,
2771 547 2868 618 qui
2910 551 3126 608 excisus
3169 563 3254 610 est
3299 555 3368 611 de

1788 647 1974 693 ιιιοιιιο
1999 637 2122 694 sine
2149 639 2426 704 manibus,
2445 648 2498 693 et
2519 649 2707 707 postea
2734 641 2974 698 excrevit
3003 640 3057 696 in
3107 659 3366 714 magnum

1787 741 2048 798 montem,
2083 743 2134 788 ct
2177 748 2464 809 mcupavtt
2485 748 2660 794 totum
2709 737 2902 794 orbem
2955 737 3116 806 (Dan.
3152 743 3235 810 ιι).
3295 740 3368 796 Et

1785 821 1938 876 dabit
1968 823 2055 877 illi
2081 823 2337 882 Dominus
2359 829 2500 885 Deus
2525 830 2700 884 sedem
2729 829 2899 883 David
2946 831 3116 899 putris
3149 831 3284 900 ejus,
3310 841 3370 894 ut

1787 912 2042 971 videlicet
2068 918 2294 987 populo,
2333 921 2388 975 in
2424 937 2536 992 quo
2568 920 2736 976 David
2771 921 3018 992 regnavit
3065 924 3368 993 corporali-

1789 1011 1870 1057 ter
1919 1013 1974 1058 et
2034 1010 2422 1078 temporaliter,
2477 1011 2639 1069 Jesus
2693 1021 2884 1084 regnet
2925 1012 3279 1084 spiritualitcr
3315 1025 3371 1070 ct

1759 1113 1762 1120 ·
1787 1097 2134 1154 :etcrnaliter.
2163 1099 2229 1155 Et
2263 1104 2498 1174 regnabit
2521 1105 2576 1158 in
2600 1106 2756 1160 domo
2781 1104 2950 1160 Iacob
2995 1107 3050 1160 in
3090 1117 3366 1171 wtemum,

1787 1187 1840 1241 id
1880 1199 1962 1244 est
2021 1191 2075 1245 in
2135 1191 2402 1262 Ecclesia,
2427 1213 2548 1267 qua:
2592 1213 2691 1268 per
2737 1198 2860 1253 fidei
2900 1199 3258 1256 imitationem
3299 1201 3368 1255 ad

1787 1280 2228 1350 patriarcharum
2263 1287 2502 1356 pertinet
2537 1299 2764 1346 sortem.
2816 1289 3123 1357 Sectemur,
3146 1289 3364 1358 fratres,

1787 1369 1949 1425 fidem
1978 1373 2460 1445 patriarcharum;
2497 1379 2671 1434 simus
2695 1379 2884 1447 Jacob,
2919 1381 2971 1436 id
2992 1389 3078 1437 est
3111 1384 3368 1453 supplan—

1788 1472 1993 1520 tatores
2024 1466 2315 1535 vitiorum;
2351 1486 2459 1525 non
2514 1480 2704 1542 regnet
2740 1482 3023 1543 peccatum
3077 1475 3130 1529 in
3177 1485 3367 1532 nostro

1787 1557 2006 1611 mortali
2043 1573 2298 1628 corpore,
2322 1570 2379 1615 et
2406 1563 2650 1632 regnabit
2680 1561 2842 1620 Iesus
2888 1565 2942 1620 in
2994 1565 3173 1621 nobis.
3229 1585 3247 1617 ς
3309 1567 3367 1622 ln

1786 1647 2110 1704 malevolam
2141 1651 2288 1706 enim
2326 1653 2567 1707 animam
2599 1669 2706 1708 non
2738 1654 2963 1711 intrabit
3001 1657 3287 1728 sapientia,
3315 1667 3370 1712 ct

1786 1754 1895 1795 non
1929 1739 2200 1798 habitabit
2225 1743 2280 1798 in
2309 1759 2540 1815 corpore
2563 1745 2784 1801 subdito
2803 1746 3042 1816 peccatis
3068 1746 3220 1818 (Sap.
3250 1749 3310 1818 ι).
3343 1769 3361 1800 ι

1787 1830 1856 1885 Et
1903 1834 2070 1903 regni,
2103 1834 2299 1906 inquit,
2325 1836 2439 1906 ejus
2469 1838 2696 1891 nouerit
2721 1837 2865 1906 linis.
2916 1836 3034 1893 Non
3096 1839 3201 1894 erit
3245 1839 3369 1895 finis

1784 1922 2071 1991 potestatis
2120 1934 2177 1980 et
2226 1925 2443 1996 glorias,
2495 1942 2603 1982 non
2661 1926 2767 1982 erit
2811 1925 2938 1983 ﬁnis
2991 1927 3365 1997 praemiorum.

1783 2009 2012 2078 Quarto,
2045 2015 2310 2082 quaerenti
2337 2017 2582 2083 modum,
2611 2019 2838 2090 angelus
2856 2020 3202 2076 determinat.
3229 2021 3368 2076 Cum

1781 2102 1928 2156 enim
1957 2104 2124 2160 beata
2158 2104 2325 2180 Virgo
2373 2108 2832 2179 promissionibus
2896 2112 3158 2182 angelicis
3205 2112 3366 2167 tidem

1779 2194 2087 2263 adhiberet,
2124 2198 2192 2253 de
2229 2200 2396 2256 modo
2451 2201 2853 2272 adimpletionis
2908 2204 3168 2259 dubitans
3223 2205 3361 2260 ait--

1784 2286 2057 2353 Quomodo
2086 2291 2175 2360 ﬁet
2208 2293 2638 2364 istud,quoniam
2659 2295 2830 2350 virum
2861 2311 2962 2350 non
2988 2299 3284 2368 cognosco?
3305 2298 3364 2372 id

1780 2391 1862 2435 cst
1884 2396 1969 2435 me
1993 2397 2102 2436 non
2132 2383 2486 2455 cegnituram
2503 2387 2786 2456 proposui.
2837 2388 2987 2444 Alias
3047 2405 3213 2459 super
3262 2390 3364 2446 hoc

1781 2472 2036 2530 dubitare
2065 2491 2176 2530 non
2211 2476 2454 2544 deberet,
2489 2487 2676 2549 utpote
2729 2495 2854 2550 quae
2895 2480 2962 2537 de
3010 2497 3215 2552 sponso
3264 2498 3366 2538 suo

1779 2563 2068 2633 concipere
2098 2579 2300 2637 posset.
2329 2567 2549 2625 Modum
2583 2585 2714 2641 ergo
2739 2571 3112 2630 determinans
3139 2574 3366 2644 angelus

1780 2656 1860 2710 ait
1889 2675 1900 2708 :
1931 2655 2164 2727 Spiritus
2186 2671 2400 2714 sanctus
2424 2663 2744 2731 superveniet
2778 2664 2834 2717 in
2861 2673 2931 2719 te.
2986 2665 3066 2721 Ac
3104 2666 3150 2722 si
3181 2675 3367 2737 aperte

1779 2745 1928 2802 dicat
1957 2767 1970 2802 :
2009 2746 2128 2802 Non
2163 2749 2232 2805 de
2259 2750 2406 2805 virili
2436 2753 2646 2809 semine
2675 2754 2975 2825 concipies,
3006 2757 3102 2812 sed
3137 2757 3206 2811 de
3254 2757 3368 2810 vir—

1782 2846 1896 2894 tute
1919 2837 2158 2908 Spiritus
2181 2842 2376 2896 sancti.
2405 2841 2511 2898 Sed
2539 2858 2665 2900 eum
2704 2846 2958 2916 superius
3001 2847 3159 2902 beata
3203 2847 3368 2919 Virgo

1779 2929 1938 2999 plena
1963 2931 2137 3002 gratia
2159 2931 2524 3002 describatur,
2554 2937 2831 3005 quomodo
2861 2938 2952 2993 hic
2981 2937 3220 3008 Spiritus
3242 2955 3370 2994 san-

1779 3029 1903 3076 ctus
1941 3021 2143 3077 dicitur
2185 3028 2650 3094 superventurus?
2671 3025 2788 3082 Non
2827 3038 2887 3082 ut
2911 3044 3032 3084 eam
3071 3031 3247 3101 gratia
3280 3046 3368 3085 re-

1780 3112 1972 3181 pleret,
2008 3129 2114 3182 qua
2143 3113 2258 3184 jam
2293 3115 2498 3184 repleta
2528 3126 2665 3183 erat,
2699 3117 2794 3172 sed
2817 3126 2878 3171 ut
2907 3133 3028 3173 eam
3077 3130 3269 3175 sancto
3310 3129 3364 3175 ct

1782 3201 1925 3257 miro
1947 3203 2107 3258 modo
2129 3204 2406 3275 gravidam
2431 3204 2684 3261 ediceret.
2711 3205 2781 3260 Et
2809 3209 2973 3262 virtus
2989 3209 3260 3264 Altissimi
3277 3209 3369 3264 ob-

1781 3294 2047 3349 nrrabrabit
2068 3295 2183 3349 tibi.
2221 3294 2409 3354 Virtus
2440 3296 2706 3353 Altissimi
2751 3307 2930 3369 potest
2977 3300 3085 3355 dici
3131 3300 3212 3354 vel
3247 3300 3369 3369 Spi-

1781 3385 1923 3441 ritus
1985 3395 2232 3454 sanctus,
2278 3386 2437 3458 juxta
2491 3389 2625 3444 illud
2669 3390 2815 3460 quod
2847 3389 3023 3445 Lucas
3051 3391 3166 3445 ait:
3203 3411 3221 3443 s
3258 3391 3368 3445 Vos

1780 3486 1962 3532 autem
1989 3479 2171 3548 sedete
2192 3479 2246 3533 in
2270 3479 2510 3547 civitate,
2531 3497 2822 3552 quousque
2842 3482 3145 3537 induamini
3170 3483 3368 3538 virtute

1780 3581 1846 3621 ex
1876 3567 1986 3622 alto
2017 3566 2169 3636 (Luc.
2201 3570 2350 3639 xxxv)
2378 3587 2392 3635 ;
2433 3588 2454 3622 ι
2484 3570 2567 3625 vel
2627 3569 2745 3640 ipse
2795 3568 2988 3637 Filius,
3017 3571 3171 3641 juxta
3223 3571 3371 3639 quod

1782 3655 1988 3713 Paulus
2013 3668 2174 3715 vocat
2223 3676 2348 3716 eum
2398 3681 2417 3712 ι
2481 3661 2574 3716 Dei
2628 3662 2887 3717 virtutem
2937 3671 2994 3718 et
3043 3662 3366 3732 sapientiai-1

1783 3749 1838 3820 (I
1865 3749 1989 3806 Cor.
2023 3751 2084 3821 l).
2126 3770 2145 3802 ι
2194 3753 2284 3810 Ait
2308 3768 2441 3824 ergo
2491 3771 2505 3808 :
2551 3752 2730 3807 Virtus
2753 3753 3370 3808 Altissimiobumbmbét

1783 3843 1901 3908 tibi,
1931 3842 1983 3898 id
2009 3852 2117 3909 est,
2152 3842 2390 3911 Spiritus
2417 3854 2641 3900 sanctus
2659 3856 2851 3900 atstum
2869 3845 3125 3900 vitiorum
3148 3862 3179 3900 a
3203 3854 3254 3900 te
3273 3861 3368 3900 ex-

1782 3935 1983 4001 cludet,
2016 3946 2077 3991 ut
2105 3935 2375 3991 habitatio
2409 3935 2613 3991 munda
2646 3937 2700 3991 in
2733 3945 2785 3992 te
2809 3935 2904 3992 Dei
2935 3935 3072 3991 Filio
3098 3951 3368 4006 przeparc-

1784 4036 1890 4082 tur.
1925 4026 2020 4082 Vel
2043 4037 2190 4084 certe
2221 4029 2394 4086 virtus
2422 4029 2712 4096 Altissimi,
2733 4030 2785 4085 id
2813 4039 2898 4086 est
2919 4029 3090 4085 Filius
3118 4029 3233 4094 Dei,
3263 4030 3364 4083 ob-

1782 4119 2058 4176 umbrabit
2080 4119 2200 4187 tibi,
2232 4119 2391 4176 idest
2413 4121 2870 4177 obumbraculum
2909 4121 3094 4176 carnis
3136 4120 3368 4190 accipiet

1782 4211 1836 4265 in
1870 4220 1940 4266 te.
1980 4209 2122 4278 Quia
2157 4212 2304 4267 enim
2335 4213 2760 4269 immensitatem
2788 4213 2961 4268 divini
2995 4212 3224 4284 fulgoris
3278 4213 3363 4267 in—

1783 4303 2014 4360 tirmitas
2044 4313 2360 4360 nostrorum
2391 4305 2676 4361 oculorum
2713 4304 3072 4374 contemplari
3098 4319 3204 4359 non
3235 4319 3364 4372 pos—

1781 4399 1885 4455 set,
1914 4393 2034 4450 idco
2083 4391 2176 4450 Sol
2211 4392 2440 4464 justitia:
2492 4393 2654 4451 Jesus
2701 4393 2956 4450 Christus
3007 4409 3128 4449 sese
3172 4392 3367 4447 velavit

47 4500 315 4554 nobiscum
371 4499 566 4556 Deus.
607 4496 707 4552 llic
741 4505 922 4552 autem
948 4497 1021 4552 ait
1045 4498 1302 4568 angelus:
1331 4497 1682 4554 Vocabisuo-

1787 4501 1972 4553 carne,
2008 4494 2069 4540 ιιι
2097 4486 2178 4542 sic
2206 4487 2614 4556 quodammodo
2645 4488 2842 4542 melius
2865 4502 2988 4541 cmn
3029 4485 3365 4554 contempla-

40 4605 153 4644 men
175 4591 302 4664 cjus
329 4589 555 4646 Iesum
592 4606 605 4643 :
636 4588 783 4658 quod
820 4587 1209 4656 interpretatur
1237 4587 1505 4644 Salvator.
1535 4589 1674 4660 Quid

36 4682 174 4736 enim
205 4683 369 4738 aliud
402 4692 502 4738 est
539 4679 837 4735 nobiscum
873 4677 1044 4734 Deum
1073 4693 1217 4746 esse,
1237 4695 1407 4752 quam
1439 4695 1539 4736 nos
1567 4681 1678 4737 sal-

37 4773 194 4830 rare?
213 4773 284 4832 Et
311 4774 468 4846 quid
508 4780 736 4828 estnos
760 4769 990 4836 salvarc,
1013 4785 1176 4840 quam
1201 4770 1483 4826 nobiscum
1510 4770 1677 4826 Deum

30 4865 178 4920 esse?
200 4864 313 4920 Per
329 4873 594 4936 partum
615 4860 782 4931 igitur
795 4859 1033 4931 Virginis
1049 4859 1190 4916 Deus
1215 4877 1311 4917 nos
1327 4862 1500 4917 salvat
1513 4871 1566 4917 et
1583 4877 1680 4916 no-

27 4955 238 5013 biscum
257 4968 374 5014 est.
399 4954 740 5011 Nobiscum
753 4963 860 5018 est,
876 4953 1678 5024 nostra!earnisassumptionc,

25 5051 325 5107 nobiscum
340 5060 444 5106 est
459 5049 589 5104 ριιει
602 5047 782 5113 ritate,
803 5046 1088 5101 nobiscum
1105 5057 1184 5100 est
1201 5048 1553 5116 protectione.
1576 5046 1680 5102 llic

20 5143 137 5209 erit,
157 5142 325 5207 inqui
334 5151 678 5212 t,magnus.
701 5135 898 5192 Etvcrc
914 5137 1426 5206 magnus,quoniam
1441 5138 1560 5208 ejus
1572 5153 1683 5193 ma-

20 5236 337 5301 gnitudinis
363 5250 496 5289 nou
517 5239 623 5287 est
648 5229 790 5284 finis.
814 5227 876 5282 lit
914 5227 1366 5283 FillttsAllt'sst'ml
1390 5230 1678 5297 vocabitur,

19 5339 122 5380 non
137 5327 502 5400 adoptivus,
525 5322 638 5378 sed
659 5321 943 5377 naturalis.
963 5318 1065 5375 Sed
1079 5337 1203 5376 cum
1219 5322 1288 5376 ab
1299 5331 1504 5377 arterno
1519 5322 1683 5378 fuerit

19 5435 258 5493 magnus
296 5432 362 5478 et
407 5414 927 5481 FilinsAltissimi,
957 5429 1130 5485 quare
1165 5413 1269 5469 ait:
1306 5414 1407 5493 Per
1434 5414 1681 5471 futurum

19 5514 110 5571 erit
140 5528 438 5588 magnus,
479 5519 550 5565 ct
593 5507 865 5561 Altissitni
894 5507 1100 5561 Filius?
1155 5506 1234 5560 Ad
1264 5507 1678 5571 humanitatem,

24 5619 59 5662 rt
84 5611 152 5663 ad
182 5608 534 5664 hominum
587 5599 844 5654 notitiam
893 5598 1238 5654 referendum
1272 5608 1376 5665 est,
1421 5601 1680 5670 quoniam

26 5702 98 5771 μιῇ
135 5702 345 5774 primo
378 5708 640 5770 parvus
666 5691 968 5746 secundum
995 5691 1392 5746 lnnnanitatcm
1443 5691 1682 5747 :estima-

29 5811 94 5850 us
119 5808 230 5865 est,
249 5804 481 5868 postea
520 5802 779 5856 magnus
803 5785 1102 5842 tcslintattts
1123 5794 1421 5854 Csl,postca
1449 5800 1678 5853 magnus

1782 4592 1968 4633 remur
2015 4577 2118 4632 sub
2177 4577 2342 4632 nube.
2389 4577 2625 4649 Ideoque
2668 4578 2938 4643 videlicet,
2969 4576 3098 4646 quia
3142 4590 3250 4629 non
3298 4590 3364 4628 ex

1773 4647 1927 4723 'virili
1953 4669 2184 4737 semine,
2215 4669 2310 4725 sed
2341 4686 2408 4726 ex
2450 4647 2688 4742 Spiritus
2713 4669 2887 4726 sancti
2936 4667 3137 4722 virtute
3181 4665 3365 4721 conci-

1781 4761 1919 4832 pics,
1950 4763 2086 4831 quod
2126 4772 2374 4816 nascetur
2405 4779 2469 4817 ex
2518 4773 2566 4817 te
2597 4772 2861 4835 sanctum,
2887 4759 3160 4813 vocabitur
3187 4755 3364 4811 Filius

1781 4851 1902 4919 Dei,
1935 4851 1988 4906 id
2014 4861 2099 4908 est
2123 4849 2215 4907 ille
2239 4853 2333 4923 qui
2363 4862 2637 4908 nascetur.
2682 4851 2799 4906 Non
2841 4851 2985 4905 enim
3021 4865 3117 4919 per
3142 4850 3246 4904 hoc
3277 4864 3364 4904 re-

1783 4945 2033 5012 lativum,
2061 4945 2224 5016 quod,
2264 4946 2380 5000 sola
2406 4961 2556 5011 caro,
2587 4945 2680 5000 scd
2726 4958 2958 5014 persona
3003 4941 3362 5012 significatur.

1782 5033 2046 5090 Neutrum
2086 5043 2266 5089 tamen
2303 5035 2540 5105 positum
2583 5034 2777 5099 est,ad
2826 5032 3088 5102 majorem
3140 5033 3217 5086 rei
3266 5047 3364 5085 ex-

1783 5129 2142 5199 pressionem.
2173 5126 2230 5181 Si
2257 5127 2404 5182 etaim
2438 5126 2671 5182 dixisset
2703 5125 2792 5178 ille
2825 5132 3048 5180 sanctus
3073 5125 3259 5190 hanno,
3282 5125 3366 5177 vel

1784 5226 1873 5281 ille
1897 5233 2122 5281 sanctus
2156 5225 2261 5288 vir,
2307 5239 2501 5293 parum
2546 5222 2754 5278 dixisse
2790 5221 3091 5288 videretur,
3138 5220 3232 5276 sed
3291 5221 3366 5274 ait

1784 5317 1915 5371 ilhnl
1945 5326 2222 5378 sanctum;
2251 5331 2316 5368 ac.
2331 5315 2383 5370 si
2414 5323 2598 5385 aperte
2620 5315 2924 5369 diceretur:
2950 5312 3040 5370 Ille
3068 5313 3122 5368 in
3151 5328 3260 5382 quo
3285 5312 3366 5364 ni-

1784 5410 1861 5465 hil
1891 5409 1997 5464 nisi
2029 5407 2310 5472 sanctitas,
2343 5407 2475 5462 nihil
2507 5407 2610 5462 nisi
2645 5407 2862 5462 bonitas
2888 5416 2989 5463 est.

1850 5503 1918 5556 Et
1940 5519 2055 5557 ecce
2087 5500 2366 5555 Elimbcth
2396 5509 2620 5570 cognata
2653 5510 2765 5565 tua,
2792 5511 2840 5554 et
2879 5500 2995 5568 ipsa
3024 5499 3255 5566 concepit
3294 5498 3364 5566 ﬁ-

1785 5599 1917 5651 lium
1947 5597 1999 5649 in
2023 5605 2287 5650 senectute
2307 5610 2427 5648 sua.
2451 5591 2748 5664 Postquam
2781 5593 2949 5647 beatie
2975 5589 3179 5659 Virgini
3225 5604 3362 5658 gau-

1785 5691 1934 5745 dium
1962 5703 2124 5744 suum
2147 5688 2456 5742 nuntiatmn
2481 5695 2584 5751 est,
2614 5685 2900 5740 nuntiatur
2918 5683 2973 5737 ei
3024 5691 3077 5736 et
3105 5681 3359 5750 gaudium

1791 5793 2036 5854 cognatae.
2068 5789 2117 5837 ct
2147 5779 2334 5836 amicm
2365 5795 2497 5846 sum,
2525 5787 2583 5833 ut
2607 5777 2692 5853 ita
2722 5773 2979 5847 gaudium
3032 5769 3230 5844 gaudio
3273 5785 3356 5826 cur
