3832 6314
472 403 629 472 1365

1769 400 2112 458 ιιλιιῑωοιιι
2153 398 2501 456 Αιιυιλιιε

3584 406 3638 459 13³
3660 407 3676 461 i

488 516 750 585 mutetur;
771 521 823 567 et
856 521 915 574 u'.
939 512 1008 574 ad
1050 516 1297 572 mutuam
1331 521 1565 570 matrum
1596 510 1960 568 risitationem
2013 521 2068 566 et
2098 518 2144 571 Α
2175 526 2261 565 me
2309 509 2544 565 Verbum
2591 505 2800 571 Patris.
2835 505 3140 563 secundum
3196 508 3415 566 verbum
3453 519 3598 571 tuum.
3633 516 3678 575 [ι

485 608 1038 679 congratulationem,
1069 606 1304 663 infantes
1324 617 1543 676 quoque
1573 601 1749 658 sancti
1781 601 1834 656 in
1862 598 2068 656 sanctis

487 699 661 756 uteris
686 699 1153 770 congratuleutur.
1185 695 1359 750 litltic
1382 695 1575 750 mensis
1612 703 1690 748 est
1737 703 1918 747 sextus
1979 690 2063 744 illi

485 807 605 860 qua:
625 803 843 846 vocatur
874 790 1090 845 sterilis.
1110 789 1188 844 Ac
1209 787 1253 844 si
1279 786 1328 843 ei
1365 787 1612 842 dicatur:
1661 783 1814 840 Sicut
1837 792 2068 853 cognata

488 894 580 937 tua
604 893 654 938 te
678 881 1032 952 prmettcurrit
1061 878 1440 950 concipiendo,
1472 877 1544 932 ita
1573 876 1716 933 tilins
1746 876 1867 946 ejus
1913 885 2066 930 tuum

491 976 786 1042 pratcureet
815 969 1160 1042 pnedieaudo
1187 979 1241 1026 et
1271 967 1620 1040 baptizando.
1647 966 1790 1032 Quia
1820 982 1924 1021 non
1965 964 2070 1021 erit

485 1063 814 1135 impossibile
835 1063 976 1132 apud
1015 1061 1185 1116 Deum
1235 1077 1388 1116 omne
1426 1060 1637 1116 verbum
1665 1077 1680 1128 ;
1712 1074 1777 1115 ac
1812 1058 1860 1115 si
1886 1067 2074 1129 aperte

483 1153 630 1208 dicat
657 1171 672 1208 :
720 1151 838 1207 Non
865 1152 1042 1208 solum
1069 1161 1256 1222 partus
1279 1151 1528 1223 virginis,
1545 1151 1628 1236 vel
1659 1165 1822 1216 anus,
1850 1149 1933 1205 vel
1963 1157 2073 1205 ste-

482 1243 625 1309 rilis,
658 1244 772 1299 Deo
789 1254 869 1298 est
905 1243 1208 1312 possibilis,
1240 1243 1353 1300 imo
1372 1233 1548 1300 etiam.
1564 1233 1839 1314 quidquid
1892 1241 2072 1297 bomi-

482 1331 647 1388 nibus
669 1333 883 1387 videtur
915 1333 1276 1403 impossibile,
1304 1333 1415 1389 Deo
1443 1343 1527 1389 est
1553 1333 1832 1404 possibile,
1870 1332 1959 1389 cui
1994 1330 2073 1387 fa-

482 1422 645 1478 cilius
668 1432 751 1479 est
774 1423 1042 1494 quidquid
1068 1423 1183 1479 vult
1210 1422 1392 1480 facere
1431 1439 1596 1495 quam
1647 1425 1804 1480 nobis
1849 1423 2072 1479 ret-hum

483 1515 761 1584 proferre,
791 1527 844 1572 et
881 1527 1105 1588 propter
1154 1518 1260 1574 hoc
1302 1519 1506 1575 dictum
1557 1528 1644 1575 est
1690 1519 1873 1589 potius
1925 1535 2076 1574 omne

482 1606 894 1678 eerbum,quam
919 1622 1081 1663 mune
1104 1607 1329 1664 factum.
1349 1608 1471 1664 Non
1491 1623 1623 1680 ergo
1647 1608 1900 1679 desperet
1926 1625 2076 1679 qua:-

483 1722 701 1776 cuuque
733 1707 914 1762 anima
955 1708 1178 1774 sterilis,
1211 1708 1471 1778 quoniam
1503 1709 1631 1764 licet
1665 1724 1762 1779 per
1789 1717 1955 1763 totam
1991 1709 2072 1763 vi-

486 1807 596 1852 tam
630 1813 787 1853 suam
817 1799 1056 1854 fructum
1081 1799 1284 1855 bonum
1316 1815 1424 1856 non
1454 1799 1660 1867 fecerit,
1687 1809 1866 1870 speret
1891 1809 2071 1855 tamen

2169 617 2316 667 cccc,
2369 601 2608 673 gloriosa
2666 598 2847 670 Virgo,
2897 598 3234 655 desiderium
3288 609 3438 656 tmtm
3481 605 3680 677 adimple-

2171 703 2285 748 tum
2315 703 2418 748 est.
2452 690 2764 748 Secntnlum
2811 690 2954 744 enim
2994 689 3304 761 angelicum
3339 693 3564 761 verbum,
3591 695 3682 752 γετ-

2170 786 2300 842 bum
2339 784 2514 841 Patris
2544 783 2746 839 factum
2777 793 2859 840 cst
2890 784 2945 837 in
2975 793 3028 839 te
3052 792 3108 839 et
3141 783 3263 849 tibi,
3299 784 3408 841 imo
3437 797 3486 842 et
3517 789 3620 844 mihi
3648 800 3685 847 ct

2170 878 2430 935 omnibus
2451 877 2544 948 qui
2571 877 2624 931 in
2653 891 2780 931 eum
2810 875 3036 931 firmiter
3054 876 3289 932 credunt
3311 889 3366 934 et
3388 892 3598 950 sperant,
3620 885 3686 953 qui

2170 985 2295 1027 eum
2338 969 2592 1026 ardenter
2643 968 2908 1040 diligunt,
2951 967 3046 1038 qui
3076 967 3203 1034 ejus
3242 972 3492 1030 tumulata
3517 973 3685 1031 faciunt.
3724 971 3727 974 ’

2173 1058 2280 1115 Sed
2319 1071 2466 1125 ecce,
2505 1057 2754 1128 piissimo
2796 1057 3044 1125 domina,
3084 1059 3216 1116 dum
3256 1061 3360 1117 hoc
3400 1060 3686 1121 faceret-ola-

2173 1168 2319 1220 mus,
2360 1151 2564 1208 inimici
2595 1151 2770 1207 nostri
2803 1151 2896 1222 qui
2925 1151 3220 1208 animabus
3257 1154 3456 1212 nostris
3487 1156 3690 1214 insidian-
3722 1221 3723 1226 η

2175 1254 2284 1314 tur,
2323 1259 2424 1302 nos
2449 1243 2773 1316 impediunt,
2798 1253 2853 1300 ct
2888 1245 2940 1300 in
2977 1255 3187 1315 partem
3218 1261 3374 1302 suam
3404 1254 3592 1305 trahere
3620 1267 3690 1303 ro-
3722 1241 3723 1248 ἶ

2177 1338 2310 1393 lunt.
2355 1337 2462 1393 Sed
2493 1347 2550 1392 tu
2572 1380 2588 1405 ,
2636 1337 2887 1402 domina,
2922 1347 3167 1393 materna
3225 1338 3424 1408 pietate
3462 1355 3548 1409 pro
3580 1341 3694 1397 nobis

2175 1429 2408 1487 servulis
2460 1429 2569 1486 tuis
2611 1439 2733 1486 esto
2773 1429 3024 1486 sollicita.
3073 1427 3132 1485 Si
3185 1445 3288 1485 nos
3315 1441 3478 1486 tentat
3511 1434 3692 1496 ilzemon,

2169 1522 2334 1592 jura;
2367 1523 2412 1578 si
2438 1539 2541 1579 nos
2571 1533 2742 1578 tentat
2783 1539 2933 1588 earo,
2956 1523 3119 1594 jura;
3161 1526 3207 1580 si
3255 1541 3356 1580 nos
3394 1537 3549 1582 tenlat
3575 1545 3694 1580 nam.

2173 1609 2298 1675 dus,
2326 1609 2481 1679 jura:
2512 1610 2622 1664 into
2651 1625 2864 1680 semper
2884 1611 3036 1682 jura,
3063 1621 3341 1681 quatenus
3367 1614 3697 1682 potentissimis

2177 1701 2665 1758 intercessionibus
2709 1703 3026 1772 meritisque
3077 1704 3187 1760 tuis
3227 1704 3422 1773 adjuli,
3455 1706 3515 1761 ad
3544 1717 3696 1760 :etcrna

2176 1792 2372 1862 gaudia
2409 1792 3049 1863 [terreniremereamur,
3091 1810 3187 1864 per
3229 1794 3425 1849 Filium
3452 1805 3585 1850 tuum
3621 1795 3697 1851 Do-

488 1891 543 1944 in
577 1889 831 1956 Domino,
865 1891 956 1960 qui
993 1891 1048 1945 in
1081 1901 1381 1958 senectute,
1403 1901 1458 1946 οι
1503 1892 1667 1947 etiam
1729 1891 1782 1945 in
1826 1901 2073 1947 extremo
2107 1859 2147 1917 Β
2178 1885 2389 1938 mimum
2431 1893 2706 1950 nostrum,
2748 1884 2840 1954 qui
2877 1900 3002 1941 eum
3043 1881 3208 1940 Patre
3248 1895 3301 1939 et
3333 1885 3524 1955 Spiritu
3553 1898 3700 1942 saneto

490 1981 725 2036 articulo
747 1982 896 2048 ‘ritm,
941 1991 1253 2052 peccatores
1289 1983 1360 2038 ab
1387 1982 1537 2036 omni
1566 1983 1710 2037 bono
1730 1997 1896 2052 opere
1915 1981 2075 2038 steri-

493 2071 571 2125 les
606 2070 848 2140 respicit,
876 2080 929 2128 et
970 2087 1064 2140 per
1104 2072 1477 2142 pmniteutiam
1538 2071 1867 2126 fructiﬁcare
1921 2070 2070 2126 facit.

489 2161 707 2229 Quinto,
736 2163 890 2218 beata
923 2162 1083 2234 Virgo
1121 2180 1274 2219 suam
1303 2166 1588 2234 prolitctur
1610 2165 1968 2220 humilitatem
1991 2164 2074 2218 di-

486 2268 616 2308 cens
652 2272 664 2306 :
700 2252 834 2307 Ecce
857 2253 1058 2308 ancilla
1091 2255 1323 2310 Domini.
1364 2255 1522 2323 Ecce,
1548 2255 1744 2312 fratres
1767 2256 1892 2323 inci,
1917 2257 2074 2312 beata

484 2343 671 2414 Virgo,
698 2348 950 2416 quamvis
977 2347 1148 2415 gratia
1190 2349 1369 2418 plena,
1397 2348 1654 2418 quamvis
1682 2348 1853 2404 Mater
1889 2348 1990 2404 Dei
2021 2358 2076 2406 et

487 2436 706 2490 Domini
731 2438 908 2493 nostri
938 2439 1130 2505 electa,
1165 2449 1344 2495 tamen
1375 2440 1548 2496 solam
1597 2440 1883 2511 profitetur
1905 2441 1960 2496 in
2012 2456 2075 2498 se

482 2530 840 2600 subjectionis
885 2532 1274 2598 humilitatem,
1339 2547 1441 2588 nec
1495 2533 1603 2588 hoc
1663 2533 1779 2589 sola
1831 2548 1965 2589 voce
2019 2541 2075 2590 et

485 2622 706 2676 lic-tione
756 2623 838 2692 (ut
867 2623 1091 2692 quidam
1140 2624 1392 2692 faciunt),
1439 2622 1536 2680 sed
1570 2625 1736 2680 corde
1785 2635 1840 2680 et
1887 2640 2068 2696 opere.

486 2712 641 2771 Unde
669 2725 724 2770 et
753 2718 938 2772 statim
962 2727 1086 2788 post
1111 2720 1584 2773 aununtiationem
1612 2719 1912 2790 angelicam
1948 2736 2074 2775 sur-

481 2824 616 2878 gens
641 2811 727 2880 (ut
757 2809 812 2863 in
845 2811 1207 2880 sequentibus
1246 2811 1583 2878 continetur)
1629 2810 1779 2866 radit
1831 2812 2073 2868 salutare

483 2910 539 2955 et
564 2902 888 2972 obsequium
912 2912 1173 2973 prmstare
1207 2903 1506 2968 Elisahetb,
1537 2902 1713 2958 Mater
1759 2901 1877 2969 Dei,
1909 2903 2071 2959 matri

489 2994 750 3059 hominis,
781 3005 953 3051 mater
976 2995 1159 3068 Regis,
1186 2998 1348 3052 matri
1381 2997 1545 3053 servi.
1573 2998 1730 3064 Quod
1756 3005 1840 3053 est
1879 3008 2072 3054 contra

487 3087 776 3157 plerosque
799 3095 1070 3154 nostrum,
1097 3087 1294 3144 fratres
1317 3088 1447 3154 mei,
1484 3103 1626 3158 quos
1670 3089 1714 3142 si
1743 3089 2075 3160 quandoque

492 3177 700 3231 nostris
722 3177 1166 3234 simulationibus
1191 3177 1435 3246 Ecclesia
1465 3178 1711 3248 decepta,
1741 3188 1794 3234 et
1827 3179 1933 3235 Deo
1947 3197 2071 3250 per-

498 3271 762 3337 mittente,
797 3272 861 3326 ad
887 3272 1124 3342 aliquam
1167 3272 1694 3328 administrationem
1742 3273 2076 3329 ecclesiasti-

495 3379 616 3420 cam
643 3367 994 3434 promoverit,
1026 3365 1232 3421 nostris
1264 3365 1473 3420 meritis
1509 3365 1613 3419 hoc
1641 3365 1990 3432 ascribimus,
2017 3377 2074 3423 et

488 3463 691 3510 uostrm
713 3454 1026 3526 fragilitatis
1058 3456 1212 3511 obliti
1265 3465 1492 3511 eteteros
1521 3458 1942 3524 contemnimus,
1967 3458 2074 3514 im-

494 3562 766 3604 memores
805 3548 1022 3604 Domini
1051 3550 1283 3618 exempli
1311 3549 1530 3618 (Matth.
1561 3550 1679 3618 xx),
1701 3550 1795 3620 qui
1830 3565 1937 3605 non
1967 3550 2074 3605 mi-

494 3638 751 3705 nistrare,
777 3640 869 3695 sed
902 3640 1202 3695 ministrari
1236 3641 1511 3707 volumus,
1546 3657 1758 3711 nosque
1809 3657 1915 3696 non
1973 3657 2072 3712 pa-

491 3738 626 3797 tres,
655 3730 750 3786 sed
792 3730 1046 3786 dominos
1074 3731 1540 3797 demoustramus,
1566 3747 1858 3786 numerqu
1905 3747 2075 3803 equo-

487 3839 636 3889 rum,
672 3839 931 3879 acervnm
962 3823 1312 3891 divitiarum,
1343 3825 1634 3879 mutatoria
1690 3823 1936 3879 mollium
1983 3839 2075 3880 re-

487 3915 871 3969 stimentorum
907 3915 1066 3970 nobis
1098 3931 1476 3988 aggregamus,
1529 3932 1654 3972 cum
1711 3931 1909 3986 pompa
1959 3915 2066 3987 glo-

488 4007 679 4076 riaque
711 4008 1079 4077 procedimus,
1105 4018 1158 4064 et
1205 4008 1258 4062 in
1305 4014 1416 4063 alto
1478 4009 1759 4065 sublimati
1812 4010 2072 4064 mortales

482 4097 667 4152 ridere
687 4098 1066 4168 dedignamur,
1092 4099 1238 4169 quod
1262 4099 1524 4156 facientes
1555 4117 1661 4154 non
1706 4100 2068 4156 humilitatem

478 4179 644 4258 quam
681 4187 942 4244 Dominus
968 4189 1370 4246 demonstravit
1399 4192 1578 4256 nobis,
1606 4193 1699 4246 sed
1752 4191 2066 4263 superbiam

481 4278 807 4333 dialiolicam
831 4280 1130 4335 imitamur.
1165 4281 1368 4336 Deinde
1391 4282 1546 4336 beata
1583 4281 1745 4353 Virgo
1786 4299 1883 4353 per
1925 4284 2070 4338 desi-

481 4369 787 4423 derativum
823 4379 875 4424 et
899 4371 1310 4441 deprccatirum
1355 4373 1579 4426 rerbum
1631 4374 1904 4429 desiderat
1957 4384 2069 4430 tota

475 4467 661 4512 mente
689 4467 742 4512 et
767 4458 1092 4528 deprecatur
1119 4461 1404 4529 adimpleri
1429 4461 1762 4530 promissum
1786 4478 1910 4518 eum
1935 4464 2070 4519 sub-

2175 1973 2309 2028 rivit
2332 1983 2387 2029 et
2425 1982 2617 2046 regnat
2652 1972 2794 2030 Deus
2823 1988 2916 2044 per
2951 1975 3136 2030 omnia
3164 1974 3363 2030 secula
3411 1975 3698 2031 saeculorum.

2174 2066 2370 2122 Amen.

2902 2156 3061 2212 XVII.

2336 2267 2386 2306 LV
2419 2265 2588 2308 l-‘l-ZSTO
2617 2266 2998 2307 APOSTOHHIL’M
3031 2266 3266 2306 PIIILIPPI
3302 2268 3369 2305 ΕΤ
3399 2265 3577 2307 ιλεοω.

2243 2341 2396 2398 Dixit
2425 2341 2585 2400 Iesus
2613 2344 2892 2414 discipulis
2921 2345 3034 2398 suis
3059 2359 3078 2397 :
3141 2343 3264 2398 Non
3302 2346 3528 2399 turbetur
3551 2361 3625 2398 cor
3645 2362 3708 2398 re-

2171 2435 2604 2492 strum.Creditis
2630 2436 2684 2489 in
2720 2435 2904 2502 Deum,
2941 2446 2989 2490 et
3018 2436 3171 2491 inme
3187 2436 3386 2490 credite
3410 2435 3572 2505 (Jour.
3598 2438 3710 2500 ml,

2173 2535 2229 2582 et
2249 2525 2480 2597 reliqua.
2514 2525 2862 2582 Omniseiens
2888 2525 3174 2594 Dominus,
3211 2525 3410 2581 fratres
3429 2526 3710 2588 cbarissimi,

2175 2618 2477 2689 praevidens
2498 2618 2713 2675 animos
2735 2619 3130 2690 discipulorum
3152 2633 3220 2673 ex
3246 2635 3347 2674 sua
3375 2620 3603 2689 passione
3621 2633 3713 2686 per-

2176 2711 2498 2778 turbaudos,
2525 2725 2622 2768 eos
2649 2711 2976 2781 pra-munire
3004 2721 3059 2766 et
3089 2711 3475 2781 praeconsolari
3503 2710 3719 2781 dignatus

2171 2812 2274 2860 est.
2321 2803 2506 2859 Minus
2553 2803 2699 2859 enim
2748 2804 2950 2859 laedunt
2991 2804 3177 2873 jacula
3231 2819 3358 2874 qua:
3406 2804 3716 2874 puer-bluam

2173 2911 2336 2966 quam
2358 2911 2423 2950 ea
2450 2911 2575 2966 qua!
2604 2913 2710 2952 non
2739 2896 3127 2966 prterideulur.
3163 2894 3336 2967 Igitur
3357 2896 3525 2951 iturus
3548 2895 3592 2948 in
3618 2894 3718 2962 ipsa

2173 2995 2335 3043 nocte
2361 2987 2428 3042 ad
2459 2987 2770 3057 passionem
2797 3001 2896 3042 eos
2919 2985 3272 3057 prauuuuivit
3294 2996 3348 3041 et
3375 2984 3722 3056 pta-instruxit,

2174 3079 2318 3134 sicut
2353 3078 2408 3134 in
2449 3078 2726 3149 praelibata
2773 3076 3049 3147 Evangelii
3089 3078 3325 3133 lectione
3364 3077 3519 3132 tuodo
3545 3075 3723 3129 audiri-

2179 3171 2302 3226 stis.
2333 3169 2487 3226 Facit
2519 3180 2700 3225 autem
2740 3170 2792 3224 iu
2837 3169 2952 3240 ipsa
2999 3169 3231 3225 lectione
3268 3179 3519 3239 quatuor.
3568 3167 3726 3221 Primo

2179 3263 2326 3317 enim
2354 3277 2452 3318 eos
2487 3263 2826 3320 consolatur.
2859 3261 3141 3326 Secundo,
3173 3262 3243 3316 ad
3289 3261 3728 3331 interrogationem

2181 3350 2424 3418 Theium,
2455 3352 2694 3406 ostendit
2723 3366 2782 3406 se
2823 3366 2945 3407 esse
2964 3351 3106 3405 viam
3138 3367 3236 3422 per
3263 3368 3430 3422 quam
3461 3353 3522 3406 ad
3547 3351 3731 3403 Patrem

2178 3443 2306 3498 itur.
2335 3441 2540 3509 Tertio,
2563 3442 2630 3496 ad
2670 3442 2982 3512 petitionem
3024 3441 3280 3514 Philippi,
3315 3461 3409 3515 per
3437 3441 3732 3514 seeogeesci

2176 3532 2392 3590 Patrem
2409 3534 2560 3590 dicit.
2586 3534 2813 3602 Quarto,
2833 3535 2965 3606 quid
2991 3546 3266 3594 mercatur
3292 3553 3416 3592 vera
3442 3537 3562 3590 fides
3579 3544 3735 3591 osten-

2176 3625 2274 3681 dit.
2313 3624 2502 3696 Itaque
2532 3641 2628 3682 eos
2653 3627 2948 3682 consolans
2985 3627 3063 3683 ait
3092 3646 3105 3682 :
3146 3626 3272 3682 Non
3295 3630 3529 3682 turbetur
3553 3644 3634 3680 cer
3667 3643 3736 3680 re-

2176 3726 2367 3786 strttm,
2403 3733 2468 3774 ac
2511 3717 2557 3774 si
2595 3717 2770 3775 dicat:
2814 3717 3044 3795 Propter
3080 3719 3399 3789 passionem
3444 3735 3606 3774 meam
3643 3735 3739 3771 non

2175 3817 2585 3865 commoveatur
2611 3823 2709 3864 cor
2735 3817 2974 3866 vestrum
3003 3824 3034 3864 a
3070 3810 3371 3866 stabilitate
3416 3811 3531 3866 tidei
3557 3821 3605 3867 ct
3641 3825 3742 3864 sae-

2178 3901 2612 3964 tranquillitatis.
2673 3900 2740 3959 Et
2781 3917 2954 3972 quare
3025 3918 3138 3958 non
3183 3903 3421 3960 debeant
3461 3903 3745 3976 [ierturban'

2177 3995 2436 4058 ostendit,
2462 4009 2587 4049 cum
2611 3993 2816 4050 subdit.
2833 3993 3066 4050 Creditis
3098 3995 3152 4049 in
3183 3994 3372 4062 Deum,
3399 4007 3446 4050 et
3473 3998 3525 4048 in
3548 4012 3623 4049 ine
3646 4011 3745 4048 cre-

2173 4087 2304 4152 dite,
2340 4087 2392 4141 id
2425 4096 2529 4152 est,
2570 4085 2618 4142 si
2654 4086 2878 4142 creditis
2906 4086 3122 4142 Patrem
3153 4103 3278 4144 esse
3313 4089 3750 4158 etnnilmtentem,

2174 4194 2519 4249 consequens
2544 4187 2713 4234 estut
2739 4195 2826 4234 me
2848 4195 3069 4251 quoque
3093 4181 3614 4236 consubstantialem
3639 4179 3752 4248 eius

2174 4268 2374 4325 Filium
2429 4270 2666 4326 credatis
2713 4272 3176 4342 omnipotentem,
3231 4274 3327 4345 qui
3379 4274 3604 4330 detineri
3653 4287 3753 4326 non

2174 4381 2396 4435 possum
2421 4382 2451 4419 a
2477 4375 2674 4431 morte,
2705 4366 2796 4421 sed
2835 4383 2957 4423 sum
3005 4366 3272 4425 Dominus
3305 4368 3499 4423 mortis
3531 4379 3582 4422 ct
3615 4368 3752 4419 vitre.

2175 4458 2278 4513 Sed
2322 4467 2378 4515 et
2419 4458 2466 4514 si
2510 4458 2796 4530 contingat
2846 4474 2944 4514 vos
2992 4459 3047 4515 in
3090 4460 3348 4530 passione
3392 4477 3517 4517 mea
3556 4458 3758 4516 turbari

478 4550 556 4604 dit
592 4568 604 4604 :
641 4548 769 4603 Fiat
794 4552 922 4603 mihi
972 4554 1258 4605 secundum
1303 4552 1514 4605 verbum
1567 4561 1745 4618 tantm,
1791 4555 1935 4623 qttod
1988 4565 2069 4611 est
2105 4583 2148 4636 D
2173 4566 2349 4620 usque
2399 4549 2572 4606 velati
2612 4550 2821 4622 fugam,
2848 4551 2932 4607 vel
2958 4551 3024 4606 ad
3049 4551 3473 4616 dubitationem,
3497 4552 3574 4606 rel
3597 4551 3757 4605 etiam

484 4653 677 4697 contra
732 4653 971 4714 teporem
1017 4646 1382 4714 quorumdam
1415 4655 1684 4712 nostrum,
1713 4645 1909 4705 fratres
1937 4650 2063 4715 mei,

476 4750 509 4803 q
536 4734 570 4786 ti
597 4734 662 4788 ad
691 4745 923 4790 :eternas
953 4745 1006 4791 et
1033 4737 1221 4790 beatas
1248 4736 1338 4791 Dei
1366 4739 1760 4807 promissiones
1795 4743 2064 4812 torpesci-

479 4843 624 4888 mus.
648 4845 772 4882 eum
805 4839 983 4883 tatnen
1029 4829 1095 4882 ad
1135 4830 1528 4898 promissiones
1559 4834 1882 4902 temporales
1919 4834 2066 4888 inar-

475 4918 785 4972 descamus.
829 4918 988 4971 Certe
1017 4918 1060 4973 si
1094 4919 1292 4989 aliquis
1320 4936 1407 4975 rex
1441 4923 1755 4992 temporalis
1783 4924 2066 4992 promittat

477 5010 633 5063 nobis
661 5011 897 5062 honores
923 5019 977 5063 et
1005 5009 1224 5066 divitias
1247 5029 1435 5080 ranas,
1462 5031 1557 5070 cas
1591 5033 1714 5070 cum
1764 5025 1877 5070 toto
1923 5016 2066 5071 desi-

471 5100 628 5152 derio
659 5115 766 5152 non
793 5099 997 5153 dillerri
1027 5111 1278 5171 optamus
1309 5114 1361 5158 et
1392 5107 1756 5175 postulamus.
1821 5105 1888 5160 Et
1939 5118 2066 5162 ecce

475 5189 619 5241 Deus
647 5190 914 5256 promittit
948 5193 1116 5248 nobis
1139 5205 1404 5250 arteriam
1435 5207 1518 5251 et'
1544 5198 1764 5251 beatum
1815 5213 2065 5269 regnum,

442 5281 742 5349 promittit
769 5282 926 5340 nobis
957 5286 1202 5341 caelestia
1241 5288 1414 5354 bona,
1479 5308 1495 5341 ι
1556 5305 1680 5359 qua:
1735 5305 1836 5345 nec
1874 5291 2069 5347 oculus

474 5371 626 5438 ridit,
665 5389 767 5429 nec
823 5376 974 5431 auris
1031 5377 1259 5446 audivit,
1307 5390 1361 5434 et
1422 5380 1474 5434 iu
1532 5396 1629 5436 cor
1679 5381 1916 5438 hominis
1959 5399 2068 5438 non

470 5464 714 5519 ascendit
777 5465 841 5537 (Ι
889 5466 1014 5523 Cor.
1052 5474 1170 5537 tt),
1231 5490 1250 5520 ι
1319 5480 1372 5524 et
1421 5470 1486 5524 ad
1553 5470 1643 5525 illa
1703 5473 2064 5542 torpescimus

468 5565 524 5610 et
593 5559 927 5629 negligentes
995 5569 1209 5626 sumus.
1270 5560 1341 5615 Ut
1397 5562 1528 5632 quid
1583 5563 1720 5629 hoc,
1771 5564 1877 5619 nisi
1935 5565 2064 5635 quia

469 5653 792 5722 temporalia
855 5653 1023 5707 nimis
1089 5653 1342 5707 ardenter
1409 5670 1679 5720 atnamus,
1716 5667 1769 5711 et
1820 5658 2059 5713 corlestTt‘

465 5741 882 5810 bona,vet,non
940 5743 1239 5810 credimus,
1291 5745 1373 5799 rel
1421 5749 1867 5804 contemnimus?
1911 5748 2062 5816 Fiat,

466 5833 668 5905 inquit,
695 5837 823 5892 milii
867 5835 1154 5892 secundant
1186 5837 1388 5892 rerbton
1422 5847 1588 5893 llUt‘ll.
1616 5838 1734 5896 Fiat
1775 5840 1908 5895 mihi
1931 5851 1980 5896 ct
2008 5843 2062 5898 in

2174 4643 2239 4697 ad
2285 4641 2653 4712 negationem,
2695 4651 2876 4699 tamen
2918 4657 3025 4696 non
3071 4642 3467 4712 perturbetuini
3499 4657 3675 4711 usque
3700 4639 3762 4694 ad

2173 4736 2636 4806 desperationem,
2665 4736 2927 4807 quoniam
2968 4733 3020 4788 in
3055 4734 3224 4789 domo
3266 4733 3448 4790 Patris
3481 4733 3580 4788 mei
3613 4732 3764 4786 cette-

2173 4828 2292 4893 stis,
2331 4843 2436 4882 non
2462 4827 2642 4884 solum
2679 4826 2776 4898 qui
2809 4842 3092 4896 antiquam
3120 4826 3463 4894 ceciderunt,
3488 4826 3580 4882 sed
3603 4826 3765 4879 etiam

2171 4919 2264 4988 qui
2285 4919 2619 4978 ceciderunt.
2641 4929 2697 4973 et
2721 4935 2818 4989 per
2843 4918 3218 4988 pteuitentiam
3244 4927 3558 4989 resurgunt,
3589 4919 3766 4971 locum

2173 5013 2392 5070 habent.
2430 5012 2580 5068 Unde
2608 5023 2661 5068 et
2683 5013 2968 5069 subditur:
2995 5011 3059 5064 In
3083 5012 3244 5064 domo
3273 5010 3458 5065 Patris
3486 5012 3589 5065 mei
3625 5026 3767 5063 mauu

2169 5104 2342 5158 siones
2371 5103 2552 5159 multw
2581 5113 2725 5158 sunt.
2749 5102 2907 5170 Quod
2935 5111 3119 5157 autem
3155 5101 3426 5156 Dominus
3455 5111 3594 5156 tunc
3622 5101 3770 5153 dice-

2171 5195 2263 5250 bat
2311 5195 2620 5266 discipulis,
2659 5211 2762 5266 ego
2793 5210 2961 5260 nuue,
2997 5210 3242 5264 quoque,
3273 5193 3474 5248 fratres
3509 5193 3623 5248 mei
3647 5194 3772 5248 cur

2170 5287 2396 5353 rissitni,
2433 5288 2557 5342 dico
2581 5287 2754 5343 robis.
2786 5285 2841 5341 Si
2865 5286 3155 5358 conligerit
3189 5301 3288 5341 vos
3325 5283 3535 5340 turbari
3569 5283 3771 5341 cadere

2169 5381 2240 5436 do
2291 5381 2342 5435 in
2387 5379 2606 5450 aliquod
2664 5394 2828 5450 grave
2873 5389 3193 5449 peceatum,
3253 5393 3363 5432 non
3420 5378 3778 5448 perturbetur

2167 5486 2265 5526 cor
2341 5480 2584 5526 vestrum
2659 5485 2836 5538 usque
2905 5468 2971 5522 ad
3061 5468 3558 5538 desperationem,
3637 5483 3778 5539 que—

2172 5564 2318 5619 niam
2394 5564 2581 5619 nullus
2647 5561 2812 5618 lautis
2897 5561 3116 5631 ﬂagitiis
3182 5570 3239 5616 et
3301 5563 3623 5620 sceleribus
3684 5578 3780 5635 po-

2174 5664 2279 5710 test
2357 5655 2671 5726 implicari,
2739 5655 2832 5725 qui
2890 5671 2985 5724 per
3033 5655 3415 5726 paenitentiam
3489 5672 3610 5713 non

2171 5748 2244 5802 sit
2305 5748 2569 5826 reparari,
2627 5755 2680 5802 et
2728 5747 2907 5802 locum
2962 5747 3016 5800 in
3095 5762 3266 5818 regno
3331 5751 3616 5806 caelorum
3673 5751 3780 5806 adi-

2172 5838 2340 5906 uisci,
2402 5839 2455 5894 in
2513 5856 2622 5911 quo
2674 5850 2799 5896 sunt
2845 5839 3072 5895 diversa-
3119 5839 3482 5906 mansiones,
3561 5843 3624 5900 id
3684 5857 3783 5908 est,
