  <div class='ocr_page' id='page_1' title='image "/cluster/home/n/w/nwhite01/storage/ocr_20150623/155/hvd.32044015473838/688.png"; bbox 0 0 3832 6314; ppageno 0'>
   <div class='ocr_carea' id='block_1_1' title="bbox 163 437 271 499">
    <p class='ocr_par' dir='ltr' id='par_1_1' title="bbox 163 437 271 499">
     <span class='ocr_line' id='line_1_1' title="bbox 163 437 271 499; baseline 0 0"><span class='ocrx_word' id='word_1_1' title='bbox 163 437 271 499; x_wconf 61' lang='grc'><strong>1563</strong></span> 
     </span>
    </p>
   </div>
   <div class='ocr_carea' id='block_1_2' title="bbox 1128 372 2156 496">
    <p class='ocr_par' dir='ltr' id='par_1_2' title="bbox 1128 372 2156 496">
     <span class='ocr_line' id='line_1_2' title="bbox 1128 372 2156 496; baseline 0.004 -25"><span class='ocrx_word' id='word_1_2' title='bbox 1128 413 1460 496; x_wconf 60' lang='lat' dir='ltr'><strong>nomine.</strong></span> <span class='ocrx_word' id='word_1_3' title='bbox 1506 444 1562 455; x_wconf 88' lang='grc'><strong>-</strong></span> <span class='ocrx_word' id='word_1_4' title='bbox 1603 412 1643 469; x_wconf 80' lang='grc' dir='ltr'>ι.</span> <span class='ocrx_word' id='word_1_5' title='bbox 1687 372 1775 468; x_wconf 74' lang='lat' dir='ltr'><strong>es</strong></span> <span class='ocrx_word' id='word_1_6' title='bbox 1812 411 2156 475; x_wconf 76' lang='lat' dir='ltr'><strong>TEMPORE.</strong></span> 
     </span>
    </p>
   </div>
   <div class='ocr_carea' id='block_1_3' title="bbox 3198 418 3330 477">
    <p class='ocr_par' dir='ltr' id='par_1_3' title="bbox 3198 418 3330 477">
     <span class='ocr_line' id='line_1_3' title="bbox 3198 418 3330 477; baseline -0.023 0"><span class='ocrx_word' id='word_1_7' title='bbox 3198 418 3330 477; x_wconf 74' lang='lat' dir='ltr'><strong>i366</strong></span> 
     </span>
    </p>
   </div>
   <div class='ocr_carea' id='block_1_4' title="bbox 160 528 3333 613">
    <p class='ocr_par' dir='ltr' id='par_1_4' title="bbox 160 528 3333 613">
     <span class='ocr_line' id='line_1_4' title="bbox 160 528 3333 613; baseline -0.003 -10"><span class='ocrx_word' id='word_1_8' title='bbox 160 556 413 613; x_wconf 69' lang='lat' dir='ltr'><strong>mentorum</strong></span> <span class='ocrx_word' id='word_1_9' title='bbox 457 545 507 593; x_wconf 86' lang='lat' dir='ltr'><strong>et</strong></span> <span class='ocrx_word' id='word_1_10' title='bbox 547 531 902 604; x_wconf 65' lang='lat' dir='ltr'><strong>praemiorum</strong></span> <span class='ocrx_word' id='word_1_11' title='bbox 959 530 1323 587; x_wconf 77' lang='lat' dir='ltr'><strong>diversitates.</strong></span> <span class='ocrx_word' id='word_1_12' title='bbox 1370 528 1642 597; x_wconf 73' lang='lat' dir='ltr'><strong>Quoniam</strong></span> <span class='ocrx_word' id='word_1_13' title='bbox 1673 528 1721 589; x_wconf 71' lang='grc' dir='ltr'>Α</span> <span class='ocrx_word' id='word_1_14' title='bbox 1752 531 2089 601; x_wconf 72' lang='lat' dir='ltr'><strong>perparaudi</strong></span> <span class='ocrx_word' id='word_1_15' title='bbox 2136 531 2308 589; x_wconf 87' lang='lat' dir='ltr'><strong>vobis.</strong></span> <span class='ocrx_word' id='word_1_16' title='bbox 2344 533 2545 591; x_wconf 81' lang='lat' dir='ltr'><strong>locum.</strong></span> <span class='ocrx_word' id='word_1_17' title='bbox 2602 529 2677 588; x_wconf 83' lang='lat' dir='ltr'><strong>Et</strong></span> <span class='ocrx_word' id='word_1_18' title='bbox 2722 531 2859 588; x_wconf 75' lang='lat' dir='ltr'><strong>uiam</strong></span> <span class='ocrx_word' id='word_1_19' title='bbox 2906 534 3093 603; x_wconf 67' lang='lat' dir='ltr'><strong>scitis,,</strong></span> <span class='ocrx_word' id='word_1_20' title='bbox 3125 537 3333 596; x_wconf 76' lang='lat' dir='ltr'><strong>scilicet</strong></span> 
     </span>
    </p>
   </div>
   <div class='ocr_carea' id='block_1_5' title="bbox 159 622 1646 699">
    <p class='ocr_par' dir='ltr' id='par_1_5' title="bbox 159 622 1646 699">
     <span class='ocr_line' id='line_1_5' title="bbox 159 622 1646 699; baseline -0.017 1"><span class='ocrx_word' id='word_1_21' title='bbox 159 653 200 699; x_wconf 71' lang='lat' dir='ltr'><strong>et</strong></span> <span class='ocrx_word' id='word_1_22' title='bbox 218 640 262 697; x_wconf 88' lang='lat' dir='ltr'><strong>si</strong></span> <span class='ocrx_word' id='word_1_23' title='bbox 277 648 394 692; x_wconf 88' lang='lat' dir='ltr'><strong>unus</strong></span> <span class='ocrx_word' id='word_1_24' title='bbox 422 637 617 685; x_wconf 67' lang='lat' dir='ltr'><strong>aeterna:</strong></span> <span class='ocrx_word' id='word_1_25' title='bbox 653 622 1008 680; x_wconf 79' lang='lat' dir='ltr'><strong>beatitudinis</strong></span> <span class='ocrx_word' id='word_1_26' title='bbox 1032 622 1294 679; x_wconf 83' lang='lat' dir='ltr'><strong>denarius</strong></span> <span class='ocrx_word' id='word_1_27' title='bbox 1338 623 1496 678; x_wconf 91' lang='lat' dir='ltr'><strong>detur</strong></span> <span class='ocrx_word' id='word_1_28' title='bbox 1526 636 1646 677; x_wconf 92' lang='lat' dir='ltr'><strong>om-</strong></span> 
     </span>
    </p>
   </div>
   <div class='ocr_carea' id='block_1_6' title="bbox 158 713 1648 793">
    <p class='ocr_par' dir='ltr' id='par_1_6' title="bbox 158 713 1648 793">
     <span class='ocr_line' id='line_1_6' title="bbox 158 713 1648 793; baseline -0.012 -4"><span class='ocrx_word' id='word_1_29' title='bbox 158 735 281 793; x_wconf 73' lang='lat' dir='ltr'><strong>nibus</strong></span> <span class='ocrx_word' id='word_1_30' title='bbox 298 722 468 788; x_wconf 78' lang='lat' dir='ltr'><strong>electis,</strong></span> <span class='ocrx_word' id='word_1_31' title='bbox 498 729 672 774; x_wconf 86' lang='lat' dir='ltr'><strong>tamen</strong></span> <span class='ocrx_word' id='word_1_32' title='bbox 695 716 852 773; x_wconf 82' lang='lat' dir='ltr'><strong>stella</strong></span> <span class='ocrx_word' id='word_1_33' title='bbox 874 715 1052 772; x_wconf 72' lang='lat' dir='ltr'><strong>differt</strong></span> <span class='ocrx_word' id='word_1_34' title='bbox 1072 716 1283 778; x_wconf 88' lang='lat' dir='ltr'><strong>astella</strong></span> <span class='ocrx_word' id='word_1_35' title='bbox 1315 715 1371 771; x_wconf 84' lang='lat' dir='ltr'><strong>in</strong></span> <span class='ocrx_word' id='word_1_36' title='bbox 1397 713 1648 771; x_wconf 89' lang='lat' dir='ltr'><strong>claritate</strong></span> 
     </span>
    </p>
   </div>
   <div class='ocr_carea' id='block_1_7' title="bbox 157 806 1646 897">
    <p class='ocr_par' dir='ltr' id='par_1_7' title="bbox 157 806 1646 897">
     <span class='ocr_line' id='line_1_7' title="bbox 157 806 1646 897; baseline -0.013 -16"><span class='ocrx_word' id='word_1_37' title='bbox 157 823 203 897; x_wconf 65' lang='lat' dir='ltr'><strong>tl</strong></span> <span class='ocrx_word' id='word_1_38' title='bbox 223 821 320 880; x_wconf 85' lang='lat' dir='ltr'><strong>Cor.</strong></span> <span class='ocrx_word' id='word_1_39' title='bbox 344 814 445 885; x_wconf 81' lang='lat' dir='ltr'><strong>xv),</strong></span> <span class='ocrx_word' id='word_1_40' title='bbox 473 821 521 868; x_wconf 90' lang='lat' dir='ltr'><strong>et</strong></span> <span class='ocrx_word' id='word_1_41' title='bbox 541 809 841 867; x_wconf 86' lang='lat' dir='ltr'><strong>secundum</strong></span> <span class='ocrx_word' id='word_1_42' title='bbox 863 808 1063 877; x_wconf 76' lang='lat' dir='ltr'><strong>gradus</strong></span> <span class='ocrx_word' id='word_1_43' title='bbox 1081 806 1646 895; x_wconf 67' lang='lat' dir='ltr'><strong>meritorum,diversi</strong></span> 
     </span>
    </p>
   </div>
   <div class='ocr_carea' id='block_1_8' title="bbox 154 888 1648 983">
    <p class='ocr_par' dir='ltr' id='par_1_8' title="bbox 154 888 1648 983">
     <span class='ocr_line' id='line_1_8' title="bbox 154 888 1648 983; baseline -0.009 -12"><span class='ocrx_word' id='word_1_44' title='bbox 154 888 253 973; x_wconf 78' lang='lat' dir='ltr'><strong>sunt</strong></span> <span class='ocrx_word' id='word_1_45' title='bbox 266 907 439 983; x_wconf 80' lang='lat' dir='ltr'><strong>gradus</strong></span> <span class='ocrx_word' id='word_1_46' title='bbox 453 900 817 975; x_wconf 65' lang='lat' dir='ltr'><strong>praemiorum.</strong></span> <span class='ocrx_word' id='word_1_47' title='bbox 867 900 974 957; x_wconf 82' lang='lat' dir='ltr'><strong>Sed</strong></span> <span class='ocrx_word' id='word_1_48' title='bbox 1010 909 1191 959; x_wconf 84' lang='lat' dir='ltr'><strong>tamen</strong></span> <span class='ocrx_word' id='word_1_49' title='bbox 1227 900 1404 973; x_wconf 88' lang='lat' dir='ltr'><strong>major</strong></span> <span class='ocrx_word' id='word_1_50' title='bbox 1424 888 1648 957; x_wconf 67' lang='lat' dir='ltr'><strong>claritas</strong></span> 
     </span>
    </p>
   </div>
   <div class='ocr_carea' id='block_1_9' title="bbox 151 982 1648 1074">
    <p class='ocr_par' dir='ltr' id='par_1_9' title="bbox 151 982 1648 1074">
     <span class='ocr_line' id='line_1_9' title="bbox 151 982 1648 1074; baseline -0.005 -17"><span class='ocrx_word' id='word_1_51' title='bbox 322 982 601 1068; x_wconf 73' lang='lat' dir='ltr'><strong>superbiam</strong></span> <span class='ocrx_word' id='word_1_52' title='bbox 632 1007 741 1048; x_wconf 91' lang='lat' dir='ltr'><strong>non</strong></span> <span class='ocrx_word' id='word_1_53' title='bbox 766 993 1029 1060; x_wconf 82' lang='lat' dir='ltr'><strong>elevatur,</strong></span> <span class='ocrx_word' id='word_1_54' title='bbox 1072 1008 1174 1050; x_wconf 89' lang='lat' dir='ltr'><strong>nec</strong></span> <span class='ocrx_word' id='word_1_55' title='bbox 1214 993 1396 1048; x_wconf 89' lang='lat' dir='ltr'><strong>minor</strong></span> <span class='ocrx_word' id='word_1_56' title='bbox 1425 993 1648 1049; x_wconf 84' lang='lat' dir='ltr'><strong>claritas</strong></span> 
     </span>
    </p>
   </div>
   <div class='ocr_carea' id='block_1_10' title="bbox 150 1074 1650 1164">
    <p class='ocr_par' dir='ltr' id='par_1_10' title="bbox 150 1074 1650 1164">
     <span class='ocr_line' id='line_1_10' title="bbox 150 1074 1650 1164; baseline -0.009 -21"><span class='ocrx_word' id='word_1_57' title='bbox 150 1105 221 1164; x_wconf 83' lang='lat' dir='ltr'><strong>per</strong></span> <span class='ocrx_word' id='word_1_58' title='bbox 240 1082 461 1141; x_wconf 80' lang='lat' dir='ltr'><strong>invidiam</strong></span> <span class='ocrx_word' id='word_1_59' title='bbox 484 1074 779 1164; x_wconf 80' lang='lat' dir='ltr'><strong>cruciatur,</strong></span> <span class='ocrx_word' id='word_1_60' title='bbox 807 1077 899 1134; x_wconf 90' lang='lat' dir='ltr'><strong>sed</strong></span> <span class='ocrx_word' id='word_1_61' title='bbox 926 1078 982 1133; x_wconf 87' lang='lat' dir='ltr'><strong>in</strong></span> <span class='ocrx_word' id='word_1_62' title='bbox 1005 1076 1212 1149; x_wconf 83' lang='lat' dir='ltr'><strong>dispari</strong></span> <span class='ocrx_word' id='word_1_63' title='bbox 1258 1077 1505 1135; x_wconf 74' lang='lat' dir='ltr'><strong>claritate</strong></span> <span class='ocrx_word' id='word_1_64' title='bbox 1551 1091 1650 1147; x_wconf 88' lang='lat' dir='ltr'><strong>par</strong></span> 
     </span>
    </p>
   </div>
   <div class='ocr_carea' id='block_1_11' title="bbox 145 1162 1649 1239">
    <p class='ocr_par' dir='ltr' id='par_1_11' title="bbox 145 1162 1649 1239">
     <span class='ocr_line' id='line_1_11' title="bbox 145 1162 1649 1239; baseline -0.011 -3"><span class='ocrx_word' id='word_1_65' title='bbox 145 1162 405 1236; x_wconf 68' lang='lat' dir='ltr'><strong>suﬁcientis</strong></span> <span class='ocrx_word' id='word_1_66' title='bbox 425 1178 475 1225; x_wconf 91' lang='lat' dir='ltr'><strong>et</strong></span> <span class='ocrx_word' id='word_1_67' title='bbox 503 1183 597 1239; x_wconf 88' lang='lat' dir='ltr'><strong>par</strong></span> <span class='ocrx_word' id='word_1_68' title='bbox 618 1162 876 1238; x_wconf 81' lang='lat' dir='ltr'><strong>gaudium</strong></span> <span class='ocrx_word' id='word_1_69' title='bbox 915 1175 1021 1223; x_wconf 90' lang='lat' dir='ltr'><strong>est.</strong></span> <span class='ocrx_word' id='word_1_70' title='bbox 1064 1165 1262 1223; x_wconf 89' lang='lat' dir='ltr'><strong>Omnia</strong></span> <span class='ocrx_word' id='word_1_71' title='bbox 1288 1166 1490 1239; x_wconf 86' lang='lat' dir='ltr'><strong>quippe</strong></span> <span class='ocrx_word' id='word_1_72' title='bbox 1530 1165 1649 1222; x_wconf 90' lang='lat' dir='ltr'><strong>sin-</strong></span> 
     </span>
    </p>
   </div>
   <div class='ocr_carea' id='block_1_12' title="bbox 143 1257 1650 1337">
    <p class='ocr_par' dir='ltr' id='par_1_12' title="bbox 143 1257 1650 1337">
     <span class='ocr_line' id='line_1_12' title="bbox 143 1257 1650 1337; baseline -0.007 -16"><span class='ocrx_word' id='word_1_73' title='bbox 143 1266 341 1337; x_wconf 81' lang='lat' dir='ltr'><strong>gulorum</strong></span> <span class='ocrx_word' id='word_1_74' title='bbox 363 1261 492 1317; x_wconf 88' lang='lat' dir='ltr'><strong>bona</strong></span> <span class='ocrx_word' id='word_1_75' title='bbox 527 1257 655 1314; x_wconf 79' lang='lat' dir='ltr'><strong>facit</strong></span> <span class='ocrx_word' id='word_1_76' title='bbox 679 1258 997 1316; x_wconf 83' lang='lat' dir='ltr'><strong>communia</strong></span> <span class='ocrx_word' id='word_1_77' title='bbox 1037 1258 1279 1316; x_wconf 87' lang='lat' dir='ltr'><strong>cbaritas</strong></span> <span class='ocrx_word' id='word_1_78' title='bbox 1314 1267 1369 1314; x_wconf 89' lang='lat' dir='ltr'><strong>et</strong></span> <span class='ocrx_word' id='word_1_79' title='bbox 1397 1258 1650 1314; x_wconf 75' lang='lat' dir='ltr'><strong>voluntas</strong></span> 
     </span>
    </p>
   </div>
   <div class='ocr_carea' id='block_1_13' title="bbox 138 1347 1651 1421">
    <p class='ocr_par' dir='ltr' id='par_1_13' title="bbox 138 1347 1651 1421">
     <span class='ocr_line' id='line_1_13' title="bbox 138 1347 1651 1421; baseline -0.007 -8"><span class='ocrx_word' id='word_1_80' title='bbox 138 1373 236 1413; x_wconf 81' lang='lat' dir='ltr'><strong>una.</strong></span> <span class='ocrx_word' id='word_1_81' title='bbox 262 1354 333 1411; x_wconf 76' lang='lat' dir='ltr'><strong>Ad</strong></span> <span class='ocrx_word' id='word_1_82' title='bbox 368 1352 451 1407; x_wconf 85' lang='lat' dir='ltr'><strong>illa</strong></span> <span class='ocrx_word' id='word_1_83' title='bbox 474 1363 603 1421; x_wconf 85' lang='lat' dir='ltr'><strong>ergo</strong></span> <span class='ocrx_word' id='word_1_84' title='bbox 626 1364 756 1405; x_wconf 90' lang='lat' dir='ltr'><strong>vera</strong></span> <span class='ocrx_word' id='word_1_85' title='bbox 779 1357 835 1405; x_wconf 91' lang='lat' dir='ltr'><strong>et</strong></span> <span class='ocrx_word' id='word_1_86' title='bbox 860 1357 1071 1406; x_wconf 62' lang='lat' dir='ltr'><strong>aeterna</strong></span> <span class='ocrx_word' id='word_1_87' title='bbox 1095 1350 1263 1419; x_wconf 87' lang='lat' dir='ltr'><strong>bona,</strong></span> <span class='ocrx_word' id='word_1_88' title='bbox 1290 1347 1489 1406; x_wconf 77' lang='lat' dir='ltr'><strong>fratres</strong></span> <span class='ocrx_word' id='word_1_89' title='bbox 1516 1348 1651 1405; x_wconf 84' lang='lat' dir='ltr'><strong>cha-</strong></span> 
     </span>
    </p>
   </div>
   <div class='ocr_carea' id='block_1_14' title="bbox 138 1437 1651 1510">
    <p class='ocr_par' dir='ltr' id='par_1_14' title="bbox 138 1437 1651 1510">
     <span class='ocr_line' id='line_1_14' title="bbox 138 1437 1651 1510; baseline -0.006 -6"><span class='ocrx_word' id='word_1_90' title='bbox 138 1445 319 1510; x_wconf 84' lang='lat' dir='ltr'><strong>rissimi,</strong></span> <span class='ocrx_word' id='word_1_91' title='bbox 333 1451 435 1499; x_wconf 91' lang='lat' dir='ltr'><strong>toto</strong></span> <span class='ocrx_word' id='word_1_92' title='bbox 455 1439 723 1496; x_wconf 88' lang='lat' dir='ltr'><strong>desiderio</strong></span> <span class='ocrx_word' id='word_1_93' title='bbox 745 1437 1092 1507; x_wconf 80' lang='lat' dir='ltr'><strong>festinemus,</strong></span> <span class='ocrx_word' id='word_1_94' title='bbox 1116 1439 1520 1497; x_wconf 88' lang='lat' dir='ltr'><strong>contemnendo</strong></span> <span class='ocrx_word' id='word_1_95' title='bbox 1548 1437 1651 1495; x_wconf 79' lang='lat' dir='ltr'><strong>fal-</strong></span> 
     </span>
    </p>
   </div>
   <div class='ocr_carea' id='block_1_15' title="bbox 132 1532 1651 1606">
    <p class='ocr_par' dir='ltr' id='par_1_15' title="bbox 132 1532 1651 1606">
     <span class='ocr_line' id='line_1_15' title="bbox 132 1532 1651 1606; baseline -0.004 -10"><span class='ocrx_word' id='word_1_96' title='bbox 132 1555 179 1597; x_wconf 83' lang='lat' dir='ltr'><strong>sa</strong></span> <span class='ocrx_word' id='word_1_97' title='bbox 201 1548 244 1594; x_wconf 88' lang='lat' dir='ltr'><strong>et</strong></span> <span class='ocrx_word' id='word_1_98' title='bbox 261 1542 615 1592; x_wconf 87' lang='lat' dir='ltr'><strong>momentanca</strong></span> <span class='ocrx_word' id='word_1_99' title='bbox 642 1532 808 1603; x_wconf 88' lang='lat' dir='ltr'><strong>hujus</strong></span> <span class='ocrx_word' id='word_1_100' title='bbox 837 1533 1023 1589; x_wconf 70' lang='lat' dir='ltr'><strong>saeculi</strong></span> <span class='ocrx_word' id='word_1_101' title='bbox 1053 1533 1219 1602; x_wconf 90' lang='lat' dir='ltr'><strong>bona,</strong></span> <span class='ocrx_word' id='word_1_102' title='bbox 1246 1533 1301 1590; x_wconf 91' lang='lat' dir='ltr'><strong>in</strong></span> <span class='ocrx_word' id='word_1_103' title='bbox 1326 1533 1528 1606; x_wconf 84' lang='lat' dir='ltr'><strong>quibus</strong></span> <span class='ocrx_word' id='word_1_104' title='bbox 1549 1547 1651 1590; x_wconf 83' lang='lat' dir='ltr'><strong>nec</strong></span> 
     </span>
    </p>
   </div>
   <div class='ocr_carea' id='block_1_16' title="bbox 132 1623 1377 1696">
    <p class='ocr_par' dir='ltr' id='par_1_16' title="bbox 132 1623 1377 1696">
     <span class='ocr_line' id='line_1_16' title="bbox 132 1623 1377 1696; baseline -0.003 -11"><span class='ocrx_word' id='word_1_105' title='bbox 132 1625 415 1695; x_wconf 69' lang='lat' dir='ltr'><strong>subicienda,</strong></span> <span class='ocrx_word' id='word_1_106' title='bbox 446 1639 545 1680; x_wconf 89' lang='lat' dir='ltr'><strong>nec</strong></span> <span class='ocrx_word' id='word_1_107' title='bbox 571 1638 762 1679; x_wconf 90' lang='lat' dir='ltr'><strong>verum</strong></span> <span class='ocrx_word' id='word_1_108' title='bbox 792 1623 1051 1696; x_wconf 77' lang='lat' dir='ltr'><strong>gaudium</strong></span> <span class='ocrx_word' id='word_1_109' title='bbox 1089 1625 1377 1696; x_wconf 88' lang='lat' dir='ltr'><strong>reperitur.</strong></span> 
     </span>
    </p>
   </div>
   <div class='ocr_carea' id='block_1_17' title="bbox 181 1714 1651 1789">
    <p class='ocr_par' dir='ltr' id='par_1_17' title="bbox 181 1714 1651 1789">
     <span class='ocr_line' id='line_1_17' title="bbox 181 1714 1651 1789; baseline -0.001 -16"><span class='ocrx_word' id='word_1_110' title='bbox 181 1718 420 1789; x_wconf 80' lang='lat' dir='ltr'><strong>Sequitur.</strong></span> <span class='ocrx_word' id='word_1_111' title='bbox 449 1715 509 1773; x_wconf 82' lang='lat' dir='ltr'><strong>Si</strong></span> <span class='ocrx_word' id='word_1_112' title='bbox 534 1716 837 1786; x_wconf 73' lang='lat' dir='ltr'><strong>quominus,</strong></span> <span class='ocrx_word' id='word_1_113' title='bbox 886 1716 939 1772; x_wconf 95' lang='lat' dir='ltr'><strong>id</strong></span> <span class='ocrx_word' id='word_1_114' title='bbox 962 1725 1068 1785; x_wconf 90' lang='lat' dir='ltr'><strong>est,</strong></span> <span class='ocrx_word' id='word_1_115' title='bbox 1114 1716 1161 1773; x_wconf 90' lang='lat' dir='ltr'><strong>si</strong></span> <span class='ocrx_word' id='word_1_116' title='bbox 1201 1732 1314 1774; x_wconf 87' lang='lat' dir='ltr'><strong>non</strong></span> <span class='ocrx_word' id='word_1_117' title='bbox 1348 1725 1533 1775; x_wconf 85' lang='lat' dir='ltr'><strong>essent</strong></span> <span class='ocrx_word' id='word_1_118' title='bbox 1565 1714 1651 1773; x_wconf 78' lang='lat' dir='ltr'><strong>di-</strong></span> 
     </span>
    </p>
   </div>
   <div class='ocr_carea' id='block_1_18' title="bbox 125 1808 1652 1880">
    <p class='ocr_par' dir='ltr' id='par_1_18' title="bbox 125 1808 1652 1880">
     <span class='ocr_line' id='line_1_18' title="bbox 125 1808 1652 1880; baseline 0 -15"><span class='ocrx_word' id='word_1_119' title='bbox 125 1825 259 1867; x_wconf 64' lang='lat' dir='ltr'><strong>versae</strong></span> <span class='ocrx_word' id='word_1_120' title='bbox 282 1809 583 1867; x_wconf 81' lang='lat' dir='ltr'><strong>mansiones</strong></span> <span class='ocrx_word' id='word_1_121' title='bbox 613 1818 819 1880; x_wconf 67' lang='lat' dir='ltr'><strong>paratae</strong></span> <span class='ocrx_word' id='word_1_122' title='bbox 839 1809 896 1864; x_wconf 91' lang='lat' dir='ltr'><strong>in</strong></span> <span class='ocrx_word' id='word_1_123' title='bbox 925 1809 1091 1866; x_wconf 90' lang='lat' dir='ltr'><strong>domo</strong></span> <span class='ocrx_word' id='word_1_124' title='bbox 1114 1808 1295 1867; x_wconf 84' lang='lat' dir='ltr'><strong>Patris</strong></span> <span class='ocrx_word' id='word_1_125' title='bbox 1316 1810 1446 1878; x_wconf 91' lang='lat' dir='ltr'><strong>mei,</strong></span> <span class='ocrx_word' id='word_1_126' title='bbox 1483 1809 1652 1866; x_wconf 66' lang='lat' dir='ltr'><strong>dixis-</strong></span> 
     </span>
    </p>
   </div>
   <div class='ocr_carea' id='block_1_19' title="bbox 118 1899 1652 1972">
    <p class='ocr_par' dir='ltr' id='par_1_19' title="bbox 118 1899 1652 1972">
     <span class='ocr_line' id='line_1_19' title="bbox 118 1899 1652 1972; baseline 0 -15"><span class='ocrx_word' id='word_1_127' title='bbox 118 1919 203 1957; x_wconf 75' lang='lat' dir='ltr'><strong>sem</strong></span> <span class='ocrx_word' id='word_1_128' title='bbox 227 1900 352 1957; x_wconf 70' lang='lat' dir='ltr'><strong>vobis</strong></span> <span class='ocrx_word' id='word_1_129' title='bbox 371 1916 393 1956; x_wconf 86' lang='lat'><strong><em>:</em></strong></span> <span class='ocrx_word' id='word_1_130' title='bbox 415 1900 554 1967; x_wconf 71' lang='lat' dir='ltr'><strong>Quia</strong></span> <span class='ocrx_word' id='word_1_131' title='bbox 586 1900 723 1956; x_wconf 74' lang='lat' dir='ltr'><strong>vado</strong></span> <span class='ocrx_word' id='word_1_132' title='bbox 741 1916 935 1972; x_wconf 83' lang='lat' dir='ltr'><strong>parare</strong></span> <span class='ocrx_word' id='word_1_133' title='bbox 954 1901 1097 1956; x_wconf 78' lang='lat' dir='ltr'><strong>vobis</strong></span> <span class='ocrx_word' id='word_1_134' title='bbox 1121 1900 1316 1956; x_wconf 60' lang='lat' dir='ltr'><strong>rosum.</strong></span> <span class='ocrx_word' id='word_1_135' title='bbox 1345 1899 1485 1957; x_wconf 82' lang='lat' dir='ltr'><strong>Etsi</strong></span> <span class='ocrx_word' id='word_1_136' title='bbox 1506 1901 1652 1957; x_wconf 86' lang='lat' dir='ltr'><strong>abie-</strong></span> 
     </span>
    </p>
   </div>
   <div class='ocr_carea' id='block_1_20' title="bbox 119 1993 1647 2064">
    <p class='ocr_par' dir='ltr' id='par_1_20' title="bbox 119 1993 1647 2064">
     <span class='ocr_line' id='line_1_20' title="bbox 119 1993 1647 2064; baseline 0.002 -15"><span class='ocrx_word' id='word_1_137' title='bbox 119 2010 165 2049; x_wconf 81' lang='lat' dir='ltr'><strong>ro</strong></span> <span class='ocrx_word' id='word_1_138' title='bbox 178 2002 225 2049; x_wconf 78' lang='lat' dir='ltr'><strong>et</strong></span> <span class='ocrx_word' id='word_1_139' title='bbox 241 2009 589 2064; x_wconf 71' lang='lat' dir='ltr'><strong>prcpamoero</strong></span> <span class='ocrx_word' id='word_1_140' title='bbox 619 1994 764 2049; x_wconf 68' lang='lat' dir='ltr'><strong>vobis</strong></span> <span class='ocrx_word' id='word_1_141' title='bbox 787 1993 984 2063; x_wconf 61' lang='lat' dir='ltr'><strong>(eum,</strong></span> <span class='ocrx_word' id='word_1_142' title='bbox 1006 1995 1199 2050; x_wconf 73' lang='lat' dir='ltr'><strong>iterum</strong></span> <span class='ocrx_word' id='word_1_143' title='bbox 1220 1997 1426 2051; x_wconf 77' lang='lat' dir='ltr'><strong>veniam</strong></span> <span class='ocrx_word' id='word_1_144' title='bbox 1453 1995 1524 2051; x_wconf 76' lang='lat' dir='ltr'><strong>ad</strong></span> <span class='ocrx_word' id='word_1_145' title='bbox 1537 2012 1647 2052; x_wconf 79' lang='lat' dir='ltr'><strong>vos.</strong></span> 
     </span>
    </p>
   </div>
   <div class='ocr_carea' id='block_1_21' title="bbox 115 2082 1652 2160">
    <p class='ocr_par' dir='ltr' id='par_1_21' title="bbox 115 2082 1652 2160">
     <span class='ocr_line' id='line_1_21' title="bbox 115 2082 1652 2160; baseline 0.005 -23"><span class='ocrx_word' id='word_1_146' title='bbox 115 2082 286 2140; x_wconf 67' lang='lat' dir='ltr'><strong>Par-ace</strong></span> <span class='ocrx_word' id='word_1_147' title='bbox 302 2084 514 2156; x_wconf 85' lang='lat' dir='ltr'><strong>quidem</strong></span> <span class='ocrx_word' id='word_1_148' title='bbox 541 2093 672 2141; x_wconf 79' lang='lat' dir='ltr'><strong>sunt</strong></span> <span class='ocrx_word' id='word_1_149' title='bbox 695 2085 766 2142; x_wconf 83' lang='lat' dir='ltr'><strong>ab</strong></span> <span class='ocrx_word' id='word_1_150' title='bbox 794 2085 1005 2157; x_wconf 89' lang='lat' dir='ltr'><strong>origine</strong></span> <span class='ocrx_word' id='word_1_151' title='bbox 1040 2086 1234 2143; x_wconf 78' lang='lat' dir='ltr'><strong>mundi</strong></span> <span class='ocrx_word' id='word_1_152' title='bbox 1266 2087 1320 2143; x_wconf 93' lang='lat' dir='ltr'><strong>in</strong></span> <span class='ocrx_word' id='word_1_153' title='bbox 1348 2102 1519 2160; x_wconf 87' lang='lat' dir='ltr'><strong>regno</strong></span> <span class='ocrx_word' id='word_1_154' title='bbox 1538 2102 1652 2145; x_wconf 68' lang='lat' dir='ltr'><strong>cm—</strong></span> 
     </span>
    </p>
   </div>
   <div class='ocr_carea' id='block_1_22' title="bbox 112 2174 1653 2244">
    <p class='ocr_par' dir='ltr' id='par_1_22' title="bbox 112 2174 1653 2244">
     <span class='ocr_line' id='line_1_22' title="bbox 112 2174 1653 2244; baseline 0.005 -15"><span class='ocrx_word' id='word_1_155' title='bbox 112 2174 256 2230; x_wconf 85' lang='lat' dir='ltr'><strong>lurum</strong></span> <span class='ocrx_word' id='word_1_156' title='bbox 280 2175 457 2232; x_wconf 72' lang='lat' dir='ltr'><strong>multa:</strong></span> <span class='ocrx_word' id='word_1_157' title='bbox 496 2177 838 2244; x_wconf 75' lang='lat' dir='ltr'><strong>mansiones,</strong></span> <span class='ocrx_word' id='word_1_158' title='bbox 883 2177 979 2234; x_wconf 88' lang='lat' dir='ltr'><strong>sed</strong></span> <span class='ocrx_word' id='word_1_159' title='bbox 1005 2186 1191 2235; x_wconf 84' lang='lat' dir='ltr'><strong>tamen</strong></span> <span class='ocrx_word' id='word_1_160' title='bbox 1221 2180 1467 2235; x_wconf 87' lang='lat' dir='ltr'><strong>nondum</strong></span> <span class='ocrx_word' id='word_1_161' title='bbox 1495 2188 1653 2237; x_wconf 82' lang='lat' dir='ltr'><strong>erant</strong></span> 
     </span>
    </p>
   </div>
   <div class='ocr_carea' id='block_1_23' title="bbox 110 2265 1649 2344">
    <p class='ocr_par' dir='ltr' id='par_1_23' title="bbox 110 2265 1649 2344">
     <span class='ocr_line' id='line_1_23' title="bbox 110 2265 1649 2344; baseline 0.006 -24"><span class='ocrx_word' id='word_1_162' title='bbox 110 2265 353 2336; x_wconf 69' lang='lat' dir='ltr'><strong>praeparati</strong></span> <span class='ocrx_word' id='word_1_163' title='bbox 405 2266 514 2323; x_wconf 84' lang='lat' dir='ltr'><strong>illis</strong></span> <span class='ocrx_word' id='word_1_164' title='bbox 550 2281 863 2325; x_wconf 85' lang='lat' dir='ltr'><strong>mansores.</strong></span> <span class='ocrx_word' id='word_1_165' title='bbox 910 2266 1205 2341; x_wconf 79' lang='lat' dir='ltr'><strong>Propterea</strong></span> <span class='ocrx_word' id='word_1_166' title='bbox 1248 2268 1515 2328; x_wconf 86' lang='lat' dir='ltr'><strong>Dominus</strong></span> <span class='ocrx_word' id='word_1_167' title='bbox 1533 2270 1649 2344; x_wconf 69' lang='grc' dir='ltr'><strong>ζάθ-</strong></span> 
     </span>
    </p>
   </div>
   <div class='ocr_carea' id='block_1_24' title="bbox 105 2356 1652 2437">
    <p class='ocr_par' dir='ltr' id='par_1_24' title="bbox 105 2356 1652 2437">
     <span class='ocr_line' id='line_1_24' title="bbox 105 2356 1652 2437; baseline 0.005 -24"><span class='ocrx_word' id='word_1_168' title='bbox 105 2356 281 2413; x_wconf 84' lang='lat' dir='ltr'><strong>scendit</strong></span> <span class='ocrx_word' id='word_1_169' title='bbox 300 2365 353 2414; x_wconf 85' lang='lat' dir='ltr'><strong>et</strong></span> <span class='ocrx_word' id='word_1_170' title='bbox 371 2357 555 2427; x_wconf 84' lang='lat' dir='ltr'><strong>rediit,</strong></span> <span class='ocrx_word' id='word_1_171' title='bbox 583 2359 765 2416; x_wconf 90' lang='lat' dir='ltr'><strong>utillis</strong></span> <span class='ocrx_word' id='word_1_172' title='bbox 795 2360 1175 2418; x_wconf 78' lang='lat' dir='ltr'><strong>mansionibus</strong></span> <span class='ocrx_word' id='word_1_173' title='bbox 1199 2377 1484 2420; x_wconf 82' lang='lat' dir='ltr'><strong>mansores</strong></span> <span class='ocrx_word' id='word_1_174' title='bbox 1511 2379 1652 2437; x_wconf 78' lang='lat' dir='ltr'><strong>pra-.-</strong></span> 
     </span>
    </p>
   </div>
   <div class='ocr_carea' id='block_1_25' title="bbox 102 2448 1652 2526">
    <p class='ocr_par' dir='ltr' id='par_1_25' title="bbox 102 2448 1652 2526">
     <span class='ocr_line' id='line_1_25' title="bbox 102 2448 1652 2526; baseline 0.006 -22"><span class='ocrx_word' id='word_1_175' title='bbox 102 2458 301 2519; x_wconf 77' lang='lat' dir='ltr'><strong>pararet.</strong></span> <span class='ocrx_word' id='word_1_176' title='bbox 334 2448 597 2507; x_wconf 78' lang='lat' dir='ltr'><strong>Ascendit</strong></span> <span class='ocrx_word' id='word_1_177' title='bbox 638 2451 805 2525; x_wconf 84' lang='lat' dir='ltr'><strong>igitur</strong></span> <span class='ocrx_word' id='word_1_178' title='bbox 830 2450 1098 2509; x_wconf 86' lang='lat' dir='ltr'><strong>Dominus</strong></span> <span class='ocrx_word' id='word_1_179' title='bbox 1123 2461 1179 2510; x_wconf 92' lang='lat' dir='ltr'><strong>et</strong></span> <span class='ocrx_word' id='word_1_180' title='bbox 1200 2463 1470 2526; x_wconf 66' lang='lat' dir='ltr'><strong>praeparat</strong></span> <span class='ocrx_word' id='word_1_181' title='bbox 1494 2455 1652 2513; x_wconf 87' lang='lat' dir='ltr'><strong>nobis</strong></span> 
     </span>
    </p>
   </div>
   <div class='ocr_carea' id='block_1_26' title="bbox 101 2540 1647 2616">
    <p class='ocr_par' dir='ltr' id='par_1_26' title="bbox 101 2540 1647 2616">
     <span class='ocr_line' id='line_1_26' title="bbox 101 2540 1647 2616; baseline 0.005 -20"><span class='ocrx_word' id='word_1_182' title='bbox 101 2540 278 2610; x_wconf 84' lang='lat' dir='ltr'><strong>locum;</strong></span> <span class='ocrx_word' id='word_1_183' title='bbox 302 2542 443 2598; x_wconf 88' lang='lat' dir='ltr'><strong>dum.</strong></span> <span class='ocrx_word' id='word_1_184' title='bbox 461 2558 570 2600; x_wconf 91' lang='lat' dir='ltr'><strong>nos</strong></span> <span class='ocrx_word' id='word_1_185' title='bbox 592 2552 868 2616; x_wconf 61' lang='lat' dir='ltr'><strong>praeparat</strong></span> <span class='ocrx_word' id='word_1_186' title='bbox 892 2545 1033 2601; x_wconf 88' lang='lat' dir='ltr'><strong>loco.</strong></span> <span class='ocrx_word' id='word_1_187' title='bbox 1056 2543 1136 2601; x_wconf 87' lang='lat' dir='ltr'><strong>Ita</strong></span> <span class='ocrx_word' id='word_1_188' title='bbox 1160 2544 1266 2615; x_wconf 79' lang='lat' dir='ltr'><strong>fac,</strong></span> <span class='ocrx_word' id='word_1_189' title='bbox 1280 2544 1507 2603; x_wconf 88' lang='lat' dir='ltr'><strong>Domine</strong></span> <span class='ocrx_word' id='word_1_190' title='bbox 1519 2545 1647 2604; x_wconf 84' lang='lat' dir='ltr'><strong>Jesu</strong></span> 
     </span>
    </p>
   </div>
   <div class='ocr_carea' id='block_1_27' title="bbox 99 2632 1651 2710">
    <p class='ocr_par' dir='ltr' id='par_1_27' title="bbox 99 2632 1651 2710">
     <span class='ocr_line' id='line_1_27' title="bbox 99 2632 1651 2710; baseline 0.007 -25"><span class='ocrx_word' id='word_1_191' title='bbox 99 2632 301 2703; x_wconf 74' lang='lat' dir='ltr'><strong>Christe,</strong></span> <span class='ocrx_word' id='word_1_192' title='bbox 323 2644 383 2690; x_wconf 88' lang='lat' dir='ltr'><strong>ut</strong></span> <span class='ocrx_word' id='word_1_193' title='bbox 418 2636 751 2708; x_wconf 74' lang='lat' dir='ltr'><strong>promisisti.</strong></span> <span class='ocrx_word' id='word_1_194' title='bbox 783 2635 1111 2709; x_wconf 66' lang='lat' dir='ltr'><strong>Praeparasti</strong></span> <span class='ocrx_word' id='word_1_195' title='bbox 1148 2637 1485 2705; x_wconf 86' lang='lat' dir='ltr'><strong>mansiones,</strong></span> <span class='ocrx_word' id='word_1_196' title='bbox 1511 2653 1651 2710; x_wconf 72' lang='lat' dir='ltr'><strong>prte-</strong></span> 
     </span>
    </p>
   </div>
   <div class='ocr_carea' id='block_1_28' title="bbox 94 2726 1652 2800">
    <p class='ocr_par' dir='ltr' id='par_1_28' title="bbox 94 2726 1652 2800">
     <span class='ocr_line' id='line_1_28' title="bbox 94 2726 1652 2800; baseline 0.004 -22"><span class='ocrx_word' id='word_1_197' title='bbox 94 2739 199 2794; x_wconf 85' lang='lat' dir='ltr'><strong>para</strong></span> <span class='ocrx_word' id='word_1_198' title='bbox 219 2741 311 2784; x_wconf 88' lang='lat' dir='ltr'><strong>nos</strong></span> <span class='ocrx_word' id='word_1_199' title='bbox 337 2727 751 2784; x_wconf 87' lang='lat' dir='ltr'><strong>mansionibus.</strong></span> <span class='ocrx_word' id='word_1_200' title='bbox 778 2726 888 2785; x_wconf 79' lang='lat' dir='ltr'><strong>Fac</strong></span> <span class='ocrx_word' id='word_1_201' title='bbox 928 2744 1029 2784; x_wconf 82' lang='lat' dir='ltr'><strong>nos</strong></span> <span class='ocrx_word' id='word_1_202' title='bbox 1050 2729 1248 2800; x_wconf 84' lang='lat' dir='ltr'><strong>dignos</strong></span> <span class='ocrx_word' id='word_1_203' title='bbox 1277 2729 1388 2786; x_wconf 91' lang='lat' dir='ltr'><strong>illis</strong></span> <span class='ocrx_word' id='word_1_204' title='bbox 1409 2729 1652 2785; x_wconf 85' lang='lat' dir='ltr'><strong>mansio-</strong></span> 
     </span>
    </p>
   </div>
   <div class='ocr_carea' id='block_1_29' title="bbox 95 2815 1652 2891">
    <p class='ocr_par' dir='ltr' id='par_1_29' title="bbox 95 2815 1652 2891">
     <span class='ocr_line' id='line_1_29' title="bbox 95 2815 1652 2891; baseline 0.004 -22"><span class='ocrx_word' id='word_1_205' title='bbox 95 2815 246 2881; x_wconf 80' lang='lat' dir='ltr'><strong>nibus,</strong></span> <span class='ocrx_word' id='word_1_206' title='bbox 274 2815 366 2887; x_wconf 79' lang='lat' dir='ltr'><strong>qui</strong></span> <span class='ocrx_word' id='word_1_207' title='bbox 387 2831 457 2872; x_wconf 79' lang='lat' dir='ltr'><strong>ex</strong></span> <span class='ocrx_word' id='word_1_208' title='bbox 482 2817 654 2875; x_wconf 87' lang='lat' dir='ltr'><strong>nobis</strong></span> <span class='ocrx_word' id='word_1_209' title='bbox 683 2817 893 2891; x_wconf 86' lang='lat' dir='ltr'><strong>indigni</strong></span> <span class='ocrx_word' id='word_1_210' title='bbox 926 2832 1141 2874; x_wconf 84' lang='lat' dir='ltr'><strong>sumus.</strong></span> <span class='ocrx_word' id='word_1_211' title='bbox 1176 2817 1491 2875; x_wconf 74' lang='lat' dir='ltr'><strong>Mansiones</strong></span> <span class='ocrx_word' id='word_1_212' title='bbox 1522 2828 1652 2875; x_wconf 90' lang='lat' dir='ltr'><strong>sunt</strong></span> 
     </span>
    </p>
   </div>
   <div class='ocr_carea' id='block_1_30' title="bbox 88 2909 1651 2983">
    <p class='ocr_par' dir='ltr' id='par_1_30' title="bbox 88 2909 1651 2983">
     <span class='ocr_line' id='line_1_30' title="bbox 88 2909 1651 2983; baseline 0.003 -22"><span class='ocrx_word' id='word_1_213' title='bbox 88 2915 327 2965; x_wconf 59' lang='lat' dir='ltr'><strong>sanctaet</strong></span> <span class='ocrx_word' id='word_1_214' title='bbox 354 2909 673 2980; x_wconf 82' lang='lat' dir='ltr'><strong>nuptiales,</strong></span> <span class='ocrx_word' id='word_1_215' title='bbox 700 2921 762 2967; x_wconf 89' lang='lat' dir='ltr'><strong>tu</strong></span> <span class='ocrx_word' id='word_1_216' title='bbox 785 2924 1005 2983; x_wconf 89' lang='lat' dir='ltr'><strong>quoque</strong></span> <span class='ocrx_word' id='word_1_217' title='bbox 1032 2911 1199 2967; x_wconf 90' lang='lat' dir='ltr'><strong>indue</strong></span> <span class='ocrx_word' id='word_1_218' title='bbox 1230 2926 1334 2967; x_wconf 88' lang='lat' dir='ltr'><strong>nos</strong></span> <span class='ocrx_word' id='word_1_219' title='bbox 1361 2911 1651 2967; x_wconf 83' lang='lat' dir='ltr'><strong>sanctitate</strong></span> 
     </span>
    </p>
   </div>
   <div class='ocr_carea' id='block_1_31' title="bbox 88 2999 1647 3071">
    <p class='ocr_par' dir='ltr' id='par_1_31' title="bbox 88 2999 1647 3071">
     <span class='ocr_line' id='line_1_31' title="bbox 88 2999 1647 3071; baseline 0.004 -20"><span class='ocrx_word' id='word_1_220' title='bbox 88 3005 132 3051; x_wconf 88' lang='lat' dir='ltr'><strong>et</strong></span> <span class='ocrx_word' id='word_1_221' title='bbox 150 2999 360 3070; x_wconf 85' lang='lat' dir='ltr'><strong>nuptiali</strong></span> <span class='ocrx_word' id='word_1_222' title='bbox 383 3008 568 3069; x_wconf 82' lang='lat' dir='ltr'><strong>veste,</strong></span> <span class='ocrx_word' id='word_1_223' title='bbox 614 3010 678 3058; x_wconf 88' lang='lat' dir='ltr'><strong>ut</strong></span> <span class='ocrx_word' id='word_1_224' title='bbox 698 3002 774 3058; x_wconf 89' lang='lat' dir='ltr'><strong>ibi</strong></span> <span class='ocrx_word' id='word_1_225' title='bbox 799 3001 1216 3061; x_wconf 87' lang='lat' dir='ltr'><strong>discumbamus</strong></span> <span class='ocrx_word' id='word_1_226' title='bbox 1241 3018 1453 3061; x_wconf 86' lang='lat' dir='ltr'><strong>secure.</strong></span> <span class='ocrx_word' id='word_1_227' title='bbox 1481 3002 1551 3058; x_wconf 84' lang='lat' dir='ltr'><strong>Et</strong></span> <span class='ocrx_word' id='word_1_228' title='bbox 1578 3005 1647 3071; x_wconf 83' lang='lat' dir='ltr'><strong>si,</strong></span> 
     </span>
    </p>
   </div>
   <div class='ocr_carea' id='block_1_32' title="bbox 83 3089 1647 3166">
    <p class='ocr_par' dir='ltr' id='par_1_32' title="bbox 83 3089 1647 3166">
     <span class='ocr_line' id='line_1_32' title="bbox 83 3089 1647 3166; baseline 0.006 -24"><span class='ocrx_word' id='word_1_229' title='bbox 83 3089 251 3160; x_wconf 77' lang='lat' dir='ltr'><strong>inquit,</strong></span> <span class='ocrx_word' id='word_1_230' title='bbox 271 3091 453 3149; x_wconf 79' lang='lat' dir='ltr'><strong>abiero</strong></span> <span class='ocrx_word' id='word_1_231' title='bbox 478 3102 533 3150; x_wconf 82' lang='lat' dir='ltr'><strong>et</strong></span> <span class='ocrx_word' id='word_1_232' title='bbox 558 3110 931 3166; x_wconf 65' lang='lat' dir='ltr'><strong>preparavero</strong></span> <span class='ocrx_word' id='word_1_233' title='bbox 948 3095 1092 3151; x_wconf 75' lang='lat' dir='ltr'><strong>vobis</strong></span> <span class='ocrx_word' id='word_1_234' title='bbox 1117 3094 1313 3164; x_wconf 81' lang='grc' dir='ltr'>ιοοιιιη,</span> <span class='ocrx_word' id='word_1_235' title='bbox 1339 3097 1534 3152; x_wconf 75' lang='lat' dir='ltr'><strong>iterum</strong></span> <span class='ocrx_word' id='word_1_236' title='bbox 1559 3112 1647 3152; x_wconf 76' lang='lat' dir='ltr'><strong>ve-</strong></span> 
     </span>
    </p>
   </div>
   <div class='ocr_carea' id='block_1_33' title="bbox 82 3180 1721 3270">
    <p class='ocr_par' dir='ltr' id='par_1_33' title="bbox 82 3180 1721 3270">
     <span class='ocr_line' id='line_1_33' title="bbox 82 3180 1721 3270; baseline 0.005 -38"><span class='ocrx_word' id='word_1_237' title='bbox 82 3180 204 3235; x_wconf 70' lang='lat' dir='ltr'><strong>niam</strong></span> <span class='ocrx_word' id='word_1_238' title='bbox 225 3184 294 3237; x_wconf 73' lang='lat' dir='ltr'><strong>ad</strong></span> <span class='ocrx_word' id='word_1_239' title='bbox 323 3200 434 3252; x_wconf 77' lang='lat' dir='ltr'><strong>vos,</strong></span> <span class='ocrx_word' id='word_1_240' title='bbox 466 3194 522 3240; x_wconf 89' lang='lat' dir='ltr'><strong>et</strong></span> <span class='ocrx_word' id='word_1_241' title='bbox 568 3185 838 3255; x_wconf 76' lang='lat' dir='ltr'><strong>accipiam</strong></span> <span class='ocrx_word' id='word_1_242' title='bbox 887 3200 975 3240; x_wconf 79' lang='lat' dir='ltr'><strong>vos</strong></span> <span class='ocrx_word' id='word_1_243' title='bbox 1030 3184 1100 3240; x_wconf 81' lang='lat' dir='ltr'><strong>ad</strong></span> <span class='ocrx_word' id='word_1_244' title='bbox 1144 3185 1425 3255; x_wconf 76' lang='lat' dir='ltr'><strong>meipsum.</strong></span> <span class='ocrx_word' id='word_1_245' title='bbox 1459 3182 1648 3241; x_wconf 80' lang='lat' dir='ltr'><strong>Oﬂlcio</strong></span> <span class='ocrx_word' id='word_1_246' title='bbox 1675 3206 1721 3270; x_wconf 68' lang='grc' dir='ltr'><strong>ρ</strong></span> 
     </span>
    </p>
   </div>
   <div class='ocr_carea' id='block_1_34' title="bbox 76 3272 1647 3347">
    <p class='ocr_par' dir='ltr' id='par_1_34' title="bbox 76 3272 1647 3347">
     <span class='ocr_line' id='line_1_34' title="bbox 76 3272 1647 3347; baseline 0.003 -22"><span class='ocrx_word' id='word_1_247' title='bbox 76 3272 226 3328; x_wconf 87' lang='lat' dir='ltr'><strong>nuntii</strong></span> <span class='ocrx_word' id='word_1_248' title='bbox 270 3282 325 3331; x_wconf 91' lang='lat' dir='ltr'><strong>et</strong></span> <span class='ocrx_word' id='word_1_249' title='bbox 367 3276 711 3347; x_wconf 68' lang='lat' dir='ltr'><strong>praeambuli</strong></span> <span class='ocrx_word' id='word_1_250' title='bbox 761 3273 1009 3347; x_wconf 73' lang='lat' dir='ltr'><strong>fungitur</strong></span> <span class='ocrx_word' id='word_1_251' title='bbox 1047 3290 1299 3332; x_wconf 86' lang='lat' dir='ltr'><strong>summus</strong></span> <span class='ocrx_word' id='word_1_252' title='bbox 1333 3283 1388 3332; x_wconf 92' lang='lat' dir='ltr'><strong>et</strong></span> <span class='ocrx_word' id='word_1_253' title='bbox 1422 3274 1647 3331; x_wconf 88' lang='lat' dir='ltr'><strong>humilis</strong></span> 
     </span>
    </p>
   </div>
   <div class='ocr_carea' id='block_1_35' title="bbox 74 3359 1647 3439">
    <p class='ocr_par' dir='ltr' id='par_1_35' title="bbox 74 3359 1647 3439">
     <span class='ocr_line' id='line_1_35' title="bbox 74 3359 1647 3439; baseline 0.003 -20"><span class='ocrx_word' id='word_1_254' title='bbox 74 3359 331 3434; x_wconf 75' lang='lat' dir='ltr'><strong>Doruinus,</strong></span> <span class='ocrx_word' id='word_1_255' title='bbox 354 3367 499 3423; x_wconf 77' lang='lat' dir='ltr'><strong>dum</strong></span> <span class='ocrx_word' id='word_1_256' title='bbox 529 3367 655 3424; x_wconf 80' lang='lat' dir='ltr'><strong>abit</strong></span> <span class='ocrx_word' id='word_1_257' title='bbox 673 3375 729 3423; x_wconf 90' lang='lat' dir='ltr'><strong>et</strong></span> <span class='ocrx_word' id='word_1_258' title='bbox 760 3370 1030 3439; x_wconf 64' lang='lat' dir='ltr'><strong>preparat</strong></span> <span class='ocrx_word' id='word_1_259' title='bbox 1053 3368 1214 3424; x_wconf 87' lang='lat' dir='ltr'><strong>nobis</strong></span> <span class='ocrx_word' id='word_1_260' title='bbox 1238 3368 1440 3436; x_wconf 91' lang='lat' dir='ltr'><strong>locum,</strong></span> <span class='ocrx_word' id='word_1_261' title='bbox 1462 3376 1517 3425; x_wconf 92' lang='lat' dir='ltr'><strong>et</strong></span> <span class='ocrx_word' id='word_1_262' title='bbox 1544 3368 1647 3423; x_wconf 91' lang='lat' dir='ltr'><strong>ite-</strong></span> 
     </span>
    </p>
   </div>
   <div class='ocr_carea' id='block_1_36' title="bbox 69 3458 1651 3528">
    <p class='ocr_par' dir='ltr' id='par_1_36' title="bbox 69 3458 1651 3528">
     <span class='ocr_line' id='line_1_36' title="bbox 69 3458 1651 3528; baseline 0.004 -19"><span class='ocrx_word' id='word_1_263' title='bbox 69 3470 171 3512; x_wconf 85' lang='lat' dir='ltr'><strong>rum</strong></span> <span class='ocrx_word' id='word_1_264' title='bbox 212 3459 352 3516; x_wconf 86' lang='lat' dir='ltr'><strong>redit</strong></span> <span class='ocrx_word' id='word_1_265' title='bbox 382 3460 625 3517; x_wconf 80' lang='lat' dir='ltr'><strong>obviam</strong></span> <span class='ocrx_word' id='word_1_266' title='bbox 674 3460 856 3528; x_wconf 79' lang='lat' dir='ltr'><strong>nohis,</strong></span> <span class='ocrx_word' id='word_1_267' title='bbox 889 3468 953 3516; x_wconf 91' lang='lat' dir='ltr'><strong>ut</strong></span> <span class='ocrx_word' id='word_1_268' title='bbox 994 3458 1063 3517; x_wconf 87' lang='lat' dir='ltr'><strong>ad</strong></span> <span class='ocrx_word' id='word_1_269' title='bbox 1112 3460 1296 3517; x_wconf 89' lang='lat' dir='ltr'><strong>locum</strong></span> <span class='ocrx_word' id='word_1_270' title='bbox 1337 3475 1439 3517; x_wconf 87' lang='lat' dir='ltr'><strong>nos</strong></span> <span class='ocrx_word' id='word_1_271' title='bbox 1484 3459 1651 3517; x_wconf 88' lang='lat' dir='ltr'><strong>ducat</strong></span> 
     </span>
    </p>
   </div>
   <div class='ocr_carea' id='block_1_37' title="bbox 70 3549 1650 3624">
    <p class='ocr_par' dir='ltr' id='par_1_37' title="bbox 70 3549 1650 3624">
     <span class='ocr_line' id='line_1_37' title="bbox 70 3549 1650 3624; baseline 0.003 -20"><span class='ocrx_word' id='word_1_272' title='bbox 70 3558 430 3617; x_wconf 74' lang='lat' dir='ltr'><strong>prmparatum.</strong></span> <span class='ocrx_word' id='word_1_273' title='bbox 480 3549 587 3608; x_wconf 87' lang='lat' dir='ltr'><strong>Sic</strong></span> <span class='ocrx_word' id='word_1_274' title='bbox 611 3550 760 3608; x_wconf 84' lang='lat' dir='ltr'><strong>enim</strong></span> <span class='ocrx_word' id='word_1_275' title='bbox 799 3549 981 3608; x_wconf 65' lang='lat' dir='ltr'><strong>facere</strong></span> <span class='ocrx_word' id='word_1_276' title='bbox 1012 3551 1194 3609; x_wconf 82' lang='lat' dir='ltr'><strong>solent</strong></span> <span class='ocrx_word' id='word_1_277' title='bbox 1215 3560 1463 3624; x_wconf 86' lang='lat' dir='ltr'><strong>potentes</strong></span> <span class='ocrx_word' id='word_1_278' title='bbox 1483 3550 1650 3623; x_wconf 87' lang='lat' dir='ltr'><strong>hujus</strong></span> 
     </span>
    </p>
   </div>
   <div class='ocr_carea' id='block_1_38' title="bbox 62 3639 1665 3715">
    <p class='ocr_par' dir='ltr' id='par_1_38' title="bbox 62 3639 1665 3715">
     <span class='ocr_line' id='line_1_38' title="bbox 62 3639 1665 3715; baseline 0.002 -20"><span class='ocrx_word' id='word_1_279' title='bbox 62 3639 249 3708; x_wconf 58' lang='lat' dir='ltr'><strong>seculi,</strong></span> <span class='ocrx_word' id='word_1_280' title='bbox 265 3650 398 3699; x_wconf 78' lang='lat' dir='ltr'><strong>cum</strong></span> <span class='ocrx_word' id='word_1_281' title='bbox 437 3642 669 3699; x_wconf 85' lang='lat' dir='ltr'><strong>vadunt</strong></span> <span class='ocrx_word' id='word_1_282' title='bbox 714 3641 770 3698; x_wconf 91' lang='lat' dir='ltr'><strong>in</strong></span> <span class='ocrx_word' id='word_1_283' title='bbox 803 3642 1048 3715; x_wconf 74' lang='lat' dir='ltr'><strong>aliquam</strong></span> <span class='ocrx_word' id='word_1_284' title='bbox 1075 3642 1374 3711; x_wconf 87' lang='lat' dir='ltr'><strong>civitatem,</strong></span> <span class='ocrx_word' id='word_1_285' title='bbox 1411 3642 1665 3715; x_wconf 58' lang='lat' dir='ltr'><strong>praemih</strong></span> 
     </span>
    </p>
   </div>
   <div class='ocr_carea' id='block_1_39' title="bbox 61 3721 1651 3805">
    <p class='ocr_par' dir='ltr' id='par_1_39' title="bbox 61 3721 1651 3805">
     <span class='ocr_line' id='line_1_39' title="bbox 61 3721 1651 3805; baseline 0.004 -24"><span class='ocrx_word' id='word_1_286' title='bbox 61 3732 164 3784; x_wconf 90' lang='lat' dir='ltr'><strong>tuut</strong></span> <span class='ocrx_word' id='word_1_287' title='bbox 190 3721 478 3800; x_wconf 85' lang='lat' dir='ltr'><strong>nuntium,</strong></span> <span class='ocrx_word' id='word_1_288' title='bbox 513 3731 622 3805; x_wconf 90' lang='lat' dir='ltr'><strong>qui</strong></span> <span class='ocrx_word' id='word_1_289' title='bbox 653 3741 924 3804; x_wconf 68' lang='lat' dir='ltr'><strong>praeparat</strong></span> <span class='ocrx_word' id='word_1_290' title='bbox 949 3732 1271 3803; x_wconf 86' lang='lat' dir='ltr'><strong>hospitium.</strong></span> <span class='ocrx_word' id='word_1_291' title='bbox 1303 3730 1425 3799; x_wconf 85' lang='lat' dir='ltr'><strong>Quo</strong></span> <span class='ocrx_word' id='word_1_292' title='bbox 1455 3740 1651 3802; x_wconf 87' lang='lat' dir='ltr'><strong>parato</strong></span> 
     </span>
    </p>
   </div>
   <div class='ocr_carea' id='block_1_40' title="bbox 54 3820 1653 3896">
    <p class='ocr_par' dir='ltr' id='par_1_40' title="bbox 54 3820 1653 3896">
     <span class='ocr_line' id='line_1_40' title="bbox 54 3820 1653 3896; baseline 0.001 -20"><span class='ocrx_word' id='word_1_293' title='bbox 54 3820 121 3877; x_wconf 80' lang='lat' dir='ltr'><strong>eis</strong></span> <span class='ocrx_word' id='word_1_294' title='bbox 139 3822 356 3881; x_wconf 81' lang='lat' dir='ltr'><strong>obviam</strong></span> <span class='ocrx_word' id='word_1_295' title='bbox 388 3826 576 3893; x_wconf 85' lang='lat' dir='ltr'><strong>redit,</strong></span> <span class='ocrx_word' id='word_1_296' title='bbox 603 3832 664 3882; x_wconf 88' lang='lat' dir='ltr'><strong>et</strong></span> <span class='ocrx_word' id='word_1_297' title='bbox 679 3840 776 3882; x_wconf 88' lang='lat' dir='ltr'><strong>eos</strong></span> <span class='ocrx_word' id='word_1_298' title='bbox 797 3825 865 3881; x_wconf 89' lang='lat' dir='ltr'><strong>ad</strong></span> <span class='ocrx_word' id='word_1_299' title='bbox 894 3824 1192 3896; x_wconf 83' lang='lat' dir='ltr'><strong>hospitium</strong></span> <span class='ocrx_word' id='word_1_300' title='bbox 1212 3824 1382 3881; x_wconf 87' lang='lat' dir='ltr'><strong>ducit.</strong></span> <span class='ocrx_word' id='word_1_301' title='bbox 1405 3823 1498 3880; x_wconf 88' lang='lat' dir='ltr'><strong>Sic</strong></span> <span class='ocrx_word' id='word_1_302' title='bbox 1518 3838 1653 3894; x_wconf 87' lang='lat' dir='ltr'><strong>quo-</strong></span> 
     </span>
    </p>
   </div>
   <div class='ocr_carea' id='block_1_41' title="bbox 52 3911 1684 3985">
    <p class='ocr_par' dir='ltr' id='par_1_41' title="bbox 52 3911 1684 3985">
     <span class='ocr_line' id='line_1_41' title="bbox 52 3911 1684 3985; baseline 0.002 -22"><span class='ocrx_word' id='word_1_303' title='bbox 52 3924 145 3978; x_wconf 86' lang='lat' dir='ltr'><strong>que</strong></span> <span class='ocrx_word' id='word_1_304' title='bbox 164 3911 305 3970; x_wconf 86' lang='lat' dir='ltr'><strong>Deus</strong></span> <span class='ocrx_word' id='word_1_305' title='bbox 340 3923 402 3972; x_wconf 85' lang='lat' dir='ltr'><strong>et</strong></span> <span class='ocrx_word' id='word_1_306' title='bbox 416 3913 712 3971; x_wconf 86' lang='lat' dir='ltr'><strong>Dominus</strong></span> <span class='ocrx_word' id='word_1_307' title='bbox 732 3921 937 3980; x_wconf 88' lang='lat' dir='ltr'><strong>uoster,</strong></span> <span class='ocrx_word' id='word_1_308' title='bbox 949 3913 1046 3985; x_wconf 90' lang='lat' dir='ltr'><strong>qui</strong></span> <span class='ocrx_word' id='word_1_309' title='bbox 1072 3913 1221 3970; x_wconf 83' lang='lat' dir='ltr'><strong>venit</strong></span> <span class='ocrx_word' id='word_1_310' title='bbox 1240 3913 1295 3969; x_wconf 92' lang='lat' dir='ltr'><strong>in</strong></span> <span class='ocrx_word' id='word_1_311' title='bbox 1320 3912 1470 3969; x_wconf 87' lang='lat' dir='ltr'><strong>hunc</strong></span> <span class='ocrx_word' id='word_1_312' title='bbox 1487 3927 1651 3968; x_wconf 90' lang='lat' dir='ltr'><strong>mun-</strong></span> <span class='ocrx_word' id='word_1_313' title='bbox 1674 3924 1684 3933; x_wconf 81' lang='lat'><strong>&#39;</strong></span> 
     </span>
    </p>
   </div>
   <div class='ocr_carea' id='block_1_42' title="bbox 48 3996 1652 4074">
    <p class='ocr_par' dir='ltr' id='par_1_42' title="bbox 48 3996 1652 4074">
     <span class='ocr_line' id='line_1_42' title="bbox 48 3996 1652 4074; baseline 0.004 -21"><span class='ocrx_word' id='word_1_314' title='bbox 48 3998 161 4056; x_wconf 86' lang='lat' dir='ltr'><strong>dum</strong></span> <span class='ocrx_word' id='word_1_315' title='bbox 180 4016 293 4059; x_wconf 82' lang='lat' dir='ltr'><strong>non</strong></span> <span class='ocrx_word' id='word_1_316' title='bbox 310 4000 676 4070; x_wconf 75' lang='lat' dir='ltr'><strong>ministrari,</strong></span> <span class='ocrx_word' id='word_1_317' title='bbox 696 3996 797 4060; x_wconf 87' lang='lat' dir='ltr'><strong>sed</strong></span> <span class='ocrx_word' id='word_1_318' title='bbox 819 3996 1363 4074; x_wconf 68' lang='lat' dir='ltr'><strong>ministrarefllettlt.</strong></span> <span class='ocrx_word' id='word_1_319' title='bbox 1392 4002 1508 4074; x_wconf 78' lang='lat' dir='ltr'><strong>xx),</strong></span> <span class='ocrx_word' id='word_1_320' title='bbox 1530 4012 1652 4059; x_wconf 84' lang='lat' dir='ltr'><strong>tan-</strong></span> 
     </span>
    </p>
   </div>
   <div class='ocr_carea' id='block_1_43' title="bbox 43 4094 1652 4166">
    <p class='ocr_par' dir='ltr' id='par_1_43' title="bbox 43 4094 1652 4166">
     <span class='ocr_line' id='line_1_43' title="bbox 43 4094 1652 4166; baseline 0.002 -18"><span class='ocrx_word' id='word_1_321' title='bbox 43 4106 195 4160; x_wconf 74' lang='lat' dir='ltr'><strong>quam</strong></span> <span class='ocrx_word' id='word_1_322' title='bbox 214 4094 626 4166; x_wconf 70' lang='lat' dir='ltr'><strong>prmarnbulus</strong></span> <span class='ocrx_word' id='word_1_323' title='bbox 655 4095 789 4153; x_wconf 85' lang='lat' dir='ltr'><strong>abiit</strong></span> <span class='ocrx_word' id='word_1_324' title='bbox 807 4104 934 4153; x_wconf 85' lang='lat' dir='ltr'><strong>ante</strong></span> <span class='ocrx_word' id='word_1_325' title='bbox 952 4110 1078 4164; x_wconf 86' lang='lat' dir='ltr'><strong>nos,</strong></span> <span class='ocrx_word' id='word_1_326' title='bbox 1105 4104 1162 4153; x_wconf 88' lang='lat' dir='ltr'><strong>et</strong></span> <span class='ocrx_word' id='word_1_327' title='bbox 1186 4096 1435 4153; x_wconf 86' lang='lat' dir='ltr'><strong>ascendit</strong></span> <span class='ocrx_word' id='word_1_328' title='bbox 1457 4096 1513 4151; x_wconf 91' lang='lat' dir='ltr'><strong>in</strong></span> <span class='ocrx_word' id='word_1_329' title='bbox 1536 4111 1652 4152; x_wconf 79' lang='lat' dir='ltr'><strong>cte-</strong></span> 
     </span>
    </p>
   </div>
   <div class='ocr_carea' id='block_1_44' title="bbox 40 4180 1649 4258">
    <p class='ocr_par' dir='ltr' id='par_1_44' title="bbox 40 4180 1649 4258">
     <span class='ocr_line' id='line_1_44' title="bbox 40 4180 1649 4258; baseline 0.005 -24"><span class='ocrx_word' id='word_1_330' title='bbox 40 4180 139 4237; x_wconf 84' lang='lat' dir='ltr'><strong>lum</strong></span> <span class='ocrx_word' id='word_1_331' title='bbox 156 4200 493 4258; x_wconf 67' lang='lat' dir='ltr'><strong>praeparare</strong></span> <span class='ocrx_word' id='word_1_332' title='bbox 522 4186 695 4244; x_wconf 86' lang='lat' dir='ltr'><strong>nobis</strong></span> <span class='ocrx_word' id='word_1_333' title='bbox 723 4187 927 4254; x_wconf 84' lang='lat' dir='ltr'><strong>locum,</strong></span> <span class='ocrx_word' id='word_1_334' title='bbox 959 4194 1014 4243; x_wconf 88' lang='lat' dir='ltr'><strong>et</strong></span> <span class='ocrx_word' id='word_1_335' title='bbox 1043 4186 1243 4244; x_wconf 82' lang='lat' dir='ltr'><strong>iterum</strong></span> <span class='ocrx_word' id='word_1_336' title='bbox 1268 4186 1411 4243; x_wconf 88' lang='lat' dir='ltr'><strong>redit</strong></span> <span class='ocrx_word' id='word_1_337' title='bbox 1432 4185 1649 4243; x_wconf 87' lang='lat' dir='ltr'><strong>obviam</strong></span> 
     </span>
    </p>
   </div>
   <div class='ocr_carea' id='block_1_45' title="bbox 36 4273 1651 4350">
    <p class='ocr_par' dir='ltr' id='par_1_45' title="bbox 36 4273 1651 4350">
     <span class='ocr_line' id='line_1_45' title="bbox 36 4273 1651 4350; baseline 0.006 -25"><span class='ocrx_word' id='word_1_338' title='bbox 36 4273 205 4342; x_wconf 85' lang='lat' dir='ltr'><strong>nobis,</strong></span> <span class='ocrx_word' id='word_1_339' title='bbox 228 4277 322 4333; x_wconf 88' lang='lat' dir='ltr'><strong>vel</strong></span> <span class='ocrx_word' id='word_1_340' title='bbox 347 4277 607 4349; x_wconf 85' lang='lat' dir='ltr'><strong>quando</strong></span> <span class='ocrx_word' id='word_1_341' title='bbox 628 4276 700 4334; x_wconf 89' lang='lat' dir='ltr'><strong>ab</strong></span> <span class='ocrx_word' id='word_1_342' title='bbox 726 4278 835 4335; x_wconf 86' lang='lat' dir='ltr'><strong>hoc</strong></span> <span class='ocrx_word' id='word_1_343' title='bbox 860 4277 1060 4335; x_wconf 64' lang='lat' dir='ltr'><strong>saeculo</strong></span> <span class='ocrx_word' id='word_1_344' title='bbox 1094 4276 1398 4350; x_wconf 86' lang='lat' dir='ltr'><strong>migramus</strong></span> <span class='ocrx_word' id='word_1_345' title='bbox 1421 4293 1651 4349; x_wconf 86' lang='lat' dir='ltr'><strong>suscep-</strong></span> 
     </span>
    </p>
   </div>
   <div class='ocr_carea' id='block_1_46' title="bbox 33 4368 1650 4441">
    <p class='ocr_par' dir='ltr' id='par_1_46' title="bbox 33 4368 1650 4441">
     <span class='ocr_line' id='line_1_46' title="bbox 33 4368 1650 4441; baseline 0.002 -18"><span class='ocrx_word' id='word_1_346' title='bbox 33 4372 179 4424; x_wconf 81' lang='lat' dir='ltr'><strong>turus</strong></span> <span class='ocrx_word' id='word_1_347' title='bbox 198 4368 440 4427; x_wconf 85' lang='lat' dir='ltr'><strong>animas</strong></span> <span class='ocrx_word' id='word_1_348' title='bbox 472 4377 734 4437; x_wconf 78' lang='lat' dir='ltr'><strong>nostras,</strong></span> <span class='ocrx_word' id='word_1_349' title='bbox 768 4368 857 4425; x_wconf 91' lang='lat' dir='ltr'><strong>vel</strong></span> <span class='ocrx_word' id='word_1_350' title='bbox 886 4378 1035 4425; x_wconf 86' lang='lat' dir='ltr'><strong>certe</strong></span> <span class='ocrx_word' id='word_1_351' title='bbox 1062 4370 1119 4425; x_wconf 87' lang='lat' dir='ltr'><strong>in</strong></span> <span class='ocrx_word' id='word_1_352' title='bbox 1148 4378 1395 4426; x_wconf 70' lang='lat' dir='ltr'><strong>extrario</strong></span> <span class='ocrx_word' id='word_1_353' title='bbox 1420 4370 1650 4441; x_wconf 88' lang='lat' dir='ltr'><strong>judicio,</strong></span> 
     </span>
    </p>
   </div>
   <div class='ocr_carea' id='block_1_47' title="bbox 26 4459 1650 4535">
    <p class='ocr_par' dir='ltr' id='par_1_47' title="bbox 26 4459 1650 4535">
     <span class='ocr_line' id='line_1_47' title="bbox 26 4459 1650 4535; baseline 0.006 -26"><span class='ocrx_word' id='word_1_354' title='bbox 26 4459 234 4525; x_wconf 87' lang='lat' dir='ltr'><strong>quando</strong></span> <span class='ocrx_word' id='word_1_355' title='bbox 262 4476 536 4534; x_wconf 82' lang='lat' dir='ltr'><strong>corpore</strong></span> <span class='ocrx_word' id='word_1_356' title='bbox 568 4469 628 4518; x_wconf 90' lang='lat' dir='ltr'><strong>et</strong></span> <span class='ocrx_word' id='word_1_357' title='bbox 651 4461 835 4517; x_wconf 89' lang='lat' dir='ltr'><strong>anima</strong></span> <span class='ocrx_word' id='word_1_358' title='bbox 857 4459 1168 4535; x_wconf 82' lang='lat' dir='ltr'><strong>gloriﬁcati,</strong></span> <span class='ocrx_word' id='word_1_359' title='bbox 1202 4481 1222 4515; x_wconf 76' lang='grc' dir='ltr'><strong>ι</strong></span> <span class='ocrx_word' id='word_1_360' title='bbox 1249 4461 1530 4533; x_wconf 88' lang='lat' dir='ltr'><strong>rapiemur</strong></span> <span class='ocrx_word' id='word_1_361' title='bbox 1550 4461 1650 4518; x_wconf 90' lang='lat' dir='ltr'><strong>ob-</strong></span> 
     </span>
    </p>
   </div>
   <div class='ocr_carea' id='block_1_48' title="bbox 1749 622 3331 696">
    <p class='ocr_par' dir='ltr' id='par_1_48' title="bbox 1749 622 3331 696">
     <span class='ocr_line' id='line_1_48' title="bbox 1749 622 3331 696; baseline 0.007 -22"><span class='ocrx_word' id='word_1_362' title='bbox 1749 622 2062 692; x_wconf 79' lang='lat' dir='ltr'><strong>exemplum</strong></span> <span class='ocrx_word' id='word_1_363' title='bbox 2104 631 2161 678; x_wconf 91' lang='lat' dir='ltr'><strong>et</strong></span> <span class='ocrx_word' id='word_1_364' title='bbox 2196 622 2501 681; x_wconf 86' lang='lat' dir='ltr'><strong>doctrinam</strong></span> <span class='ocrx_word' id='word_1_365' title='bbox 2536 638 2738 693; x_wconf 77' lang='lat' dir='ltr'><strong>meam,</strong></span> <span class='ocrx_word' id='word_1_366' title='bbox 2782 639 2878 695; x_wconf 89' lang='lat' dir='ltr'><strong>per</strong></span> <span class='ocrx_word' id='word_1_367' title='bbox 2913 640 3079 696; x_wconf 88' lang='lat' dir='ltr'><strong>quam</strong></span> <span class='ocrx_word' id='word_1_368' title='bbox 3123 644 3210 683; x_wconf 89' lang='lat' dir='ltr'><strong>me</strong></span> <span class='ocrx_word' id='word_1_369' title='bbox 3244 645 3331 685; x_wconf 81' lang='lat' dir='ltr'><strong>se-</strong></span> 
     </span>
    </p>
   </div>
   <div class='ocr_carea' id='block_1_49' title="bbox 1748 713 3333 789">
    <p class='ocr_par' dir='ltr' id='par_1_49' title="bbox 1748 713 3333 789">
     <span class='ocr_line' id='line_1_49' title="bbox 1748 713 3333 789; baseline 0.006 -22"><span class='ocrx_word' id='word_1_370' title='bbox 1748 713 1966 783; x_wconf 89' lang='lat' dir='ltr'><strong>qu-ndo</strong></span> <span class='ocrx_word' id='word_1_371' title='bbox 2000 714 2226 785; x_wconf 78' lang='lat' dir='ltr'><strong>potestis</strong></span> <span class='ocrx_word' id='word_1_372' title='bbox 2255 716 2324 772; x_wconf 85' lang='lat' dir='ltr'><strong>ad</strong></span> <span class='ocrx_word' id='word_1_373' title='bbox 2368 715 2540 775; x_wconf 86' lang='lat' dir='ltr'><strong>Deum</strong></span> <span class='ocrx_word' id='word_1_374' title='bbox 2573 714 2811 783; x_wconf 86' lang='lat' dir='ltr'><strong>Patrem,</strong></span> <span class='ocrx_word' id='word_1_375' title='bbox 2862 726 3333 789; x_wconf 70' lang='lat' dir='ltr'><strong>prmparatamque</strong></span> 
     </span>
    </p>
   </div>
   <div class='ocr_carea' id='block_1_50' title="bbox 1747 802 3332 877">
    <p class='ocr_par' dir='ltr' id='par_1_50' title="bbox 1747 802 3332 877">
     <span class='ocr_line' id='line_1_50' title="bbox 1747 802 3332 877; baseline 0.006 -20"><span class='ocrx_word' id='word_1_376' title='bbox 1747 802 1905 859; x_wconf 83' lang='lat' dir='ltr'><strong>vobis</strong></span> <span class='ocrx_word' id='word_1_377' title='bbox 1941 803 2185 876; x_wconf 79' lang='lat' dir='ltr'><strong>gloriam</strong></span> <span class='ocrx_word' id='word_1_378' title='bbox 2211 805 2517 876; x_wconf 89' lang='lat' dir='ltr'><strong>pervenire.</strong></span> <span class='ocrx_word' id='word_1_379' title='bbox 2562 805 2627 862; x_wconf 83' lang='lat' dir='ltr'><strong>Et</strong></span> <span class='ocrx_word' id='word_1_380' title='bbox 2680 805 2784 863; x_wconf 90' lang='lat' dir='ltr'><strong>hoc</strong></span> <span class='ocrx_word' id='word_1_381' title='bbox 2819 806 3040 877; x_wconf 89' lang='lat' dir='ltr'><strong>quidem</strong></span> <span class='ocrx_word' id='word_1_382' title='bbox 3092 806 3332 866; x_wconf 85' lang='lat' dir='ltr'><strong>Thomas</strong></span> 
     </span>
    </p>
   </div>
   <div class='ocr_carea' id='block_1_51' title="bbox 1749 892 3334 968">
    <p class='ocr_par' dir='ltr' id='par_1_51' title="bbox 1749 892 3334 968">
     <span class='ocr_line' id='line_1_51' title="bbox 1749 892 3334 968; baseline 0.003 -21"><span class='ocrx_word' id='word_1_383' title='bbox 1749 906 1847 965; x_wconf 80' lang='lat' dir='ltr'><strong>per</strong></span> <span class='ocrx_word' id='word_1_384' title='bbox 1867 892 2115 949; x_wconf 88' lang='lat' dir='ltr'><strong>auditum</strong></span> <span class='ocrx_word' id='word_1_385' title='bbox 2154 894 2391 963; x_wconf 87' lang='lat' dir='ltr'><strong>sciebat;</strong></span> <span class='ocrx_word' id='word_1_386' title='bbox 2421 895 2548 966; x_wconf 89' lang='lat' dir='ltr'><strong>quia</strong></span> <span class='ocrx_word' id='word_1_387' title='bbox 2582 896 2764 952; x_wconf 86' lang='lat' dir='ltr'><strong>tamen</strong></span> <span class='ocrx_word' id='word_1_388' title='bbox 2792 896 2923 967; x_wconf 90' lang='lat' dir='ltr'><strong>quid</strong></span> <span class='ocrx_word' id='word_1_389' title='bbox 2958 906 3101 954; x_wconf 89' lang='lat' dir='ltr'><strong>esset</strong></span> <span class='ocrx_word' id='word_1_390' title='bbox 3131 897 3200 952; x_wconf 88' lang='lat' dir='ltr'><strong>ad</strong></span> <span class='ocrx_word' id='word_1_391' title='bbox 3230 896 3334 968; x_wconf 82' lang='lat' dir='ltr'><strong>Pa-</strong></span> 
     </span>
    </p>
   </div>
   <div class='ocr_carea' id='block_1_52' title="bbox 1742 983 3333 1059">
    <p class='ocr_par' dir='ltr' id='par_1_52' title="bbox 1742 983 3333 1059">
     <span class='ocr_line' id='line_1_52' title="bbox 1742 983 3333 1059; baseline 0.003 -21"><span class='ocrx_word' id='word_1_392' title='bbox 1742 988 1888 1040; x_wconf 82' lang='lat' dir='ltr'><strong>trem</strong></span> <span class='ocrx_word' id='word_1_393' title='bbox 1914 984 1994 1040; x_wconf 91' lang='lat' dir='ltr'><strong>ire</strong></span> <span class='ocrx_word' id='word_1_394' title='bbox 2025 983 2332 1056; x_wconf 83' lang='lat' dir='ltr'><strong>ignorabat,</strong></span> <span class='ocrx_word' id='word_1_395' title='bbox 2356 1002 2417 1043; x_wconf 92' lang='lat' dir='ltr'><strong>se</strong></span> <span class='ocrx_word' id='word_1_396' title='bbox 2439 988 2651 1044; x_wconf 90' lang='lat' dir='ltr'><strong>nescire</strong></span> <span class='ocrx_word' id='word_1_397' title='bbox 2673 986 2825 1055; x_wconf 83' lang='lat' dir='ltr'><strong>dicit,</strong></span> <span class='ocrx_word' id='word_1_398' title='bbox 2848 1002 2973 1043; x_wconf 91' lang='lat' dir='ltr'><strong>cum</strong></span> <span class='ocrx_word' id='word_1_399' title='bbox 2996 988 3333 1059; x_wconf 85' lang='lat' dir='ltr'><strong>respondens</strong></span> 
     </span>
    </p>
   </div>
   <div class='ocr_carea' id='block_1_53' title="bbox 1751 1068 3334 1153">
    <p class='ocr_par' dir='ltr' id='par_1_53' title="bbox 1751 1068 3334 1153">
     <span class='ocr_line' id='line_1_53' title="bbox 1751 1068 3334 1153; baseline 0.001 -21"><span class='ocrx_word' id='word_1_400' title='bbox 1751 1076 1829 1133; x_wconf 88' lang='lat' dir='ltr'><strong>ait</strong></span> <span class='ocrx_word' id='word_1_401' title='bbox 1857 1094 1871 1132; x_wconf 91' lang='lat'><strong>:</strong></span> <span class='ocrx_word' id='word_1_402' title='bbox 1898 1073 2142 1145; x_wconf 81' lang='lat' dir='ltr'><strong>Domine,</strong></span> <span class='ocrx_word' id='word_1_403' title='bbox 2167 1080 2428 1134; x_wconf 82' lang='lat' dir='ltr'><strong>nescimus</strong></span> <span class='ocrx_word' id='word_1_404' title='bbox 2457 1095 2560 1153; x_wconf 78' lang='lat' dir='ltr'><strong>quo</strong></span> <span class='ocrx_word' id='word_1_405' title='bbox 2583 1079 2751 1147; x_wconf 80' lang='lat' dir='ltr'><strong>vadis,</strong></span> <span class='ocrx_word' id='word_1_406' title='bbox 2776 1090 2826 1133; x_wconf 87' lang='lat' dir='ltr'><strong>et</strong></span> <span class='ocrx_word' id='word_1_407' title='bbox 2859 1079 3120 1153; x_wconf 78' lang='lat' dir='ltr'><strong>quomodo</strong></span> <span class='ocrx_word' id='word_1_408' title='bbox 3148 1068 3334 1151; x_wconf 59' lang='grc' dir='ltr'><strong>ροπδιιὲ</strong></span> 
     </span>
    </p>
   </div>
   <div class='ocr_carea' id='block_1_54' title="bbox 1752 1168 3333 1245">
    <p class='ocr_par' dir='ltr' id='par_1_54' title="bbox 1752 1168 3333 1245">
     <span class='ocr_line' id='line_1_54' title="bbox 1752 1168 3333 1245; baseline 0.002 -23"><span class='ocrx_word' id='word_1_409' title='bbox 1752 1184 1876 1223; x_wconf 86' lang='lat' dir='ltr'><strong>mus</strong></span> <span class='ocrx_word' id='word_1_410' title='bbox 1899 1168 2244 1245; x_wconf 12' lang='lat' dir='ltr'><strong>riam‘scire?</strong></span> <span class='ocrx_word' id='word_1_411' title='bbox 2290 1168 2385 1226; x_wconf 85' lang='lat' dir='ltr'><strong>Est</strong></span> <span class='ocrx_word' id='word_1_412' title='bbox 2430 1180 2612 1227; x_wconf 87' lang='lat' dir='ltr'><strong>autem</strong></span> <span class='ocrx_word' id='word_1_413' title='bbox 2653 1172 2768 1227; x_wconf 79' lang='lat' dir='ltr'><strong>luce</strong></span> <span class='ocrx_word' id='word_1_414' title='bbox 2812 1186 2938 1244; x_wconf 88' lang='lat' dir='ltr'><strong>pars</strong></span> <span class='ocrx_word' id='word_1_415' title='bbox 2972 1171 3233 1237; x_wconf 88' lang='lat' dir='ltr'><strong>secunda,</strong></span> <span class='ocrx_word' id='word_1_416' title='bbox 3276 1170 3333 1225; x_wconf 90' lang='lat' dir='ltr'><strong>in</strong></span> 
     </span>
    </p>
   </div>
   <div class='ocr_carea' id='block_1_55' title="bbox 1751 1261 3330 1335">
    <p class='ocr_par' dir='ltr' id='par_1_55' title="bbox 1751 1261 3330 1335">
     <span class='ocr_line' id='line_1_55' title="bbox 1751 1261 3330 1335; baseline -0.001 -17"><span class='ocrx_word' id='word_1_417' title='bbox 1751 1278 1869 1332; x_wconf 89' lang='lat' dir='ltr'><strong>qua</strong></span> <span class='ocrx_word' id='word_1_418' title='bbox 1884 1261 2152 1319; x_wconf 91' lang='lat' dir='ltr'><strong>Dominus</strong></span> <span class='ocrx_word' id='word_1_419' title='bbox 2165 1262 2392 1320; x_wconf 73' lang='lat' dir='ltr'><strong>Thomas</strong></span> <span class='ocrx_word' id='word_1_420' title='bbox 2420 1265 2756 1335; x_wconf 84' lang='lat' dir='ltr'><strong>respondens</strong></span> <span class='ocrx_word' id='word_1_421' title='bbox 2777 1263 2910 1319; x_wconf 91' lang='lat' dir='ltr'><strong>dicit</strong></span> <span class='ocrx_word' id='word_1_422' title='bbox 2936 1278 2994 1320; x_wconf 90' lang='lat' dir='ltr'><strong>se</strong></span> <span class='ocrx_word' id='word_1_423' title='bbox 3018 1279 3142 1320; x_wconf 78' lang='lat' dir='ltr'><strong>esse</strong></span> <span class='ocrx_word' id='word_1_424' title='bbox 3164 1262 3330 1329; x_wconf 90' lang='lat' dir='ltr'><strong>viam,</strong></span> 
     </span>
    </p>
   </div>
   <div class='ocr_carea' id='block_1_56' title="bbox 1750 1353 3335 1427">
    <p class='ocr_par' dir='ltr' id='par_1_56' title="bbox 1750 1353 3335 1427">
     <span class='ocr_line' id='line_1_56' title="bbox 1750 1353 3335 1427; baseline -0.001 -19"><span class='ocrx_word' id='word_1_425' title='bbox 1750 1368 1860 1426; x_wconf 90' lang='lat' dir='ltr'><strong>qua</strong></span> <span class='ocrx_word' id='word_1_426' title='bbox 1883 1353 1994 1410; x_wconf 89' lang='lat' dir='ltr'><strong>itur</strong></span> <span class='ocrx_word' id='word_1_427' title='bbox 2028 1353 2098 1410; x_wconf 87' lang='lat' dir='ltr'><strong>ad</strong></span> <span class='ocrx_word' id='word_1_428' title='bbox 2130 1353 2301 1411; x_wconf 91' lang='lat' dir='ltr'><strong>Deum</strong></span> <span class='ocrx_word' id='word_1_429' title='bbox 2343 1354 2581 1423; x_wconf 83' lang='lat' dir='ltr'><strong>Patrem,</strong></span> <span class='ocrx_word' id='word_1_430' title='bbox 2628 1370 2755 1411; x_wconf 92' lang='lat' dir='ltr'><strong>cum</strong></span> <span class='ocrx_word' id='word_1_431' title='bbox 2790 1354 2975 1412; x_wconf 84' lang='lat' dir='ltr'><strong>subdit</strong></span> <span class='ocrx_word' id='word_1_432' title='bbox 3012 1374 3025 1410; x_wconf 88' lang='lat'><strong>:</strong></span> <span class='ocrx_word' id='word_1_433' title='bbox 3076 1353 3188 1427; x_wconf 83' lang='lat' dir='ltr'><strong>Ego</strong></span> <span class='ocrx_word' id='word_1_434' title='bbox 3214 1371 3335 1409; x_wconf 87' lang='lat' dir='ltr'><strong>sum</strong></span> 
     </span>
    </p>
   </div>
   <div class='ocr_carea' id='block_1_57' title="bbox 1738 1438 3335 1518">
    <p class='ocr_par' dir='ltr' id='par_1_57' title="bbox 1738 1438 3335 1518">
     <span class='ocr_line' id='line_1_57' title="bbox 1738 1438 3335 1518; baseline -0.001 -18"><span class='ocrx_word' id='word_1_435' title='bbox 1738 1438 1857 1513; x_wconf 45' lang='lat' dir='ltr'><strong>&#39;via,</strong></span> <span class='ocrx_word' id='word_1_436' title='bbox 1888 1446 2085 1502; x_wconf 82' lang='lat' dir='ltr'><strong>veritas</strong></span> <span class='ocrx_word' id='word_1_437' title='bbox 2114 1454 2165 1501; x_wconf 83' lang='lat' dir='ltr'><strong>et</strong></span> <span class='ocrx_word' id='word_1_438' title='bbox 2192 1448 2322 1502; x_wconf 78' lang='lat' dir='ltr'><strong>vita.</strong></span> <span class='ocrx_word' id='word_1_439' title='bbox 2365 1444 2535 1501; x_wconf 88' lang='lat' dir='ltr'><strong>Porro</strong></span> <span class='ocrx_word' id='word_1_440' title='bbox 2562 1456 2799 1518; x_wconf 88' lang='lat' dir='ltr'><strong>quatuor</strong></span> <span class='ocrx_word' id='word_1_441' title='bbox 2844 1446 2911 1503; x_wconf 87' lang='lat' dir='ltr'><strong>de</strong></span> <span class='ocrx_word' id='word_1_442' title='bbox 2936 1446 3120 1503; x_wconf 87' lang='lat' dir='ltr'><strong>causis</strong></span> <span class='ocrx_word' id='word_1_443' title='bbox 3173 1444 3335 1517; x_wconf 37' lang='lat' dir='ltr'><strong>Chrif</strong></span> 
     </span>
    </p>
   </div>
   <div class='ocr_carea' id='block_1_58' title="bbox 1750 1537 3337 1611">
    <p class='ocr_par' dir='ltr' id='par_1_58' title="bbox 1750 1537 3337 1611">
     <span class='ocr_line' id='line_1_58' title="bbox 1750 1537 3337 1611; baseline -0.001 -17"><span class='ocrx_word' id='word_1_444' title='bbox 1750 1546 1873 1594; x_wconf 86' lang='lat' dir='ltr'><strong>stus</strong></span> <span class='ocrx_word' id='word_1_445' title='bbox 1901 1537 2102 1595; x_wconf 89' lang='lat' dir='ltr'><strong>dicitur</strong></span> <span class='ocrx_word' id='word_1_446' title='bbox 2132 1537 2242 1608; x_wconf 88' lang='lat' dir='ltr'><strong>via,</strong></span> <span class='ocrx_word' id='word_1_447' title='bbox 2268 1538 2530 1610; x_wconf 91' lang='lat' dir='ltr'><strong>quoniam</strong></span> <span class='ocrx_word' id='word_1_448' title='bbox 2556 1554 2653 1609; x_wconf 91' lang='lat' dir='ltr'><strong>per</strong></span> <span class='ocrx_word' id='word_1_449' title='bbox 2665 1538 2787 1610; x_wconf 88' lang='lat' dir='ltr'><strong>ejus</strong></span> <span class='ocrx_word' id='word_1_450' title='bbox 2822 1538 3211 1611; x_wconf 83' lang='lat' dir='ltr'><strong>cognitionem,</strong></span> <span class='ocrx_word' id='word_1_451' title='bbox 3238 1552 3337 1608; x_wconf 88' lang='lat' dir='ltr'><strong>per</strong></span> 
     </span>
    </p>
   </div>
   <div class='ocr_carea' id='block_1_59' title="bbox 1747 1628 3335 1702">
    <p class='ocr_par' dir='ltr' id='par_1_59' title="bbox 1747 1628 3335 1702">
     <span class='ocr_line' id='line_1_59' title="bbox 1747 1628 3335 1702; baseline -0.002 -16"><span class='ocrx_word' id='word_1_452' title='bbox 1747 1629 1871 1702; x_wconf 85' lang='lat' dir='ltr'><strong>ejus</strong></span> <span class='ocrx_word' id='word_1_453' title='bbox 1907 1630 2240 1702; x_wconf 82' lang='lat' dir='ltr'><strong>exemplum,</strong></span> <span class='ocrx_word' id='word_1_454' title='bbox 2266 1646 2364 1702; x_wconf 91' lang='lat' dir='ltr'><strong>per</strong></span> <span class='ocrx_word' id='word_1_455' title='bbox 2386 1630 2507 1702; x_wconf 88' lang='lat' dir='ltr'><strong>ejus</strong></span> <span class='ocrx_word' id='word_1_456' title='bbox 2531 1629 2859 1699; x_wconf 84' lang='lat' dir='ltr'><strong>doctrinam,</strong></span> <span class='ocrx_word' id='word_1_457' title='bbox 2892 1646 2990 1702; x_wconf 90' lang='lat' dir='ltr'><strong>per</strong></span> <span class='ocrx_word' id='word_1_458' title='bbox 3024 1630 3144 1702; x_wconf 88' lang='lat' dir='ltr'><strong>ejus</strong></span> <span class='ocrx_word' id='word_1_459' title='bbox 3173 1628 3335 1685; x_wconf 77' lang='lat' dir='ltr'><strong>auxi-</strong></span> 
     </span>
    </p>
   </div>
   <div class='ocr_carea' id='block_1_60' title="bbox 1749 1717 3337 1778">
    <p class='ocr_par' dir='ltr' id='par_1_60' title="bbox 1749 1717 3337 1778">
     <span class='ocr_line' id='line_1_60' title="bbox 1749 1717 3337 1778; baseline -0.004 0"><span class='ocrx_word' id='word_1_460' title='bbox 1749 1722 1886 1778; x_wconf 90' lang='lat' dir='ltr'><strong>lium</strong></span> <span class='ocrx_word' id='word_1_461' title='bbox 1912 1721 2025 1777; x_wconf 87' lang='lat' dir='ltr'><strong>itur</strong></span> <span class='ocrx_word' id='word_1_462' title='bbox 2062 1719 2133 1778; x_wconf 86' lang='lat' dir='ltr'><strong>ad</strong></span> <span class='ocrx_word' id='word_1_463' title='bbox 2172 1720 2344 1778; x_wconf 89' lang='lat' dir='ltr'><strong>Deum</strong></span> <span class='ocrx_word' id='word_1_464' title='bbox 2374 1719 2611 1777; x_wconf 84' lang='lat' dir='ltr'><strong>Patrem.</strong></span> <span class='ocrx_word' id='word_1_465' title='bbox 2640 1719 2842 1776; x_wconf 88' lang='lat' dir='ltr'><strong>Tribus</strong></span> <span class='ocrx_word' id='word_1_466' title='bbox 2862 1719 3025 1776; x_wconf 88' lang='lat' dir='ltr'><strong>etiam</strong></span> <span class='ocrx_word' id='word_1_467' title='bbox 3057 1720 3123 1775; x_wconf 90' lang='lat' dir='ltr'><strong>dc</strong></span> <span class='ocrx_word' id='word_1_468' title='bbox 3152 1717 3337 1775; x_wconf 81' lang='lat' dir='ltr'><strong>causis</strong></span> 
     </span>
    </p>
   </div>
   <div class='ocr_carea' id='block_1_61' title="bbox 1753 1794 3425 1885">
    <p class='ocr_par' dir='ltr' id='par_1_61' title="bbox 1753 1794 3425 1885">
     <span class='ocr_line' id='line_1_61' title="bbox 1753 1794 3425 1885; baseline -0.006 -13"><span class='ocrx_word' id='word_1_469' title='bbox 1753 1814 1956 1872; x_wconf 89' lang='lat' dir='ltr'><strong>dicitur</strong></span> <span class='ocrx_word' id='word_1_470' title='bbox 1983 1813 2186 1871; x_wconf 86' lang='lat' dir='ltr'><strong>veritas</strong></span> <span class='ocrx_word' id='word_1_471' title='bbox 2206 1855 2222 1882; x_wconf 92' lang='lat'><strong>,</strong></span> <span class='ocrx_word' id='word_1_472' title='bbox 2254 1813 2518 1885; x_wconf 90' lang='lat' dir='ltr'><strong>quoniam</strong></span> <span class='ocrx_word' id='word_1_473' title='bbox 2545 1828 2734 1869; x_wconf 89' lang='lat' dir='ltr'><strong>verum</strong></span> <span class='ocrx_word' id='word_1_474' title='bbox 2761 1820 2816 1868; x_wconf 89' lang='lat' dir='ltr'><strong>et</strong></span> <span class='ocrx_word' id='word_1_475' title='bbox 2849 1810 3189 1867; x_wconf 88' lang='lat' dir='ltr'><strong>immutabile</strong></span> <span class='ocrx_word' id='word_1_476' title='bbox 3217 1824 3340 1865; x_wconf 86' lang='lat' dir='ltr'><strong>esse</strong></span> <span class='ocrx_word' id='word_1_477' title='bbox 3419 1794 3425 1799; x_wconf 59' lang='grc'><em>’</em></span> 
     </span>
    </p>
   </div>
   <div class='ocr_carea' id='block_1_62' title="bbox 1756 1901 3342 1976">
    <p class='ocr_par' dir='ltr' id='par_1_62' title="bbox 1756 1901 3342 1976">
     <span class='ocr_line' id='line_1_62' title="bbox 1756 1901 3342 1976; baseline -0.007 -12"><span class='ocrx_word' id='word_1_478' title='bbox 1756 1907 2074 1965; x_wconf 86' lang='lat' dir='ltr'><strong>habetcum</strong></span> <span class='ocrx_word' id='word_1_479' title='bbox 2115 1905 2227 1962; x_wconf 90' lang='lat' dir='ltr'><strong>Deo</strong></span> <span class='ocrx_word' id='word_1_480' title='bbox 2260 1903 2443 1973; x_wconf 88' lang='lat' dir='ltr'><strong>Patre,</strong></span> <span class='ocrx_word' id='word_1_481' title='bbox 2478 1903 2739 1976; x_wconf 90' lang='lat' dir='ltr'><strong>quoniam</strong></span> <span class='ocrx_word' id='word_1_482' title='bbox 2770 1902 2824 1958; x_wconf 91' lang='lat' dir='ltr'><strong>in</strong></span> <span class='ocrx_word' id='word_1_483' title='bbox 2862 1917 2929 1958; x_wconf 92' lang='lat' dir='ltr'><strong>co</strong></span> <span class='ocrx_word' id='word_1_484' title='bbox 2971 1901 3342 1972; x_wconf 85' lang='lat' dir='ltr'><strong>adimpleutur</strong></span> 
     </span>
    </p>
   </div>
   <div class='ocr_carea' id='block_1_63' title="bbox 1752 1978 3340 2072">
    <p class='ocr_par' dir='ltr' id='par_1_63' title="bbox 1752 1978 3340 2072">
     <span class='ocr_line' id='line_1_63' title="bbox 1752 1978 3340 2072; baseline -0.007 -15"><span class='ocrx_word' id='word_1_485' title='bbox 1752 2000 1840 2057; x_wconf 78' lang='lat' dir='ltr'><strong>lex</strong></span> <span class='ocrx_word' id='word_1_486' title='bbox 1868 2009 1923 2057; x_wconf 91' lang='lat' dir='ltr'><strong>et</strong></span> <span class='ocrx_word' id='word_1_487' title='bbox 1952 1998 2251 2072; x_wconf 68' lang='lat' dir='ltr'><strong>prophetae,</strong></span> <span class='ocrx_word' id='word_1_488' title='bbox 2274 1998 2535 2071; x_wconf 86' lang='lat' dir='ltr'><strong>quoniam</strong></span> <span class='ocrx_word' id='word_1_489' title='bbox 2563 2013 2730 2053; x_wconf 79' lang='lat' dir='ltr'><strong>verax</strong></span> <span class='ocrx_word' id='word_1_490' title='bbox 2759 2006 2845 2052; x_wconf 90' lang='lat' dir='ltr'><strong>est</strong></span> <span class='ocrx_word' id='word_1_491' title='bbox 2868 1994 3118 2051; x_wconf 89' lang='lat' dir='ltr'><strong>ﬁdelibus</strong></span> <span class='ocrx_word' id='word_1_492' title='bbox 3145 1978 3260 2049; x_wconf 81' lang='lat' dir='ltr'><strong>suis</strong></span> <span class='ocrx_word' id='word_1_493' title='bbox 3284 1992 3340 2046; x_wconf 89' lang='lat' dir='ltr'><strong>in</strong></span> 
     </span>
    </p>
   </div>
   <div class='ocr_carea' id='block_1_64' title="bbox 1754 2083 3341 2160">
    <p class='ocr_par' dir='ltr' id='par_1_64' title="bbox 1754 2083 3341 2160">
     <span class='ocr_line' id='line_1_64' title="bbox 1754 2083 3341 2160; baseline -0.004 -16"><span class='ocrx_word' id='word_1_494' title='bbox 1754 2088 1905 2144; x_wconf 90' lang='lat' dir='ltr'><strong>omni</strong></span> <span class='ocrx_word' id='word_1_495' title='bbox 1935 2087 2322 2160; x_wconf 86' lang='lat' dir='ltr'><strong>promissione.</strong></span> <span class='ocrx_word' id='word_1_496' title='bbox 2347 2085 2548 2143; x_wconf 86' lang='lat' dir='ltr'><strong>Tribus</strong></span> <span class='ocrx_word' id='word_1_497' title='bbox 2574 2101 2795 2158; x_wconf 87' lang='lat' dir='ltr'><strong>quoque</strong></span> <span class='ocrx_word' id='word_1_498' title='bbox 2823 2085 2890 2141; x_wconf 88' lang='lat' dir='ltr'><strong>de</strong></span> <span class='ocrx_word' id='word_1_499' title='bbox 2919 2085 3105 2140; x_wconf 89' lang='lat' dir='ltr'><strong>causis</strong></span> <span class='ocrx_word' id='word_1_500' title='bbox 3137 2083 3341 2139; x_wconf 90' lang='lat' dir='ltr'><strong>dicitur</strong></span> 
     </span>
    </p>
   </div>
   <div class='ocr_carea' id='block_1_65' title="bbox 1752 2175 3339 2251">
    <p class='ocr_par' dir='ltr' id='par_1_65' title="bbox 1752 2175 3339 2251">
     <span class='ocr_line' id='line_1_65' title="bbox 1752 2175 3339 2251; baseline -0.004 -16"><span class='ocrx_word' id='word_1_501' title='bbox 1752 2180 1884 2248; x_wconf 86' lang='lat' dir='ltr'><strong>vita,</strong></span> <span class='ocrx_word' id='word_1_502' title='bbox 1935 2178 2199 2251; x_wconf 85' lang='lat' dir='ltr'><strong>quoniam</strong></span> <span class='ocrx_word' id='word_1_503' title='bbox 2234 2178 2598 2236; x_wconf 87' lang='lat' dir='ltr'><strong>essentialiter</strong></span> <span class='ocrx_word' id='word_1_504' title='bbox 2639 2186 2694 2233; x_wconf 86' lang='lat' dir='ltr'><strong>et</strong></span> <span class='ocrx_word' id='word_1_505' title='bbox 2752 2175 3164 2231; x_wconf 87' lang='lat' dir='ltr'><strong>immutabiliter</strong></span> <span class='ocrx_word' id='word_1_506' title='bbox 3212 2190 3339 2229; x_wconf 88' lang='lat' dir='ltr'><strong>cum</strong></span> 
     </span>
    </p>
   </div>
   <div class='ocr_carea' id='block_1_66' title="bbox 1755 2265 3341 2341">
    <p class='ocr_par' dir='ltr' id='par_1_66' title="bbox 1755 2265 3341 2341">
     <span class='ocr_line' id='line_1_66' title="bbox 1755 2265 3341 2341; baseline -0.006 -13"><span class='ocrx_word' id='word_1_507' title='bbox 1755 2270 1867 2328; x_wconf 91' lang='lat' dir='ltr'><strong>Deo</strong></span> <span class='ocrx_word' id='word_1_508' title='bbox 1892 2270 2055 2327; x_wconf 89' lang='lat' dir='ltr'><strong>Patre</strong></span> <span class='ocrx_word' id='word_1_509' title='bbox 2092 2270 2254 2340; x_wconf 87' lang='lat' dir='ltr'><strong>vivit,</strong></span> <span class='ocrx_word' id='word_1_510' title='bbox 2278 2270 2540 2341; x_wconf 87' lang='lat' dir='ltr'><strong>quoniam</strong></span> <span class='ocrx_word' id='word_1_511' title='bbox 2580 2268 2878 2325; x_wconf 88' lang='lat' dir='ltr'><strong>causaliter</strong></span> <span class='ocrx_word' id='word_1_512' title='bbox 2918 2282 3014 2338; x_wconf 91' lang='lat' dir='ltr'><strong>per</strong></span> <span class='ocrx_word' id='word_1_513' title='bbox 3054 2280 3203 2334; x_wconf 88' lang='lat' dir='ltr'><strong>cum,</strong></span> <span class='ocrx_word' id='word_1_514' title='bbox 3226 2265 3341 2321; x_wconf 89' lang='lat' dir='ltr'><strong>sive</strong></span> 
     </span>
    </p>
   </div>
   <div class='ocr_carea' id='block_1_67' title="bbox 1752 2354 3339 2435">
    <p class='ocr_par' dir='ltr' id='par_1_67' title="bbox 1752 2354 3339 2435">
     <span class='ocr_line' id='line_1_67' title="bbox 1752 2354 3339 2435; baseline -0.006 -16"><span class='ocrx_word' id='word_1_515' title='bbox 1752 2361 2132 2435; x_wconf 85' lang='lat' dir='ltr'><strong>corporaliter,</strong></span> <span class='ocrx_word' id='word_1_516' title='bbox 2158 2361 2274 2418; x_wconf 82' lang='lat' dir='ltr'><strong>sive</strong></span> <span class='ocrx_word' id='word_1_517' title='bbox 2319 2359 2675 2432; x_wconf 84' lang='lat' dir='ltr'><strong>spiritualiter</strong></span> <span class='ocrx_word' id='word_1_518' title='bbox 2709 2357 2931 2422; x_wconf 87' lang='lat' dir='ltr'><strong>vivitur,</strong></span> <span class='ocrx_word' id='word_1_519' title='bbox 2972 2366 3028 2431; x_wconf 82' lang='lat' dir='ltr'><strong>et</strong></span> <span class='ocrx_word' id='word_1_520' title='bbox 3072 2354 3339 2426; x_wconf 88' lang='lat' dir='ltr'><strong>quoniam</strong></span> 
     </span>
    </p>
   </div>
   <div class='ocr_carea' id='block_1_68' title="bbox 1755 2447 3340 2527">
    <p class='ocr_par' dir='ltr' id='par_1_68' title="bbox 1755 2447 3340 2527">
     <span class='ocr_line' id='line_1_68' title="bbox 1755 2447 3340 2527; baseline -0.006 -17"><span class='ocrx_word' id='word_1_521' title='bbox 1755 2454 2123 2527; x_wconf 84' lang='lat' dir='ltr'><strong>potentialiter</strong></span> <span class='ocrx_word' id='word_1_522' title='bbox 2145 2468 2243 2526; x_wconf 88' lang='lat' dir='ltr'><strong>per</strong></span> <span class='ocrx_word' id='word_1_523' title='bbox 2285 2468 2412 2509; x_wconf 90' lang='lat' dir='ltr'><strong>eum</strong></span> <span class='ocrx_word' id='word_1_524' title='bbox 2444 2461 2717 2520; x_wconf 89' lang='lat' dir='ltr'><strong>mortuus,</strong></span> <span class='ocrx_word' id='word_1_525' title='bbox 2749 2449 2865 2508; x_wconf 86' lang='lat' dir='ltr'><strong>sive</strong></span> <span class='ocrx_word' id='word_1_526' title='bbox 2898 2448 2952 2504; x_wconf 90' lang='lat' dir='ltr'><strong>in</strong></span> <span class='ocrx_word' id='word_1_527' title='bbox 2989 2447 3193 2523; x_wconf 65' lang='lat' dir='ltr'><strong>anima</strong></span> <span class='ocrx_word' id='word_1_528' title='bbox 3223 2447 3340 2504; x_wconf 86' lang='lat' dir='ltr'><strong>sive</strong></span> 
     </span>
    </p>
   </div>
   <div class='ocr_carea' id='block_1_69' title="bbox 1754 2539 3408 2615">
    <p class='ocr_par' dir='ltr' id='par_1_69' title="bbox 1754 2539 3408 2615">
     <span class='ocr_line' id='line_1_69' title="bbox 1754 2539 3408 2615; baseline -0.007 -13"><span class='ocrx_word' id='word_1_529' title='bbox 1754 2545 1809 2602; x_wconf 84' lang='lat' dir='ltr'><strong>in</strong></span> <span class='ocrx_word' id='word_1_530' title='bbox 1840 2559 2070 2615; x_wconf 89' lang='lat' dir='ltr'><strong>corpore</strong></span> <span class='ocrx_word' id='word_1_531' title='bbox 2091 2544 2415 2601; x_wconf 88' lang='lat' dir='ltr'><strong>viviﬁcatur.</strong></span> <span class='ocrx_word' id='word_1_532' title='bbox 2449 2542 2723 2611; x_wconf 87' lang='lat' dir='ltr'><strong>Quantum</strong></span> <span class='ocrx_word' id='word_1_533' title='bbox 2760 2555 2891 2597; x_wconf 89' lang='lat' dir='ltr'><strong>vero</strong></span> <span class='ocrx_word' id='word_1_534' title='bbox 2915 2539 2983 2596; x_wconf 80' lang='lat' dir='ltr'><strong>ad</strong></span> <span class='ocrx_word' id='word_1_535' title='bbox 3013 2546 3335 2610; x_wconf 82' lang='lat' dir='ltr'><strong>praesentem</strong></span> <span class='ocrx_word' id='word_1_536' title='bbox 3405 2556 3408 2560; x_wconf 56' lang='grc' dir='ltr'>λ</span> 
     </span>
    </p>
   </div>
   <div class='ocr_carea' id='block_1_70' title="bbox 1752 2620 3339 2708">
    <p class='ocr_par' dir='ltr' id='par_1_70' title="bbox 1752 2620 3339 2708">
     <span class='ocr_line' id='line_1_70' title="bbox 1752 2620 3339 2708; baseline -0.007 -17"><span class='ocrx_word' id='word_1_537' title='bbox 1752 2636 1934 2693; x_wconf 90' lang='lat' dir='ltr'><strong>locum</strong></span> <span class='ocrx_word' id='word_1_538' title='bbox 1980 2636 2232 2708; x_wconf 84' lang='lat' dir='ltr'><strong>pertinet,</strong></span> <span class='ocrx_word' id='word_1_539' title='bbox 2281 2650 2480 2690; x_wconf 89' lang='lat' dir='ltr'><strong>sensus</strong></span> <span class='ocrx_word' id='word_1_540' title='bbox 2512 2642 2595 2690; x_wconf 92' lang='lat' dir='ltr'><strong>est</strong></span> <span class='ocrx_word' id='word_1_541' title='bbox 2630 2620 2755 2688; x_wconf 86' lang='lat' dir='ltr'><strong>cum</strong></span> <span class='ocrx_word' id='word_1_542' title='bbox 2794 2631 2993 2687; x_wconf 90' lang='lat' dir='ltr'><strong>dicitur</strong></span> <span class='ocrx_word' id='word_1_543' title='bbox 3018 2645 3037 2683; x_wconf 89' lang='lat'><strong><em>:</em></strong></span> <span class='ocrx_word' id='word_1_544' title='bbox 3064 2627 3177 2701; x_wconf 83' lang='lat' dir='ltr'><strong>Ego</strong></span> <span class='ocrx_word' id='word_1_545' title='bbox 3219 2644 3339 2682; x_wconf 84' lang='lat' dir='ltr'><strong>sum</strong></span> 
     </span>
    </p>
   </div>
   <div class='ocr_carea' id='block_1_71' title="bbox 1752 2716 3339 2795">
    <p class='ocr_par' dir='ltr' id='par_1_71' title="bbox 1752 2716 3339 2795">
     <span class='ocr_line' id='line_1_71' title="bbox 1752 2716 3339 2795; baseline -0.008 -12"><span class='ocrx_word' id='word_1_546' title='bbox 1752 2728 1860 2795; x_wconf 73' lang='lat' dir='ltr'><strong>eia,</strong></span> <span class='ocrx_word' id='word_1_547' title='bbox 1898 2728 2091 2782; x_wconf 76' lang='lat' dir='ltr'><strong>veritas</strong></span> <span class='ocrx_word' id='word_1_548' title='bbox 2117 2735 2166 2781; x_wconf 91' lang='lat' dir='ltr'><strong>et</strong></span> <span class='ocrx_word' id='word_1_549' title='bbox 2194 2724 2323 2794; x_wconf 79' lang='lat' dir='ltr'><strong>vita,</strong></span> <span class='ocrx_word' id='word_1_550' title='bbox 2353 2724 2406 2780; x_wconf 91' lang='lat' dir='ltr'><strong>id</strong></span> <span class='ocrx_word' id='word_1_551' title='bbox 2435 2731 2540 2791; x_wconf 90' lang='lat' dir='ltr'><strong>est,</strong></span> <span class='ocrx_word' id='word_1_552' title='bbox 2570 2737 2670 2795; x_wconf 87' lang='lat' dir='ltr'><strong>ego</strong></span> <span class='ocrx_word' id='word_1_553' title='bbox 2694 2736 2817 2777; x_wconf 90' lang='lat' dir='ltr'><strong>sum</strong></span> <span class='ocrx_word' id='word_1_554' title='bbox 2847 2720 3043 2776; x_wconf 89' lang='lat' dir='ltr'><strong>ductor</strong></span> <span class='ocrx_word' id='word_1_555' title='bbox 3064 2717 3228 2774; x_wconf 88' lang='lat' dir='ltr'><strong>eundi</strong></span> <span class='ocrx_word' id='word_1_556' title='bbox 3268 2716 3339 2772; x_wconf 83' lang='lat' dir='ltr'><strong>ad</strong></span> 
     </span>
    </p>
   </div>
   <div class='ocr_carea' id='block_1_72' title="bbox 1744 2807 3339 2887">
    <p class='ocr_par' dir='ltr' id='par_1_72' title="bbox 1744 2807 3339 2887">
     <span class='ocr_line' id='line_1_72' title="bbox 1744 2807 3339 2887; baseline -0.008 -13"><span class='ocrx_word' id='word_1_557' title='bbox 1744 2818 1938 2875; x_wconf 79' lang='lat' dir='ltr'><strong>veram</strong></span> <span class='ocrx_word' id='word_1_558' title='bbox 1961 2815 2153 2883; x_wconf 87' lang='lat' dir='ltr'><strong>vitam,</strong></span> <span class='ocrx_word' id='word_1_559' title='bbox 2183 2830 2307 2887; x_wconf 79' lang='lat' dir='ltr'><strong>quae</strong></span> <span class='ocrx_word' id='word_1_560' title='bbox 2340 2828 2442 2886; x_wconf 85' lang='lat' dir='ltr'><strong>ego</strong></span> <span class='ocrx_word' id='word_1_561' title='bbox 2466 2823 2519 2869; x_wconf 87' lang='lat' dir='ltr'><strong>ct</strong></span> <span class='ocrx_word' id='word_1_562' title='bbox 2550 2812 2711 2867; x_wconf 88' lang='lat' dir='ltr'><strong>Pater</strong></span> <span class='ocrx_word' id='word_1_563' title='bbox 2738 2825 2954 2868; x_wconf 87' lang='lat' dir='ltr'><strong>sumus.</strong></span> <span class='ocrx_word' id='word_1_564' title='bbox 2982 2807 3140 2877; x_wconf 84' lang='lat' dir='ltr'><strong>Quod</strong></span> <span class='ocrx_word' id='word_1_565' title='bbox 3169 2822 3339 2879; x_wconf 79' lang='lat' dir='ltr'><strong>expo-</strong></span> 
     </span>
    </p>
   </div>
   <div class='ocr_carea' id='block_1_73' title="bbox 1752 2898 3338 2973">
    <p class='ocr_par' dir='ltr' id='par_1_73' title="bbox 1752 2898 3338 2973">
     <span class='ocr_line' id='line_1_73' title="bbox 1752 2898 3338 2973; baseline -0.008 -7"><span class='ocrx_word' id='word_1_566' title='bbox 1752 2925 1892 2966; x_wconf 89' lang='lat' dir='ltr'><strong>nens</strong></span> <span class='ocrx_word' id='word_1_567' title='bbox 1916 2907 2107 2965; x_wconf 87' lang='lat' dir='ltr'><strong>subdit</strong></span> <span class='ocrx_word' id='word_1_568' title='bbox 2133 2925 2147 2962; x_wconf 92' lang='lat'><strong>:</strong></span> <span class='ocrx_word' id='word_1_569' title='bbox 2187 2906 2358 2962; x_wconf 81' lang='lat' dir='ltr'><strong>Nemo</strong></span> <span class='ocrx_word' id='word_1_570' title='bbox 2382 2906 2518 2961; x_wconf 80' lang='lat' dir='ltr'><strong>venit</strong></span> <span class='ocrx_word' id='word_1_571' title='bbox 2545 2904 2615 2959; x_wconf 85' lang='lat' dir='ltr'><strong>ad</strong></span> <span class='ocrx_word' id='word_1_572' title='bbox 2646 2902 2865 2958; x_wconf 88' lang='lat' dir='ltr'><strong>Patrem</strong></span> <span class='ocrx_word' id='word_1_573' title='bbox 2888 2902 2989 2956; x_wconf 77' lang='lat' dir='ltr'><strong>nisi</strong></span> <span class='ocrx_word' id='word_1_574' title='bbox 3015 2917 3108 2973; x_wconf 80' lang='lat' dir='ltr'><strong>per</strong></span> <span class='ocrx_word' id='word_1_575' title='bbox 3136 2916 3234 2954; x_wconf 87' lang='lat' dir='ltr'><strong>me.</strong></span> <span class='ocrx_word' id='word_1_576' title='bbox 3260 2898 3338 2953; x_wconf 86' lang='lat' dir='ltr'><strong>Ac</strong></span> 
     </span>
    </p>
   </div>
   <div class='ocr_carea' id='block_1_74' title="bbox 1753 2991 3337 3073">
    <p class='ocr_par' dir='ltr' id='par_1_74' title="bbox 1753 2991 3337 3073">
     <span class='ocr_line' id='line_1_74' title="bbox 1753 2991 3337 3073; baseline -0.009 -15"><span class='ocrx_word' id='word_1_577' title='bbox 1753 3002 1799 3059; x_wconf 89' lang='lat' dir='ltr'><strong>si</strong></span> <span class='ocrx_word' id='word_1_578' title='bbox 1825 3012 2011 3073; x_wconf 83' lang='lat' dir='ltr'><strong>aperte</strong></span> <span class='ocrx_word' id='word_1_579' title='bbox 2035 3000 2182 3057; x_wconf 85' lang='lat' dir='ltr'><strong>dicat</strong></span> <span class='ocrx_word' id='word_1_580' title='bbox 2208 3018 2221 3054; x_wconf 92' lang='lat'><strong>:</strong></span> <span class='ocrx_word' id='word_1_581' title='bbox 2262 2997 2436 3055; x_wconf 86' lang='lat' dir='ltr'><strong>Nemo</strong></span> <span class='ocrx_word' id='word_1_582' title='bbox 2455 2996 2607 3055; x_wconf 88' lang='lat' dir='ltr'><strong>venit</strong></span> <span class='ocrx_word' id='word_1_583' title='bbox 2632 2994 2700 3051; x_wconf 90' lang='lat' dir='ltr'><strong>ad</strong></span> <span class='ocrx_word' id='word_1_584' title='bbox 2728 2994 2944 3051; x_wconf 88' lang='lat' dir='ltr'><strong>beatam</strong></span> <span class='ocrx_word' id='word_1_585' title='bbox 2971 2991 3337 3065; x_wconf 88' lang='lat' dir='ltr'><strong>cognitionem</strong></span> 
     </span>
    </p>
   </div>
   <div class='ocr_carea' id='block_1_75' title="bbox 1750 3082 3340 3159">
    <p class='ocr_par' dir='ltr' id='par_1_75' title="bbox 1750 3082 3340 3159">
     <span class='ocr_line' id='line_1_75' title="bbox 1750 3082 3340 3159; baseline -0.01 -8"><span class='ocrx_word' id='word_1_586' title='bbox 1750 3104 1805 3151; x_wconf 87' lang='lat' dir='ltr'><strong>et</strong></span> <span class='ocrx_word' id='word_1_587' title='bbox 1843 3094 2109 3151; x_wconf 80' lang='lat' dir='ltr'><strong>visionem</strong></span> <span class='ocrx_word' id='word_1_588' title='bbox 2144 3091 2240 3147; x_wconf 89' lang='lat' dir='ltr'><strong>Dei</strong></span> <span class='ocrx_word' id='word_1_589' title='bbox 2276 3088 2479 3157; x_wconf 85' lang='lat' dir='ltr'><strong>Patris,</strong></span> <span class='ocrx_word' id='word_1_590' title='bbox 2516 3088 2623 3145; x_wconf 90' lang='lat' dir='ltr'><strong>nisi</strong></span> <span class='ocrx_word' id='word_1_591' title='bbox 2657 3102 2751 3159; x_wconf 91' lang='lat' dir='ltr'><strong>per</strong></span> <span class='ocrx_word' id='word_1_592' title='bbox 2784 3102 2871 3143; x_wconf 86' lang='lat' dir='ltr'><strong>me</strong></span> <span class='ocrx_word' id='word_1_593' title='bbox 2912 3085 3216 3150; x_wconf 89' lang='lat' dir='ltr'><strong>ductorem,</strong></span> <span class='ocrx_word' id='word_1_594' title='bbox 3253 3082 3340 3137; x_wconf 70' lang='lat' dir='ltr'><strong>ni»</strong></span> 
     </span>
    </p>
   </div>
   <div class='ocr_carea' id='block_1_76' title="bbox 1753 3176 3338 3259">
    <p class='ocr_par' dir='ltr' id='par_1_76' title="bbox 1753 3176 3338 3259">
     <span class='ocr_line' id='line_1_76' title="bbox 1753 3176 3338 3259; baseline -0.01 -16"><span class='ocrx_word' id='word_1_595' title='bbox 1753 3187 1801 3243; x_wconf 88' lang='lat' dir='ltr'><strong>si</strong></span> <span class='ocrx_word' id='word_1_596' title='bbox 1841 3202 1938 3259; x_wconf 90' lang='lat' dir='ltr'><strong>per</strong></span> <span class='ocrx_word' id='word_1_597' title='bbox 1975 3186 2084 3243; x_wconf 88' lang='lat' dir='ltr'><strong>mei</strong></span> <span class='ocrx_word' id='word_1_598' title='bbox 2125 3183 2515 3255; x_wconf 81' lang='lat' dir='ltr'><strong>cognitionem,</strong></span> <span class='ocrx_word' id='word_1_599' title='bbox 2549 3178 2883 3250; x_wconf 79' lang='lat' dir='ltr'><strong>exemplum,</strong></span> <span class='ocrx_word' id='word_1_600' title='bbox 2911 3176 3243 3239; x_wconf 80' lang='lat' dir='ltr'><strong>doctrinam,</strong></span> <span class='ocrx_word' id='word_1_601' title='bbox 3282 3181 3338 3228; x_wconf 89' lang='lat' dir='ltr'><strong>ct</strong></span> 
     </span>
    </p>
   </div>
   <div class='ocr_carea' id='block_1_77' title="bbox 1752 3267 3340 3337">
    <p class='ocr_par' dir='ltr' id='par_1_77' title="bbox 1752 3267 3340 3337">
     <span class='ocr_line' id='line_1_77' title="bbox 1752 3267 3340 3337; baseline -0.008 -6"><span class='ocrx_word' id='word_1_602' title='bbox 1752 3276 2038 3331; x_wconf 74' lang='lat' dir='ltr'><strong>auxilium.</strong></span> <span class='ocrx_word' id='word_1_603' title='bbox 2066 3271 2112 3330; x_wconf 92' lang='grc'>0</span> <span class='ocrx_word' id='word_1_604' title='bbox 2138 3272 2371 3329; x_wconf 91' lang='lat' dir='ltr'><strong>Domine</strong></span> <span class='ocrx_word' id='word_1_605' title='bbox 2405 3269 2534 3328; x_wconf 85' lang='lat' dir='ltr'><strong>Jesu</strong></span> <span class='ocrx_word' id='word_1_606' title='bbox 2560 3269 2799 3337; x_wconf 91' lang='lat' dir='ltr'><strong>Christe,</strong></span> <span class='ocrx_word' id='word_1_607' title='bbox 2837 3279 2897 3324; x_wconf 93' lang='lat' dir='ltr'><strong>ut</strong></span> <span class='ocrx_word' id='word_1_608' title='bbox 2934 3268 3001 3324; x_wconf 90' lang='lat' dir='ltr'><strong>ad</strong></span> <span class='ocrx_word' id='word_1_609' title='bbox 3030 3267 3247 3324; x_wconf 88' lang='lat' dir='ltr'><strong>beatam</strong></span> <span class='ocrx_word' id='word_1_610' title='bbox 3283 3272 3340 3319; x_wconf 87' lang='lat' dir='ltr'><strong>et</strong></span> 
     </span>
    </p>
   </div>
   <div class='ocr_carea' id='block_1_78' title="bbox 1750 3356 3338 3429">
    <p class='ocr_par' dir='ltr' id='par_1_78' title="bbox 1750 3356 3338 3429">
     <span class='ocr_line' id='line_1_78' title="bbox 1750 3356 3338 3429; baseline -0.009 -4"><span class='ocrx_word' id='word_1_611' title='bbox 1750 3365 2167 3425; x_wconf 87' lang='lat' dir='ltr'><strong>desiderabilem</strong></span> <span class='ocrx_word' id='word_1_612' title='bbox 2198 3363 2294 3420; x_wconf 87' lang='lat' dir='ltr'><strong>Dei</strong></span> <span class='ocrx_word' id='word_1_613' title='bbox 2335 3361 2515 3419; x_wconf 87' lang='lat' dir='ltr'><strong>Patris</strong></span> <span class='ocrx_word' id='word_1_614' title='bbox 2548 3369 2604 3417; x_wconf 93' lang='lat' dir='ltr'><strong>et</strong></span> <span class='ocrx_word' id='word_1_615' title='bbox 2634 3361 2713 3418; x_wconf 92' lang='lat' dir='ltr'><strong>tui</strong></span> <span class='ocrx_word' id='word_1_616' title='bbox 2734 3361 3003 3417; x_wconf 90' lang='lat' dir='ltr'><strong>visionem</strong></span> <span class='ocrx_word' id='word_1_617' title='bbox 3052 3356 3338 3429; x_wconf 84' lang='lat' dir='ltr'><strong>pervenire</strong></span> 
     </span>
    </p>
   </div>
   <div class='ocr_carea' id='block_1_79' title="bbox 1749 3449 3333 3530">
    <p class='ocr_par' dir='ltr' id='par_1_79' title="bbox 1749 3449 3333 3530">
     <span class='ocr_line' id='line_1_79' title="bbox 1749 3449 3333 3530; baseline -0.008 -15"><span class='ocrx_word' id='word_1_618' title='bbox 1749 3460 2052 3528; x_wconf 87' lang='lat' dir='ltr'><strong>valeamus,</strong></span> <span class='ocrx_word' id='word_1_619' title='bbox 2075 3457 2145 3514; x_wconf 88' lang='lat' dir='ltr'><strong>da</strong></span> <span class='ocrx_word' id='word_1_620' title='bbox 2172 3455 2329 3513; x_wconf 90' lang='lat' dir='ltr'><strong>nobis</strong></span> <span class='ocrx_word' id='word_1_621' title='bbox 2357 3455 2619 3513; x_wconf 87' lang='lat' dir='ltr'><strong>ducatum</strong></span> <span class='ocrx_word' id='word_1_622' title='bbox 2644 3462 2821 3520; x_wconf 90' lang='lat' dir='ltr'><strong>tuum,</strong></span> <span class='ocrx_word' id='word_1_623' title='bbox 2848 3451 2918 3507; x_wconf 89' lang='lat' dir='ltr'><strong>da</strong></span> <span class='ocrx_word' id='word_1_624' title='bbox 2943 3449 3103 3530; x_wconf 89' lang='lat' dir='ltr'><strong>nobis</strong></span> <span class='ocrx_word' id='word_1_625' title='bbox 3128 3450 3206 3505; x_wconf 89' lang='lat' dir='ltr'><strong>tui</strong></span> <span class='ocrx_word' id='word_1_626' title='bbox 3238 3464 3333 3504; x_wconf 90' lang='lat' dir='ltr'><strong>co-</strong></span> 
     </span>
    </p>
   </div>
   <div class='ocr_carea' id='block_1_80' title="bbox 1751 3541 3337 3624">
    <p class='ocr_par' dir='ltr' id='par_1_80' title="bbox 1751 3541 3337 3624">
     <span class='ocr_line' id='line_1_80' title="bbox 1751 3541 3337 3624; baseline -0.009 -17"><span class='ocrx_word' id='word_1_627' title='bbox 1751 3551 2072 3624; x_wconf 86' lang='lat' dir='ltr'><strong>gnitionem,</strong></span> <span class='ocrx_word' id='word_1_628' title='bbox 2102 3549 2172 3604; x_wconf 90' lang='lat' dir='ltr'><strong>da</strong></span> <span class='ocrx_word' id='word_1_629' title='bbox 2217 3547 2380 3603; x_wconf 91' lang='lat' dir='ltr'><strong>nobis</strong></span> <span class='ocrx_word' id='word_1_630' title='bbox 2416 3544 2573 3618; x_wconf 88' lang='lat' dir='ltr'><strong>sequi</strong></span> <span class='ocrx_word' id='word_1_631' title='bbox 2611 3543 2921 3616; x_wconf 79' lang='lat' dir='ltr'><strong>exemplum</strong></span> <span class='ocrx_word' id='word_1_632' title='bbox 2951 3552 3005 3599; x_wconf 92' lang='lat' dir='ltr'><strong>ct</strong></span> <span class='ocrx_word' id='word_1_633' title='bbox 3029 3541 3337 3597; x_wconf 86' lang='lat' dir='ltr'><strong>doctrinam</strong></span> 
     </span>
    </p>
   </div>
   <div class='ocr_carea' id='block_1_81' title="bbox 1751 3631 3337 3708">
    <p class='ocr_par' dir='ltr' id='par_1_81' title="bbox 1751 3631 3337 3708">
     <span class='ocr_line' id='line_1_81' title="bbox 1751 3631 3337 3708; baseline -0.009 -9"><span class='ocrx_word' id='word_1_634' title='bbox 1751 3651 1927 3708; x_wconf 88' lang='lat' dir='ltr'><strong>tuam,</strong></span> <span class='ocrx_word' id='word_1_635' title='bbox 1948 3640 2018 3699; x_wconf 89' lang='lat' dir='ltr'><strong>da</strong></span> <span class='ocrx_word' id='word_1_636' title='bbox 2040 3639 2198 3696; x_wconf 89' lang='lat' dir='ltr'><strong>nobis</strong></span> <span class='ocrx_word' id='word_1_637' title='bbox 2217 3653 2412 3695; x_wconf 90' lang='lat' dir='ltr'><strong>manus</strong></span> <span class='ocrx_word' id='word_1_638' title='bbox 2437 3646 2543 3694; x_wconf 70' lang='lat' dir='ltr'><strong>tuae</strong></span> <span class='ocrx_word' id='word_1_639' title='bbox 2564 3635 3000 3707; x_wconf 88' lang='lat' dir='ltr'><strong>opitulationem.</strong></span> <span class='ocrx_word' id='word_1_640' title='bbox 3027 3632 3089 3687; x_wconf 76' lang='lat' dir='ltr'><strong>Et</strong></span> <span class='ocrx_word' id='word_1_641' title='bbox 3114 3631 3337 3704; x_wconf 86' lang='lat' dir='ltr'><strong>quidem</strong></span> 
     </span>
    </p>
   </div>
   <div class='ocr_carea' id='block_1_82' title="bbox 1749 3728 3340 3803">
    <p class='ocr_par' dir='ltr' id='par_1_82' title="bbox 1749 3728 3340 3803">
     <span class='ocr_line' id='line_1_82' title="bbox 1749 3728 3340 3803; baseline -0.009 -12"><span class='ocrx_word' id='word_1_642' title='bbox 1749 3732 2072 3791; x_wconf 90' lang='lat' dir='ltr'><strong>tardiusculi</strong></span> <span class='ocrx_word' id='word_1_643' title='bbox 2111 3747 2325 3799; x_wconf 87' lang='lat' dir='ltr'><strong>sumus,</strong></span> <span class='ocrx_word' id='word_1_644' title='bbox 2372 3728 2623 3796; x_wconf 87' lang='lat' dir='ltr'><strong>Domine,</strong></span> <span class='ocrx_word' id='word_1_645' title='bbox 2664 3736 2848 3803; x_wconf 89' lang='lat' dir='ltr'><strong>utpote</strong></span> <span class='ocrx_word' id='word_1_646' title='bbox 2898 3742 3039 3801; x_wconf 87' lang='lat' dir='ltr'><strong>quos</strong></span> <span class='ocrx_word' id='word_1_647' title='bbox 3079 3732 3340 3798; x_wconf 83' lang='lat' dir='ltr'><strong>aggravat</strong></span> 
     </span>
    </p>
   </div>
   <div class='ocr_carea' id='block_1_83' title="bbox 1750 3817 3339 3892">
    <p class='ocr_par' dir='ltr' id='par_1_83' title="bbox 1750 3817 3339 3892">
     <span class='ocr_line' id='line_1_83' title="bbox 1750 3817 3339 3892; baseline -0.007 -11"><span class='ocrx_word' id='word_1_648' title='bbox 1750 3825 2075 3882; x_wconf 90' lang='lat' dir='ltr'><strong>inbabitatio</strong></span> <span class='ocrx_word' id='word_1_649' title='bbox 2114 3832 2170 3881; x_wconf 89' lang='lat' dir='ltr'><strong>et</strong></span> <span class='ocrx_word' id='word_1_650' title='bbox 2218 3823 2437 3880; x_wconf 87' lang='lat' dir='ltr'><strong>miseria</strong></span> <span class='ocrx_word' id='word_1_651' title='bbox 2481 3821 2809 3892; x_wconf 59' lang='lat' dir='ltr'><strong>corporalis,</strong></span> <span class='ocrx_word' id='word_1_652' title='bbox 2852 3817 2985 3886; x_wconf 88' lang='lat' dir='ltr'><strong>Sed,</strong></span> <span class='ocrx_word' id='word_1_653' title='bbox 3021 3828 3101 3886; x_wconf 92' lang='lat' dir='ltr'><strong>tu,</strong></span> <span class='ocrx_word' id='word_1_654' title='bbox 3133 3837 3152 3869; x_wconf 76' lang='grc' dir='ltr'><strong>ι</strong></span> <span class='ocrx_word' id='word_1_655' title='bbox 3182 3817 3339 3872; x_wconf 85' lang='lat' dir='ltr'><strong>trahe</strong></span> 
     </span>
    </p>
   </div>
   <div class='ocr_carea' id='block_1_84' title="bbox 1752 3911 3338 3987">
    <p class='ocr_par' dir='ltr' id='par_1_84' title="bbox 1752 3911 3338 3987">
     <span class='ocr_line' id='line_1_84' title="bbox 1752 3911 3338 3987; baseline -0.005 -17"><span class='ocrx_word' id='word_1_656' title='bbox 1752 3931 1854 3971; x_wconf 90' lang='lat' dir='ltr'><strong>nos</strong></span> <span class='ocrx_word' id='word_1_657' title='bbox 1889 3925 2013 3987; x_wconf 89' lang='lat' dir='ltr'><strong>post</strong></span> <span class='ocrx_word' id='word_1_658' title='bbox 2054 3924 2129 3981; x_wconf 89' lang='lat' dir='ltr'><strong>te,</strong></span> <span class='ocrx_word' id='word_1_659' title='bbox 2172 3922 2223 3970; x_wconf 91' lang='lat' dir='ltr'><strong>et</strong></span> <span class='ocrx_word' id='word_1_660' title='bbox 2267 3928 2556 3971; x_wconf 88' lang='lat' dir='ltr'><strong>curremus</strong></span> <span class='ocrx_word' id='word_1_661' title='bbox 2607 3911 2661 3967; x_wconf 90' lang='lat' dir='ltr'><strong>iu</strong></span> <span class='ocrx_word' id='word_1_662' title='bbox 2706 3911 2939 3981; x_wconf 25' lang='lat' dir='ltr'><strong>odorem,</strong></span> <span class='ocrx_word' id='word_1_663' title='bbox 2972 3919 3338 3983; x_wconf 77' lang='lat' dir='ltr'><strong>ungcutorum</strong></span> 
     </span>
    </p>
   </div>
   <div class='ocr_carea' id='block_1_85' title="bbox 1752 4002 3340 4079">
    <p class='ocr_par' dir='ltr' id='par_1_85' title="bbox 1752 4002 3340 4079">
     <span class='ocr_line' id='line_1_85' title="bbox 1752 4002 3340 4079; baseline -0.006 -16"><span class='ocrx_word' id='word_1_664' title='bbox 1752 4016 1973 4063; x_wconf 88' lang='lat' dir='ltr'><strong>tuorum</strong></span> <span class='ocrx_word' id='word_1_665' title='bbox 2004 4006 2237 4079; x_wconf 76' lang='lat' dir='ltr'><strong>(Cautio.</strong></span> <span class='ocrx_word' id='word_1_666' title='bbox 2266 4005 2326 4078; x_wconf 88' lang='grc' dir='ltr'><strong>ι).</strong></span> <span class='ocrx_word' id='word_1_667' title='bbox 2361 4025 2379 4058; x_wconf 82' lang='grc' dir='ltr'><strong>ι</strong></span> <span class='ocrx_word' id='word_1_668' title='bbox 2422 4003 2482 4063; x_wconf 83' lang='lat' dir='ltr'><strong>Si</strong></span> <span class='ocrx_word' id='word_1_669' title='bbox 2517 4003 2889 4076; x_wconf 82' lang='lat' dir='ltr'><strong>cognovissetis</strong></span> <span class='ocrx_word' id='word_1_670' title='bbox 2918 4002 3243 4076; x_wconf 71' lang='lat' dir='ltr'><strong>me,inquit,</strong></span> <span class='ocrx_word' id='word_1_671' title='bbox 3288 4009 3340 4055; x_wconf 87' lang='lat' dir='ltr'><strong>et</strong></span> 
     </span>
    </p>
   </div>
   <div class='ocr_carea' id='block_1_86' title="bbox 1752 4093 3339 4170">
    <p class='ocr_par' dir='ltr' id='par_1_86' title="bbox 1752 4093 3339 4170">
     <span class='ocr_line' id='line_1_86' title="bbox 1752 4093 3339 4170; baseline -0.005 -14"><span class='ocrx_word' id='word_1_672' title='bbox 1752 4099 1972 4156; x_wconf 86' lang='lat' dir='ltr'><strong>Patrem</strong></span> <span class='ocrx_word' id='word_1_673' title='bbox 1996 4114 2170 4155; x_wconf 80' lang='lat' dir='ltr'><strong>meum</strong></span> <span class='ocrx_word' id='word_1_674' title='bbox 2195 4098 2373 4170; x_wconf 82' lang='lat' dir='ltr'><strong>utique</strong></span> <span class='ocrx_word' id='word_1_675' title='bbox 2402 4096 2790 4169; x_wconf 78' lang='lat' dir='ltr'><strong>cognoriss&#39;etis.</strong></span> <span class='ocrx_word' id='word_1_676' title='bbox 2825 4093 2902 4155; x_wconf 70' lang='lat' dir='ltr'><strong>Ex</strong></span> <span class='ocrx_word' id='word_1_677' title='bbox 2926 4094 3131 4166; x_wconf 87' lang='lat' dir='ltr'><strong>duplici</strong></span> <span class='ocrx_word' id='word_1_678' title='bbox 3169 4094 3339 4148; x_wconf 84' lang='lat' dir='ltr'><strong>ratio-</strong></span> 
     </span>
    </p>
   </div>
   <div class='ocr_carea' id='block_1_87' title="bbox 1753 4185 3343 4267">
    <p class='ocr_par' dir='ltr' id='par_1_87' title="bbox 1753 4185 3343 4267">
     <span class='ocr_line' id='line_1_87' title="bbox 1753 4185 3343 4267; baseline -0.005 -19"><span class='ocrx_word' id='word_1_679' title='bbox 1753 4208 1822 4248; x_wconf 91' lang='lat' dir='ltr'><strong>ne</strong></span> <span class='ocrx_word' id='word_1_680' title='bbox 1842 4190 2039 4263; x_wconf 91' lang='lat' dir='ltr'><strong>accipit</strong></span> <span class='ocrx_word' id='word_1_681' title='bbox 2060 4191 2377 4247; x_wconf 62' lang='lat' dir='ltr'><strong>consecutio</strong></span> <span class='ocrx_word' id='word_1_682' title='bbox 2418 4189 2524 4246; x_wconf 88' lang='lat' dir='ltr'><strong>ista</strong></span> <span class='ocrx_word' id='word_1_683' title='bbox 2566 4187 2969 4267; x_wconf 81' lang='lat' dir='ltr'><strong>necessitatem,</strong></span> <span class='ocrx_word' id='word_1_684' title='bbox 3007 4185 3257 4242; x_wconf 84' lang='lat' dir='ltr'><strong>videlicet</strong></span> <span class='ocrx_word' id='word_1_685' title='bbox 3287 4195 3343 4240; x_wconf 92' lang='lat' dir='ltr'><strong>et</strong></span> 
     </span>
    </p>
   </div>
   <div class='ocr_carea' id='block_1_88' title="bbox 1743 4278 3343 4350">
    <p class='ocr_par' dir='ltr' id='par_1_88' title="bbox 1743 4278 3343 4350">
     <span class='ocr_line' id='line_1_88' title="bbox 1743 4278 3343 4350; baseline -0.008 -6"><span class='ocrx_word' id='word_1_686' title='bbox 1743 4301 1819 4345; x_wconf 77' lang='lat' dir='ltr'><strong>.ex</strong></span> <span class='ocrx_word' id='word_1_687' title='bbox 1842 4284 2054 4341; x_wconf 89' lang='lat' dir='ltr'><strong>ratione</strong></span> <span class='ocrx_word' id='word_1_688' title='bbox 2072 4282 2376 4350; x_wconf 88' lang='lat' dir='ltr'><strong>relationis,</strong></span> <span class='ocrx_word' id='word_1_689' title='bbox 2418 4290 2473 4341; x_wconf 91' lang='lat' dir='ltr'><strong>et</strong></span> <span class='ocrx_word' id='word_1_690' title='bbox 2510 4297 2578 4339; x_wconf 81' lang='lat' dir='ltr'><strong>ex</strong></span> <span class='ocrx_word' id='word_1_691' title='bbox 2616 4281 2830 4341; x_wconf 85' lang='lat' dir='ltr'><strong>ratione</strong></span> <span class='ocrx_word' id='word_1_692' title='bbox 2865 4278 3343 4338; x_wconf 87' lang='lat' dir='ltr'><strong>consubstantiali-</strong></span> 
     </span>
    </p>
   </div>
   <div class='ocr_carea' id='block_1_89' title="bbox 1748 4370 3343 4457">
    <p class='ocr_par' dir='ltr' id='par_1_89' title="bbox 1748 4370 3343 4457">
     <span class='ocr_line' id='line_1_89' title="bbox 1748 4370 3343 4457; baseline -0.008 -21"><span class='ocrx_word' id='word_1_693' title='bbox 1748 4379 1905 4457; x_wconf 80' lang='lat' dir='ltr'><strong>tatis.</strong></span> <span class='ocrx_word' id='word_1_694' title='bbox 1939 4374 2102 4434; x_wconf 87' lang='lat' dir='ltr'><strong>Pater</strong></span> <span class='ocrx_word' id='word_1_695' title='bbox 2122 4377 2269 4433; x_wconf 90' lang='lat' dir='ltr'><strong>enim</strong></span> <span class='ocrx_word' id='word_1_696' title='bbox 2295 4385 2350 4432; x_wconf 90' lang='lat' dir='ltr'><strong>et</strong></span> <span class='ocrx_word' id='word_1_697' title='bbox 2380 4373 2552 4436; x_wconf 86' lang='lat' dir='ltr'><strong>Filius</strong></span> <span class='ocrx_word' id='word_1_698' title='bbox 2572 4384 2702 4430; x_wconf 88' lang='lat' dir='ltr'><strong>sunt</strong></span> <span class='ocrx_word' id='word_1_699' title='bbox 2726 4372 2972 4440; x_wconf 84' lang='lat' dir='ltr'><strong>relativa,</strong></span> <span class='ocrx_word' id='word_1_700' title='bbox 2989 4380 3045 4428; x_wconf 89' lang='lat' dir='ltr'><strong>et</strong></span> <span class='ocrx_word' id='word_1_701' title='bbox 3067 4370 3197 4443; x_wconf 81' lang='lat' dir='ltr'><strong>ideo</strong></span> <span class='ocrx_word' id='word_1_702' title='bbox 3213 4377 3343 4425; x_wconf 90' lang='lat' dir='ltr'><strong>sunt</strong></span> 
     </span>
    </p>
   </div>
   <div class='ocr_carea' id='block_1_90' title="bbox 1758 4463 3344 4543">
    <p class='ocr_par' dir='ltr' id='par_1_90' title="bbox 1758 4463 3344 4543">
     <span class='ocr_line' id='line_1_90' title="bbox 1758 4463 3344 4543; baseline -0.009 -11"><span class='ocrx_word' id='word_1_703' title='bbox 1758 4473 1965 4532; x_wconf 86' lang='lat' dir='ltr'><strong>similes</strong></span> <span class='ocrx_word' id='word_1_704' title='bbox 1994 4481 2189 4528; x_wconf 87' lang='lat' dir='ltr'><strong>natura</strong></span> <span class='ocrx_word' id='word_1_705' title='bbox 2217 4479 2272 4526; x_wconf 93' lang='lat' dir='ltr'><strong>ct</strong></span> <span class='ocrx_word' id='word_1_706' title='bbox 2295 4468 2632 4543; x_wconf 85' lang='lat' dir='ltr'><strong>cognitione.</strong></span> <span class='ocrx_word' id='word_1_707' title='bbox 2664 4465 2876 4524; x_wconf 79' lang='lat' dir='ltr'><strong>Rursus</strong></span> <span class='ocrx_word' id='word_1_708' title='bbox 2903 4465 3048 4521; x_wconf 89' lang='lat' dir='ltr'><strong>Deus</strong></span> <span class='ocrx_word' id='word_1_709' title='bbox 3075 4463 3255 4530; x_wconf 79' lang='lat' dir='ltr'><strong>Pater,</strong></span> <span class='ocrx_word' id='word_1_710' title='bbox 3287 4474 3344 4518; x_wconf 89' lang='lat' dir='ltr'><strong>et</strong></span> 
     </span>
    </p>
   </div>
   <div class='ocr_carea' id='block_1_91' title="bbox 28 4548 3341 4627">
    <p class='ocr_par' dir='ltr' id='par_1_91' title="bbox 28 4548 3341 4627">
     <span class='ocr_line' id='line_1_91' title="bbox 28 4548 3341 4627; baseline 0.001 -22"><span class='ocrx_word' id='word_1_711' title='bbox 28 4548 156 4606; x_wconf 73' lang='lat' dir='ltr'><strong>viam</strong></span> <span class='ocrx_word' id='word_1_712' title='bbox 199 4552 448 4612; x_wconf 85' lang='lat' dir='ltr'><strong>Christo</strong></span> <span class='ocrx_word' id='word_1_713' title='bbox 493 4554 567 4611; x_wconf 89' lang='lat' dir='ltr'><strong>in</strong></span> <span class='ocrx_word' id='word_1_714' title='bbox 615 4569 769 4622; x_wconf 88' lang='lat' dir='ltr'><strong>aera,</strong></span> <span class='ocrx_word' id='word_1_715' title='bbox 797 4562 852 4610; x_wconf 90' lang='lat' dir='ltr'><strong>et</strong></span> <span class='ocrx_word' id='word_1_716' title='bbox 889 4554 971 4611; x_wconf 88' lang='lat' dir='ltr'><strong>sic</strong></span> <span class='ocrx_word' id='word_1_717' title='bbox 1006 4570 1221 4625; x_wconf 86' lang='lat' dir='ltr'><strong>semper</strong></span> <span class='ocrx_word' id='word_1_718' title='bbox 1248 4570 1376 4611; x_wconf 89' lang='lat' dir='ltr'><strong>cum</strong></span> <span class='ocrx_word' id='word_1_719' title='bbox 1420 4553 1653 4613; x_wconf 84' lang='lat' dir='ltr'><strong>Domino</strong></span> <span class='ocrx_word' id='word_1_720' title='bbox 1680 4552 1731 4619; x_wconf 86' lang='lat' dir='ltr'><strong>D</strong></span> <span class='ocrx_word' id='word_1_721' title='bbox 1758 4565 1900 4622; x_wconf 88' lang='lat' dir='ltr'><strong>Deus</strong></span> <span class='ocrx_word' id='word_1_722' title='bbox 1928 4563 2100 4621; x_wconf 85' lang='lat' dir='ltr'><strong>Filius</strong></span> <span class='ocrx_word' id='word_1_723' title='bbox 2123 4570 2254 4621; x_wconf 89' lang='lat' dir='ltr'><strong>sunt</strong></span> <span class='ocrx_word' id='word_1_724' title='bbox 2282 4578 2395 4619; x_wconf 90' lang='lat' dir='ltr'><strong>non</strong></span> <span class='ocrx_word' id='word_1_725' title='bbox 2418 4561 2596 4619; x_wconf 90' lang='lat' dir='ltr'><strong>solum</strong></span> <span class='ocrx_word' id='word_1_726' title='bbox 2628 4560 2857 4626; x_wconf 89' lang='lat' dir='ltr'><strong>similes,</strong></span> <span class='ocrx_word' id='word_1_727' title='bbox 2889 4558 2981 4615; x_wconf 89' lang='lat' dir='ltr'><strong>sed</strong></span> <span class='ocrx_word' id='word_1_728' title='bbox 3003 4557 3169 4613; x_wconf 88' lang='lat' dir='ltr'><strong>etiam</strong></span> <span class='ocrx_word' id='word_1_729' title='bbox 3193 4554 3341 4627; x_wconf 41' lang='lat' dir='ltr'><strong>ejus.-</strong></span> 
     </span>
    </p>
   </div>
   <div class='ocr_carea' id='block_1_92' title="bbox 19 4642 1647 4717">
    <p class='ocr_par' dir='ltr' id='par_1_92' title="bbox 19 4642 1647 4717">
     <span class='ocr_line' id='line_1_92' title="bbox 19 4642 1647 4717; baseline 0.005 -23"><span class='ocrx_word' id='word_1_730' title='bbox 19 4642 214 4700; x_wconf 86' lang='lat' dir='ltr'><strong>erimus</strong></span> <span class='ocrx_word' id='word_1_731' title='bbox 244 4644 308 4717; x_wconf 84' lang='lat' dir='ltr'><strong>(I</strong></span> <span class='ocrx_word' id='word_1_732' title='bbox 345 4645 598 4714; x_wconf 75' lang='lat' dir='ltr'><strong>Thess.,</strong></span> <span class='ocrx_word' id='word_1_733' title='bbox 624 4644 724 4716; x_wconf 86' lang='lat' dir='ltr'><strong>tv).</strong></span> <span class='ocrx_word' id='word_1_734' title='bbox 760 4664 781 4699; x_wconf 84' lang='lat' dir='ltr'><strong>s</strong></span> <span class='ocrx_word' id='word_1_735' title='bbox 810 4644 878 4701; x_wconf 87' lang='lat' dir='ltr'><strong>Et</strong></span> <span class='ocrx_word' id='word_1_736' title='bbox 900 4645 1108 4702; x_wconf 81' lang='lat' dir='ltr'><strong>hocest</strong></span> <span class='ocrx_word' id='word_1_737' title='bbox 1125 4645 1275 4716; x_wconf 90' lang='lat' dir='ltr'><strong>quod</strong></span> <span class='ocrx_word' id='word_1_738' title='bbox 1301 4645 1393 4701; x_wconf 88' lang='lat' dir='ltr'><strong>hic</strong></span> <span class='ocrx_word' id='word_1_739' title='bbox 1415 4646 1647 4702; x_wconf 87' lang='lat' dir='ltr'><strong>dicitur:</strong></span> 
     </span>
    </p>
   </div>
   <div class='ocr_carea' id='block_1_93' title="bbox 22 4729 1655 4809">
    <p class='ocr_par' dir='ltr' id='par_1_93' title="bbox 22 4729 1655 4809">
     <span class='ocr_line' id='line_1_93' title="bbox 22 4729 1655 4809; baseline 0.004 -24"><span class='ocrx_word' id='word_1_740' title='bbox 22 4729 81 4786; x_wconf 77' lang='lat' dir='ltr'><strong>Et</strong></span> <span class='ocrx_word' id='word_1_741' title='bbox 97 4737 382 4809; x_wconf 76' lang='lat' dir='ltr'><strong>accipiam</strong></span> <span class='ocrx_word' id='word_1_742' title='bbox 404 4754 513 4794; x_wconf 75' lang='lat' dir='ltr'><strong>vos</strong></span> <span class='ocrx_word' id='word_1_743' title='bbox 539 4737 621 4793; x_wconf 84' lang='lat' dir='ltr'><strong>ad</strong></span> <span class='ocrx_word' id='word_1_744' title='bbox 643 4737 918 4808; x_wconf 81' lang='lat' dir='ltr'><strong>meipsstm,</strong></span> <span class='ocrx_word' id='word_1_745' title='bbox 937 4745 993 4791; x_wconf 84' lang='lat' dir='ltr'><strong>stt</strong></span> <span class='ocrx_word' id='word_1_746' title='bbox 1023 4736 1115 4791; x_wconf 75' lang='lat' dir='ltr'><strong>ubi</strong></span> <span class='ocrx_word' id='word_1_747' title='bbox 1135 4752 1228 4808; x_wconf 86' lang='lat' dir='ltr'><strong>ego</strong></span> <span class='ocrx_word' id='word_1_748' title='bbox 1246 4752 1385 4804; x_wconf 83' lang='lat' dir='ltr'><strong>sum,</strong></span> <span class='ocrx_word' id='word_1_749' title='bbox 1402 4745 1452 4791; x_wconf 89' lang='lat' dir='ltr'><strong>et</strong></span> <span class='ocrx_word' id='word_1_750' title='bbox 1476 4753 1563 4792; x_wconf 81' lang='lat' dir='ltr'><strong>vos</strong></span> <span class='ocrx_word' id='word_1_751' title='bbox 1585 4737 1655 4792; x_wconf 87' lang='lat' dir='ltr'><strong>si-</strong></span> 
     </span>
    </p>
   </div>
   <div class='ocr_carea' id='block_1_94' title="bbox 22 4828 1653 4901">
    <p class='ocr_par' dir='ltr' id='par_1_94' title="bbox 22 4828 1653 4901">
     <span class='ocr_line' id='line_1_94' title="bbox 22 4828 1653 4901; baseline 0.005 -22"><span class='ocrx_word' id='word_1_752' title='bbox 22 4828 91 4882; x_wconf 60' lang='lat' dir='ltr'><strong>ris.</strong></span> <span class='ocrx_word' id='word_1_753' title='bbox 120 4828 245 4885; x_wconf 81' lang='lat' dir='ltr'><strong>Non</strong></span> <span class='ocrx_word' id='word_1_754' title='bbox 285 4832 401 4900; x_wconf 88' lang='lat' dir='ltr'><strong>ait,</strong></span> <span class='ocrx_word' id='word_1_755' title='bbox 440 4830 557 4886; x_wconf 86' lang='lat' dir='ltr'><strong>ubi</strong></span> <span class='ocrx_word' id='word_1_756' title='bbox 588 4843 692 4901; x_wconf 91' lang='lat' dir='ltr'><strong>ego</strong></span> <span class='ocrx_word' id='word_1_757' title='bbox 718 4843 835 4896; x_wconf 89' lang='lat' dir='ltr'><strong>ero,</strong></span> <span class='ocrx_word' id='word_1_758' title='bbox 864 4828 961 4887; x_wconf 88' lang='lat' dir='ltr'><strong>sed</strong></span> <span class='ocrx_word' id='word_1_759' title='bbox 989 4830 1078 4885; x_wconf 87' lang='lat' dir='ltr'><strong>ubi</strong></span> <span class='ocrx_word' id='word_1_760' title='bbox 1098 4845 1238 4897; x_wconf 87' lang='lat' dir='ltr'><strong>sum,</strong></span> <span class='ocrx_word' id='word_1_761' title='bbox 1269 4828 1564 4886; x_wconf 88' lang='lat' dir='ltr'><strong>ostendens</strong></span> <span class='ocrx_word' id='word_1_762' title='bbox 1592 4845 1653 4887; x_wconf 90' lang='lat' dir='ltr'><strong>se</strong></span> 
     </span>
    </p>
   </div>
   <div class='ocr_carea' id='block_1_95' title="bbox 23 4921 1651 4995">
    <p class='ocr_par' dir='ltr' id='par_1_95' title="bbox 23 4921 1651 4995">
     <span class='ocr_line' id='line_1_95' title="bbox 23 4921 1651 4995; baseline 0.002 -20"><span class='ocrx_word' id='word_1_763' title='bbox 23 4932 221 4993; x_wconf 76' lang='lat' dir='ltr'><strong>emper</strong></span> <span class='ocrx_word' id='word_1_764' title='bbox 250 4921 732 4995; x_wconf 60' lang='lat' dir='ltr'><strong>prasentialiter</strong></span> <span class='ocrx_word' id='word_1_765' title='bbox 750 4936 875 4979; x_wconf 81' lang='lat' dir='ltr'><strong>esse</strong></span> <span class='ocrx_word' id='word_1_766' title='bbox 899 4921 955 4977; x_wconf 89' lang='lat' dir='ltr'><strong>in</strong></span> <span class='ocrx_word' id='word_1_767' title='bbox 982 4923 1155 4994; x_wconf 90' lang='lat' dir='ltr'><strong>gloria</strong></span> <span class='ocrx_word' id='word_1_768' title='bbox 1186 4938 1283 4994; x_wconf 89' lang='lat' dir='ltr'><strong>per</strong></span> <span class='ocrx_word' id='word_1_769' title='bbox 1308 4922 1651 4978; x_wconf 89' lang='lat' dir='ltr'><strong>divinitatem</strong></span> 
     </span>
    </p>
   </div>
   <div class='ocr_carea' id='block_1_96' title="bbox 19 5013 1649 5085">
    <p class='ocr_par' dir='ltr' id='par_1_96' title="bbox 19 5013 1649 5085">
     <span class='ocr_line' id='line_1_96' title="bbox 19 5013 1649 5085; baseline 0.002 -22"><span class='ocrx_word' id='word_1_770' title='bbox 19 5028 115 5067; x_wconf 72' lang='lat' dir='ltr'><strong>tum</strong></span> <span class='ocrx_word' id='word_1_771' title='bbox 146 5014 349 5082; x_wconf 78' lang='lat' dir='ltr'><strong>Patre,</strong></span> <span class='ocrx_word' id='word_1_772' title='bbox 387 5015 459 5071; x_wconf 86' lang='lat' dir='ltr'><strong>in</strong></span> <span class='ocrx_word' id='word_1_773' title='bbox 512 5028 641 5085; x_wconf 83' lang='lat' dir='ltr'><strong>qua</strong></span> <span class='ocrx_word' id='word_1_774' title='bbox 684 5013 930 5070; x_wconf 90' lang='lat' dir='ltr'><strong>nondum</strong></span> <span class='ocrx_word' id='word_1_775' title='bbox 964 5023 1082 5069; x_wconf 88' lang='lat' dir='ltr'><strong>erat</strong></span> <span class='ocrx_word' id='word_1_776' title='bbox 1107 5030 1204 5085; x_wconf 89' lang='lat' dir='ltr'><strong>per</strong></span> <span class='ocrx_word' id='word_1_777' title='bbox 1233 5014 1649 5071; x_wconf 87' lang='lat' dir='ltr'><strong>humanitatem.</strong></span> 
     </span>
    </p>
   </div>
   <div class='ocr_carea' id='block_1_97' title="bbox 21 5100 1658 5177">
    <p class='ocr_par' dir='ltr' id='par_1_97' title="bbox 21 5100 1658 5177">
     <span class='ocr_line' id='line_1_97' title="bbox 21 5100 1658 5177; baseline 0.002 -19"><span class='ocrx_word' id='word_1_778' title='bbox 21 5101 57 5158; x_wconf 72' lang='lat' dir='ltr'><strong>St</strong></span> <span class='ocrx_word' id='word_1_779' title='bbox 86 5107 246 5176; x_wconf 87' lang='lat' dir='ltr'><strong>quid,</strong></span> <span class='ocrx_word' id='word_1_780' title='bbox 272 5106 522 5164; x_wconf 79' lang='lat' dir='ltr'><strong>fratres</strong></span> <span class='ocrx_word' id='word_1_781' title='bbox 558 5104 697 5173; x_wconf 87' lang='lat' dir='ltr'><strong>mei,</strong></span> <span class='ocrx_word' id='word_1_782' title='bbox 722 5105 855 5177; x_wconf 91' lang='lat' dir='ltr'><strong>quid</strong></span> <span class='ocrx_word' id='word_1_783' title='bbox 883 5106 1096 5162; x_wconf 90' lang='lat' dir='ltr'><strong>beatius</strong></span> <span class='ocrx_word' id='word_1_784' title='bbox 1125 5121 1291 5176; x_wconf 89' lang='lat' dir='ltr'><strong>quam</strong></span> <span class='ocrx_word' id='word_1_785' title='bbox 1326 5121 1450 5163; x_wconf 88' lang='lat' dir='ltr'><strong>esse</strong></span> <span class='ocrx_word' id='word_1_786' title='bbox 1476 5106 1532 5161; x_wconf 93' lang='lat' dir='ltr'><strong>in</strong></span> <span class='ocrx_word' id='word_1_787' title='bbox 1562 5100 1658 5162; x_wconf 65' lang='lat' dir='ltr'><strong>ill!</strong></span> 
     </span>
    </p>
   </div>
   <div class='ocr_carea' id='block_1_98' title="bbox 19 5194 1645 5270">
    <p class='ocr_par' dir='ltr' id='par_1_98' title="bbox 19 5194 1645 5270">
     <span class='ocr_line' id='line_1_98' title="bbox 19 5194 1645 5270; baseline 0.001 -19"><span class='ocrx_word' id='word_1_788' title='bbox 19 5198 370 5267; x_wconf 86' lang='lat' dir='ltr'><strong>catitudine,</strong></span> <span class='ocrx_word' id='word_1_789' title='bbox 401 5199 474 5255; x_wconf 83' lang='lat' dir='ltr'><strong>in</strong></span> <span class='ocrx_word' id='word_1_790' title='bbox 506 5212 638 5269; x_wconf 78' lang='lat' dir='ltr'><strong>qua</strong></span> <span class='ocrx_word' id='word_1_791' title='bbox 666 5205 749 5254; x_wconf 86' lang='lat' dir='ltr'><strong>est</strong></span> <span class='ocrx_word' id='word_1_792' title='bbox 778 5194 923 5254; x_wconf 88' lang='lat' dir='ltr'><strong>Deus</strong></span> <span class='ocrx_word' id='word_1_793' title='bbox 946 5196 1127 5264; x_wconf 87' lang='lat' dir='ltr'><strong>Pater,</strong></span> <span class='ocrx_word' id='word_1_794' title='bbox 1155 5206 1212 5255; x_wconf 91' lang='lat' dir='ltr'><strong>et</strong></span> <span class='ocrx_word' id='word_1_795' title='bbox 1233 5197 1356 5269; x_wconf 83' lang='lat' dir='ltr'><strong>ejus</strong></span> <span class='ocrx_word' id='word_1_796' title='bbox 1380 5196 1645 5270; x_wconf 85' lang='lat' dir='ltr'><strong>Unigeni—</strong></span> 
     </span>
    </p>
   </div>
   <div class='ocr_carea' id='block_1_99' title="bbox 19 5288 1644 5362">
    <p class='ocr_par' dir='ltr' id='par_1_99' title="bbox 19 5288 1644 5362">
     <span class='ocr_line' id='line_1_99' title="bbox 19 5288 1644 5362; baseline 0.002 -21"><span class='ocrx_word' id='word_1_797' title='bbox 19 5290 103 5344; x_wconf 77' lang='lat' dir='ltr'><strong>us?</strong></span> <span class='ocrx_word' id='word_1_798' title='bbox 131 5289 340 5358; x_wconf 81' lang='lat' dir='ltr'><strong>Quare</strong></span> <span class='ocrx_word' id='word_1_799' title='bbox 376 5304 548 5362; x_wconf 80' lang='lat' dir='ltr'><strong>ergo</strong></span> <span class='ocrx_word' id='word_1_800' title='bbox 602 5289 670 5344; x_wconf 88' lang='lat' dir='ltr'><strong>ad</strong></span> <span class='ocrx_word' id='word_1_801' title='bbox 708 5289 851 5345; x_wconf 87' lang='lat' dir='ltr'><strong>hanc</strong></span> <span class='ocrx_word' id='word_1_802' title='bbox 881 5288 1303 5360; x_wconf 89' lang='lat' dir='ltr'><strong>promissionem</strong></span> <span class='ocrx_word' id='word_1_803' title='bbox 1335 5304 1444 5345; x_wconf 90' lang='lat' dir='ltr'><strong>non</strong></span> <span class='ocrx_word' id='word_1_804' title='bbox 1483 5304 1644 5345; x_wconf 79' lang='lat' dir='ltr'><strong>exar-</strong></span> 
     </span>
    </p>
   </div>
   <div class='ocr_carea' id='block_1_100' title="bbox 19 5381 1650 5454">
    <p class='ocr_par' dir='ltr' id='par_1_100' title="bbox 19 5381 1650 5454">
     <span class='ocr_line' id='line_1_100' title="bbox 19 5381 1650 5454; baseline -0.001 -16"><span class='ocrx_word' id='word_1_805' title='bbox 19 5382 313 5442; x_wconf 81' lang='lat' dir='ltr'><strong>escimus?</strong></span> <span class='ocrx_word' id='word_1_806' title='bbox 372 5384 610 5452; x_wconf 80' lang='lat' dir='ltr'><strong>Quare</strong></span> <span class='ocrx_word' id='word_1_807' title='bbox 665 5390 883 5454; x_wconf 86' lang='lat' dir='ltr'><strong>propter</strong></span> <span class='ocrx_word' id='word_1_808' title='bbox 933 5396 1054 5437; x_wconf 89' lang='lat' dir='ltr'><strong>eam</strong></span> <span class='ocrx_word' id='word_1_809' title='bbox 1101 5381 1286 5436; x_wconf 90' lang='lat' dir='ltr'><strong>omnia</strong></span> <span class='ocrx_word' id='word_1_810' title='bbox 1331 5381 1650 5453; x_wconf 89' lang='lat' dir='ltr'><strong>temporalia</strong></span> 
     </span>
    </p>
   </div>
   <div class='ocr_carea' id='block_1_101' title="bbox 19 5471 1650 5545">
    <p class='ocr_par' dir='ltr' id='par_1_101' title="bbox 19 5471 1650 5545">
     <span class='ocr_line' id='line_1_101' title="bbox 19 5471 1650 5545; baseline 0.002 -19"><span class='ocrx_word' id='word_1_811' title='bbox 19 5490 253 5545; x_wconf 84' lang='lat' dir='ltr'><strong>mquam</strong></span> <span class='ocrx_word' id='word_1_812' title='bbox 288 5484 600 5532; x_wconf 79' lang='lat' dir='ltr'><strong>stercora</strong></span> <span class='ocrx_word' id='word_1_813' title='bbox 627 5489 734 5528; x_wconf 87' lang='lat' dir='ltr'><strong>non</strong></span> <span class='ocrx_word' id='word_1_814' title='bbox 763 5474 1121 5545; x_wconf 83' lang='lat' dir='ltr'><strong>reputamus?</strong></span> <span class='ocrx_word' id='word_1_815' title='bbox 1142 5471 1323 5540; x_wconf 85' lang='lat' dir='ltr'><strong>Quare</strong></span> <span class='ocrx_word' id='word_1_816' title='bbox 1337 5487 1434 5543; x_wconf 89' lang='lat' dir='ltr'><strong>per</strong></span> <span class='ocrx_word' id='word_1_817' title='bbox 1456 5488 1650 5530; x_wconf 86' lang='lat' dir='ltr'><strong>omnes</strong></span> 
     </span>
    </p>
   </div>
   <div class='ocr_carea' id='block_1_102' title="bbox 20 5562 1652 5635">
    <p class='ocr_par' dir='ltr' id='par_1_102' title="bbox 20 5562 1652 5635">
     <span class='ocr_line' id='line_1_102' title="bbox 20 5562 1652 5635; baseline -0.002 -14"><span class='ocrx_word' id='word_1_818' title='bbox 20 5568 418 5624; x_wconf 83' lang='lat' dir='ltr'><strong>uaritudines</strong></span> <span class='ocrx_word' id='word_1_819' title='bbox 449 5574 526 5621; x_wconf 86' lang='lat' dir='ltr'><strong>et</strong></span> <span class='ocrx_word' id='word_1_820' title='bbox 564 5563 856 5635; x_wconf 86' lang='lat' dir='ltr'><strong>passiones</strong></span> <span class='ocrx_word' id='word_1_821' title='bbox 880 5580 1003 5621; x_wconf 88' lang='lat' dir='ltr'><strong>eam</strong></span> <span class='ocrx_word' id='word_1_822' title='bbox 1027 5580 1136 5620; x_wconf 89' lang='lat' dir='ltr'><strong>non</strong></span> <span class='ocrx_word' id='word_1_823' title='bbox 1165 5562 1652 5635; x_wconf 82' lang='lat' dir='ltr'><strong>apprehendimus?</strong></span> 
     </span>
    </p>
   </div>
   <div class='ocr_carea' id='block_1_103' title="bbox 23 5651 1651 5727">
    <p class='ocr_par' dir='ltr' id='par_1_103' title="bbox 23 5651 1651 5727">
     <span class='ocr_line' id='line_1_103' title="bbox 23 5651 1651 5727; baseline 0.001 -20"><span class='ocrx_word' id='word_1_824' title='bbox 23 5664 39 5707; x_wconf 92' lang='lat' dir='ltr'><strong>t</strong></span> <span class='ocrx_word' id='word_1_825' title='bbox 81 5672 194 5726; x_wconf 74' lang='lat' dir='ltr'><strong>quo</strong></span> <span class='ocrx_word' id='word_1_826' title='bbox 231 5673 376 5727; x_wconf 84' lang='lat' dir='ltr'><strong>ego,</strong></span> <span class='ocrx_word' id='word_1_827' title='bbox 422 5653 664 5725; x_wconf 79' lang='lat' dir='ltr'><strong>inquit,</strong></span> <span class='ocrx_word' id='word_1_828' title='bbox 696 5651 830 5707; x_wconf 78' lang='lat' dir='ltr'><strong>vado</strong></span> <span class='ocrx_word' id='word_1_829' title='bbox 850 5653 1001 5711; x_wconf 81' lang='lat' dir='ltr'><strong>scitis</strong></span> <span class='ocrx_word' id='word_1_830' title='bbox 1036 5664 1087 5709; x_wconf 91' lang='lat' dir='ltr'><strong>et</strong></span> <span class='ocrx_word' id='word_1_831' title='bbox 1124 5654 1264 5709; x_wconf 80' lang='lat' dir='ltr'><strong>viam</strong></span> <span class='ocrx_word' id='word_1_832' title='bbox 1296 5653 1467 5708; x_wconf 82' lang='lat' dir='ltr'><strong>scitis.</strong></span> <span class='ocrx_word' id='word_1_833' title='bbox 1497 5652 1576 5709; x_wconf 84' lang='lat' dir='ltr'><strong>Ac</strong></span> <span class='ocrx_word' id='word_1_834' title='bbox 1604 5653 1651 5710; x_wconf 90' lang='lat' dir='ltr'><strong>si</strong></span> 
     </span>
    </p>
   </div>
   <div class='ocr_carea' id='block_1_104' title="bbox 19 5751 1652 5822">
    <p class='ocr_par' dir='ltr' id='par_1_104' title="bbox 19 5751 1652 5822">
     <span class='ocr_line' id='line_1_104' title="bbox 19 5751 1652 5822; baseline -0.002 -9"><span class='ocrx_word' id='word_1_835' title='bbox 19 5766 155 5813; x_wconf 70' lang='lat' dir='ltr'><strong>terte</strong></span> <span class='ocrx_word' id='word_1_836' title='bbox 194 5757 385 5815; x_wconf 79' lang='lat' dir='ltr'><strong>dicat.</strong></span> <span class='ocrx_word' id='word_1_837' title='bbox 413 5774 436 5813; x_wconf 86' lang='lat'><strong>:</strong></span> <span class='ocrx_word' id='word_1_838' title='bbox 479 5751 631 5808; x_wconf 79' lang='lat' dir='ltr'><strong>Non</strong></span> <span class='ocrx_word' id='word_1_839' title='bbox 652 5752 858 5813; x_wconf 84' lang='lat' dir='ltr'><strong>debetis</strong></span> <span class='ocrx_word' id='word_1_840' title='bbox 897 5754 963 5812; x_wconf 86' lang='lat' dir='ltr'><strong>de.</strong></span> <span class='ocrx_word' id='word_1_841' title='bbox 1010 5771 1226 5814; x_wconf 89' lang='lat' dir='ltr'><strong>recessu</strong></span> <span class='ocrx_word' id='word_1_842' title='bbox 1265 5771 1389 5811; x_wconf 90' lang='lat' dir='ltr'><strong>meo</strong></span> <span class='ocrx_word' id='word_1_843' title='bbox 1424 5754 1652 5822; x_wconf 91' lang='lat' dir='ltr'><strong>turbari,</strong></span> 
     </span>
    </p>
   </div>
   <div class='ocr_carea' id='block_1_105' title="bbox 23 5846 1654 5922">
    <p class='ocr_par' dir='ltr' id='par_1_105' title="bbox 23 5846 1654 5922">
     <span class='ocr_line' id='line_1_105' title="bbox 23 5846 1654 5922; baseline 0 -19"><span class='ocrx_word' id='word_1_844' title='bbox 23 5848 93 5903; x_wconf 80' lang='lat' dir='ltr'><strong>tia</strong></span> <span class='ocrx_word' id='word_1_845' title='bbox 130 5850 316 5907; x_wconf 84' lang='lat' dir='ltr'><strong>scitis</strong></span> <span class='ocrx_word' id='word_1_846' title='bbox 353 5864 505 5922; x_wconf 82' lang='lat' dir='ltr'><strong>quo</strong></span> <span class='ocrx_word' id='word_1_847' title='bbox 553 5861 665 5917; x_wconf 81' lang='lat' dir='ltr'><strong>ego</strong></span> <span class='ocrx_word' id='word_1_848' title='bbox 692 5846 849 5916; x_wconf 84' lang='lat' dir='ltr'><strong>vado,</strong></span> <span class='ocrx_word' id='word_1_849' title='bbox 888 5847 952 5903; x_wconf 89' lang='lat' dir='ltr'><strong>ad</strong></span> <span class='ocrx_word' id='word_1_850' title='bbox 999 5846 1212 5903; x_wconf 81' lang='lat' dir='ltr'><strong>Patrem</strong></span> <span class='ocrx_word' id='word_1_851' title='bbox 1251 5846 1457 5904; x_wconf 85' lang='lat' dir='ltr'><strong>scilicet</strong></span> <span class='ocrx_word' id='word_1_852' title='bbox 1487 5863 1654 5904; x_wconf 82' lang='lat' dir='ltr'><strong>causa</strong></span> 
     </span>
    </p>
   </div>
   <div class='ocr_carea' id='block_1_106' title="bbox 1755 4646 3342 4725">
    <p class='ocr_par' dir='ltr' id='par_1_106' title="bbox 1755 4646 3342 4725">
     <span class='ocr_line' id='line_1_106' title="bbox 1755 4646 3342 4725; baseline -0.009 -13"><span class='ocrx_word' id='word_1_853' title='bbox 1755 4656 1880 4712; x_wconf 88' lang='lat' dir='ltr'><strong>dem</strong></span> <span class='ocrx_word' id='word_1_854' title='bbox 1902 4653 2254 4721; x_wconf 73' lang='lat' dir='ltr'><strong>substantiae,</strong></span> <span class='ocrx_word' id='word_1_855' title='bbox 2280 4660 2335 4709; x_wconf 92' lang='lat' dir='ltr'><strong>ct</strong></span> <span class='ocrx_word' id='word_1_856' title='bbox 2365 4652 2488 4709; x_wconf 89' lang='lat' dir='ltr'><strong>ideo</strong></span> <span class='ocrx_word' id='word_1_857' title='bbox 2515 4650 2736 4725; x_wconf 84' lang='lat' dir='ltr'><strong>cegnito</strong></span> <span class='ocrx_word' id='word_1_858' title='bbox 2759 4666 2890 4716; x_wconf 92' lang='lat' dir='ltr'><strong>uno,</strong></span> <span class='ocrx_word' id='word_1_859' title='bbox 2920 4646 3268 4719; x_wconf 85' lang='lat' dir='ltr'><strong>cognoscitur</strong></span> <span class='ocrx_word' id='word_1_860' title='bbox 3287 4654 3342 4698; x_wconf 86' lang='lat' dir='ltr'><strong>et</strong></span> 
     </span>
    </p>
   </div>
   <div class='ocr_carea' id='block_1_107' title="bbox 1757 4736 3340 4817">
    <p class='ocr_par' dir='ltr' id='par_1_107' title="bbox 1757 4736 3340 4817">
     <span class='ocr_line' id='line_1_107' title="bbox 1757 4736 3340 4817; baseline -0.008 -15"><span class='ocrx_word' id='word_1_861' title='bbox 1757 4746 2020 4817; x_wconf 86' lang='lat' dir='ltr'><strong>reliquus.</strong></span> <span class='ocrx_word' id='word_1_862' title='bbox 2048 4744 2108 4800; x_wconf 88' lang='lat' dir='ltr'><strong>Si</strong></span> <span class='ocrx_word' id='word_1_863' title='bbox 2133 4760 2263 4817; x_wconf 86' lang='lat' dir='ltr'><strong>ergo</strong></span> <span class='ocrx_word' id='word_1_864' title='bbox 2293 4742 2533 4817; x_wconf 80' lang='lat' dir='ltr'><strong>perfecta</strong></span> <span class='ocrx_word' id='word_1_865' title='bbox 2561 4742 2664 4797; x_wconf 88' lang='lat' dir='ltr'><strong>ﬁde</strong></span> <span class='ocrx_word' id='word_1_866' title='bbox 2685 4739 3068 4814; x_wconf 88' lang='lat' dir='ltr'><strong>cognovissent</strong></span> <span class='ocrx_word' id='word_1_867' title='bbox 3088 4736 3340 4807; x_wconf 89' lang='lat' dir='ltr'><strong>discipuli</strong></span> 
     </span>
    </p>
   </div>
   <div class='ocr_carea' id='block_1_108' title="bbox 1758 4827 3337 4908">
    <p class='ocr_par' dir='ltr' id='par_1_108' title="bbox 1758 4827 3337 4908">
     <span class='ocr_line' id='line_1_108' title="bbox 1758 4827 3337 4908; baseline -0.007 -14"><span class='ocrx_word' id='word_1_868' title='bbox 1758 4838 1957 4895; x_wconf 87' lang='lat' dir='ltr'><strong>Filium</strong></span> <span class='ocrx_word' id='word_1_869' title='bbox 1985 4837 2100 4906; x_wconf 89' lang='lat' dir='ltr'><strong>Dei,</strong></span> <span class='ocrx_word' id='word_1_870' title='bbox 2125 4836 2514 4908; x_wconf 79' lang='lat' dir='ltr'><strong>cognovissent</strong></span> <span class='ocrx_word' id='word_1_871' title='bbox 2554 4833 2746 4904; x_wconf 88' lang='lat' dir='ltr'><strong>utique</strong></span> <span class='ocrx_word' id='word_1_872' title='bbox 2783 4841 2838 4887; x_wconf 91' lang='lat' dir='ltr'><strong>et</strong></span> <span class='ocrx_word' id='word_1_873' title='bbox 2884 4830 3052 4887; x_wconf 89' lang='lat' dir='ltr'><strong>Deum</strong></span> <span class='ocrx_word' id='word_1_874' title='bbox 3100 4827 3337 4884; x_wconf 86' lang='lat' dir='ltr'><strong>Patrem.</strong></span> 
     </span>
    </p>
   </div>
   <div class='ocr_carea' id='block_1_109' title="bbox 1757 4918 3345 4998">
    <p class='ocr_par' dir='ltr' id='par_1_109' title="bbox 1757 4918 3345 4998">
     <span class='ocr_line' id='line_1_109' title="bbox 1757 4918 3345 4998; baseline -0.007 -15"><span class='ocrx_word' id='word_1_875' title='bbox 1757 4927 1827 4983; x_wconf 85' lang='lat' dir='ltr'><strong>Et</strong></span> <span class='ocrx_word' id='word_1_876' title='bbox 1869 4927 2089 4995; x_wconf 88' lang='lat' dir='ltr'><strong>amodo,</strong></span> <span class='ocrx_word' id='word_1_877' title='bbox 2122 4926 2319 4998; x_wconf 88' lang='lat' dir='ltr'><strong>inquit,</strong></span> <span class='ocrx_word' id='word_1_878' title='bbox 2360 4923 2680 4997; x_wconf 85' lang='lat' dir='ltr'><strong>cognoscetis</strong></span> <span class='ocrx_word' id='word_1_879' title='bbox 2714 4938 2853 4989; x_wconf 82' lang='lat' dir='ltr'><strong>eum,</strong></span> <span class='ocrx_word' id='word_1_880' title='bbox 2883 4918 3107 4991; x_wconf 89' lang='lat' dir='ltr'><strong>quando</strong></span> <span class='ocrx_word' id='word_1_881' title='bbox 3134 4919 3345 4989; x_wconf 79' lang='lat' dir='ltr'><strong>scilicet</strong></span> 
     </span>
    </p>
   </div>
   <div class='ocr_carea' id='block_1_110' title="bbox 1759 5010 3343 5091">
    <p class='ocr_par' dir='ltr' id='par_1_110' title="bbox 1759 5010 3343 5091">
     <span class='ocr_line' id='line_1_110' title="bbox 1759 5010 3343 5091; baseline -0.009 -13"><span class='ocrx_word' id='word_1_882' title='bbox 1759 5031 1987 5091; x_wconf 86' lang='lat' dir='ltr'><strong>accepto</strong></span> <span class='ocrx_word' id='word_1_883' title='bbox 2013 5018 2216 5090; x_wconf 90' lang='lat' dir='ltr'><strong>Spiritu</strong></span> <span class='ocrx_word' id='word_1_884' title='bbox 2244 5026 2435 5073; x_wconf 90' lang='lat' dir='ltr'><strong>sancto</strong></span> <span class='ocrx_word' id='word_1_885' title='bbox 2457 5015 2510 5069; x_wconf 92' lang='lat' dir='ltr'><strong>iu</strong></span> <span class='ocrx_word' id='word_1_886' title='bbox 2532 5014 2635 5070; x_wconf 89' lang='lat' dir='ltr'><strong>ﬁde</strong></span> <span class='ocrx_word' id='word_1_887' title='bbox 2655 5010 3209 5078; x_wconf 85' lang='lat' dir='ltr'><strong>consolidabimini,et</strong></span> <span class='ocrx_word' id='word_1_888' title='bbox 3221 5010 3343 5080; x_wconf 87' lang='lat' dir='ltr'><strong>jam</strong></span> 
     </span>
    </p>
   </div>
   <div class='ocr_carea' id='block_1_111' title="bbox 1754 5099 3339 5180">
    <p class='ocr_par' dir='ltr' id='par_1_111' title="bbox 1754 5099 3339 5180">
     <span class='ocr_line' id='line_1_111' title="bbox 1754 5099 3339 5180; baseline -0.007 -12"><span class='ocrx_word' id='word_1_889' title='bbox 1754 5113 1920 5169; x_wconf 89' lang='lat' dir='ltr'><strong>etiam</strong></span> <span class='ocrx_word' id='word_1_890' title='bbox 1948 5110 2177 5175; x_wconf 78' lang='lat' dir='ltr'><strong>vidistis,</strong></span> <span class='ocrx_word' id='word_1_891' title='bbox 2212 5107 2410 5180; x_wconf 89' lang='lat' dir='ltr'><strong>inquit,</strong></span> <span class='ocrx_word' id='word_1_892' title='bbox 2451 5122 2590 5173; x_wconf 74' lang='lat' dir='ltr'><strong>eunt,</strong></span> <span class='ocrx_word' id='word_1_893' title='bbox 2624 5103 2728 5160; x_wconf 81' lang='lat' dir='ltr'><strong>ﬁde</strong></span> <span class='ocrx_word' id='word_1_894' title='bbox 2767 5102 2973 5160; x_wconf 89' lang='lat' dir='ltr'><strong>scilicet</strong></span> <span class='ocrx_word' id='word_1_895' title='bbox 3003 5099 3339 5174; x_wconf 79' lang='lat' dir='ltr'><strong>imperfecta,</strong></span> 
     </span>
    </p>
   </div>
   <div class='ocr_carea' id='block_1_112' title="bbox 1754 5196 3343 5281">
    <p class='ocr_par' dir='ltr' id='par_1_112' title="bbox 1754 5196 3343 5281">
     <span class='ocr_line' id='line_1_112' title="bbox 1754 5196 3343 5281; baseline -0.007 -20"><span class='ocrx_word' id='word_1_896' title='bbox 1754 5205 1904 5279; x_wconf 88' lang='lat' dir='ltr'><strong>quali</strong></span> <span class='ocrx_word' id='word_1_897' title='bbox 1934 5213 1989 5260; x_wconf 89' lang='lat' dir='ltr'><strong>et</strong></span> <span class='ocrx_word' id='word_1_898' title='bbox 2022 5218 2116 5259; x_wconf 91' lang='lat' dir='ltr'><strong>me</strong></span> <span class='ocrx_word' id='word_1_899' title='bbox 2154 5202 2353 5281; x_wconf 84' lang='lat' dir='ltr'><strong>Filium</strong></span> <span class='ocrx_word' id='word_1_900' title='bbox 2383 5215 2507 5257; x_wconf 91' lang='lat' dir='ltr'><strong>esse</strong></span> <span class='ocrx_word' id='word_1_901' title='bbox 2547 5198 2793 5265; x_wconf 87' lang='lat' dir='ltr'><strong>vidistis;</strong></span> <span class='ocrx_word' id='word_1_902' title='bbox 2834 5196 3114 5270; x_wconf 90' lang='lat' dir='ltr'><strong>quomodo</strong></span> <span class='ocrx_word' id='word_1_903' title='bbox 3150 5204 3207 5253; x_wconf 90' lang='lat' dir='ltr'><strong>et</strong></span> <span class='ocrx_word' id='word_1_904' title='bbox 3236 5213 3343 5277; x_wconf 82' lang='lat' dir='ltr'><strong>nos</strong></span> 
     </span>
    </p>
   </div>
   <div class='ocr_carea' id='block_1_113' title="bbox 1755 5286 3343 5362">
    <p class='ocr_par' dir='ltr' id='par_1_113' title="bbox 1755 5286 3343 5362">
     <span class='ocr_line' id='line_1_113' title="bbox 1755 5286 3343 5362; baseline -0.006 -8"><span class='ocrx_word' id='word_1_905' title='bbox 1755 5312 1921 5362; x_wconf 89' lang='lat' dir='ltr'><strong>nunc,</strong></span> <span class='ocrx_word' id='word_1_906' title='bbox 1938 5295 2170 5352; x_wconf 90' lang='lat' dir='ltr'><strong>Domine</strong></span> <span class='ocrx_word' id='word_1_907' title='bbox 2194 5286 2348 5361; x_wconf 78' lang='lat' dir='ltr'><strong>Iesu,</strong></span> <span class='ocrx_word' id='word_1_908' title='bbox 2374 5301 2495 5350; x_wconf 90' lang='lat' dir='ltr'><strong>teet</strong></span> <span class='ocrx_word' id='word_1_909' title='bbox 2519 5291 2735 5347; x_wconf 89' lang='lat' dir='ltr'><strong>Patrem</strong></span> <span class='ocrx_word' id='word_1_910' title='bbox 2766 5298 2916 5348; x_wconf 90' lang='lat' dir='ltr'><strong>tuum</strong></span> <span class='ocrx_word' id='word_1_911' title='bbox 2941 5288 3226 5346; x_wconf 85' lang='lat' dir='ltr'><strong>videmus?</strong></span> <span class='ocrx_word' id='word_1_912' title='bbox 3248 5288 3343 5345; x_wconf 90' lang='lat' dir='ltr'><strong>sed</strong></span> 
     </span>
    </p>
   </div>
   <div class='ocr_carea' id='block_1_114' title="bbox 1754 5380 3342 5461">
    <p class='ocr_par' dir='ltr' id='par_1_114' title="bbox 1754 5380 3342 5461">
     <span class='ocr_line' id='line_1_114' title="bbox 1754 5380 3342 5461; baseline -0.008 -15"><span class='ocrx_word' id='word_1_913' title='bbox 1754 5388 1902 5461; x_wconf 88' lang='lat' dir='ltr'><strong>quod</strong></span> <span class='ocrx_word' id='word_1_914' title='bbox 1936 5387 2120 5445; x_wconf 89' lang='lat' dir='ltr'><strong>minus</strong></span> <span class='ocrx_word' id='word_1_915' title='bbox 2143 5396 2229 5443; x_wconf 85' lang='lat' dir='ltr'><strong>est</strong></span> <span class='ocrx_word' id='word_1_916' title='bbox 2259 5386 2315 5442; x_wconf 91' lang='lat' dir='ltr'><strong>in</strong></span> <span class='ocrx_word' id='word_1_917' title='bbox 2361 5385 2538 5452; x_wconf 86' lang='lat' dir='ltr'><strong>nobis,</strong></span> <span class='ocrx_word' id='word_1_918' title='bbox 2568 5394 2626 5440; x_wconf 91' lang='lat' dir='ltr'><strong>tu</strong></span> <span class='ocrx_word' id='word_1_919' title='bbox 2657 5399 2755 5455; x_wconf 89' lang='lat' dir='ltr'><strong>per</strong></span> <span class='ocrx_word' id='word_1_920' title='bbox 2787 5380 3048 5455; x_wconf 87' lang='lat' dir='ltr'><strong>Spiritum</strong></span> <span class='ocrx_word' id='word_1_921' title='bbox 3091 5391 3342 5439; x_wconf 87' lang='lat' dir='ltr'><strong>sanctum</strong></span> 
     </span>
    </p>
   </div>
   <div class='ocr_carea' id='block_1_115' title="bbox 1755 5476 3343 5553">
    <p class='ocr_par' dir='ltr' id='par_1_115' title="bbox 1755 5476 3343 5553">
     <span class='ocr_line' id='line_1_115' title="bbox 1755 5476 3343 5553; baseline -0.006 -15"><span class='ocrx_word' id='word_1_922' title='bbox 1755 5482 1811 5538; x_wconf 89' lang='lat' dir='ltr'><strong>in</strong></span> <span class='ocrx_word' id='word_1_923' title='bbox 1843 5481 1999 5537; x_wconf 90' lang='lat' dir='ltr'><strong>nobis</strong></span> <span class='ocrx_word' id='word_1_924' title='bbox 2031 5481 2250 5551; x_wconf 88' lang='lat' dir='ltr'><strong>perﬁce,</strong></span> <span class='ocrx_word' id='word_1_925' title='bbox 2287 5488 2345 5535; x_wconf 95' lang='lat' dir='ltr'><strong>ut</strong></span> <span class='ocrx_word' id='word_1_926' title='bbox 2373 5488 2427 5535; x_wconf 90' lang='lat' dir='ltr'><strong>et</strong></span> <span class='ocrx_word' id='word_1_927' title='bbox 2457 5478 2547 5534; x_wconf 89' lang='lat' dir='ltr'><strong>hic</strong></span> <span class='ocrx_word' id='word_1_928' title='bbox 2574 5476 2887 5553; x_wconf 9' lang='lat' dir='ltr'><strong>rperl‘ectiori</strong></span> <span class='ocrx_word' id='word_1_929' title='bbox 2913 5476 3016 5531; x_wconf 88' lang='lat' dir='ltr'><strong>ﬁde</strong></span> <span class='ocrx_word' id='word_1_930' title='bbox 3043 5490 3143 5531; x_wconf 92' lang='lat' dir='ltr'><strong>nos</strong></span> <span class='ocrx_word' id='word_1_931' title='bbox 3172 5490 3343 5553; x_wconf 87' lang='lat' dir='ltr'><strong>unum</strong></span> 
     </span>
    </p>
   </div>
   <div class='ocr_carea' id='block_1_116' title="bbox 1760 5562 3345 5649">
    <p class='ocr_par' dir='ltr' id='par_1_116' title="bbox 1760 5562 3345 5649">
     <span class='ocr_line' id='line_1_116' title="bbox 1760 5562 3345 5649; baseline -0.005 -24"><span class='ocrx_word' id='word_1_932' title='bbox 1760 5571 1931 5628; x_wconf 86' lang='lat' dir='ltr'><strong>Deum</strong></span> <span class='ocrx_word' id='word_1_933' title='bbox 1952 5587 2074 5628; x_wconf 91' lang='lat' dir='ltr'><strong>esse</strong></span> <span class='ocrx_word' id='word_1_934' title='bbox 2097 5571 2410 5638; x_wconf 87' lang='lat' dir='ltr'><strong>credamus,</strong></span> <span class='ocrx_word' id='word_1_935' title='bbox 2442 5578 2497 5625; x_wconf 92' lang='lat' dir='ltr'><strong>ct</strong></span> <span class='ocrx_word' id='word_1_936' title='bbox 2535 5570 2589 5649; x_wconf 86' lang='lat' dir='ltr'><strong>in</strong></span> <span class='ocrx_word' id='word_1_937' title='bbox 2623 5567 2814 5641; x_wconf 65' lang='lat' dir='ltr'><strong>futuro</strong></span> <span class='ocrx_word' id='word_1_938' title='bbox 2840 5565 3233 5625; x_wconf 87' lang='lat' dir='ltr'><strong>beatitudinem</strong></span> <span class='ocrx_word' id='word_1_939' title='bbox 3263 5562 3345 5645; x_wconf 76' lang='lat' dir='ltr'><strong>{a-</strong></span> 
     </span>
    </p>
   </div>
   <div class='ocr_carea' id='block_1_117' title="bbox 1758 5658 3139 5727">
    <p class='ocr_par' dir='ltr' id='par_1_117' title="bbox 1758 5658 3139 5727">
     <span class='ocr_line' id='line_1_117' title="bbox 1758 5658 3139 5727; baseline -0.003 -6"><span class='ocrx_word' id='word_1_940' title='bbox 1758 5664 1863 5721; x_wconf 88' lang='lat' dir='ltr'><strong>ciei</strong></span> <span class='ocrx_word' id='word_1_941' title='bbox 1888 5658 2087 5721; x_wconf 62' lang='lat' dir='ltr'><strong>vestras</strong></span> <span class='ocrx_word' id='word_1_942' title='bbox 2112 5673 2322 5720; x_wconf 91' lang='lat' dir='ltr'><strong>remota</strong></span> <span class='ocrx_word' id='word_1_943' title='bbox 2350 5663 2497 5720; x_wconf 90' lang='lat' dir='ltr'><strong>nube</strong></span> <span class='ocrx_word' id='word_1_944' title='bbox 2524 5661 2810 5721; x_wconf 85' lang='lat' dir='ltr'><strong>videamus</strong></span> <span class='ocrx_word' id='word_1_945' title='bbox 3138 5724 3139 5727; x_wconf 28' lang='grc' dir='ltr'><strong>η</strong></span> 
     </span>
    </p>
   </div>
   <div class='ocr_carea' id='block_1_118' title="bbox 1834 5746 3345 5831">
    <p class='ocr_par' dir='ltr' id='par_1_118' title="bbox 1834 5746 3345 5831">
     <span class='ocr_line' id='line_1_118' title="bbox 1834 5746 3345 5831; baseline -0.006 -20"><span class='ocrx_word' id='word_1_946' title='bbox 1834 5756 2094 5830; x_wconf 86' lang='lat' dir='ltr'><strong>Sequitur</strong></span> <span class='ocrx_word' id='word_1_947' title='bbox 2135 5772 2266 5831; x_wconf 88' lang='lat' dir='ltr'><strong>pars</strong></span> <span class='ocrx_word' id='word_1_948' title='bbox 2301 5757 2460 5814; x_wconf 86' lang='lat' dir='ltr'><strong>tertia</strong></span> <span class='ocrx_word' id='word_1_949' title='bbox 2508 5746 2563 5812; x_wconf 84' lang='lat' dir='ltr'><strong>in</strong></span> <span class='ocrx_word' id='word_1_950' title='bbox 2606 5770 2716 5827; x_wconf 87' lang='lat' dir='ltr'><strong>qua</strong></span> <span class='ocrx_word' id='word_1_951' title='bbox 2756 5752 3037 5825; x_wconf 79' lang='lat' dir='ltr'><strong>Philippo,</strong></span> <span class='ocrx_word' id='word_1_952' title='bbox 3079 5748 3345 5821; x_wconf 68' lang='lat' dir='ltr'><strong>quaerenti</strong></span> 
     </span>
    </p>
   </div>
   <div class='ocr_carea' id='block_1_119' title="bbox 1764 5840 3345 5920">
    <p class='ocr_par' dir='ltr' id='par_1_119' title="bbox 1764 5840 3345 5920">
     <span class='ocr_line' id='line_1_119' title="bbox 1764 5840 3345 5920; baseline -0.003 -17"><span class='ocrx_word' id='word_1_953' title='bbox 1764 5847 1869 5904; x_wconf 89' lang='lat' dir='ltr'><strong>sibi</strong></span> <span class='ocrx_word' id='word_1_954' title='bbox 1887 5846 2100 5906; x_wconf 86' lang='lat' dir='ltr'><strong>Patrem</strong></span> <span class='ocrx_word' id='word_1_955' title='bbox 2129 5848 2363 5917; x_wconf 87' lang='lat' dir='ltr'><strong>ostendi,</strong></span> <span class='ocrx_word' id='word_1_956' title='bbox 2393 5847 2677 5920; x_wconf 82' lang='lat' dir='ltr'><strong>respondet</strong></span> <span class='ocrx_word' id='word_1_957' title='bbox 2697 5844 2949 5901; x_wconf 85' lang='lat' dir='ltr'><strong>Christus</strong></span> <span class='ocrx_word' id='word_1_958' title='bbox 2974 5843 3026 5898; x_wconf 90' lang='lat' dir='ltr'><strong>in</strong></span> <span class='ocrx_word' id='word_1_959' title='bbox 3050 5856 3110 5898; x_wconf 92' lang='lat' dir='ltr'><strong>se</strong></span> <span class='ocrx_word' id='word_1_960' title='bbox 3130 5840 3345 5898; x_wconf 85' lang='lat' dir='ltr'><strong>Patrem</strong></span> 
     </span>
    </p>
   </div>
  </div>
