3832 6314
126 435 234 499 λιδιθ

1124 400 1458 465 ΙῙΟΜΠᾸΛΕ.
1497 431 1567 443 --
1604 401 1649 457 l.
1686 399 1777 455 DE
1810 399 2159 457 ΤΕΜΓΟΒΕ.

3152 396 3304 455 5370

129 556 182 613 ri;
204 542 369 619 (delet.
392 533 462 606 v),
488 537 585 587 etc.
616 525 837 619 Fratres
866 522 1004 619 mei,
1028 523 1145 578 hate
1174 519 1443 619 loquitur.
1468 517 1615 574 Pau-
1645 517 1689 575 Λ
1719 515 1988 619 alibi-ait:
2015 536 2035 570 ι
2069 515 2130 572 Si
2153 513 2998 619 nosmetipsos‘dijudicaremus,
3029 529 3142 571 non
3187 521 3301 618 uti-

127 609 190 699 ius
206 609 395 691 Calatis,
416 621 602 693 quibus
632 613 1230 688 psetIdoprtcdicatores
1277 609 1612 682 praedicam-

125 738 218 789 raut
240 726 380 794 legem
407 727 519 771 eum
551 708 843 778 Evangelia
878 721 1001 761 esse
1047 702 1372 794 tenendam;
1418 706 1613 755 contra

121 792 300 895 quorum
324 809 497 866 falsam
522 799 960 895 praedicationem
997 793 1193 895 scribit
1203 793 1287 849 eis
1297 792 1609 895 Apostolus.

1715 622 1823 678 que
1845 606 2301 678 jtuliearemut-(l
2335 606 2462 664 Cor.
2486 607 2570 679 ιι).
2610 626 2629 659 ι
2673 604 2883 677 itaque,
2921 604 3117 662 l‘ratres
3163 603 3300 672 mei,

1714 697 2114 768 prtcveuiamus
2139 698 2384 754 divinum
2414 697 2705 769 judicium.
2725 695 2826 752 llic
2844 711 2947 751 nos
2966 696 3034 751 de
3060 695 3303 767 peccatis

1708 789 1921 845 nostris
1942 804 2292 855 accusemus,
2312 805 2382 844 ne
2420 789 2477 844 in
2499 788 2685 845 futuro
2709 803 3054 844 accusemur.
3073 785 3173 842 llic
3197 802 3305 842 nos

120 878 236 972 [iacit
256 910 411 961 autem
434 911 521 953 sex
545 893 598 948 iu
651 893 754 948 hae
809 890 1060 946 lectione.
1105 886 1314 953 Primo,
1368 883 1502 941 dicit
1553 897 1615 938 se
1704 879 2048 952 judicemus,
2080 896 2147 936 ne
2179 881 2233 935 in
2259 879 2446 936 futuro
2470 878 2954 953 judicemur.l\'am
2985 879 3305 950 quicunque

118 998 331 1059 conlidere
349 992 400 1046 in
421 988 526 1043 Deo
544 984 611 1041 de
633 982 929 1040 stabilitate
956 980 1077 1035 ﬁdei
1098 994 1314 1035 eorum.
1338 975 1613 1042 Secundo,

117 1075 694 1164 gseudopraadieatoribus
744 1074 987 1128 minatur
1031 1068 1321 1141 judicium.
1383 1066 1613 1131 Tertio,

113 1160 386 1238 demonstrat
414 1187 470 1228 se
496 1184 602 1224 non
654 1167 951 1237 praedicare
1001 1162 1135 1234 legis
1182 1160 1610 1217 observantiam.

113 1277 289 1342 Quarto,
314 1272 448 1336 optat
472 1260 908 1332 perturbatorum
934 1255 1356 1326 separationem.
1387 1252 1611 1320 Quinto,

110 1366 386 1420 demonstrat
409 1363 667 1428 quantum
698 1351 993 1423 pracdieent
1020 1348 1156 1419 legis
1178 1346 1607 1402 observantiam.

112 1457 255 1521 Sesto,
274 1450 390 1508 dicit
414 1463 472 1505 se
490 1462 596 1502 non
628 1444 684 1500 in
720 1442 857 1515 lege,
882 1441 977 1498 sed
998 1440 1053 1495 in
1084 1454 1249 1495 cruce
1267 1436 1469 1493 Christi
1495 1436 1614 1509 glo-

104 1547 218 1605 riari.
238 1542 400 1599 Primo
424 1538 586 1610 igitur
612 1536 745 1597 dicit
765 1550 826 1592 se
852 1534 1128 1591 conlidere
1163 1530 1218 1597 in
1270 1528 1404 1596 Deo,
1429 1528 1480 1583 id
1505 1538 1610 1594 est,

103 1642 153 1695 de
168 1636 267 1693 ﬁdei
289 1647 463 1690 eorum
491 1629 807 1695 stabilitate,
830 1641 955 1683 cum
976 1625 1055 1680 ait
1079 1643 1093 1680 :
1130 1622 1351 1693 Con/ida
1380 1622 1445 1675 de
1469 1619 1613 1675 vobis

102 1750 142 1789 ιιι
164 1729 355 1784 Domino
380 1723 512 1797 quod
543 1721 677 1778 nihil
711 1719 864 1775 aliud
903 1717 1143 1789 capietis.
1194 1715 1274 1771 Ac
1324 1713 1372 1770 si
1420 1712 1609 1769 dicat:

102 1821 308 1890 Quamvis
341 1814 932 1891 pseudopraedicatores
948 1808 1104 1866 vobis
1144 1806 1445 1879 praedicent
1485 1819 1612 1860 eon-

54 1942 57 1951 ι
98 1915 225 1973 traria
247 1911 374 1978 lidei,
409 1917 587 1965 tamen
609 1906 825 1964 conﬁdo
851 1904 920 1961 de
944 1900 1102 1959 vobis
1122 1901 1176 1956 in
1214 1898 1448 1955 Domino
1463 1895 1609 1969 quod

96 2007 198 2065 nihil
221 2003 350 2061 aliud
375 2019 405 2059 a
429 2001 630 2057 virtute
653 1997 777 2054 lidei
805 1995 1051 2067 sapietis.
1083 1992 1218 2048 Boni
1248 1989 1495 2063 magistri
1527 1998 1613 2046 est

90 2101 143 2155 de
163 2095 517 2167 discipulorum
542 2090 849 2149 errantium
881 2085 1264 2144 emendatione
1304 2097 1608 2155 nunquam,

1712 984 1797 1029 est
1825 973 2006 1040 ille,et
2032 981 2496 1043 quantuscunque
2526 972 2620 1043 qui
2647 972 2894 1027 minores
2922 986 2953 1026 a
2977 970 3063 1025 via
3088 969 3180 1024 Dei
3207 969 3302 1025 de-

1714 1065 1860 1135 viare
1886 1064 2206 1135 facit,juxta
2237 1065 2464 1136 gradum
2506 1054 2667 1121 suum
2686 1064 2955 1135 judicium
2988 1079 3146 1119 suum
3174 1078 3303 1134 por-

1701 1157 1866 1225 .tabil.
1889 1154 2024 1213 Nam
2046 1176 2063 1208 ι
2084 1155 2306 1227 gravius
2322 1155 2594 1225 judicium
2623 1156 2677 1210 in
2708 1155 2903 1226 bisqui
2932 1154 3302 1226 pt'msunlliet,

1708 1254 1767 1302 ct
1792 1256 2039 1316 potentes
2065 1256 2312 1315 potenter
2342 1254 2614 1301 tormenta
2639 1246 2937 1317 patientur,
2965 1255 3020 1301 et
3053 1243 3302 1300 lortiori-
3395 1245 3399 1249 ’

1710 1338 1814 1395 bus
1844 1337 2040 1394 fortior
2071 1337 2239 1394 instat
2267 1337 2533 1393 cruciatio
2560 1336 2713 1409 (Sap.
2751 1335 2848 1406 vt).
2885 1356 2905 1389 ι

1786 1429 2045 1501 Sequitur
2066 1446 2193 1501 pars
2219 1430 2401 1497 tertia,
2431 1430 2485 1485 in
2508 1445 2619 1500 qua
2648 1428 2943 1500 Apostolus
2963 1428 3307 1485 demonstrat

1713 1538 1773 1578 se
1809 1538 1918 1578 non
1960 1521 2257 1592 praedicare
2290 1521 2425 1592 legis
2452 1521 2856 1577 observantiam
2892 1537 3020 1579 cum
3052 1520 3303 1593 Evange-

1713 1611 1810 1670 lio.
1832 1610 2050 1683 Legalia
2075 1611 2221 1667 enim
2254 1611 2527 1668 sacriﬁcia
2554 1620 2610 1668 et
2629 1612 2990 1669 observantiae
3015 1624 3300 1671 venturam

1713 1702 1991 1776 Evangelii
2041 1703 2446 1785 observantiam
2489 1702 2906 1776 pnntiguravere
2944 1723 2961 1761 :
2996 1715 3305 1778 propterea,

1714 1792 2008 1867 Evangelio
2056 1804 2415 1862 eoruscante,
2468 1793 2775 1852 debuerunt
2835 1811 3071 1853 cessare.
3128 1796 3304 1865 Quam

1642 1865 1688 1927 Β
1714 1887 1851 1961 legis
1879 1887 2412 1945 consummationem
2455 1894 2509 1943 et
2553 1887 2918 1944 cessationem
2950 1886 3216 1944 Dominus
3250 1888 3306 1942 in

1706 1997 1811 2053 sua
1841 1981 2096 2053 passione
2124 1980 2541 2049 demonstravit,
2578 1997 2703 2037 cum
2737 1981 2814 2038 ait
2841 2000 2857 2036 :
2889 2000 2910 2033 ι
2936 1981 3306 2037 ϐοηειιιιιιιιιιο

1714 2084 1829 2131 tum
1860 2082 1945 2131 est
1973 2072 2159 2147 (Joan.
2191 2073 2330 2145 xix).
2357 2093 2376 2127 ι
2413 2072 2519 2142 Qui
2549 2073 2715 2147 igitur
2767 2084 2972 2131 extunc
3001 2072 3208 2145 ﬁguras
3230 2072 3311 2130 le-

92 2195 188 2248 ιιιιιιι
210 2165 325 2247 sunt
352 2188 405 2243 in
436 2187 538 2242 bac
560 2185 692 2252 vita,
717 2184 1032 2255 desperare,
1078 2188 1136 2236 et
1180 2178 1303 2237 ideo
1325 2194 1610 2250 nunquam
1705 2167 1796 2240 gis
1824 2166 2096 2234 observat,
2127 2165 2411 2225 Christum
2439 2167 2684 2223 nondum
2712 2166 2949 2234 venisse,
2991 2165 3086 2223 sed
3129 2165 3313 2222 adhuc

89 2284 140 2341 ab
170 2281 386 2337 oratione
414 2292 657 2343 cessare,
697 2274 986 2346 quoniam,
1011 2272 1114 2330 etsi
1160 2272 1231 2329 de
1270 2269 1614 2341 incorrigibi-

88 2376 186 2428 lium
204 2371 565 2428 emendatione
592 2377 860 2440 quantum
885 2367 940 2422 in
974 2367 1056 2423 eis
1081 2365 1311 2432 dillidat,
1340 2375 1520 2420 tamen
1545 2364 1613 2421 de

82 2467 144 2520 eis
161 2466 205 2519 in
239 2463 450 2518 Domino
470 2462 748 2517 conlidere
775 2459 1061 2530 debet,qui
1090 2474 1201 2514 non
1224 2458 1404 2515 solum
1420 2472 1613 2513 erran-

83 2566 143 2609 trs
165 2561 318 2623 potest
336 2568 618 2618 revocare,
639 2552 751 2607 into
767 2550 932 2606 etiam
955 2550 1024 2606 de
1044 2548 1321 2621 lapidibus
1348 2547 1615 2605 suscitare

79 2648 190 2704 ﬁlios
210 2644 670 2715 Abramelatth.
697 2644 804 2713 ιιι).
840 2642 968 2699 lude
991 2652 1078 2699 est
1104 2641 1254 2714 quod
1293 2641 1373 2701 ait
1420 2658 1433 2695 :
1482 2639 1618 2697 Cou—

79 2738 160 2806 ﬁdo
186 2738 243 2792 de
273 2737 412 2792 vobis
474 2737 530 2790 in
585 2734 851 2802 Domino,
892 2751 1005 2791 non
1042 2734 1099 2790 in
1151 2734 1331 2801 vobis,
1351 2733 1617 2805 quoniam

84 2830 403 2886 cmaledictus
432 2829 609 2885 bomo
634 2828 727 2898 qui
750 2828 978 2884 conlidit
1024 2827 1079 2882 in
1128 2826 1354 2883 homine
1393 2825 1615 2898 (let-em.

75 2922 197 2992 mi).
228 2940 245 2974 ι
269 2919 458 2977 Nullus
488 2920 641 2976 enim
669 2936 763 2990 per
786 2935 846 2976 se
870 2928 1039 2985 stare,
1063 2918 1297 2975 necdum
1327 2934 1615 2991 resurgere

77 3019 233 3079 βηιεει.
252 3009 403 3077 Quod
428 3018 621 3066 autem
654 3008 953 3079 Apostolus
980 3015 1107 3064 tunc
1128 3007 1343 3064 dicebat
1386 3005 1615 3076 Calatis,

72 3101 364 3174 rgo,lratres
382 3100 735 3167 ebarissimi,
754 3114 903 3155 nunc
940 3097 1068 3155 dico
1107 3096 1266 3153 vobis
1299 3115 1313 3152 :
1351 3095 1617 3165 Quamvis

1713 2270 2007 2317 venturum
2074 2275 2200 2317 esse
2245 2260 2606 2318 demonstrat.
2644 2259 2832 2333 Itaque
2872 2269 3077 2317 extunc
3110 2260 3312 2332 legales

1709 2353 1919 2425 ﬁguras
1943 2353 2257 2420 observare,
2288 2368 2399 2408 non
2430 2361 2643 2408 emtum
2675 2361 2761 2409 est
2783 2352 2993 2421 inutile,
3022 2352 3118 2408 sed
3145 2352 3311 2407 etiam

1715 2445 2057 2514 mandatum,
2088 2455 2143 2501 et
2169 2446 2519 2518 sperantibus
2549 2444 2714 2502 etiam
2760 2445 2816 2500 in
2844 2446 2927 2502 eis
2954 2444 3308 2501 damnosum.

1716 2536 1873 2595 Unde
1911 2538 2053 2595 idem
2091 2536 2297 2595 Paulus
2336 2537 2467 2594 alibi
2506 2537 2624 2594 ait:
2654 2556 2674 2590 ι
2716 2536 2775 2593 Si
2815 2537 3312 2605 circumeidamini,

1716 2631 1972 2690 Christus
2000 2631 2138 2687 nihil
2170 2631 2412 2703 proderit
2441 2629 2597 2687 vobis
2625 2630 2770 2703 (Cal.
2804 2632 2879 2703 ι’).
2909 2649 2928 2684 ι
2964 2628 3319 2686 Demonstrat

1712 2723 1885 2797 igitur
1912 2722 2119 2780 Paulus
2152 2738 2212 2779 se
2247 2737 2355 2778 non
2392 2721 2689 2794 praedicare
2718 2720 2855 2793 legis
2881 2719 3313 2791 observantiam,

1719 2831 1845 2873 cum
1879 2816 1956 2871 ait
1984 2834 1999 2872 :
2027 2814 2094 2869 Et
2138 2831 2253 2886 ego,
2295 2814 2521 2883 fratres,
2557 2813 2606 2868 (ἱ
2648 2812 3103 2868 circumitionem
3140 2811 3315 2866 adhuc

1718 2908 1973 2979 prmdico,
2008 2916 2063 2961 ut
2097 2906 2226 2977 quid
2272 2904 2448 2961 adhuc
2470 2904 2888 2975 persecutionem
2913 2902 3134 2973 patior?
3159 2901 3239 2955 Ae.
3267 2901 3313 2956 si

1720 3008 1906 3071 aperte
1934 2999 2081 3055 dicat
2125 3017 2140 3054 :
2184 2995 2250 3053 Et
2295 2997 2403 3054 boc
2441 3004 2622 3066 patet,
2665 2995 2796 3067 quia
2839 2993 3315 3051 circumcisiouetn

1720 3108 1832 3164 pou
1859 3090 2117 3163 praedico,
2161 3089 2291 3160 quia
2339 3104 2370 3144 a
2410 3086 2615 3144 Iudaeis
2657 3086 2998 3143 amatoribus
3026 3086 3320 3142 circumci-

74 3196 183 3250 inter
206 3194 416 3265 iniquos
440 3201 498 3251 et
539 3191 833 3253 haereticos
888 3188 1180 3257 habitetis,
1227 3203 1465 3259 quorum
1522 3188 1616 3243 alii
1644 3225 1689 3285 ο
1716 3184 1894 3241 sionis
1923 3182 2355 3255 persecutionem
2380 3180 2584 3281 patior.
2628 3178 2734 3246 Qui
2770 3179 2842 3236 ob
2874 3179 3011 3233 nihil
3042 3178 3190 3234 aliud
3227 3192 3316 3233 me

69 3287 184 3343 malo
206 3287 472 3359 exemplo,
499 3285 601 3343 alii
625 3284 767 3340 mala
790 3282 1041 3340 doctrina
1075 3296 1176 3338 vos
1232 3287 1616 3349 corrumpunt,

71 3388 219 3434 tamen
242 3378 458 3435 conﬁdo
485 3378 561 3436 de
590 3374 751 3432 vobis
790 3391 903 3431 non
928 3374 984 3428 in
1011 3372 1189 3439 vobis,
1214 3371 1311 3429 sed
1341 3371 1397 3427 in
1427 3370 1617 3426 Domi-

68 3486 138 3535 no,
165 3470 300 3549 quod
323 3468 467 3528 nihil
515 3467 675 3525 aliud
722 3466 793 3523 ab
844 3466 1052 3522 unitate
1099 3463 1225 3520 fidei
1265 3463 1493 3535 sapietis
1538 3462 1619 3519 vel

69 3558 257 3615 iacietis.
301 3559 408 3628 Qui
467 3560 625 3617 enim
678 3559 750 3615 ab
799 3556 1009 3613 unitate
1057 3554 1447 3613 ecclesiastica:
1496 3554 1620 3611 ﬁdei

64 3666 331 3727 separatur,
354 3665 635 3728 tanquam
679 3654 802 3712 ovis
828 3650 1143 3709 errabunda
1192 3665 1224 3706 a
1259 3649 1405 3720 lupis
1452 3648 1620 3706 devo-

65 3758 205 3805 tatur.

115 3841 354 3914 Sequitur
379 3859 518 3916 pars
547 3839 816 3908 secunda,
840 3838 896 3893 in
924 3851 1036 3908 qua
1057 3833 1356 3906 Apostolus
1383 3832 1614 3905 pseudo-

60 3936 474 4002 pnedicatoribus
520 3934 799 4007 judicium
850 3931 1096 3987 minatur
1143 3928 1387 3985 subdens
1441 3945 1458 3982 :
1515 3925 1621 3992 Qui

54 4037 203 4083 αιιιειιι
243 4028 539 4085 conturbat
575 4042 690 4093 eos,
729 4022 966 4096 portabit
993 4020 1285 4091 judicium,
1323 4018 1623 4090 quicunque

56 4129 117 4172 est
138 4119 236 4176 ille.
268 4118 329 4177 ει
364 4123 599 4178 nullum
627 4120 839 4176 malum
865 4117 1012 4176 Dens
1056 4115 1324 4186 relinquit
1375 4112 1622 4184 impuni-

54 4222 165 4283 tum,
204 4226 415 4289 quanto
448 4215 733 4287 supplicio
757 4213 918 4270 debet
961 4211 1054 4267 ille
1092 4208 1274 4281 puniri
1302 4207 1398 4279 qui
1439 4206 1625 4263 lideles

51 4305 348 4364 disturbata
378 4308 725 4365 rectitudine
750 4306 880 4364 vita
903 4312 961 4361 et
996 4301 1160 4360 ﬁdei?
1214 4298 1273 4357 Si
1316 4299 1466 4356 enim
1495 4308 1623 4354 tan-

51 4401 151 4448 tum
166 4405 453 4467 peccatum
477 4406 573 4453 est
597 4394 849 4452 occidere
877 4406 1081 4464 corpus
1103 4388 1345 4447 hominis
1370 4387 1621 4453 mortale,

48 4499 285 4555 quantum
314 4498 621 4560 peceatum
645 4497 731 4544 est
750 4487 1000 4544 occidere
1013 4483 1231 4541 animas
1250 4479 1625 4538 immortales?

1724 3282 2161 3345 persequuntur,
2211 3270 2320 3328 nisi
2368 3268 2500 3341 quia
2551 3268 3030 3325 circumcisiouem
3086 3284 3321 3337 evacuo,

1723 3381 1890 3437 quam
1933 3373 2142 3431 amant,
2185 3372 2239 3421 et
2274 3378 2496 3419 crucem
2546 3360 2782 3432 praadieo
2828 3360 3054 3427 Christi,
3106 3360 3160 3414 iu
3206 3376 3320 3431 qua

1724 3458 2185 3516 scandalizantur.
2222 3453 2386 3527 Ergo,
2414 3453 2614 3526 inquit,
2645 3462 2959 3508 evacuatur»
2985 3460 3062 3508 est
3084 3451 3318 3507 scanda-

1724 3549 1835 3603 lum
1864 3549 2060 3615 crucis,
2107 3546 2154 3602 si
2198 3561 2309 3602 non
2356 3560 2578 3602 crucem
2606 3543 2865 3615 praedico,
2898 3543 2995 3599 sed
3024 3541 3317 3600 circumci—

1718 3641 1935 3707 _sioucm
1969 3640 2022 3695 in
2051 3654 2159 3710 qua
2181 3636 2353 3693 Judmi
2384 3652 2494 3692 non
2522 3635 2985 3703 scandalizantur,
3009 3634 3104 3691 sed
3134 3634 3321 3705 potius

1722 3732 1999 3788 laetantur.
2022 3728 2180 3799 Quod
2211 3740 2391 3786 autem
2426 3737 2554 3784 tunc
2585 3726 2789 3784 Paulus
2825 3726 3135 3798 patiebatur
3159 3740 3191 3781 a
3216 3723 3318 3780 lu-

1722 3822 1877 3890 daeis,
1905 3823 2048 3878 idem
2078 3821 2319 3893 patimur
2363 3818 2525 3875 hodie
2559 3833 2684 3881 nos.
2722 3816 2850 3873 licet
2876 3816 3085 3888 indigni
3114 3815 3315 3887 praedi-

1724 3926 1979 3981 calores,
2023 3929 2054 3969 a
2091 3911 2420 3986 quibusdam
2457 3909 2732 3983 perversis
2774 3908 3140 3975 Christianis,
3187 3907 3319 3978 quia

1723 4023 1848 4065 cum
1880 4006 1961 4063 eis
1991 4021 2101 4061 non
2132 4012 2308 4076 grata,
2332 4002 2429 4060 sed
2461 4017 2612 4070 vera,
2650 4016 2761 4059 non
2786 3999 3008 4072 placita,
3044 4000 3141 4057 sed
3179 4002 3319 4055 dura

1722 4099 1981 4166 dicimus,
2012 4097 2261 4164 insidias,
2287 4094 2652 4152 contumelias
2676 4102 2731 4150 et
2757 4091 2991 4164 injurias
3015 4092 3086 4148 ab
3109 4091 3193 4147 eis
3221 4106 3322 4163 pa—

1724 4192 1912 4248 timur.
1936 4190 2076 4246 Cum
2102 4189 2248 4245 enim
2280 4188 2429 4244 bunc
2451 4185 2783 4257 corripimus
2808 4184 2875 4241 de
2892 4182 3140 4250 luxuria,
3166 4171 3319 4238 illu'm

1723 4283 1791 4341 de
1817 4282 2071 4349 avaritia,
2103 4282 2253 4337 hunc
2279 4279 2347 4335 de
2374 4277 2478 4345 ira,
2509 4277 2662 4334 illum
2690 4277 2759 4334 de
2784 4275 3127 4342 crudelitate,
3151 4274 3322 4331 alium

1724 4375 1793 4433 de
1819 4373 2049 4432 mollitie
2084 4382 2138 4430 et
2159 4370 2543 4436 dissolutione,
2571 4384 2667 4426 eos
2701 4367 2905 4426 lucrari
2948 4365 3062 4425 Deo
3089 4366 3323 4437 cupien-

1727 4478 1831 4537 tes,
1863 4483 1966 4525 nos
1990 4466 2226 4524 oderunt
2257 4464 2402 4522 unde
2433 4464 2661 4536 diligere
2687 4462 3017 4519 debuerunt.

49 4552 164 4634 llinc
202 4552 486 4637 Dominus
531 4580 592 4635 in
639 4576 965 4649 Evangelia:
1000 4595 1018 4628 ι
1048 4573 1154 4641 Qui
1174 4570 1625 4630 scandalizaverit
1660 4578 1704 4635 ο
1802 4558 2062 4631 Sequitur
2085 4573 2215 4630 pars
2236 4565 2456 4649 quarta,
2482 4556 2540 4612 in
2562 4570 2673 4626 qua
2695 4552 2998 4649 Apostolus
3003 4557 3170 4649 optat
3196 4563 3327 4649 pcr-

48 4683 192 4725 unum
222 4671 291 4727 de
326 4671 569 4743 pusillis
588 4669 712 4725 istis
738 4669 835 4740 qui
858 4668 915 4723 in
937 4682 1026 4723 me
1048 4665 1299 4731 credunt,
1323 4660 1542 4733 expedit
1570 4661 1621 4717 ei

44 4767 93 4813 ut
115 4763 486 4834 suspendatur
511 4761 662 4817 mola
706 4758 947 4816 asinaria
977 4758 1034 4813 in
1066 4756 1210 4815 collo
1243 4754 1403 4826 eius,
1424 4762 1482 4809 et
1519 4753 1620 4809 de-

44 4865 295 4924 mergatur
318 4856 378 4910 in
402 4852 753 4926 profundum
783 4850 954 4907 maris
990 4848 1211 4921 (Matth.
1240 4863 1410 4914 xvm;
1445 4844 1620 4902 Marc.

43 4944 124 5013 ix).
152 4965 170 4996 ι
205 4945 347 5017 Quia
376 4946 649 5002 videlicet
670 4943 997 5016 [u-aedicator
1019 4942 1113 5013 qui
1144 4940 1451 4997 oﬂensioue
1487 4938 1619 4995 mali

43 5040 250 5110 rxetitpli
280 5040 375 5096 vel
421 5038 705 5095 doctrinae
745 5034 983 5108 pusillos
1017 5034 1075 5090 in
1113 5033 1220 5090 lide
1255 5031 1389 5091 facit
1436 5045 1621 5098 ruere,

43 5130 214 5186 melius
231 5140 387 5187 esset
415 5131 471 5187 ei
504 5128 855 5187 utcircuitus
883 5125 1231 5198 ponderosas
1269 5124 1399 5180 vita
1448 5137 1623 5180 saecu-

43 5219 151 5276 laris
185 5239 315 5279 eum
354 5224 418 5278 in
466 5229 740 5280 inteream
778 5218 1191 5275 damnationem
1238 5215 1625 5288 praecipitaret,

43 5314 278 5381 utioaiam
317 5315 492 5372 solus
532 5312 731 5368 animae
762 5326 879 5369 sua:
905 5325 1061 5367 reum
1084 5309 1267 5366 minor
1292 5322 1456 5379 parua
1500 5322 1629 5363 cru-

1723 4650 2062 4707 turbantium
2091 4648 2498 4721 separationem
2526 4661 2653 4702 cum
2690 4643 2879 4700 subdit
2903 4661 2921 4697 ι
2971 4639 3195 4696 Utinam
3225 4639 3327 4692 ab-

1722 4743 2040 4800 scinduntur
2083 4741 2176 4813 qui
2223 4755 2313 4796 vos
2358 4735 2714 4794 conturbant!
2758 4732 2915 4789 Sicut
2955 4729 3198 4802 prudens
3227 4744 3325 4799 pa—

1723 4845 1843 4899 stor
1869 4834 2161 4907 separabat
2186 4832 2494 4890 morbidam
2520 4844 2675 4886 ovem
2704 4827 2789 4883 vel
2819 4838 3049 4897 porcum
3070 4822 3141 4878 ab
3166 4821 3322 4887 ovili,

1726 4941 1799 4983 ne
1829 4924 1950 4997 ejus
1979 4923 2236 4994 contagio
2265 4930 2414 4978 tutus
2444 4934 2574 4991 grex
2604 4924 2818 4989 pereat;
2847 4914 2922 4970 ita
2952 4911 3155 4968 Doctor
3185 4926 3321 4982 gen--

1729 5019 1867 5077 tium
1897 5027 2050 5090 optat
2080 5014 2324 5088 separari
2354 5012 2598 5084 iniquos,
2645 5006 2790 5064 male
2816 5006 3076 5062 docentes
3112 5002 3197 5059 vel
3236 5002 3322 5056 vi-

1728 5120 1936 5178 ventes,
1959 5127 1993 5166 a
2014 5124 2177 5182 grege
2205 5107 2469 5172 lidelium,
2497 5117 2567 5159 ne
2594 5116 2691 5158 eos
2717 5114 2819 5156 sua
2843 5095 3172 5167 contagione
3198 5107 3324 5149 cor-

1728 5212 1990 5275 rumpant
2018 5212 2076 5258 ct
2100 5202 2158 5257 in
2185 5198 2368 5257 anima
2404 5193 2677 5253 occidant.
2723 5189 2853 5246 Illos
2878 5186 3027 5245 enim
3058 5184 3327 5243 debemus

1722 5297 1966 5355 retinere
1994 5296 2052 5352 in
2080 5307 2304 5366 gregem
2350 5296 2599 5345 nostrum
2627 5283 2722 5342 oui
2747 5282 2816 5340 de
2844 5288 3034 5338 nostra
3062 5276 3329 5337 societate

43 5375 213 5477 daret;
264 5423 429 5465 nunc
456 5415 654 5464 autem
682 5414 764 5463 tot
811 5403 1083 5476 supplicia
1137 5375 1455 5467 sustinebit,
1495 5408 1631 5471 quot
1731 5397 1845 5453 sint
1866 5393 2145 5458 meliores,
2171 5389 2256 5445 vel
2289 5387 2359 5444 de
2384 5398 2625 5458 quorum
2650 5380 2914 5477 societate
2938 5393 3042 5435 nos
3066 5375 3330 5477 meliores

43 5500 230 5557 mimas
256 5516 436 5558 ruere
467 5496 628 5555 fecit.
664 5496 933 5564 Portabit,
961 5494 1177 5567 inquit,
1194 5493 1487 5564 judicium,
1541 5491 1627 5546 vel

44 5593 108 5649 uie
126 5594 524 5660 voluntarius,
552 5589 636 5646 vel
662 5590 718 5645 in
745 5588 934 5645 futuro
956 5586 1184 5644 invitus.
1213 5583 1321 5652 Qui
1349 5582 1501 5638 enim
1528 5580 1621 5638 hic

43 5686 89 5742 le
124 5696 457 5759 perpetrato
506 5693 734 5756 pacato
782 5682 1025 5754 seipsum
1077 5694 1177 5752 per
1214 5677 1625 5739 eontritionem,

43 5776 439 5836 nttlessionem
458 5785 526 5833 et
568 5773 999 5831 satisfactionem
1026 5779 1251 5827 accusat
1305 5777 1358 5825 et
1396 5767 1625 5837 judicat,

1730 5486 1930 5543 simus.
1976 5478 2412 5553 lneorrigibilem
2460 5488 2628 5541 vero,
2681 5471 2779 5544 qui
2825 5471 2894 5528 de
2940 5478 3133 5527 nostra
3178 5474 3324 5522 bona

1728 5574 2151 5638 conversatione
2175 5589 2287 5631 non
2316 5573 2378 5629 lit
2406 5570 2620 5636 melior,
2646 5577 2704 5626 et
2730 5582 2834 5625 nos
2856 5565 2928 5622 de
2957 5578 3058 5622 sua
3088 5559 3328 5618 deterio-

1728 5689 1825 5730 res
1854 5670 1971 5728 tieri
2021 5682 2342 5741 possumus,
2374 5680 2405 5720 a
2441 5662 2603 5719 nobis
2630 5658 3012 5718 excludamus.
3044 5652 3326 5741 Scriptum

1733 5773 1820 5820 est
1856 5761 2002 5818 enim
2022 5738 2044 5816 *ς
2074 5780 2092 5811 ι
2123 5755 2350 5814 Auferte
2379 5754 2584 5811 malum
2615 5752 2683 5808 de
2711 5748 2893 5805 medio
2922 5743 3087 5807 vestri
3113 5739 3167 5810 (I
3196 5738 3324 5794 Cor.

43 5877 281 5926 sternunt
347 5866 642 5941 judicium
693 5865 878 5921 evitat.
928 5861 1082 5919 Unde
1136 5861 1281 5917 idem
1336 5857 1629 5929 Apostolus
1735 5857 1810 5927 v).
1848 5875 1863 5905 ι
1899 5851 2035 5909 llinc
2061 5859 2143 5908 est
2167 5848 2315 5923 quod
2341 5853 2530 5905 sancta
2558 5840 2799 5901 Ecclesia
2825 5837 3121 5927 adulteros,
3150 5830 3329 5889 fcerit:-
