3844 6318
525 426 657 484 1371

1745 405 2132 469 ΔιὶΑῡυιιῐιιιι
2167 388 2517 461 sunmus

3612 406 3712 464 {372

523 552 767 608 ratores,
814 516 1098 597 btereticos
1150 548 1484 607 umerosque
1535 531 1768 604 publicis
1811 528 2108 587 sceleribus
2136 525 2184 583 A
2214 537 2348 579 crux
2376 520 2552 578 dextri
2578 519 2807 577 latronis
2830 535 2932 593 pro
2960 521 3202 594 peccatis
3235 520 3351 579 suis
3373 521 3616 593 patientis,
3647 536 3711 589 sed

518 631 798 689 involutos
826 629 1303 688 excommunicare
1329 636 1384 684 et
1410 625 1692 682 eliminare
1721 622 2025 688 consuevit,
2050 620 2105 676 in

522 726 629 780 hoc
652 734 763 781 tam
794 724 897 781 sibi
927 739 1092 795 quam
1119 721 1226 777 illis
1252 719 1574 776 consulens:
1609 716 1736 783 sibi,
1758 729 1826 770 ne
1854 711 2107 784 contagio

521 832 716 874 eorum
750 817 981 873 interius
1014 821 1417 884 corrumpatur,
1464 811 1592 877 illis,
1616 811 1710 881 qui
1741 826 1867 865 eum
1921 808 2109 865 vident

522 921 745 981 propter
789 908 993 964 scelera
1023 921 1122 962 sua
1169 920 1229 961 se
1267 903 1530 975 dejectos,
1561 903 1886 960 erubescant
1928 910 1983 959 et
2018 916 2107 957 sa-

524 998 754 1058 lubriter
775 994 1199 1056 malundantur.

595 1091 854 1163 Sequitur
881 1105 1006 1160 pars
1031 1080 1246 1160 quinta,
1276 1083 1333 1139 in
1367 1099 1476 1155 qua
1501 1083 1844 1139 demonstrat
1866 1081 2107 1153 Aposto-

520 1181 608 1241 lus
654 1196 824 1251 quare
873 1176 1220 1234 observantia
1267 1175 1401 1248 legis
1428 1173 1754 1247 praedicetur
1798 1188 1829 1230 a
1870 1172 2112 1246 pseudo—

518 1268 998 1337 praulicatoribus,
1044 1275 1100 1324 et
1127 1267 1284 1338 ponit
1308 1266 1448 1323 duas
1476 1282 1695 1323 causas.
1738 1264 2005 1333 Primam,
2046 1273 2109 1324 ut

514 1358 721 1414 evitent
744 1358 1211 1431 persecutionem;
1251 1359 1569 1425 secundam,
1604 1366 1663 1413 ut
1685 1357 1976 1429 acquirant
1999 1357 2106 1414 sibi

519 1464 739 1506 nomen.
803 1453 1113 1523 Quicunque
1163 1452 1306 1506 enim
1353 1450 1534 1506 uolunt
1586 1450 1796 1521 placere
1845 1452 1903 1505 in
1951 1466 2113 1510 eam

519 1541 572 1597 id
638 1550 726 1599 est
789 1544 1102 1610 carnaliter,
1146 1551 1202 1598 et
1269 1558 1381 1599 non
1440 1542 1817 1614 spiritualiter,
1862 1542 2107 1598 homini-

516 1631 642 1699 bus,
669 1640 725 1687 et
753 1646 862 1688 non
895 1631 1029 1701 Deo,
1059 1632 1115 1687 hi
1158 1632 1349 1703 cogunt
1378 1647 1470 1685 nos
1499 1630 1830 1700 circumcidi,
1868 1640 2106 1700 tantum,

516 1725 801 1794 subaudis,
830 1726 886 1781 in
915 1741 1101 1793 carne,
1143 1725 1229 1781 vel
1262 1730 1473 1780 tantum
1505 1723 1607 1779 hac
1642 1738 1808 1779 causa
1841 1731 1900 1779 ut
1925 1722 2107 1782 crucis

515 1815 723 1873 Christi
751 1819 1185 1888 persecutionem
1211 1831 1322 1873 non
1353 1814 1647 1886 patiantur.
1696 1814 1929 1873 Romani
1957 1816 2102 1872 enim

519 1905 897 1976 imperatores,
926 1908 1231 1980 Augustus,
1264 1906 1537 1974 Tiberius,
1569 1914 1624 1962 et
1650 1906 1816 1963 Caius
1843 1906 2106 1963 dederant

515 1997 822 2054 libertatem
859 1999 1084 2068 Iudaeis,
1130 2010 1190 2058 ut
1234 2000 1435 2071 ubique
1474 2008 1698 2070 possent
1739 1999 1931 2070 patriis
1968 1996 2108 2071 legi?-

516 2086 642 2156 bns,
674 2088 847 2145 donec
873 2089 1138 2158 viverent,
1188 2089 1243 2145 in
1285 2105 1420 2161 pace
1462 2088 1758 2145 deservire.
1809 2088 2106 2160 Propterea

516 2179 1110 2250 pseudopraadicatores
1143 2181 1275 2238 dum
1311 2181 1558 2237 viderent
1602 2179 1950 2237 Christianos
1981 2197 2107 2252 pern-

516 2269 851 2326 secutionem
881 2271 1014 2343 pati,
1060 2273 1260 2345 legales
1292 2273 1684 2331 observantius
1728 2272 2005 2340 tenebant,
2052 2282 2108 2329 et

514 2373 648 2416 suos
678 2369 862 2418 tenete
905 2364 1202 2435 cogebant,
1245 2373 1308 2422 ut
1353 2366 1673 2423 hominibus
1702 2382 1811 2421 non
1849 2367 2108 2437 displice—

504 2458 658 2519 rent,
686 2461 741 2508 et
768 2455 1201 2523 persecutionem
1221 2456 1509 2513 evitarent.
1539 2456 1783 2525 Quorum
1810 2458 1976 2515 etiam
2006 2452 2106 2513 ho-

510 2541 603 2599 die
631 2552 762 2600 sunt
787 2545 993 2604 similes
1031 2548 1255 2620 quidam
1297 2549 1414 2606 solo
1444 2550 1666 2605 nomine
1694 2559 1966 2620 pastores,
2008 2549 2103 2622 qui

514 2648 624 2689 non
650 2650 803 2705 vera,
832 2639 926 2694 sed
953 2648 1129 2710 grata,
1155 2655 1267 2697 non
1292 2641 1453 2709 dura,
1482 2641 1576 2696 sed
1605 2642 1802 2712 placita
1827 2640 2019 2698 dicunt
2049 2650 2106 2699 et

515 2725 723 2783 faciunt
765 2728 1103 2801 hominibus,
1148 2733 1252 2808 hac
1277 2733 1529 2790 videlicet
1562 2750 1728 2791 causa
1765 2743 1824 2791 ut
1857 2736 1939 2793 eis
1981 2736 2104 2808 pla-

511 2827 693 2876 ceant.
723 2818 829 2877 Sed
859 2830 919 2878 ut
953 2824 1030 2879 ait
1052 2822 1343 2882 Psalmista
1372 2844 1386 2882 :
1420 2845 1439 2879 ι
1466 2825 1571 2895 Qui
1617 2827 1936 2885 hominibus
1980 2830 2102 2900 pla-

412 2954 419 2958 .
500 2920 660 2980 cent,
693 2913 907 2972 confusi
934 2925 1082 2984 sunt,
1105 2918 1369 2989 quoniam
1397 2917 1542 2977 Deus
1570 2920 1774 2995 sprevit
1798 2936 1894 2978 eos
1921 2921 2100 2995 (Psal.

502 3004 635 3076 'Ln).
672 3023 691 3058 ι
723 3024 738 3061 :
765 3005 832 3063 Et
863 3008 1158 3080 Apostolus
1185 3029 1199 3065 :
1244 3029 1264 3063 ι
1299 3009 1358 3067 Si
1398 3012 1600 3079 adhuc,
1632 3014 1832 3085 inquit,
1861 3014 2104 3072 homini-

515 3096 622 3153 bus
657 3098 950 3169 placerem,
990 3101 1195 3160 Christi
1226 3118 1421 3160 servus
1450 3120 1560 3160 non
1587 3119 1768 3162 essem
1798 3106 1944 3179 (Cal.
1979 3107 2042 3178 ι).
2074 3126 2097 3162 s

2206 625 2390 672 tamen
2417 615 2752 688 paenitentis,
2783 624 2839 673 et
2866 615 3202 682 conﬁtentis,
3235 630 3337 671 nec
3367 615 3420 670 in
3443 631 3504 672 ea
3525 624 3714 682 ostende

2207 707 2490 779 glorietur,
2534 708 2633 765 sed
2676 707 2821 763 unde
2862 707 3211 777 corripiatur.
3243 704 3346 762 Est
3375 714 3428 762 et
3453 721 3575 762 crux
3599 708 3714 781 Cyre-

2206 800 2310 856 naei
2340 800 2395 856 i'n
2425 799 2672 872 angaria,
2700 799 2795 856 sed
2822 815 2933 854 non
2961 798 3271 865 morientis,
3301 796 3358 852 id
3385 807 3466 854 est
3492 798 3715 871 hypocrita

2207 907 2429 950 carnem
2464 890 2759 964 alliigentis
2779 901 2835 948 et
2868 891 3076 947 mundo
3116 890 3373 957 viventis,
3412 904 3511 945 nec
3530 890 3716 951 iueaesl

2208 983 2354 1039 unde
2378 998 2506 1039 vere
2531 981 2811 1055 glorietur,
2839 981 2934 1038 sed
2960 980 3106 1037 unde
3128 979 3424 1051 iudicetur.
3452 978 3544 1035 Est
3563 989 3613 1035 et
3629 998 3715 1039 cm

2206 1074 2412 1134 Christi
2438 1073 2771 1140 innocentis,
2802 1088 2902 1144 pro
2931 1071 3169 1143 peccatis
3197 1070 3407 1127 nostris
3452 1080 3624 1140 sponte
3644 1089 3718 1129 mo-

2206 1166 2419 1236 rientis,
2454 1176 2511 1223 et
2538 1166 2597 1222 in
2625 1181 2689 1223 ea
2718 1174 2804 1222 est
2828 1164 3063 1220 multum
3091 1162 3237 1219 unde
3264 1162 3545 1236 glorietur.
3588 1161 3634 1218 II
3654 1165 3720 1221 hac

2206 1259 2411 1318 Paulus
2438 1257 2725 1331 gloriatur,
2771 1256 3034 1329 quoniam
3063 1266 3118 1312 et
3146 1255 3216 1311 ad
3247 1253 3555 1325 exemplum
3577 1253 3721 1313 Christi

2207 1352 2262 1408 in
2291 1365 2454 1409 cruce
2493 1347 2798 1422 pendentis,
2838 1362 3060 1404 carnem
3106 1360 3265 1402 suam
3296 1344 3721 1404 cruciﬁxeratcm

2205 1444 2355 1501 vitiis
2391 1450 2447 1500 et
2485 1438 2943 1510 concupiscentiis
2977 1436 3124 1510 (Gal.
3156 1439 3237 1508 v),
3273 1445 3526 1492 mortuus
3561 1438 3722 1506 ωαιιιιο,

2208 1536 2302 1594 sed
2326 1535 2483 1592 vivus
2504 1533 2638 1590 Deo.
2698 1530 2855 1588 Unde
2911 1530 3055 1587 idem
3093 1530 3201 1586 ait:
3250 1547 3273 1583 ι
3311 1527 3452 1585 Viro
3503 1543 3611 1600 ego,
3647 1530 3723 1600 iam

2208 1642 2318 1682 non
2366 1640 2488 1697 ego,
2524 1622 2660 1678 vivit
2715 1636 2849 1676 vero
2898 1620 2954 1675 in
2986 1635 3075 1677 me
3116 1618 3381 1676 Christus
3407 1618 3601 1689 (Colat.
3630 1623 3721 1684 u).i

2208 1714 2275 1771 Et
2299 1714 2471 1771 etiam
2489 1728 2593 1785 pro
2621 1710 2852 1767 Christo
2866 1709 3112 1791 quotidie
3158 1709 3487 1780 patiebatur
3506 1719 3725 1767 conluuie
3824 1744 3825 1749 η

2208 1807 2335 1873 lias,
2355 1805 2613 1877 injurias,
2634 1802 2864 1874 ﬂagella,
2885 1816 3157 1869 carceres,
3184 1800 3489 1872 lapides,et
3512 1801 3714 1872 bujusmo

2140 1863 2184 1920 Β
2207 1900 2284 1957 di.
2312 1863 2466 1954 Elide
2489 1863 2630 1953 idem
2655 1863 2735 1950 ait
2760 1913 2774 1950 :
2804 1913 2824 1947 ι
2851 1863 2975 1965 Ego
2994 1863 3259 1964 stigmata
3303 1863 3510 1948 Christi
3555 1863 3728 1962 pbrtoia

2208 2013 2439 2070 corpore
2473 2012 2602 2052 meo
2657 1993 2802 2069 (ϐαρ.
2853 1993 2957 2065 vl.)
3010 1992 3079 2048 Et
3120 1990 3374 2063 suppleo,
3431 1989 3611 2058 inquit,
3647 2002 3730 2056 qua

2204 2094 2405 2150 desunt
2435 2091 2757 2165 passionum
2791 2089 2998 2147 Christi
3024 2088 3165 2160 (Col.
3196 2089 3259 2159 ι).
3311 2105 3331 2139 ο
3367 2082 3469 2141 llis
3504 2083 3645 2154 igitur
3670 2100 3731 2138 πο

2204 2187 2312 2243 mis
2329 2186 2447 2258 jam
2467 2192 2820 2257 superaverat
2840 2182 3155 2255 Apostolus,
3177 2195 3287 2235 non
3309 2178 3491 2235 solum
3504 2175 3730 2239 mundum,
3824 2198 3825 2207 ι

2204 2276 2301 2334 sed
2332 2277 2497 2333 etiam
2528 2275 2792 2347 seipsum.
2821 2268 2979 2329 Unde
3011 2280 3069 2328 et
3090 2270 3313 2328 subdit:
3372 2267 3478 2322 Per
3512 2283 3658 2339 quem,
3694 2266 3731 2320 id

2204 2379 2309 2437 est,
2343 2384 2440 2440 per
2459 2367 2619 2439 cujus
2655 2380 2933 2433 amorem,
2950 2380 3046 2437 per
3060 2363 3220 2434 cujus
3243 2361 3734 2424 imitationem-us-

2204 2462 2303 2517 dus
2348 2462 2481 2516 mihi
2521 2461 2813 2531 crucifixus
2864 2467 2969 2525 est,
3022 2473 3100 2513 ne
3150 2470 3249 2511 me
3298 2452 3483 2509 trahat
3534 2450 3735 2520 concupi-
3824 2448 3825 2523 ᾖ

2205 2552 2451 2618 scentiis,
2494 2561 2545 2607 et
2579 2569 2677 2624 ego
2704 2550 2920 2617 mundo,
2968 2564 3039 2605 ne
3063 2546 3194 2603 eum
3218 2561 3446 2617 sequar,
3478 2544 3531 2599 id
3566 2552 3638 2598 est
3672 2558 3738 2613 per
3824 2542 3825 2595 1

2205 2659 2369 2715 quem
2396 2644 2503 2699 viri
2540 2642 2827 2712 mundum,
2867 2650 2922 2697 et
2977 2639 3144 2697 etiam
3205 2638 3499 2708 meipsum.
3531 2634 3622 2691 Sed
3648 2649 3737 2700 nos,

2205 2734 2491 2793 lratrcs.si
2516 2734 2695 2791 adhuc
2718 2733 2942 2789 mundo.
2988 2732 3033 2788 si
3085 2730 3269 2787 adhuc
3308 2728 3494 2786 carnis
3533 2729 3742 2797 eorrupi-

2205 2828 2433 2884 scentiis
2482 2826 2740 2893 vivimus,
2790 2823 3071 2895 quomodo
3108 2823 3166 2876 in
3205 2835 3376 2877 cruce
3415 2819 3542 2877 ἔξω
3580 2817 3743 2875 Clu-isti
3824 2826 3825 2895 ἡ

2206 2920 2429 2992 gloriari
2490 2918 2823 2990 possumus?
2870 2915 3095 2981 Nonne,
3157 2913 3291 2969 dum
3350 2914 3561 2985 signum
3604 2914 3746 2969 crucis

2206 3011 2370 3068 fronti
2412 3020 2603 3067 nostro
2632 3009 3020 3080 imprimimus,
3066 3016 3123 3063 et
3166 3016 3352 3064 tamen
3403 3006 3747 3076 concupiscen-
3824 3006 3825 3081 1

2203 3105 2312 3159 tias
2333 3113 2387 3160 et
2410 3103 2617 3158 vitiain
2657 3103 2819 3157 nobis
2865 3115 2978 3155 non
3035 3099 3461 3165 mortiﬁcamus,
3502 3108 3751 3169 pauperu-
3824 3099 3825 3129 ‘

516 3187 825 3247 Secundam
866 3207 994 3249 vero
1021 3209 1245 3250 causam
1291 3194 1448 3266 ponit
1485 3211 1612 3251 cum
1643 3196 1833 3269 subdit
1862 3217 1877 3252 :
1918 3197 2102 3271 Neque
2127 3226 2176 3292 ο
2206 3202 2337 3249 tem.
2382 3192 2769 3258 humilitatem,
2793 3188 3180 3257 contumelias,
3226 3188 3485 3259 injurias,
3514 3188 3753 3243 inﬁmita-

500 3281 655 3334 -enim
674 3283 764 3352 qui
784 3283 1256 3352 circumciduntur,
1282 3284 1566 3349 subaudis,
1593 3293 1801 3341 tantum
1828 3287 1882 3342 in
1909 3302 2097 3357 carne,

513 3371 679 3445 legem
706 3375 1031 3445 custodiunt,
1059 3392 1183 3447 qua:
1210 3375 1553 3447 spiritualem
1583 3377 1761 3449 magis
1787 3392 1953 3448 quam
1979 3394 2104 3435 car-

515 3464 695 3521 nalem
722 3467 979 3539 praecepit
1004 3467 1502 3525 circumcisionem.
1533 3466 1636 3524 Sed
1668 3469 1870 3537 colunt,
1901 3470 2097 3543 inquit,

512 3571 603 3612 vos
627 3559 959 3628 circumcidi,
990 3567 1049 3615 ut
1076 3560 1130 3615 in
1169 3576 1327 3616 carne
1370 3569 1563 3629 vestra,
1606 3560 1659 3617 id
1697 3570 1783 3618 est
1812 3562 1866 3617 in
1893 3564 2100 3620 carnali

510 3657 695 3705 vestra
743 3651 1162 3723 circumcisione
1186 3694 1202 3721 ,
1233 3651 1561 3724 glorientur,
1588 3653 1719 3710 dum
1756 3654 1942 3725 plures
1970 3670 2100 3726 pro-

513 3740 715 3813 selytos
741 3740 1013 3812 faciendo,
1039 3759 1238 3801 nomen
1268 3745 1373 3802 sibi
1404 3745 1710 3818 acquirent.
1739 3746 1942 3815 Quales
1970 3759 2102 3806 sunt

513 3829 678 3890 hodie
706 3834 872 3906 (unde
899 3835 1193 3892 dolendum
1221 3836 1326 3907 est)
1356 3839 1536 3906 multi,
1572 3838 1667 3910 qui
1703 3824 2003 3909 prmdicant
2047 3848 2102 3897 et

511 3924 720 3998 legunt,
747 3943 855 3982 non
887 3937 945 3983 ut
968 3927 1312 3985 auditoribus
1337 3930 1644 4002 proﬁciant,
1670 3932 1765 3987 sed
1791 3940 1852 3987 ut
1877 3932 1933 3987 in
1960 3933 2103 3989 mul-

513 4018 746 4075 titudine
774 4020 1085 4076 auditorum
1122 4022 1422 4094 glorientur
1449 4033 1503 4079 et
1533 4039 1731 4079 nomen
1769 4024 1873 4081 sibi
1904 4027 2100 4097 acqui-

514 4118 657 4173 rant.
710 4109 816 4166 Sed
864 4111 999 4168 tales
1045 4112 1360 4185 quicunque
1408 4124 1580 4183 sunt,
1612 4113 1729 4186 jam
1775 4124 2101 4187 receperunt

513 4198 819 4257 mercedem
860 4217 1039 4258 suam.

587 4290 845 4362 Sequitur
883 4309 1011 4364 pars
1051 4303 1223 4362 sexta,
1274 4294 1328 4349 in
1377 4308 1485 4364 qua
1531 4295 1824 4365 Apostolus
1866 4296 1998 4353 dicit
2041 4312 2100 4354 se

513 4397 625 4437 non
662 4382 719 4436 in
755 4381 892 4455 lege,
935 4383 1031 4439 sed
1068 4391 1279 4438 tantum
1328 4383 1380 4436 in
1423 4400 1586 4439 cruce
1619 4383 1824 4441 Christi
1853 4387 2095 4458 gloriari.

512 4472 684 4540 Quasi
720 4474 904 4531 dicat:
932 4474 1013 4529 Illi
1047 4475 1352 4547 gloriantur
1385 4476 1441 4529 in
1473 4476 1918 4546 circumcisione;
1968 4481 2098 4537 mihi

510 4576 690 4621 autem
708 4566 848 4621 absit
872 4566 1096 4639 gloriari
1124 4567 1228 4621 nisi
1276 4567 1332 4621 in
1356 4583 1511 4621 cruce
1538 4566 1752 4623 Domini
1776 4573 1943 4626 nostri
1963 4571 2094 4627 Jesu
2126 4579 2175 4640 Ι)

513 4655 747 4715 Christi!
781 4657 964 4714 Noluit
991 4658 1194 4731 dicere,
1224 4672 1350 4711 cum
1382 4666 1585 4726 posset,
1613 4657 1928 4730 Apostolus,
1958 4662 2096 4719 mihi

513 4749 656 4805 absit
700 4749 920 4822 gloriari
954 4748 1059 4804 nisi
1113 4749 1170 4803 in
1205 4747 1470 4818 sapientia
1500 4750 1583 4804 vel
1613 4751 1873 4820 potentia,
1913 4753 1999 4808 vel
2039 4754 2096 4809 in

514 4838 697 4909 aliqua
747 4838 855 4895 alia
902 4837 1103 4892 virtute
1149 4835 1277 4893 Iesu
1327 4837 1552 4906 Christi,
1601 4840 1697 4896 sed
1746 4842 1842 4911 ait,
1892 4843 1997 4898 nisi
2040 4845 2098 4900 in

512 4947 684 4987 cruce.
731 4928 951 4999 Quare?
1005 4928 1135 5000 quia
1182 4944 1319 4984 crux
1365 4938 1450 4986 est
1499 4947 1652 4988 arma
1697 4949 1795 5004 per
1826 4950 1950 5006 qua:
1994 4948 2096 4992 nos

511 5019 766 5078 Christus
793 5018 1068 5076 redimens
1094 5020 1372 5077 diabolum
1413 5024 1719 5094 superavit,
1752 5036 1807 5081 et
1834 5041 1935 5081 nos
1966 5042 2094 5084 eum

512 5126 775 5184 superare
801 5110 1009 5167 docuit.
1055 5109 1211 5169 Sicut
1251 5129 1389 5185 ergo
1418 5115 1615 5185 aliquis
1643 5116 1801 5172 miles
1831 5116 2097 5188 gloriatur

510 5205 571 5261 in
615 5204 786 5261 armis
830 5203 967 5273 suis,
1010 5205 1210 5277 quibus
1246 5206 1521 5275 superavit
1550 5206 1764 5262 hostem
1792 5223 1975 5277 suum,
2021 5210 2094 5267 ita

509 5297 718 5354 Paulus
744 5296 1009 5376 gloriatur
1037 5296 1093 5353 in
1123 5313 1286 5355 cruce
1317 5297 1543 5367 Christi,
1581 5313 1679 5369 per
1719 5313 1883 5371 quam
1920 5301 2097 5360 victor

510 5396 631 5445 erat
664 5389 909 5444 omnium
955 5405 1182 5448 suorum
1223 5390 1684 5446 adversariorrm.
1713 5390 1825 5449 Nec
1851 5393 1929 5451 ait
1955 5395 2087 5453 sim-

510 5479 725 5550 pliciter
763 5481 820 5535 in
868 5498 1020 5538 cruce
1040 5500 1062 5549 ;
1090 5484 1195 5539 sed»
1213 5484 1270 5537 in
1310 5498 1464 5537 cruce
1501 5482 1719 5538 Domini
1758 5487 1924 5541 nostri
1961 5487 2091 5542 Jesu

513 5566 735 5624 Christi.
770 5568 952 5626 Multae
978 5571 1178 5642 quippe
1204 5579 1334 5626 sunt
1361 5586 1575 5639 cruces,
1599 5572 1653 5627 id
1680 5582 1768 5629 est
1796 5590 1974 5631 causae
1997 5590 2093 5645 pa-

513 5658 702 5714 tiendi.
736 5658 833 5716 Est
854 5662 1000 5716 enim
1028 5676 1162 5717 crux
1197 5660 1406 5718 sinistri
1435 5663 1683 5732 latronis,
1713 5665 1809 5736 qui
1836 5680 1935 5735 pro
1965 5681 2093 5735 pec-

498 5749 667 5804 catis
699 5752 818 5807 suis
860 5752 1063 5808 invitus
1095 5751 1328 5822 patitur,
1381 5771 1480 5812 nec
1511 5757 1851 5823 emendatur,
1898 5756 1951 5810 in
1980 5771 2089 5827 qua

517 5857 629 5899 non
656 5853 739 5902 est
770 5845 913 5901 unde
942 5845 1221 5917 glorietur,
1252 5850 1347 5907 sed
1383 5850 1527 5907 unde
1551 5851 1858 5907 damnetur.
1909 5846 2003 5907 Est
2036 5859 2089 5905 et

2206 3293 2308 3352 tes,
2336 3293 2673 3354 exterasque
2700 3282 3071 3350 inﬁrmitates,
3110 3289 3453 3351 exterasque
3499 3280 3755 3336 anxietate

2205 3377 2472 3450 patienter
2502 3392 2609 3432 non
2640 3382 2947 3447 portamus,
2973 3388 3158 3429 nonne
3194 3372 3327 3429 facti
3362 3388 3559 3430 sumus
3586 3373 3756 3429 similes

2201 3471 2482 3544 Cyrenaeo,
2509 3469 2604 3542 qui
2632 3482 2849 3525 crucem
2871 3466 3093 3538 quidem
3128 3474 3332 3537 portat,
3357 3466 3454 3522 sed
3492 3463 3759 3527 nonineti-
3824 3463 3825 3517 ἰ

2202 3559 2329 3615 tur?
2357 3558 2565 3629 Itaque,
2594 3556 2818 3624 fratres,
2846 3556 2895 3613 si
2910 3557 3172 3612 volumus
3196 3554 3426 3626 gloriari
3463 3571 3588 3611 eum
3632 3553 3760 3609 Chri-

2203 3661 2311 3719 sto,
2335 3650 2617 3722 patiamur
2634 3644 2761 3707 cum
2780 3662 2868 3716 eo,
2899 3663 2997 3721 per
3018 3648 3166 3704 viam
3192 3662 3368 3719 quam
3394 3646 3516 3718 ipse
3547 3646 3760 3703 ambula-
3824 3644 3825 3722 ξ

2201 3743 2281 3798 vit
2326 3741 2695 3810 ambulemus,
2726 3741 2969 3808 divitias,
2997 3740 3242 3797 honores
3278 3749 3335 3796 et
3381 3738 3586 3811 glorias
3608 3738 3763 3794 mundi
3824 3768 3825 3805 1

2202 3822 2644 3901 contemnamus,
2674 3832 2919 3888 membra
2955 3837 3145 3887 nostra
3174 3845 3305 3886 cum
3335 3830 3491 3886 vitiis
3516 3838 3573 3885 et
3594 3843 3763 3885 concito

2201 3924 2482 3996 pisccntiis
2555 3922 2979 3996 erueitigamus,
3071 3920 3491 3978 miserabilibus
3548 3916 3769 3990 personis

2201 4015 2640 4085 compassionem
2662 4022 2719 4070 et
2741 4011 3179 4070 misericordiam
3198 4012 3588 4078 exhibemus,
3611 4009 3765 4064 omnis

2200 4109 2339 4165 dura
2364 4123 2461 4180 spe
2478 4108 2634 4180 regni
2669 4107 2936 4164 calorum
2966 4104 3386 4175 amplectamur,
3433 4118 3534 4173 pro
3577 4100 3770 4157 Chrism
3824 4156 3825 4191 ἶ

2200 4200 2430 4271 ejusque
2445 4198 2660 4271 justitia
2688 4212 2867 4269 usque
2889 4197 2958 4254 ad
2993 4206 3228 4253 mortem
3245 4193 3624 4260 decedemus,
3652 4208 3766 4263 qua-
3824 4210 3825 4271 ξ

2202 4298 2365 4346 tenus
2395 4289 2517 4361 ejus
2545 4288 2736 4362 gloria:
2782 4286 3082 4360 participes
3114 4301 3242 4343 esse
3292 4300 3635 4349 mercamur,
3677 4284 3773 4352 ipso

2199 4381 2464 4453 largiente
2487 4381 2584 4452 qui
2629 4395 2757 4437 eum
2778 4379 2941 4437 Patro
2970 4390 3026 4436 et
3049 4377 3261 4450 Spiritu
3320 4386 3517 4433 sancto
3569 4376 3697 4430 vivit
3731 4383 3775 4426 et

2200 4483 2395 4548 regnat
2444 4473 2590 4530 Deus
2616 4487 2714 4545 per
2749 4472 2935 4529 omnia
2973 4471 3173 4528 saecula
3204 4469 3566 4527 seculorum.
3606 4468 3773 4522 Amm.

2921 4550 3066 4618 Xlx‘.
3187 4616 3193 4618 _
3824 4544 3825 4615 ἱ

2732 4669 2788 4713 ΙΝ
2842 4670 3018 4711 εωειι
3067 4670 3260 4710 FBS‘I’O.
3824 4682 3825 4715 γ

2281 4748 2431 4804 Dixit
2477 4747 2633 4805 Iesus
2654 4747 2933 4819 discipulis
2979 4746 3125 4800 suis:
3153 4744 3309 4800 Sicut
3359 4744 3555 4816 fulgur
3579 4745 3686 4799 ait
3723 4740 3773 4793 et

2201 4845 2403 4898 oriente
2425 4851 2476 4897 et
2505 4849 2655 4912 paret
2681 4856 2845 4911 usque
2878 4839 2937 4893 in
2965 4838 3312 4902 occidentem,
3340 4836 3420 4890 ita
3442 4837 3552 4891 erit
3606 4843 3656 4891 et
3699 4834 3776 4886 ed-
3824 4834 3825 4899 ᾗ

2199 4943 2381 4989 uentus
2408 4932 2542 4987 Filii
2562 4931 2789 4985 hominis
2815 4928 3034 5001 (Matth.
3058 4927 3237 4998 xxiv),
3260 4933 3321 4981 et
3348 4927 3592 4997 reliqua.
3620 4925 3673 4979 In
3695 4926 3777 4977 hac

2197 5024 2376 5082 sancti
2398 5023 2679 5093 Evangelii
2710 5022 2963 5085 lectione,
2996 5018 3196 5075 fratres
3223 5018 3576 5086 charissimi,
3606 5016 3779 5089 prtiu-
3824 5016 3825 5087 l

2196 5116 2363 5173 struit
2391 5129 2492 5172 nos
2527 5113 2793 5171 Dominus
2815 5121 2871 5168 et
2891 5110 3225 5182 Redemptor
3249 5119 3442 5168 noster
3460 5110 3537 5166 de
3559 5108 3778 5167 secundo
3824 5108 3825 5182 ξ

2198 5209 2434 5265 adventu
2477 5222 2603 5273 suo,
2648 5220 2746 5261 sex
2789 5219 2880 5261 res
2905 5203 3066 5260 nobis
3098 5203 3521 5271 demonstrans,
3552 5202 3777 5259 videlicet

2193 5298 2434 5371 qualiter
2458 5299 2533 5355 sit
2552 5308 2838 5364 venturus,
2867 5311 3007 5367 quos
3034 5296 3104 5352 ad
3113 5295 3482 5366 iudicandum
3511 5310 3699 5351 scatat
3720 5294 3775 5345 sit

2197 5398 2650 5462 oongregaturus,
2679 5387 3230 5461 qualesomutationes
3259 5403 3450 5443 rerum
3500 5388 3583 5443 sit
3626 5385 3775 5443 iacta-
3824 5385 3825 5462 ξ

2196 5495 2314 5548 rus,
2352 5496 2480 5538 cum
2513 5481 2715 5551 quibus
2745 5479 3053 5550 insignibus
3077 5477 3151 5534 sit
3176 5484 3463 5544 venturus,
3502 5476 3644 5548 quid
3668 5472 3776 5529 ntali

2199 5572 2380 5639 malis,
2409 5579 2467 5629 et
2489 5571 2622 5643 quid
2643 5570 2775 5627 boni
2800 5571 2961 5627 bonis
2999 5569 3074 5626 sit
3093 5569 3422 5625 collaturus.
3459 5567 3660 5624 Primo
3692 5565 3776 5635 igi.

2194 5674 2285 5720 tur
2305 5664 2597 5721 adventum
2621 5679 2784 5719 suum
2826 5677 2935 5718 non
2963 5671 3024 5717 ut
3045 5661 3311 5732 primum,
3356 5662 3434 5717 ita
3485 5661 3771 5718 secundum

2196 5754 2442 5810 futurum
2470 5769 2597 5811 esse
2619 5754 2918 5818 occultum,
2948 5760 3004 5808 et
3029 5753 3084 5807 in
3104 5752 3438 5818 humilitate,
3480 5753 3586 5808 sed
3614 5751 3771 5823 potius

2196 5845 2547 5903 manifestum
2578 5854 2630 5902 et
2669 5845 2727 5902 in
2773 5844 2943 5917 gloria
2986 5860 3081 5914 per
3104 5842 3536 5921 similitudinem
