3850 6318
52 470 192 531 1573

1150 459 1485 519 ΗΟΜΙΙᾸίΕ.
1525 492 1587 503 -
1629 459 1673 521 ll.
1716 461 1804 519 DE
1840 465 2189 524 TEMPORE.

3189 468 3345 544 tsrt'

51 578 206 635 Sicut
230 577 421 650 fulgur
436 574 548 630 erit
576 574 643 629 ab
669 573 871 628 oriente
898 579 950 627 et
986 578 1135 643 paret
1181 587 1348 643 usque
1395 571 1451 626 in
1498 570 1646 626 occi-
1673 560 1723 635 Δ
1751 554 1817 632 la:
1850 576 1922 633 ad
1951 585 2170 649 tempus
2196 592 2299 634 suo
2334 577 2543 636 lumine
2585 580 2966 655 privabantur,
3007 598 3069 646 ut
3114 590 3331 651 ὶιιειαη.

48 673 291 737 dentem,
324 669 401 740 ita
434 667 539 722 erit
569 674 621 721 et
679 665 935 721 aduentus
985 661 1122 719 Filii
1170 663 1418 719 hominis.
1473 662 1647 720 Porro

48 761 241 833 fulgur
274 768 403 816 octo
429 758 792 831 proprietates
820 757 984 814 habet
1002 797 1017 812 .
1048 754 1212 813 Venit
1232 757 1438 826 subito,
1467 758 1647 813 mani-

51 856 212 922 feste,
241 868 373 909 cum
395 859 737 923 tempestate,
773 865 903 907 cum
938 850 1084 923 igne,
1108 865 1234 907 cum
1260 848 1496 923 fulgore,
1517 866 1646 908 cum

51 956 290 1012 terrore,
326 944 435 1001 alta
461 944 697 1015 percutit
722 950 779 1000 et
800 943 936 1012 urit,
979 942 1280 1000 humilibus
1310 944 1501 1015 parcit.
1534 943 1644 1002 Re-

49 1038 309 1107 demptor
330 1051 553 1108 quoque
577 1045 762 1093 noster
783 1035 851 1092 ad
873 1034 1141 1107 judicium
1168 1036 1351 1093 subito
1379 1037 1562 1094 veniet
1591 1046 1648 1095 et

48 1136 303 1197 repente.
322 1126 476 1185 Unde
498 1128 617 1200 ipse
637 1128 801 1186 dicit:
835 1148 855 1183 ι
887 1128 1044 1188 Sicut
1061 1129 1119 1186 in
1141 1126 1464 1187 diebusNoe
1487 1139 1649 1189 erant

49 1218 475 1277 comedentes‘et
505 1220 778 1289 bibentes,
801 1221 1093 1291 nubentes,
1112 1230 1167 1278 et
1179 1230 1407 1292 nuptum
1424 1220 1646 1278 traden-

50 1317 151 1375 tes,
181 1316 241 1365 et
252 1310 601 1367 venitsubito
626 1311 987 1380 diluvium,et
1001 1311 1125 1368 tulit
1147 1326 1362 1380 omnes,
1385 1311 1459 1368 ita
1476 1312 1646 1369 eritet

50 1399 321 1457 adventus
352 1399 475 1456 Filii
506 1401 750 1458 hominis
772 1402 1105 1475 μειλίνη).
1129 1422 1148 1457 ι
1183 1401 1251 1458 Ει
1279 1402 1442 1459 alibi:
1467 1421 1486 1457 ι
1518 1403 1647 1463 Dies

50 1491 197 1546 enim
228 1489 452 1548 Domini
474 1494 620 1549 sicut
640 1492 751 1563 iur,
776 1494 849 1550 ita
868 1495 925 1551 in
963 1503 1127 1552 nocte
1146 1494 1327 1552 veniet
1380 1493 1435 1567 (Ι
1459 1493 1641 1553 Thess.

48 1580 185 1650 v;1l
200 1580 357 1639 Petr.
379 1583 485 1656 ιιι).
510 1604 531 1637 ι
552 1583 749 1643 Veniet
771 1601 993 1659 quoque
1016 1585 1326 1657 manifeste,
1345 1586 1490 1644 sicut
1512 1586 1645 1644 etin

52 1676 153 1733 hoc
185 1675 487 1749 Evanger
535 1677 982 1748 demonstratur;
1004 1688 1060 1738 et
1085 1679 1140 1736 in
1164 1678 1415 1737 Psalmo:
1462 1679 1645 1738 «Deus

49 1776 236 1825 noster
253 1769 547 1828 manifeste
566 1772 750 1828 veniet
774 1771 951 1844 (Psal.
975 1771 1149 1843 sua).
1163 1792 1182 1827 ι
1210 1770 1402 1831 Veniet
1424 1788 1646 1845 quoque

50 1874 170 1917 cum
183 1868 513 1934 tempestate
532 1863 803 1921 elementa
818 1864 1182 1923 concutiente.
1211 1863 1402 1922 Veniet
1423 1879 1646 1938 quoque

1746 675 1855 727 tem
1896 669 2191 727 adventum
2217 668 2433 727 Domini
2462 672 2799 745 signiﬁcent;
2830 680 2926 736 sed
2953 692 3142 751 postea
3169 701 3331 743 ωιιη-

1743 759 1819 817 do
1842 770 2127 831 renovato,
2158 760 2339 834 majus
2385 763 2572 821 lumen
2621 767 2906 838 recipient.
2945 770 3053 830 Sed
3077 783 3133 831 et
3179 784 3331 837 tatus

1747 849 1970 906 claritas
2004 849 2111 906 erit
2149 853 2265 908 veri
2302 849 2448 909 Solis
2490 863 2919 931 sanctorumque
2959 861 3027 917 ad
3060 861 3329 934 judicium

1747 940 2106 1010 venientium,
2134 943 2283 1014 quod
2323 943 2392 1000 ad
2425 948 2892 1018 comparationem
2918 967 3135 1023 eorum,
3167 957 3251 1013 sol
3275 966 3334 1014 et

1744 1032 1875 1089 luna
1912 1032 2377 1105 obscurabuntur,
2406 1046 2462 1094 et
2502 1038 2672 1097 stella:
2716 1041 2915 1099 cadent
2951 1059 2984 1101 a
3025 1060 3125 1105 sua
3171 1048 3331 1104 clari-

1742 1130 1877 1193 tate,
1906 1132 2170 1197 tantaque
2203 1127 2466 1185 severitas
2492 1129 2598 1187 erit
2634 1130 2871 1190 districti
2896 1135 3099 1207 judicis
3138 1148 3331 1197 contra

1742 1215 2031 1287 reprobos,
2057 1218 2207 1290 quod
2234 1219 2467 1279 virtutes
2493 1230 2549 1279 et
2582 1232 2885 1296 potestates
2921 1230 3185 1287 caelorum
3208 1249 3331 1290 mo-

1742 1307 2041 1377 vebuntur,
2072 1323 2186 1365 non
2212 1310 2359 1383 quod
2400 1312 2469 1369 de
2503 1329 2565 1371 se
2604 1314 2850 1386 timeant,
2888 1318 2985 1375 sed
3022 1322 3171 1391 quod
3210 1332 3334 1379 tan-

1745 1406 1855 1456 tam
1888 1402 2234 1460 severitatem
2273 1409 2517 1464 exerceri
2549 1407 2788 1468 videant.
2819 1410 2975 1470 Unde
2994 1412 3097 1473 Job
3123 1434 3138 1472 :
3173 1435 3193 1470 ι
3226 1417 3334 1477 Co-

1743 1491 1967 1562 lumnae,
1992 1493 2193 1568 inquit,
2219 1496 2344 1554 caeli
2373 1499 2805 1560 contremiscunt
2824 1513 2880 1561 et
2906 1515 3103 1577 pavent
3131 1507 3335 1566 adven-

1744 1591 1861 1640 tum
1886 1583 2008 1656 ejus
2036 1583 2161 1658 (Job
2189 1585 2367 1660 xxvi).
2415 1605 2435 1640 ι
2472 1586 2606 1649 Etsi
2632 1592 2942 1650 tremebunt
2984 1596 3183 1668 attgeli,
3215 1595 3332 1653 fra-

1743 1683 1857 1733 tres
1879 1675 2010 1745 mei,
2038 1686 2248 1749 quanto
2284 1679 2463 1760 magis
2485 1680 2772 1739 homines?
2790 1682 2859 1741 Et
2887 1685 2957 1754 si,
3008 1695 3071 1744 ut
3096 1688 3175 1744 ait
3200 1704 3334 1760 apo-

1744 1769 1942 1837 stolus,
1962 1769 2054 1825 vix
2080 1769 2269 1843 justus
2300 1758 2603 1830 salvabitur
2632 1772 2687 1848 (I
2715 1772 2863 1832 Petr.
2895 1777 2995 1850 iV),
3041 1758 3251 1851 impius
3277 1791 3335 1838 et

1746 1869 2000 1932 peccator
2047 1861 2140 1919 ubi
2163 1865 2464 1936 parebunt?
2522 1864 2747 1939 Mystice
2770 1883 2900 1924 vero
2926 1871 3083 1927 multi
3120 1873 3217 1944 qui
3248 1874 3334 1929 vi-

50 1969 171 2008 cum
186 1932 319 2026 igne
335 1964 577 2027 quatuor
604 1956 872 2015 elementa
892 1966 1298 2016 concremante.
1331 1932 1483 2015 Unde
1503 1932 1646 2015 etibi
1676 1932 1725 1995 Β
1751 1950 2021 2013 debanlur
2044 1953 2136 2011 hic
2163 1932 2332 2012 radiis
2369 1932 2643 2014 bonorum
2683 1973 2910 2030 operum
2951 1963 3113 2034 quasi
3137 1932 3241 2022 .sol
3278 1975 3335 2023 et

52 2042 291 2101 dicitur:
333 2065 355 2100 ι
398 2045 545 2120 ignis
596 2048 655 2106 in
704 2058 1005 2122 conspectu
1059 2049 1182 2122 ejus
1227 2050 1567 2120 exardescet,
1593 2058 1650 2109 et

53 2134 105 2189 in
140 2134 385 2193 circuitu
430 2137 553 2209 ejus
597 2146 896 2212 tempestas
940 2140 1120 2198 valida
1154 2140 1358 2215 (ibid.).
1398 2160 1419 2195 ι
1454 2139 1652 2199 Veniet

53 2243 267 2299 quoque
288 2244 419 2286 cum
449 2229 683 2304 fulgore,
719 2232 978 2304 quoniam
1013 2234 1158 2292 sicut
1184 2235 1302 2306 ipse
1339 2234 1498 2305 dixit,
1520 2250 1646 2293 cum

53 2319 215 2389 gloria
240 2322 431 2378 veniet
450 2330 507 2379 et
532 2323 821 2395 majestate
849 2325 1046 2398 (Marc.
1097 2326 1243 2398 xm).
1282 2324 1477 2386 Veniet
1508 2343 1649 2399 quo-

55 2426 152 2480 que
180 2427 313 2468 cum
353 2421 584 2484 terrore,
629 2416 892 2487 quoniam
924 2418 1184 2475 terribilis
1226 2418 1334 2475 erit
1376 2419 1646 2490 reprobis,

54 2503 304 2571 quamvis
355 2504 427 2562 sit
476 2505 713 2564 blandus
748 2507 936 2579 jnstis.
969 2507 1127 2577 Quod
1152 2509 1291 2566 bene
1320 2508 1650 2582 signiﬁcavit

56 2595 273 2666 angelus
313 2597 411 2668 qui
462 2596 519 2653 iu
571 2599 976 2657 resurrectione
1002 2601 1126 2673 ejus
1173 2601 1457 2674 apparuit;
1488 2601 1650 2674 cujus

62 2704 80 2735 ι
114 2680 375 2756 aspectus
396 2698 517 2745 erat
557 2689 700 2749 sicut
728 2690 936 2765 fulgur,
965 2700 1021 2750 et
1042 2694 1366 2751 vestimenta
1388 2694 1531 2751 sicut
1552 2693 1649 2751 nix

59 2770 273 2843 (Matth.
311 2781 531 2852 nvtu).
563 2800 584 2835 s
619 2781 801 2840 Feriet
839 2799 1062 2857 quoque
1098 2782 1365 2856 Dominus
1412 2786 1544 2855 alta,
1577 2786 1648 2844 ad

58 2868 221 2926 instar
245 2870 508 2945 fulguris,
541 2874 666 2946 igne
694 2876 956 2947 gehennae
981 2875 1156 2933 elatos
1191 2884 1247 2932 et
1285 2876 1553 2948 superbos
1586 2877 1646 2934 in

57 2968 315 3018 internum
363 2978 723 3022 concremans
757 2974 813 3022 et
840 2966 1142 3023 humilibus
1170 2981 1423 3039 parcens,
1453 2985 1472 3020 ι
1506 2983 1644 3041 quo-

56 3051 193 3108 niam
222 3055 482 3113 excelsus
507 3053 795 3124 Dominus,
824 3065 877 3114 et
914 3057 1145 3114 humilia
1180 3056 1407 3129 respicit
1441 3066 1496 3115 et
1532 3060 1644 3117 alta

56 3142 264 3218 alonge
310 3146 587 3219 cognoscit
616 3146 795 3220 (Psal.
828 3148 998 3221 XLVI).
1034 3167 1054 3203 ι
1090 3148 1368 3219 Secundo,
1416 3151 1644 3209 demon-

58 3243 183 3291 strat
198 3235 474 3295 Dominus
501 3253 645 3310 quos
670 3238 740 3295 ad
780 3238 1140 3310 iudicandum
1182 3255 1371 3299 secum
1404 3241 1479 3298 sit
1504 3257 1642 3300 cou-

55 3333 394 3395 gregaturus,
444 3341 572 3384 cum
627 3327 814 3385 subdit
852 3327 1203 3403 :Ubicu‘nque
1237 3330 1401 3403 fuerit
1429 3345 1642 3404 corpus,

57 3413 160 3470 illic
180 3417 645 3488 congregabantur
665 3412 719 3476 el
748 3419 964 3491 aquila.
1002 3419 1084 3479 Ac
1111 3421 1159 3477 si
1184 3422 1427 3493 apertius
1454 3422 1601 3480 dicat
1626 3441 1640 3479 :

59 3505 199 3564 Sicut
222 3509 431 3581 aquilae
456 3510 724 3568 cadavera
769 3512 936 3567 etiam
965 3514 1337 3570 transmarina
1376 3514 1640 3584 sentiunt,

57 3606 107 3654 et
137 3599 207 3656 ibi
241 3610 674 3675 congregantur,
708 3602 783 3659 ita
826 3603 1081 3661 caelestes
1108 3611 1409 3675 potestates
1434 3612 1490 3663 et
1519 3621 1644 3662 san-

56 3689 119 3744 cti
147 3692 633 3765 congregabuntur
664 3693 759 3750 ubi
803 3694 910 3749 erit
949 3709 1080 3750 caro
1120 3692 1247 3751 Filii
1288 3694 1552 3765 hominis,
1581 3705 1643 3753 ut

54 3770 291 3850 judicent
316 3784 583 3841 mundum
614 3799 740 3842 cum
784 3800 874 3853 eo,
914 3785 1077 3859 juxta
1102 3785 1235 3842 illud
1265 3802 1281 3840 :
1327 3806 1346 3840 ι
1385 3786 1455 3844 Ει
1478 3803 1642 3846 voca-

60 3869 128 3940 bit
149 3873 352 3930 cualum
380 3873 693 3942 desursum,
718 3883 772 3932 et
816 3884 1018 3940 terram
1046 3874 1357 3934 discernere
1378 3876 1639 3949 populum

61 3974 207 4020 suum
272 3962 449 4035 (Psal.
502 3963 677 4036 sua).
721 3983 742 4019 ι
783 3963 1186 4024 Convenienter
1229 3975 1412 4023 autem
1456 3968 1642 4039 posuit

59 4072 270 4129 corpus,
315 4059 465 4130 quod
509 4054 908 4132 signiﬁcantius
950 4059 1187 4116 cadaver
1232 4060 1457 4126 dicitur,
1511 4059 1643 4117 insi-

60 4164 223 4210 nuans
260 4152 525 4225 quoniam
562 4153 817 4225 quamvis
842 4153 1102 4210 Christus
1128 4153 1184 4209 in
1207 4167 1373 4210 cruce
1395 4153 1470 4211 sit
1496 4169 1641 4212 mor-

60 4246 196 4311 tuus,
220 4243 480 4315 quamvis
505 4250 764 4315 tanquam
798 4243 853 4299 in
895 4244 1149 4315 sepulcro
1182 4244 1417 4316 positus,
1452 4254 1636 4302 tamen

59 4328 165 4400 ipse
193 4333 293 4404 qui
328 4331 433 4391 fuit
475 4332 777 4404 judicatus,
824 4332 1008 4389 veniet
1051 4326 1423 4403 judicaturus,
1469 4342 1524 4389 et
1567 4332 1637 4389 ad

1747 2045 1879 2103 luna
1924 2047 2193 2105 mundum
2252 2048 2540 2119 irradiare,
2587 2049 2821 2110 Domino
2877 2055 3154 2124 veniente,
3186 2075 3206 2110 ι
3238 2057 3336 2128 qui

1747 2135 2080 2197 illuminabit
2100 2139 2420 2197 abscondita
2470 2141 2841 2209 tenebrarum,
2887 2152 2943 2200 et
2966 2145 3339 2203 manifestabit

1747 2227 1977 2285 consilia
2025 2228 2278 2287 eordium
2324 2228 2383 2306 (Ι
2423 2229 2549 2288 Cor.
2595 2230 2695 2302 tv),
2730 2251 2750 2287 ι
2776 2233 3241 2300 obscurabuntur.
3280 2248 3337 2295 et

1746 2321 1905 2379 multi
1931 2322 2028 2395 qui
2058 2321 2266 2395 fulgere
2311 2322 2639 2381 videbantur
2682 2333 2743 2382 ut
2795 2326 2988 2395 stellae,
3034 2329 3251 2399 cadent,
3279 2338 3339 2386 et

1746 2412 1844 2487 qui
1873 2413 1964 2470 hic
2005 2413 2149 2470 firmi
2193 2413 2520 2473 videbantur
2566 2417 2727 2488 quasi
2778 2418 3010 2476 virtutes
3044 2419 3333 2488 caelorum,

1747 2514 1928 2563 ruent.
1959 2504 2170 2575 Quarto
2221 2521 2441 2580 quoque
2471 2508 2714 2565 ostendit
2749 2507 3016 2567 Dominus
3043 2524 3169 2567 cum
3211 2511 3337 2583 qui-

1746 2595 1855 2656 bus
1881 2597 2191 2671 insignibus
2228 2597 2298 2656 ad
2322 2598 2592 2671 judicium
2631 2599 2706 2656 sit
2724 2608 3013 2672 venturus,
3039 2617 3166 2659 cum
3201 2603 3336 2661 sul:-

1746 2687 1830 2746 dit
1878 2706 1893 2743 :
1953 2688 2024 2746 Et
2054 2699 2182 2747 tunc
2229 2689 2504 2763 apparebit
2560 2692 2772 2765 signum
2821 2691 2957 2749 Filii
3008 2695 3237 2751 hominis
3277 2696 3334 2751 in

1748 2796 1898 2838 cum.
1929 2779 2089 2840 Sicut
2117 2796 2247 2854 rege
2274 2782 2525 2840 saeculari
2556 2798 2682 2840 cum
2707 2783 2954 2856 equitatu
2977 2800 3081 2843 suo
3104 2786 3331 2843 venien-

1747 2878 1803 2928 te
1853 2870 2031 2928 solent
2054 2869 2253 2927 vexilla
2295 2869 2418 2942 ejus
2460 2870 2791 2941 praecedere,
2832 2870 2934 2941 sic,
2977 2871 3174 2930 fratres
3200 2873 3333 2943 mei,

1748 2961 1845 3019 lict
1875 2960 2110 3019 Domino
2154 2961 2223 3018 ad
2256 2960 2526 3044 judicium
2564 2961 2837 3019 veniente.
2877 2961 3155 3021 Praecedet
3184 2963 3333 3020 enim

1746 3053 2007 3110 vexillum
2033 3061 2206 3110 sanus
2238 3052 2439 3110 crucis.
2476 3052 2543 3109 Et
2570 3053 2677 3110 hoc
2699 3053 2772 3111 ob
2816 3062 2929 3111 tres
2952 3069 3173 3112 causas.
3213 3053 3334 3111 Pri-

1746 3159 1835 3202 ma
1855 3154 1960 3214 est,
1987 3153 2049 3201 ut
2077 3145 2332 3202 ostendat
2359 3144 2524 3218 quale
2553 3145 2627 3202 sit
2665 3144 2885 3219 signum
2919 3145 3163 3203 victoria:
3195 3161 3332 3216 suae,

1745 3235 1893 3309 quod
1912 3236 2069 3308 prius
2088 3236 2378 3305 videbatur
2416 3237 2697 3309 opprobrii
2721 3251 2845 3295 esse
2882 3247 2938 3295 et
2978 3236 3331 3308 dejectionis;

1746 3328 1990 3387 secunda
2012 3337 2121 3398 est,
2168 3337 2231 3386 ut
2268 3328 2625 3387 dilectoribus
2652 3329 2770 3387 suis
2805 3345 2921 3388 suae
2952 3329 3135 3386 crucis
3174 3328 3335 3400 baju-

1744 3419 2014 3479 latoribus
2051 3419 2283 3492 inspiret
2312 3418 2744 3492 jucunditatem;
2784 3420 2944 3478 tertia
2975 3427 3082 3487 est,
3112 3427 3174 3474 ut
3198 3434 3331 3476 cru-

1741 3510 2064 3570 ciilxoribus
2103 3526 2329 3583 suaeque
2375 3511 2560 3569 crucis
2582 3510 3070 3584 comtemptoribus
3100 3508 3333 3566 incutiat

1741 3601 2124 3660 confusionem
2148 3611 2204 3659 et
2234 3603 2510 3659 timorem.
2534 3600 2693 3660 Unde
2724 3602 2990 3674 scriptum
3024 3588 3125 3659 est
3154 3616 3169 3653 :
3207 3618 3227 3653 ι
3262 3597 3332 3655 Ει

1741 3694 1948 3752 videbit
1969 3709 2096 3751 eum
2118 3694 2305 3751 omnis
2341 3692 2559 3763 oculus,
2604 3691 2770 3749 etiam
2799 3691 2894 3764 qui
2913 3707 3040 3748 eum
3085 3704 3332 3763 pupuge-
3442 3700 3450 3705 ‘

1738 3794 1872 3843 runt
1891 3766 2079 3859 (Apoc.
2109 3784 2175 3858 ι).
2220 3803 2241 3838 ι
2276 3783 2530 3841 Tradunt
2564 3783 2730 3841 etiam
2759 3782 2907 3855 quod
2950 3782 3180 3854 vestigia
3209 3780 3330 3838 vul-

1740 3893 1931 3934 nerum
1959 3891 2084 3949 quae
2123 3890 2226 3948 pro
2262 3874 2423 3932 nobis
2458 3873 2683 3946 pertulit
2740 3881 2876 3930 tunc
2907 3870 3327 3939 demonstrabit,

1738 3975 1794 4024 et
1810 3967 2064 4040 reprobis
2107 3965 2525 4039 improperahit.
2579 3962 2897 4037 Propterea,
2948 3961 3148 4019 fratres
3196 3961 3327 4031 mei,

1742 4066 1969 4131 propter
1995 4072 2100 4115 nos
2129 4056 2459 4115 cruciﬁxum
2495 4055 2811 4129 diligamus,
2844 4060 2901 4111 et
2939 4053 3060 4125 ejus
3084 4066 3326 4119 crucem,

1736 4157 2003 4225 quantum
2019 4164 2340 4222 possumus,
2359 4144 3026 4219 bajnlemus,cupiditates
3056 4143 3242 4201 carnis
3273 4150 3330 4199 et

1736 4254 1982 4297 amorem
2006 4239 2199 4297 mundi
2222 4238 2282 4295 in
2310 4238 2473 4295 nobis
2494 4236 2900 4309 cruciﬂgamus,
2929 4241 3327 4307 paupertatem,

1736 4330 2125 4399 humilitatem,
2179 4329 2568 4397 contumelias,
2606 4327 2859 4399 injurias,
2890 4326 3241 4383 inﬁrmitates
3272 4333 3329 4382 et

60 4421 222 4491 ipsum
248 4434 509 4496 tanquam
534 4424 603 4480 ad
639 4439 835 4497 panem
856 4425 1006 4493 vitea,
1040 4439 1234 4482 omnes
1283 4423 1460 4482 sancti
1502 4439 1638 4481 con-
1690 4451 1697 4457 τ
1724 4421 1956 4478 dolores
1984 4436 2111 4478 cum
2150 4420 2412 4494 patientia
2454 4418 2853 4486 sustineamus,
2875 4431 3005 4489 erga
3032 4416 3326 4472 miserabi-

63 4515 437 4585 gregabuntur.
488 4514 676 4571 Sancti
745 4524 931 4575 autem
992 4522 1384 4588 comparantur
1435 4514 1636 4585 aquilis

61 4614 267 4675 p‘opter
291 4615 405 4662 tres
464 4620 659 4665 eorum
699 4605 1084 4677 proprietates,
1131 4605 1394 4679 quoniam
1440 4605 1637 4676 pennis

63 4693 309 4753 virtutum
344 4696 510 4755 altius
555 4697 624 4753 ad
675 4697 922 4754 coelestia
963 4697 1337 4765 sublevantur,
1373 4696 1635 4769 quoniam

63 4790 221 4849 oculis
238 4792 715 4867 contemplationis
743 4790 924 4850 Solem
969 4791 1196 4865 justitia:
1222 4791 1479 4850 subtilius
1499 4807 1635 4850 con-

66 4885 403 4954 templantur,
430 4892 486 4941 et
511 4884 775 4959 quoniam
811 4891 1084 4942 vetustate
1117 4898 1227 4939 non
1269 4898 1638 4956 corrumpun-

67 4980 161 5040 tur,
189 4960 281 5033 sed
323 4985 658 5034 renovantur
680 4985 743 5033 ut
764 4976 962 5047 aquilae
980 4975 1241 5047 juventus
1268 4991 1389 5032 sua.
1426 4975 1638 5044 Quibus

68 5072 122 5118 ut
135 5068 390 5125 associari
418 5082 748 5135 mereamur,
780 5075 1106 5125 vetustatem
1133 5075 1482 5138 peccatorum
1530 5081 1634 5123 no-

70 5161 312 5224 suorum,
343 5155 542 5214 fratres
572 5157 704 5225 mei,
732 5170 830 5228 per
852 5154 1231 5228 paenitentiam
1260 5170 1551 5226 eruamus,
1578 5164 1635 5214 et

71 5241 129 5298 de
149 5245 232 5303 die
254 5247 312 5303 in
339 5248 483 5305 diem
513 5264 610 5322 per
649 5238 945 5307 novitatem
988 5247 1254 5304 virtutum
1282 5263 1631 5318 renovemur,

72 5341 120 5388 ει
147 5342 252 5394 toto
290 5339 490 5397 mentis
524 5338 799 5396 desiderio
845 5339 916 5395 ad
952 5338 1250 5395 videndum
1296 5336 1468 5397 Deum
1501 5339 1634 5396 deo-

75 5438 181 5480 rum
214 5428 270 5487 in
299 5428 431 5487 Sion
463 5431 824 5503 suspiremus.
853 5429 1041 5486 Tertio
1081 5430 1422 5488 demonstrat
1450 5428 1635 5488 Domi-

75 5528 169 5573 nus
191 5534 327 5590 quas
357 5537 448 5578 res
473 5521 529 5577 in
550 5522 792 5580 secundo
821 5521 1058 5579 adventu
1105 5538 1208 5580 suo
1256 5523 1328 5579 sit
1363 5522 1632 5593 facturus,

75 5618 185 5661 cum
204 5610 383 5667 subdit
414 5629 429 5666 :
456 5609 653 5666 Statim
675 5619 851 5668 autem
870 5620 986 5683 post
1015 5611 1409 5669 tribulationem
1430 5614 1636 5669 dierum

76 5693 269 5753 illorum
318 5696 400 5755 sol
433 5701 821 5770 obscurabitur,
858 5711 909 5775 et
958 5702 1090 5757 luna
1127 5719 1231 5758 non
1268 5704 1418 5758 dabit
1459 5703 1638 5761 lumen

77 5802 232 5857 suum,
260 5801 309 5851 et
341 5790 732 5850 stcllte‘cadent
774 5796 838 5850 de
873 5794 1023 5862 ratio,
1058 5803 1109 5850 et
1133 5795 1354 5850 virtutes
1386 5796 1634 5851 oculorum

80 5881 413 5942 morabuntur.
445 5884 617 5944 Porro
652 5887 805 5961 juxta
847 5886 1101 5950 litteram.
1130 5887 1230 5954 sol,
1263 5886 1391 5944 luna
1422 5897 1475 5944 et
1504 5884 1633 5945 stel-

1735 4497 1816 4571 les
1852 4527 2121 4586 personas
2160 4511 2606 4586 compassionun
2642 4516 2711 4567 et
2751 4506 3181 4572 misy-sicarium
3217 4513 3321 4571 ha.

1736 4603 1988 4672 beamus,
2011 4618 2110 4676 spe
2160 4601 2316 4675 regni
2368 4602 2634 4660 calorum
2675 4603 2862 4661 omnia
2884 4604 3027 4662 dura
3072 4602 3184 4675 pati
3202 4616 3322 4658 non

1734 4696 2050 4765 timeamus,
2086 4711 2189 4768 pro
2232 4694 2453 4752 Christo
2478 4710 2657 4767 usque
2695 4695 2764 4753 ad
2810 4701 3044 4752 mortem
3075 4695 3321 4751 deceris-

1736 4804 1884 4856 mus,
1906 4794 2181 4859 quatenus
2211 4783 2498 4843 Christum
2532 4783 2858 4841 cruciﬁxum
2896 4782 2957 4838 in
2994 4780 3203 4854 judicio
3228 4795 3320 4836 se-

1735 4880 1856 4938 euri
1880 4879 2067 4937 videre
2092 4892 2429 4937 mereamur.
2464 4875 2670 4945 Quinto
2688 4876 3028 4933 demonstrat
3056 4872 3321 4931 Dominus

1736 4971 1871 5044 quid
1894 4970 2027 5027 mali
2053 4969 2167 5026 sint
2187 4968 2428 5026 habituri
2453 4967 2585 5024 mali
2608 4967 2666 5023 in
2683 4964 2914 5038 judicio,
2940 4979 3066 5021 cum
3092 4962 3314 5021 subdit:

1738 5064 1811 5121 Et
1845 5073 1969 5120 tunc
1997 5063 2250 5136 plangent
2285 5077 2464 5118 omnes
2495 5060 2666 5115 tribus
2695 5068 2869 5127 teme,
2922 5056 2978 5114 id
3022 5063 3108 5113 est
3148 5053 3317 5126 aliqui

1737 5156 2085 5217 deomnibus
2120 5154 2374 5213 tribubus
2413 5151 2509 5225 qui
2543 5149 2825 5208 Christum
2851 5146 3123 5222 persecuti
3165 5155 3316 5215 sunt,

1738 5248 1823 5306 vel
1856 5253 2324 5318 comtempserunt
2360 5244 2417 5300 in
2451 5244 2557 5301 hoc
2590 5240 2817 5300 mundo.
2845 5237 3005 5297 Unde
3041 5246 3099 5296 et
3131 5238 3318 5295 subdit

1737 5354 1963 5397 causam
1993 5350 2165 5410 quare
2184 5334 2466 5407 plangant,
2495 5334 2625 5407 quia
2656 5331 2907 5389 videlicet
2937 5328 3182 5398 videbant
3212 5327 3315 5384 Fi-

1736 5432 1871 5488 lium
1892 5430 2117 5487 hominis
2143 5427 2429 5485 venientem
2466 5426 2524 5482 in
2556 5424 2780 5482 nubibus
2805 5423 2944 5491 cali,
2973 5423 3109 5478 sicut
3133 5422 3190 5495 in
3216 5437 3316 5476 us—

1741 5524 1893 5579 bibsts
1919 5521 2039 5578 caeli
2058 5519 2320 5577 ascendit.
2364 5517 2663 5577 Venientes:
2681 5516 2806 5574 dico
2837 5531 2957 5571 eum
2981 5514 3175 5570 uirtute
3196 5527 3316 5566 ma—

1724 5624 1842 5688 ‘gna
1888 5622 1939 5669 et
1984 5612 2282 5683 majestate,
2326 5618 2391 5667 ut
2437 5609 2630 5666 reddat
2678 5606 2974 5678 unicuique
3011 5602 3314 5660 secndum

1722 5696 1901 5778 'opera
1939 5721 2060 5763 sua.
2095 5702 2360 5775 Plangent
2401 5700 2620 5774 quidem
2656 5709 2711 5757 et
2760 5695 3100 5772 pmnitebunt
3126 5708 3315 5778 reproj-

1714 5766 1812 5863 .bi,
1856 5810 1957 5853 sua
2016 5766 2264 5851 interiusv
2303 5766 2641 5849 conscientia
2688 5766 2783 5846 eos
2840 5794 3160 5850 accusante,
3213 5766 3309 5840 sed

1736 5902 1880 5957 sero,
1910 5884 2170 5958 quoniam
2200 5881 2451 5954 planctus
2486 5889 2539 5940 et
2579 5876 2903 5951 pmnitsntia
2936 5875 3027 5933 illa
3068 5888 3178 5930 non
3207 5868 3313 5929 erit
