3832 6314
530 395 672 450 157⁸5

529 595 752 668 quidem
793 594 899 651 erit
940 595 1192 666 planctus
1226 590 1343 648 sine
1373 588 1767 656 consolatione,
1804 586 2123 658 poenitentia

531 689 651 744 sine
674 687 1036 759 indulgentia,
1057 684 1212 741 dolor
1240 683 1360 737 sine
1399 678 1662 745 remedio,
1692 677 1970 734 cruciatus
2000 676 2122 732 sine

532 780 846 851 refrigerio,
897 778 1061 834 ardor
1113 776 1232 831 sine
1288 789 1432 838 rore,
1465 771 1790 842 supplicium
1841 770 1959 826 sine
2004 785 2122 840 spe,

530 890 682 930 mors
737 873 856 930 sine
907 872 1031 926 fine.
1097 868 1263 924 Sexto
1303 867 1645 922 demonstrat
1682 863 1949 919 Dominus
1991 861 2122 933 quid

532 963 662 1018 boni
696 962 813 1019 suis
842 961 913 1018 sit
945 959 1266 1025 collaturus,
1301 971 1424 1012 cum
1460 954 1646 1011 subdit
1678 973 1690 1008 :
1723 953 1789 1007 Et
1823 955 1993 1007 mittet
2027 970 2124 1006 au-

531 1059 673 1130 gelos
721 1071 838 1110 cum
875 1053 1001 1107 tuba
1046 1060 1096 1106 et
1142 1066 1262 1105 voce
1317 1065 1537 1120 magna,
1571 1045 1821 1103 videlicet
1864 1055 1975 1101 tam
2016 1045 2123 1100 im-

530 1165 721 1206 mensa
765 1156 819 1202 et
868 1155 980 1200 tam
1012 1142 1216 1200 efﬁcaci
1280 1157 1404 1212 quae
1459 1156 1652 1196 omnes
1712 1147 1986 1208 mortuos,
2009 1139 2126 1195 ubi-

529 1253 747 1310 cunque
770 1238 902 1305 sint,
953 1235 1129 1307 possit
1160 1233 1422 1299 excitare,
1471 1240 1527 1287 et
1582 1231 1648 1285 ad
1679 1230 1948 1301 judicium
1991 1245 2126 1287 eon-

528 1332 718 1386 citare.
756 1328 823 1382 Et
855 1327 1273 1400 congregabunt,
1312 1325 1509 1395 inquit,
1554 1323 1742 1378 electos
1769 1323 1882 1393 ejus
1916 1341 1947 1378 a
1987 1339 2124 1393 qua-

528 1432 650 1475 tuor
689 1421 874 1488 ventis,
918 1419 973 1475 id
1018 1427 1103 1474 est
1149 1419 1218 1474 ab
1261 1417 1520 1471 omnibus
1562 1415 1810 1485 partibus
1847 1413 2058 1480 mundi,
2091 1428 2123 1465 a

527 1513 750 1567 summis
775 1512 1025 1566 caelorum
1051 1526 1216 1581 usque
1247 1509 1315 1562 ad
1358 1507 1608 1563 terminos
1635 1522 1837 1574 eorum,
1869 1504 1922 1560 id
1945 1513 2028 1560 est
2056 1504 2125 1559 ab

526 1603 786 1658 omnibus
820 1603 961 1658 locis
987 1603 1084 1673 qui
1127 1601 1230 1657 sub
1257 1600 1398 1655 coelo
1434 1609 1586 1665 sunt,
1633 1613 1662 1652 a
1709 1595 2124 1652 mediterraneis

527 1711 706 1766 usque
719 1696 784 1751 ad
801 1696 1028 1751 ultimos
1041 1694 1306 1750 terminos
1319 1702 1502 1748 terrm.
1517 1690 1580 1745 lli
1596 1700 1725 1746 sunt
1739 1705 2013 1746 messores
2028 1706 2125 1744 an-

527 1801 573 1857 g.
597 1787 631 1841 li
656 1786 936 1857 qui,juxta
954 1784 1270 1856 parabolam
1282 1781 1677 1853 evangelicum,
1691 1779 1900 1834 zizauia
1915 1787 1970 1834 et
1984 1778 2126 1833 triti-

1813 383 2162 440 iiADL‘LPUi
2197 381 2550 438 ARDENTIS

533 504 872 576 purgatoria,
903 504 995 559 sed
1031 500 1360 574 principium
1384 506 1600 553 aeternae
1628 494 1884 550 miserim.
1919 494 1977 549 ln
2015 510 2123 566 qua
2153 500 2205 559 Α

3631 392 3729 453 εδπκ

2961 491 3083 548 XX.

2369 599 2421 638 DN
2458 598 2787 638 NA‘I'IVITATE
2847 598 3038 639 SANCTI
3102 597 3318 640 JOANNIS
3370 599 3626 650 BAP‘I'IS't’B.

2298 678 2620 749 Priusquam
2632 685 2680 731 te
2694 676 2978 746 formarem
2990 677 3045 730 in
3058 683 3230 744 utero,
3245 677 3371 731 novi
3385 686 3450 746 te,
3463 688 3508 733 et
3520 690 3726 754 antequam

2223 769 2394 825 exire:
2430 768 2494 822 de
2523 774 2718 832 ventre,
2747 765 3081 836 sanetiﬁcari
3107 773 3175 832 te,
3207 775 3255 820 et
3278 767 3571 837 prophetam
3591 772 3631 824 in
3650 792 3728 844 gat.

2227 862 2366 916 tibus
2390 859 2513 914 dedi
2541 867 2588 913 te
2613 857 2747 929 (Jer.
2776 857 2846 930 ι),
2875 865 2982 914 etc.
3029 856 3158 914 Haec
3189 867 3337 926 sunt,
3366 858 3552 918 fratres
3588 864 3728 924 charis.

2225 955 2372 1022 simi,
2403 953 2569 1009 verba
2619 952 2686 1008 ad
2735 950 3026 1008 Jcremiam
3063 952 3410 1022 prophetam,
3433 953 3498 1008 de
3543 955 3730 1016 electione

2224 1048 2344 1119 ejus
2369 1049 2422 1102 in
2452 1047 2794 1118 prophetam.
2839 1044 2944 1100 Sed
2978 1045 3244 1116 quoniam
3281 1044 3616 1102 nihilominus
3631 1049 3732 1108 beato

2225 1139 2557 1212 prtecursori
2607 1135 2831 1193 Domini
2871 1135 3234 1201 conveniunt,
3279 1134 3404 1190 ideo
3433 1139 3733 1197 convenienter

2225 1232 2528 1288 recitantur
2561 1229 2618 1284 in
2639 1228 2766 1300 ejus
2792 1227 3098 1294 nativitate,
3153 1243 3321 1298 quam
3351 1242 3452 1282 nos
3485 1227 3625 1284 hodie
3644 1233 3734 1288 cele-

2226 1326 2471 1381 bramus.
2507 1322 2647 1379 Sunt
2669 1329 2852 1376 autem
2879 1321 3047 1391 hujus
3073 1319 3328 1375 lectionis
3347 1329 3579 1389 quatuor
3597 1333 3738 1391 partes.

2223 1415 2411 1472 Primo
2435 1415 2581 1471 enim
2627 1414 2760 1470 dicit
2781 1413 3050 1468 Dominus
3076 1411 3333 1467 leremite
3360 1427 3422 1466 se
3451 1427 3568 1467 eum
3594 1413 3634 1466 in
3652 1431 3736 1483 pm-

2225 1508 2443 1578 phetam
2459 1505 2897 1576 praedestinasse;
2920 1501 3187 1569 secundo,
3205 1499 3480 1557 leremias
3497 1515 3551 1554 se
3561 1515 3734 1570 excusat;

2225 1603 2407 1669 tertio,
2444 1603 2712 1658 Dominus
2744 1600 3230 1665 consol'atureum;
3256 1607 3476 1669 quarto,
3503 1598 3689 1671 injttngit
3707 1603 3742 1656 ei.

2225 1696 2525 1768 pr0pltctia:
2569 1693 2959 1750 ministerium.
3015 1691 3288 1748 Missurus
3333 1690 3499 1762 igitur
3548 1689 3745 1749 Dominus

2224 1787 2517 1844 Jercmiam
2555 1787 2620 1842 ad
2652 1785 2889 1840 cilicium
2920 1782 3307 1855 prophetandi,
3345 1797 3414 1837 ne
3442 1782 3551 1852 ipse
3575 1787 3749 1854 proprie

531 1894 656 1932 cum
690 1877 896 1947 pariter
929 1875 1215 1947 colligent;
1245 1874 1338 1931 sed
1372 1871 1579 1926 zizania
1606 1871 1941 1942 eolligabunt
1962 1870 2018 1924 in
2053 1867 2129 1922 fa-
2159 1870 2202 1930 Β
2232 1876 2519 1949 imperitia;
2580 1873 3001 1947 fragilitatisque
3041 1873 3303 1929 conscius
3351 1871 3631 1942 iniunctum
3662 1875 3741 1929 om-

530 1969 772 2023 scieulos
819 1967 888 2023 ad
933 1965 1392 2032 comburcndum,
1441 1963 1684 2018 triticum
1717 1977 1848 2017 vero
1894 1975 2124 2032 congre-

527 2060 735 2129 gabunt
763 2059 817 2113 in
847 2057 1065 2114 etelestc
1091 2056 1348 2111 horreum
1385 2052 1607 2127 (Matth.
1642 2053 1787 2122 xm).
1817 2050 1888 2106 Ut
1917 2059 2126 2120 autem,

529 2151 748 2215 fratres,
784 2157 915 2205 tunc
950 2163 1061 2204 non
1089 2147 1156 2202 ad
1181 2148 1383 2216 ignem,
1411 2145 1505 2201 sed
1535 2145 1600 2199 ad
1615 2145 1779 2200 vitam
1809 2144 2122 2216 eolligime-

529 2255 772 2307 reamur,
797 2241 1015 2295 interim
1054 2237 1400 2295 formidinem
1432 2235 1664 2292 extremi
1687 2235 1880 2306 judicii
1909 2250 2123 2304 semper

529 2341 658 2386 ante
693 2329 882 2386 oculos
908 2337 1129 2385 nostros
1156 2344 1451 2400 ponamus,
1502 2343 1668 2398 quam
1717 2326 1976 2382 terribilis
2031 2343 2124 2379 vc-

527 2422 646 2477 niat
706 2436 958 2476 summus
1017 2419 1192 2474 Judex
1236 2434 1453 2490 semper
1503 2421 1848 2489 cogitemus;
1901 2425 2122 2487 peccata

527 2518 716 2568 nostra
737 2513 993 2585 lacrymis
1014 2511 1348 2582 pontitcntize
1360 2511 1655 2577 diluamus,
1669 2519 1722 2563 et
1740 2509 1921 2564 omnia
1941 2519 2123 2565 trans-

529 2603 689 2658 itoria
723 2612 1158 2671 contemnentes,
1198 2600 1265 2656 ad
1323 2597 1412 2656 illa
1442 2608 1643 2654 aeterna
1680 2599 1821 2653 bona
1853 2606 1966 2652 toto
1987 2598 2127 2652 desi-

528 2693 686 2749 derio
719 2693 1067 2760 festinemus,
1093 2691 1263 2748 Deum
1294 2706 1459 2761 super
1492 2690 1703 2756 omnia,
1728 2699 1781 2745 et
1811 2690 2123 2761 proximum

529 2787 674 2841 sicut
701 2802 802 2840 nos
847 2785 1174 2857 diligamus;
1227 2793 1282 2839 ct
1318 2783 1361 2838 si
1399 2792 1529 2841 tunc
1567 2781 1812 2838 Iudicem
1861 2783 2019 2837 nobis
2060 2782 2125 2836 il-

530 2877 644 2930 ium
678 2876 1090 2930 misericordem
1119 2875 1364 2930 invenire
1399 2874 1675 2944 cupimus,
1715 2888 1862 2928 nunc
1905 2871 2123 2927 miseri-

531 2967 728 3022 eordes
781 2968 977 3035 simus,
1014 2967 1345 3038 patientibus
1392 2967 1816 3036 compatiuntur,
1871 2965 2124 3019 esurien-

532 3062 641 3115 tem
675 3075 986 3130 pascamus,
1016 3061 1295 3115 sitientem
1330 3061 1607 3129 petemus,
1662 3057 1871 3111 nudum
1926 3056 2125 3112 vestia-

533 3167 678 3218 mus,
708 3153 1054 3222 peregrinum
1082 3153 1472 3222 suscipiamus,
1518 3151 1794 3204 infirmum
1821 3150 2121 3218 visitetntts,

2225 1967 2370 2023 cium
2404 1973 2677 2033 reuueret,
2706 1965 2886 2034 primo
2916 1963 3260 2020 demonstrat
3301 1963 3354 2018 ei
3398 1964 3538 2033 quod
3593 1964 3682 2034 ipse
3701 1968 3743 2020 at}

2225 2061 2332 2116 hoc
2372 2059 2445 2115 sit
2485 2058 2826 2129 prmelectus,
2865 2072 2991 2113 cum
3019 2055 3153 2111 dicit
3196 2075 3208 2110 :
3256 2053 3570 2125 Priusquam
3603 2065 3641 2110 te
3672 2059 3745 2124 {or-

2225 2167 2426 2206 ntarem
2455 2151 2511 2204 in
2538 2160 2686 2204 utero
2716 2149 2835 2203 novi
2865 2158 2946 2216 te,
2985 2147 3037 2202 id
3067 2156 3152 2203 est
3180 2146 3478 2218 approbavi
3504 2156 3554 2201 ct
3570 2147 3676 2219 elegi
3698 2159 3744 2208 tr,

2223 2251 2272 2297 et
2304 2250 2586 2313 antequam
2620 2239 2790 2294 exiret
2826 2239 2891 2293 de
2929 2237 3464 2307 vulva,.sanctiﬁcavi
3494 2246 3564 2303 te,
3600 2247 3640 2291 et
3660 2255 3744 2307 pro-

2223 2336 2433 2406 phetam
2476 2335 2532 2386 in
2574 2333 2814 2403 gentibus
2853 2331 2977 2386 dedi
3018 2340 3097 2388 te.
3135 2329 3276 2386 Ecce
3318 2345 3482 2400 quam
3526 2330 3747 2394 mirabilis,

2223 2441 2501 2498 quamque
2539 2425 2864 2495 stttpendus,
2910 2423 3106 2479 fratres
3149 2423 3281 2490 mei,
3326 2433 3415 2477 est
3460 2422 3636 2477 divina:
3655 2439 3749 2493 pre-

2224 2516 2608 2572 tlcstinationis
2636 2515 2881 2581 effectus,
2925 2530 3049 2585 qua:
3080 2513 3359 2568 hominem
3393 2523 3656 2584 antequam
3685 2515 3754 2578 sit,

2224 2608 2395 2679 eligit;
2428 2616 2724 2678 antequam
2753 2606 2821 2662 de
2848 2605 3195 2661 immunditia
3227 2615 3408 2670 exeat,
3440 2607 3658 2672 mundat;
3685 2623 3751 2659 an-

2228 2709 2446 2771 tequam
2475 2701 2774 2771 loquatur,
2813 2699 3138 2771 prophetam
3170 2697 3324 2764 facit,
3368 2698 3519 2768 juxta
3562 2699 3681 2768 quod
3705 2699 3750 2752 de

2226 2809 2292 2849 eo
2318 2793 2584 2864 scriptum
2609 2801 2693 2849 est
2719 2811 2743 2849 :7
2789 2809 2807 2839 σ
2837 2791 2942 2860 Qui
2969 2790 3099 2847 fecit
3121 2806 3245 2861 quae
3275 2789 3458 2846 futura
3505 2799 3636 2845 sunt
3663 2809 3677 2841 ι
3713 2789 3755 2843 Et

2226 2884 2393 2940 alibi:
2431 2904 2449 2935 ι
2478 2883 2582 2951 Qui
2629 2892 2790 2940 vocat
2830 2899 2896 2938 ea
2937 2899 3062 2954 qua:
3096 2898 3208 2938 non
3255 2891 3412 2949 sunt,
3454 2890 3678 2952 tanquam
3711 2897 3756 2935 et

2227 2992 2348 3047 quae
2379 2986 2508 3033 sunt
2541 2975 2715 3046 (Rom.
2761 2975 2858 3048 tv).
2897 2994 2914 3028 ι
2956 2974 3090 3042 Qua:
3141 2983 3326 3029 autem
3367 2974 3458 3030 hic
3487 2975 3549 3029 tle
3575 2973 3757 3028 Ieremia

2226 3069 2517 3137 dicuntur,
2568 3069 2847 3136 similiter,
2885 3069 2995 3123 imo
3023 3066 3422 3133 excellentius,
3470 3066 3760 3121 sanctissimo

2228 3158 2560 3216 conveniunt
2585 3157 2800 3213 Domini
2824 3157 3180 3228 prtecursori.
3205 3153 3378 3211 Istum
3403 3156 3542 3211 enim
3566 3155 3762 3211 similiter

533 3242 932 3299 incarccratum
957 3244 1315 3309 redimamus,
1346 3255 1618 3314 quatenus
1671 3251 1802 3300 tunc
1841 3259 1869 3296 a
1906 3259 2123 3298 summo
2153 3233 2198 3295 C
2229 3261 2284 3308 ει
2310 3260 2602 3322 antequam
2630 3249 2892 3305 {armaret
2918 3249 2972 3303 in
3004 3258 3159 3304 utero
3186 3249 3376 3320 elegit,
3400 3249 3506 3302 imo
3526 3255 3767 3302 venturum

534 3332 726 3390 Judicc
750 3336 1081 3391 mternaliter
1113 3335 1287 3406 pasci,
1332 3335 1535 3406 putari,
1579 3334 1787 3400 vestiri,
1834 3333 2040 3404 suscipi
2074 3343 2128 3390 ct

533 3425 811 3482 Consolari
841 3443 1175 3495 mereamur,
1209 3429 1328 3498 ipso
1367 3427 1627 3498 largiente
1653 3427 1747 3496 qui
1800 3442 1924 3480 eum
1968 3425 2128 3483 Patre

532 3525 587 3572 et
610 3515 818 3588 Spiritu
862 3527 1055 3574 sancto
1093 3518 1227 3573 vivit
1261 3527 1314 3572 et
1364 3525 1558 3588 regnat
1629 3516 1772 3572 Deus
1807 3533 1904 3587 per
1941 3519 2129 3576 omnia

538 3611 739 3667 saecula
765 3611 1113 3668 smeulorum.
1158 3610 1346 3664 Amen.

537 3747 813 3813 Quomoao
860 3763 993 3801 crux
1037 3747 1316 3802 Dominica
1367 3748 1577 3801 inventa
1618 3754 1717 3810 est,
1745 3762 1836 3817 ea;
1868 3744 2128 3817 Eutropio

607 3819 862 3901 historico
900 3819 994 3873 lib.
1025 3834 1062 3872 tt
1089 3835 1262 3872 rerum
1294 3817 1655 3873 Romanarum
1690 3817 1742 3871 in
1769 3815 1960 3871 Flavio
1985 3815 2125 3874 Cen-

603 3897 862 3945 stantino.

543 4073 548 4078 .
607 4021 781 4078 Mater
807 4022 1155 4080 Constantini
1187 4023 1554 4094 imperatoris,
1578 4021 1782 4078 llelcna
1810 4023 2053 4092 nomine,
2072 4024 2127 4079 in

539 4095 752 4165 somnis
784 4094 1086 4160 admonita,
1118 4094 1554 4165 Hierosolymam
1589 4095 1939 4165 properavit,
1959 4103 2014 4149 et
2041 4111 2129 4150 sc-

537 4164 789 4235 pttlcrum
813 4165 1037 4232 Christi,
1061 4155 1188 4220 licet
1203 4155 1537 4230 dilliciilintc,
1561 4155 1988 4235 tameninvenit,
2015 4181 2128 4220 sor-

539 4233 700 4290 dibus
736 4245 1073 4305 coopertum,
1099 4245 1152 4290 et
1181 4236 1417 4305 desuper
1452 4236 1714 4305 templum
1749 4233 1972 4289 Veneris
1993 4236 2125 4290 mdi-

539 4306 784 4376 ficatum,
819 4304 911 4360 ubi
935 4306 1178 4376 virgines
1204 4304 1457 4361 cantibus
1507 4304 1874 4376 insultabant;

539 4375 730 4445 pitque
763 4375 969 4431 destrui
998 4374 1508 4445 sceleratissimum,
1532 4374 1832 4445 ipsumque
1851 4374 2127 4442 pulverem

542 4443 778 4502 funestis
817 4445 1102 4502 sacriﬁciis
1133 4445 1394 4500 violatum
1426 4443 1573 4514 ejici,
1595 4451 1647 4496 et
1677 4459 1707 4514 a
1732 4443 1951 4514 civitate
1996 4461 2127 4514 pro-

1963 4320 2130 4362 P3308-

2229 3359 2328 3414 per
2355 3343 2648 3416 prophetas
2677 3341 2930 3412 praedixit
2967 3349 3022 3396 et
3071 3356 3168 3411 per
3198 3341 3453 3411 angelum
3484 3338 3766 3394 nasciturum

2231 3437 2623 3508 pronuntiavit.
2679 3435 2846 3491 Istum
2917 3450 3145 3506 quoque
3187 3443 3485 3504 antequam
3532 3433 3682 3488 exiret
3715 3431 3762 3485 de

2229 3529 2388 3583 vulva
2439 3527 2824 3594 sanctifieavit,
2867 3527 2977 3581 imo
2997 3567 3014 3593 ,
3039 3525 3196 3596 juxta
3227 3525 3456 3579 verbum
3487 3521 3765 3592 archangeli,

2230 3635 2356 3675 cum
2388 3617 2594 3690 Spiritu
2638 3627 2828 3673 sancto
2856 3633 2922 3673 ex
2958 3625 3117 3673 utero
3173 3615 3370 3671 matris
3409 3629 3522 3670 suae
3567 3613 3764 3684 replevit.

2232 3711 2399 3768 Istum
2447 3711 2697 3767 similiter
2747 3719 3040 3780 antequam
3073 3706 3248 3764 exiret
3304 3706 3373 3762 de
3403 3705 3560 3761 vulva
3584 3703 3770 3776 prophe-

2233 3816 2343 3862 tam
2391 3806 2445 3860 in
2487 3805 2741 3877 gentibus
2784 3818 2882 3874 per
2932 3800 3470 3874 prtetlestittationcm
3513 3799 3666 3864 dedit,
3693 3798 3773 3849 imo

2231 3915 2326 3971 per
2355 3897 2734 3969 propheticmn
2768 3895 3060 3967 gaudium,
3101 3902 3153 3950 et
3209 3909 3308 3964 per
3354 3909 3418 3948 os
3459 3893 3644 3947 matris
3670 3905 3773 3951 sua,

2232 3991 2526 4047 adventum
2551 3988 2755 4044 Christi
2790 3989 2845 4043 in
2879 3997 3035 4043 utero
3067 3996 3274 4042 sancta:
3318 3984 3560 4057 Virginis
3584 3984 3774 4054 prophe-

2233 4092 2348 4138 tare
2378 4082 2524 4138 fecit.
2557 4079 2697 4136 Ecce
2730 4080 2926 4136 videtis
2960 4079 3240 4151 quomodo
3282 4079 3468 4133 omnia
3498 4079 3614 4132 lucc
3637 4074 3778 4130 exctlo

2231 4174 2434 4229 lentius
2487 4172 2645 4228 beato
2703 4170 2902 4228 Joanni
2950 4170 3282 4227 conveniant
3333 4185 3497 4240 quam
3552 4166 3774 4222 Jcremim.

2229 4265 2402 4320 Nemo
2431 4273 2613 4320 autem
2643 4271 2912 4330 vestrum,
2931 4261 3132 4317 fratres
3174 4261 3308 4329 mei,
3359 4276 3424 4315 ex
3475 4259 3596 4314 istis
3637 4255 3780 4310 verbis

2232 4376 2354 4430 quae
2382 4357 2474 4416 iiii:
2513 4359 2790 4426 dicuntur,
2820 4359 3131 4428 priusquam
3163 4367 3212 4410 te
3241 4357 3532 4427 formarent
3576 4355 3626 4406 in
3648 4345 3780 4406 utere.

2233 4449 2351 4504 novi
2382 4459 2447 4515 te,
2477 4457 2659 4504 sumat
2685 4447 2888 4502 erroris
2915 4447 3286 4513 occasionem,
3329 4444 3648 4500 aestimando
3671 4440 3782 4511 quo!

542 4515 2126 4606 931959.333!rPfﬂctl'ﬂ-llfifgi‘.‘iiPER?l’i‘ﬂﬁfi‘ifﬁﬂ
2161 4583 2205 4606 ..ι
2235 4544 2355 4599 ideo
2401 4541 2670 4598 Des-fmus
2709 4542 2794 4597 vel
2827 4540 3140 4606 Jcrcmiam,
3192 4539 3274 4594 vel
3325 4537 3592 4593 Joannem
3637 4536 3780 4604 elegit.

541 4587 722 4657 palam
743 4583 1159 4657 monumentum
1192 4583 1408 4638 Domini
1445 4584 1722 4657 apparuit.
1747 4584 2130 4657 Apparuerunt
2160 4583 2206 4644 ι)

541 4655 597 4714 et
628 4658 772 4713 circa
805 4658 937 4714 illud
963 4655 1210 4711 suffossa:
1245 4664 1357 4709 tres
1380 4669 1573 4709 cruces
1600 4662 1654 4708 et
1678 4655 1836 4720 elavi,
1881 4656 2044 4710 simul
2075 4666 2129 4712 et

542 4730 738 4794 titulus
750 4729 944 4783 litteris
957 4725 1161 4781 Graecis
1180 4734 1232 4779 et
1247 4723 1456 4795 Latinis
1469 4724 1833 4795 conscriptus,
1848 4724 1880 4777 J
1886 4742 2002 4779 esus
2019 4726 2130 4780 Na-

545 4816 769 4854 zarenus
813 4815 905 4852 rea:
943 4796 1276 4849 Judmorunt.
1308 4794 1514 4849 Dicitur
1562 4794 1740 4849 autctn
1795 4797 1922 4865 quia
1963 4800 2128 4852 etiam

542 4879 797 4923 mortuus
817 4869 999 4939 crucis
1035 4874 1182 4920 tactu
1209 4866 1465 4939 surrexit.
1499 4865 1572 4920 De
1619 4867 1722 4939 hoc
1752 4865 2126 4939 lignoSihylla

544 4940 684 5020 dixit
705 4940 850 5020 apud
878 4938 1161 5020 Riganos:
1197 4934 1393 5020 ("9101'
1423 4937 1639 4992 beatum
1670 4934 1963 5020 lignum.
2017 4934 2126 5020 quo
2156 4977 2165 4984 .

543 5008 691 5066 Deus
729 5005 988 5080 extensus
1017 5007 1133 5061 est!
1173 5026 1191 5057 ι
1228 5005 1383 5080 Tunc
1417 5025 1545 5080 ergo
1576 5005 1872 5077 quat'crux
1893 5005 2128 5080 Domini

542 5088 711 5146 esset,
758 5093 882 5148 quae
923 5078 1195 5148 latronum
1239 5077 1501 5132 dubitare
1533 5088 1834 5148 coeperunt.
1890 5078 2127 5134 Proinde

543 5147 842 5220 Macarius,
862 5147 1114 5220 civitatis
1139 5149 1359 5220 prtcsul,
1393 5147 1723 5220 hujusmo-Ji
1745 5157 1890 5204 tactu
1911 5149 2129 5204 dubita-

543 5219 751 5290 tionem
778 5218 975 5290 solvit.
1035 5218 1244 5290 Mulieri
1303 5236 1541 5290 namque
1602 5219 1884 5275 nobilitate
1941 5221 2125 5288 clarm,

543 5289 708 5362 longa
721 5289 1047 5362 aegritudine
1066 5289 1501 5362 fatigatm,ttnam
1530 5306 1718 5362 earum
1751 5306 1975 5362 crucum
2001 5306 2124 5346 cunt

544 5360 800 5432 oratione
820 5360 1226 5432 promptissima
1257 5362 1541 5432 adhibens,
1584 5361 1837 5415 virtutem
1875 5360 2125 5416 Salvato-

544 5378 973 5432 crattoneprom
1017 5378 1226 5418 ttssnna
1257 5378 1541 5426 auntuens,
1584 5378 1837 5415 virtutem
1875 5378 2124 5416 Salvato-

543 5431 624 5486 ris
673 5433 911 5513 agnovit.
943 5378 1066 5514 iii»:
1087 5433 1256 5514 .ettim
1289 5441 1349 5486 ut
1370 5431 1705 5515 Ltnulic'rctnm
1731 5432 1902 5515 attigit
1969 5449 2124 5515 erttx,

541 5502 858 5598 passionelm
893 5502 1210 5585 saevissima;
1257 5503 1596 5598 :qgriltudinis
1629 5502 2010 5598 eﬂ'ugalfit,re.t
2051 5504 2130 5558 fc-

546 5572 714 5628 Ininaa
739 5573 970 5630 salutem
999 5574 1252 5629 restituit.
1287 5572 1319 5625 γ

544 5713 762 5773 minime
789 5714 973 5770 crucis
1004 5721 1219 5771 tractat.

1337 5573 1423 5628 ide
1462 5573 1747 5641 epistolam
1789 5573 2000 5628 Paulini
2036 5591 2132 5628 un-

541 5640 816 5714 decimam
841 5644 908 5699 ad
938 5643 1244 5712 Severium,
1275 5643 1367 5699 ubi
1391 5640 1608 5714 c0piose
1631 5643 1998 5699 inventionem
2031 5643 2133 5699 Do-

2232 4638 2379 4711 quod
2413 4653 2508 4694 eos
2555 4636 2770 4692 futuros
2806 4635 2981 4691 bonos
3015 4633 3305 4706 prmuovit.
3340 4631 3461 4688 Non
3499 4632 3643 4686 enim
3675 4629 3782 4682 lanea

2230 4735 2340 4788 vita
2371 4747 2562 4788 eorum
2590 4729 2788 4785 divinae
2825 4725 3346 4798 praedestinationis,
3393 4724 3486 4780 sed
3518 4723 3692 4794 potius
3725 4720 3785 4771 di-

2230 4826 2354 4880 vina
2385 4821 2792 4894 prmdestinatio
2818 4821 2976 4876 bona:
3005 4820 3132 4875 vita:
3159 4834 3355 4874 eorum
3389 4831 3556 4872 causa
3585 4813 3693 4868 fttit.
3717 4809 3785 4862 Ni-

2232 4918 2306 4972 hil
2334 4917 2480 4972 euim
2512 4915 2659 4970 aliud
2694 4913 2965 4984 praeelegit
2996 4913 3050 4967 in
3079 4913 3194 4978 eis,
3244 4910 3355 4966 nisi
3387 4907 3536 4981 quod
3582 4907 3786 4961 facturus

2228 5021 2346 5066 erat
2377 5015 2430 5064 in
2464 5009 2617 5079 ipsis.
2648 5007 2746 5062 Est
2781 5006 2945 5077 igitur
2981 5020 3046 5060 ac
3074 5005 3122 5059 si
3154 5005 3362 5058 diceret
3391 5021 3405 5057 :
3433 5001 3734 5069 Priusquam
3756 5005 3786 5046 te

2228 5101 2515 5170 formarem
2545 5098 2602 5151 in
2632 5108 2802 5163 utero,
2831 5096 2950 5149 novi
2981 5104 3048 5160 te,
3075 5094 3126 5149 id
3155 5101 3240 5148 est
3270 5093 3598 5163 priusquam
3632 5097 3678 5141 te
3703 5086 3788 5138 inr-

2229 5206 2435 5246 tuarem
2469 5189 2527 5245 in
2557 5199 2711 5243 utero
2742 5187 2878 5258 elegi
2926 5186 2980 5240 in
3029 5194 3080 5241 te
3120 5184 3267 5255 quod
3308 5183 3645 5238 formatur-us
3671 5192 3786 5232 eram

2226 5277 2282 5336 itt
2316 5289 2385 5335 te.
2424 5279 2631 5350 Itaque,
2665 5278 2862 5333 fratres
2894 5275 3020 5343 mei,
3047 5275 3195 5346 quod
3224 5275 3491 5329 Dominus
3525 5272 3597 5326 ab
3625 5281 3790 5325 icurae

2227 5389 2358 5431 suos
2388 5371 2757 5444 pratdestinat,
2787 5369 2934 5443 quod
2977 5385 3074 5426 eos
3124 5369 3178 5423 in
3228 5378 3467 5438 tempore
3499 5361 3787 5420 sanctiﬁcat.

2229 5447 2376 5538 quod
2402 5481 2498 5522 eos
2525 5465 2592 5520 ad
2622 5465 2761 5520 bene
2787 5463 3123 5535 operantium
3162 5469 3582 5533 perseveranter
3607 5456 3788 5513 excitu.

2229 5567 2404 5614 totum
2435 5566 2521 5614 est
2543 5556 2729 5629 gratia:
2753 5556 2972 5622 divinae,
3018 5569 3129 5609 non
3174 5552 3354 5609 meriti
3387 5550 3640 5607 humani.
3670 5546 3790 5599 Sicut

2229 5651 2538 5708 eeontrario
2570 5650 2717 5721 quod
2761 5650 2816 5705 in
2864 5647 3207 5721 przescientia
3252 5661 3350 5701 sua
3383 5644 3452 5698 ab
3481 5655 3687 5699 aeterno
3711 5641 3792 5692 illi-

2233 5746 2349 5817 pios
2389 5743 2734 5814 reprobavit,
2781 5741 2928 5812 quod
2975 5739 3352 5810 temporaliter
3400 5736 3638 5807 gratiam
3669 5747 3790 5787 suae:

2236 5834 2526 5894 subtrahit.
2554 5834 2701 5898 quod
2742 5850 2834 5890 eos
2879 5832 3019 5898 male
3066 5845 3225 5902 agere
3264 5827 3599 5886 dCl‘Ciinf'”:'
3660 5823 3793 5869 dium
