3850 6318
47 412 212 477 ΙΒἹἾ

1218 415 1551 492 uomere.
1588 447 1656 458 -
1695 417 1736 474 ι.
1779 417 1868 474 nr:
1907 417 2258 475 TEMPORE.

3299 429 3364 445 νὴ

3299 429 3364 445 νὴ

3262 428 3399 488 lca-‘8

53 540 286 597 ιιάίὠί
325 551 418 598 est
461 549 517 596 et
557 539 737 596 meriti
783 537 1030 595 humani.
1084 536 1241 595 Unde
1267 547 1323 594 et
1353 553 1476 606 nos,
1509 539 1706 595 fratres
1737 553 1780 610 Α
1809 548 1894 595 est
1937 554 2034 610 per
2076 539 2338 611 gratiam,
2381 546 2428 594 et
2479 539 2604 610 quia
2642 535 2920 610 privilegia
2958 551 3257 608 paucorum
3292 558 3402 600 non

43 632 200 698 uici,
271 633 620 690 immensam
668 632 789 703 ejus
832 630 1178 688 clementiam
1226 631 1356 687 totis
1402 631 1706 688 visceribus

42 723 486 781 indesinenter
517 740 831 792 exoremus,
864 733 1136 795 quatenus
1183 738 1284 780 nos
1335 723 1589 796 indignos
1618 723 1706 779 fa-

39 815 276 873 mulos
313 835 453 874 suos
478 818 544 874 de
579 833 761 873 massa
796 815 1124 888 perditionis
1163 816 1393 887 eripere,
1426 824 1481 872 et
1512 815 1568 872 in
1596 815 1708 872 elc-

39 916 324 964 ctorum
359 924 590 986 suorum
621 923 782 980 grege
807 923 907 964 nos
931 907 1184 978 dignetur
1214 921 1524 963 numerare.

127 997 447 1071 Sequitur
472 1017 602 1072 pars
626 1001 886 1069 secunda,
923 1000 978 1056 in
1001 1016 1112 1072 qua
1143 999 1412 1056 Jeremias
1437 1000 1507 1055 ab
1529 997 1708 1056 ofﬁcio

37 1093 472 1163 prophetandi
505 1094 746 1165 seipsum
777 1100 1024 1158 excusat,
1062 1107 1188 1148 cum
1214 1091 1348 1148 dicit
1387 1110 1401 1146 :
1434 1091 1502 1159 Α,
1546 1109 1599 1159 a,
1647 1107 1702 1158 a,

45 1181 339 1241 Domine
359 1185 520 1254 Deus,
545 1201 661 1241 ecce
682 1185 858 1240 nescio
895 1183 1060 1256 loqui,
1093 1185 1222 1256 quia
1263 1200 1395 1255 puer
1424 1200 1520 1255 ego
1561 1199 1702 1238 eum.

45 1273 248 1344 Ecce,
293 1277 502 1335 fratres
526 1278 654 1345 mei,
684 1275 972 1344 Jeremias,
994 1276 1248 1348 quamvis
1273 1276 1512 1332 audierit
1538 1291 1567 1330 a
1593 1275 1706 1331 Deo

45 1383 120 1423 se
157 1384 326 1426 esse
352 1371 423 1425 ab
444 1385 513 1427 eo
537 1370 906 1441 praelectum,
937 1384 996 1425 se
1024 1383 1150 1424 esse
1187 1367 1612 1434 sanctificatum,
1644 1382 1706 1424 se

45 1474 198 1516 esse
225 1463 573 1533 prophetam
609 1462 943 1518 destinatum
963 1503 977 1529 ,
1017 1469 1199 1517 tamen
1228 1477 1288 1517 se
1315 1461 1706 1518 exhorrescere

46 1563 114 1608 et
145 1555 576 1623 pertimescere
620 1569 784 1625 grave
823 1562 878 1609 et
923 1553 1294 1624 periculosum
1341 1551 1708 1624 prophetaudi

53 1644 345 1700 officium
392 1645 750 1710 demonstrat,
790 1660 886 1715 per
930 1661 963 1698 a
995 1643 1388 1715 interieetionis
1427 1643 1705 1714 expressi-

51 1750 204 1789 vam
268 1737 470 1793 dicens
515 1736 584 1804 A,
632 1754 687 1803 a,
718 1754 770 1803 a,
804 1735 1028 1791 Domine
1061 1736 1252 1791 Deus!
1299 1737 1378 1794 Ac
1415 1735 1464 1793 si
1510 1735 1699 1792 dicat:

61 1823 340 1881 Domine
373 1825 548 1894 Deus,
580 1827 670 1883 cui
702 1825 956 1882 famulari
990 1836 1048 1882 et
1080 1828 1304 1884 obedire
1337 1837 1546 1894 teneor,
1579 1826 1700 1882 olli-

1807 629 2014 686 faciunt
2045 632 2218 701 legem
2245 647 2614 688 communem.
2649 628 3017 686 Confutantur
3043 631 3206 687 etiam
3237 643 3290 688 ct
3321 629 3414 690 illi'

1803 719 1921 790 qui,
1955 734 2082 776 cum
2126 735 2234 776 non
2267 721 2508 778 habeant
2553 720 2826 778 sermonis
2874 720 3265 792 eloquentiam,
3311 730 3399 782 at-

1804 817 2015 865 tentant
2055 810 2514 882 praedicationem.
2557 812 2661 868 Sed
2697 811 2973 884 quomodo
2998 814 3402 890 praedicabunt,

1803 902 1898 972 qui
1926 901 2077 973 loqui
2100 903 2386 960 nesciunt?
2411 903 2783 960 Confutanlur
2811 904 3064 961 similiter
3092 915 3146 961 ct
3176 905 3251 961 illi
3279 907 3397 978 qui,

1802 1009 1928 1050 cum
1963 1011 2070 1051 non
2103 996 2341 1053 habeant
2385 998 2692 1054 doctrinam
2746 997 3029 1068 sapientiae
3053 1039 3068 1065 ,
3101 999 3401 1069 praedicare

1803 1088 2025 1144 audent.
2073 1088 2178 1144 Sed
2222 1077 2498 1160 quomodo
2548 1091 2685 1146 alios
2724 1090 3017 1156 docebunt,
3061 1091 3152 1161 qui
3186 1091 3401 1160 seipzos

1802 1179 2000 1236 docere
2044 1181 2334 1237 nesciunt?
2384 1181 2758 1238 Confutantur
2807 1180 3166 1238 nihilominus
3209 1191 3264 1238 et
3323 1182 3398 1237 illi

1803 1274 1918 1345 qui,
1951 1291 2078 1330 cum
2125 1291 2234 1332 non
2287 1277 2524 1332 habeant
2569 1276 2945 1332 fortitudinem
2995 1278 3217 1346 mentis,
3261 1295 3402 1350 pra:-

1803 1377 2031 1424 sumunt
2053 1368 2289 1424 officium
2320 1369 2750 1439 praedicationis.
2784 1369 2892 1425 Sed
2927 1371 3208 1442 quomodo
3242 1371 3397 1442 prin--

1804 1459 2075 1530 cipatibus
2104 1468 2158 1515 et
2189 1461 2551 1530 potestatibus
2583 1461 2987 1532 praedicabunt,
3045 1479 3140 1532 qur
3169 1478 3218 1518 e:
3239 1478 3266 1518 s
3309 1463 3396 1517 in-

1803 1567 2027 1622 crepare
2061 1567 2172 1607 non
2211 1553 2450 1610 audent?
2483 1554 2566 1609 Ab
2591 1553 2695 1610 ista
2725 1555 3177 1624 pusillanimitaze
3211 1567 3400 1610 osten-

1803 1644 1882 1699 dit
1915 1643 2208 1700 Psalmista
2247 1660 2306 1701 se
2351 1661 2476 1702 esse
2516 1647 2757 1702 alienum
2790 1663 2917 1703 cum
2947 1648 3078 1704 dicit
3106 1667 3120 1704 :
3152 1667 3172 1702 t
3202 1644 3269 1703 Et
3315 1651 3396 1704 lo-

1803 1735 2013 1804 quebar
2039 1735 2107 1790 de
2145 1736 2478 1792 testimoniis
2511 1737 2622 1793 tuis
2657 1737 2710 1791 in
2760 1747 3058 1807 conspectu
3086 1755 3300 1810 regum,
3347 1748 3402 1795 et

1805 1840 1913 1880 non
1943 1824 2319 1882 confundebar
2347 1825 2520 1898 (Psal.
2550 1830 2765 1899 cxvm).
2797 1845 2815 1879 ι

54 1915 233 1970 cium
266 1917 347 1972 ad
377 1919 520 1989 quod
546 1934 632 1974 mc
657 1920 740 1975 vis
761 1920 995 1986 mittere,
1027 1920 1154 1990 quia
1183 1935 1349 1991 supra
1378 1936 1528 1976 meas
1553 1921 1700 1976 vires
1733 1912 1775 1971 Β
1876 1915 2136 1988 Sequitur
2165 1933 2293 1987 pars
2336 1919 2517 1985 tertia,
2570 1918 2625 1974 in
2673 1933 2782 1990 qua
2829 1917 3096 1974 Dominus
3148 1917 3402 1974 timorem

55 2018 180 2073 est,
243 2009 578 2066 reformido.
617 2009 799 2078 Quare
845 2021 1029 2068 autem
1075 2012 1390 2070 reformidet
1435 2014 1694 2081 ostendit,

60 2116 207 2155 cum
253 2101 452 2157 subdit
480 2121 492 2156 :
521 2102 656 2158 Ecce
692 2105 869 2158 nescio
899 2104 1064 2176 loqui,
1093 2106 1222 2176 quia
1263 2123 1393 2176 puer
1427 2123 1520 2178 ego
1551 2124 1691 2162 sunt.

65 2188 232 2246 Puer
270 2207 402 2248 sum
429 2201 608 2261 aetate,
640 2209 777 2264 puer
803 2209 925 2249 sum
958 2195 1350 2266 incloquentia,
1393 2213 1532 2268 puer
1571 2215 1696 2255 sum

67 2281 399 2353 imperitia,
420 2299 558 2354 puer
581 2301 704 2341 sum
736 2286 1203 2358 pusillanimitate.
1236 2288 1526 2356 Quodlibet
1548 2291 1696 2346 enim

67 2369 338 2428 istorum
371 2384 609 2445 quatuor
641 2375 866 2447 impedit
899 2376 1137 2434 ofﬁcium
1167 2380 1518 2450 praedicandi.
1554 2380 1702 2438 Puer

67 2461 234 2517 enim
262 2473 431 2520 aztate
458 2467 702 2522 nondum
733 2468 876 2524 valet
903 2468 1139 2540 perfecte
1167 2471 1347 2542 loqui;
1399 2487 1536 2543 puer
1564 2487 1696 2530 vero

71 2555 495 2628 ineloquentia,
514 2560 690 2616 nescit
716 2561 1001 2618 afﬂuenter
1023 2564 1208 2636 loqui;
1247 2581 1380 2635 puer
1403 2566 1696 2637 imperitia,

75 2648 273 2703 nescit
325 2651 623 2720 prudenter
671 2653 855 2725 loqui;
896 2671 1033 2726 puer
1060 2672 1189 2712 vero
1221 2659 1695 2731 pusillanimitatc,

71 2755 193 2794 non
250 2743 426 2799 audet
478 2742 695 2801 fortiter
741 2747 914 2818 loqui.
969 2747 1210 2806 Joannes
1247 2766 1378 2808 vero
1430 2752 1694 2825 Baptista,

73 2835 365 2901 quoniam
397 2836 451 2891 in
481 2837 602 2908 ipso
631 2841 826 2896 matris
853 2849 1008 2898 utero
1029 2843 1358 2914 prophetare
1377 2847 1562 2917 cmpit,
1587 2865 1694 2905 non

73 2927 297 2998 legitur
323 2945 381 2986 se
401 2946 715 3000 excusasse,
747 2933 844 2989 sed
870 2943 1078 2990 tantum
1108 2937 1176 2992 ad
1203 2937 1440 2994 oflicium
1461 2941 1697 3011 prophe-

78 3019 240 3074 tandi
277 3035 344 3075 se
369 3035 493 3077 esse
522 3021 804 3095 indignum
836 3024 1199 3094 demonstrat,
1234 3044 1361 3084 cum
1397 3039 1622 3102 rogatus
1663 3047 1695 3087 a

75 3108 394 3169 Pharisaais
420 3114 544 3186 quis
569 3125 737 3183 esset,
761 3132 831 3171 an
864 3117 1128 3188 propheta
1151 3129 1316 3188 esset,
1340 3136 1400 3178 se
1419 3137 1543 3178 esse
1563 3137 1694 3194 pro-

79 3205 321 3274 plietam
369 3218 527 3280 negat
566 3208 749 3280 (Joan.
791 3211 852 3281 ι).
889 3210 973 3267 ΑΙ)
1009 3211 1188 3270 oflicio
1222 3197 1359 3270 vero.
1380 3213 1693 3286 baptizandi

80 3293 517 3368 Redemptorcm
544 3310 792 3356 nostrum
824 3317 886 3358 se
921 3312 1107 3378 aperte
1149 3314 1396 3374 excusat,
1441 3322 1562 3362 cum
1595 3323 1695 3364 cx-

82 3404 401 3458 pavesccns
433 3392 547 3448 ait:
579 3411 599 3444 ι
630 3391 744 3466 Ego
771 3410 802 3450 a
833 3404 884 3451 te
909 3395 1083 3452 debeo
1102 3397 1389 3469 baptizari,
1425 3409 1480 3459 ct
1509 3410 1568 3458 tu
1599 3421 1695 3459 ve-

83 3483 172 3537 nis
197 3483 286 3540 'ad
310 3486 436 3541 me?
464 3505 484 3538 ι
515 3485 735 3558 (Matt/3.
766 3489 873 3557 Ill.)
899 3488 1133 3558 Quidam
1158 3492 1323 3569 igitur
1353 3497 1698 3554 laudabiliter

85 3588 146 3627 se
168 3585 470 3641 excusant,
513 3586 574 3633 ut
599 3575 888 3651 Jeremias,
931 3594 987 3640 et
1017 3583 1257 3642 Joannes
1285 3585 1566 3658 Baptista:
1599 3591 1694 3646 alii

86 3679 221 3720 vero
258 3668 606 3726 laudabiliter
631 3687 691 3728 se
719 3672 978 3746 offerunt,
1026 3687 1087 3734 ut
1115 3678 1304 3747 Isaias,
1336 3683 1428 3752 qui
1462 3682 1696 3738 Domino

85 3758 298 3814 dicenti
348 3780 360 3816 :
417 3781 435 3814 ι
481 3762 654 3830 Quem
701 3768 936 3837 mittam,
987 3780 1042 3827 ct
1063 3772 1189 3842 quis
1223 3773 1323 3828 ibit
1351 3775 1542 3831 nobis?
1575 3777 1690 3832 ait:

89 3847 236 3908 Ecce
291 3869 410 3924 ego,
449 3856 604 3914 mitte
657 3876 745 3916 me
775 3859 915 3933 (Ira.
947 3866 1079 3932 vs)»
1109 3863 1582 3922 Considerandum
1613 3877 1696 3924 ta-

87 3957 214 3996 men
261 3954 346 4002 ea!
371 3950 632 4019 quoniam
671 3950 839 4008 Isaias
874 3953 968 4024 qui
1001 3969 1062 4010 sc
1089 3955 1265 4022 offert,
1310 3956 1394 4012 vel
1430 3959 1690 4024 carbone,

89 4039 174 4093 vel
205 4041 427 4097 calculo
461 4042 527 4098 de
555 4042 710 4100 altari
739 4056 980 4116 sumpto,
1008 4045 1122 4118 jam
1159 4060 1450 4122 purgatum
1483 4067 1543 4106 se
1571 4067 1694 4108 esse

91 4131 328 4200 sciebat,
375 4144 429 4190 ct
477 4133 764 4204 Jeremias,
809 4148 864 4194 et
913 4137 1153 4196 Joannes
1192 4139 1454 4212 Baptista,
1501 4143 1602 4200 etsi
1633 4159 1694 4200 se

91 4235 386 4291 excusant,
418 4243 528 4283 non
577 4240 762 4300 aperte
803 4233 1112 4304 repudiant.
1147 4233 1253 4290 Sed
1297 4235 1443 4310 quis,
1492 4234 1692 4292 fratres

92 4318 224 4384 mei,
268 4320 429 4375 liolie
459 4333 519 4374 se
549 4322 870 4379 mundatum
901 4340 1024 4381 esse
1057 4326 1340 4398 intelligit?
1365 4325 1492 4382 Ideo
1519 4327 1690 4382 tutius

95 4409 260 4468 hodie
283 4414 520 4470 ollicium
551 4417 880 4488 prmdicandi
905 4418 1231 4488 declinatur,
1281 4435 1446 4492 quam
1478 4420 1690 4492 appeti-

95 4511 202 4560 tur.
241 4503 350 4562 Nec
384 4516 564 4564 tamen
600 4509 760 4566 debet
787 4510 877 4566 ille
906 4512 1256 4582 pertinaciter
1289 4513 1567 4570 declinare
1593 4515 1689 4586 qui

1799 2009 2077 2082 prophetae
2102 2009 2417 2066 consolatur
2453 2019 2506 2066 et
2553 2009 2849 2077 confortat,
2871 2010 3060 2066 dicens
3093 2027 3106 2065 :
3136 2009 3266 2064 Noli
3312 2009 3400 2064 di-

1799 2119 1912 2157 cere
1935 2118 1954 2156 :
1983 2102 2125 2156 Puer
2157 2119 2297 2170 sum,
2337 2103 2588 2174 quoniam
2625 2105 2694 2158 ad
2735 2105 2914 2158 omnia
2943 2105 3013 2158 ad
3041 2121 3160 2176 qua:
3184 2105 3397 2158 mittant

1800 2201 1849 2248 te
1877 2194 2000 2261 ibis,
2027 2204 2078 2249 et
2106 2197 2350 2252 universa
2378 2212 2496 2267 qua:
2528 2196 2848 2249 mandavero
2882 2195 2978 2249 tibi
3009 2196 3264 2268 loqueris.
3316 2194 3402 2249 Ne

1797 2286 1985 2342 timeas
2007 2304 2040 2341 a
2063 2287 2202 2358 facie
2219 2304 2421 2354 eorum,
2442 2288 2568 2360 quia
2589 2303 2681 2357 ego
2707 2296 2875 2340 tecum
2894 2304 3032 2354 sum,
3047 2298 3101 2341 ut
3125 2304 3311 2342 eruam
3331 2298 3401 2344 te.

1797 2379 1876 2435 Ac
1901 2379 1950 2436 si
1982 2390 2172 2451 aperte
2221 2382 2425 2448 dicat;
2469 2379 2733 2448 Quamvis
2781 2379 2861 2435 sis
2911 2395 3048 2448 puer
3096 2389 3255 2434 astate
3318 2390 3405 2436 ta-

1798 2486 1924 2528 men
1969 2487 2072 2544 ego
2105 2473 2247 2530 dabo
2285 2472 2384 2528 tibi
2431 2472 2848 2544 possibilitatem
2896 2482 2957 2527 ut
3019 2488 3084 2527 ea
3155 2471 3222 2526 ad
3273 2487 3400 2542 qua:

1797 2575 1898 2632 ego
1949 2550 2108 2618 mitto
2154 2570 2207 2618 te
2242 2563 2425 2633 possis
2472 2560 2672 2617 facere.
2727 2559 2993 2628 Quamvis
3033 2561 3110 2618 sis
3141 2579 3276 2633 puer
3303 2579 3402 2634 per

1803 2653 2234 2725 ineloqueutiam
2260 2665 2314 2710 et
2341 2653 2736 2726 insipientiam,
2767 2663 2948 2709 tamen
2985 2670 3086 2727 ego
3123 2655 3264 2709 dabo
3305 2654 3402 2709 tibi

1797 2748 2173 2819 eloquentiam
2201 2758 2256 2804 et
2297 2748 2624 2819 sapientiam
2662 2756 2723 2802 ut
2762 2748 3017 2802 mandata
3062 2763 3181 2803 mea
3224 2748 3404 2818 possis

1795 2841 2002 2913 eloqui.
2029 2840 2294 2909 Quamvis
2323 2843 2402 2898 sis
2423 2856 2556 2912 puer
2591 2841 3060 2912 pusillanimitate,
3085 2849 3262 2894 tamen
3301 2855 3404 2911 ego

1795 2933 2060 3006 praecipio
2091 2934 2188 2990 tibi
2219 2949 2289 2989 ne
2332 2932 2680 2989 adversarios
2719 2940 2844 2987 tuos
2886 2933 3102 2998 timeas,
3130 2931 3259 3001 quia
3301 2947 3402 3001 ego

1800 3041 2020 3097 semper
2043 3041 2166 3081 sum
2199 3034 2379 3082 tecum
2405 3025 2474 3080 ad
2509 3024 2875 3081 constantiam
2916 3031 2972 3078 ct
3003 3021 3399 3078 defensionem.

1797 3115 1968 3174 Porro
2000 3117 2056 3173 in
2090 3118 2196 3174 hoc
2219 3115 2364 3189 quod
2395 3118 2492 3183 ait,
2519 3118 2588 3173 ad
2613 3119 2794 3171 omnia
2847 3117 2916 3170 ad
2951 3133 3068 3187 qua:
3103 3116 3308 3169 mittam
3353 3123 3404 3170 te

1801 3209 1924 3278 ibis,
1969 3211 2211 3268 ostendit
2251 3213 2592 3286 prophetam,
2628 3209 2708 3268 vel
2754 3209 3189 3282 prcedicatorem,
3225 3209 3291 3264 ad
3333 3226 3400 3265 ea

1801 3303 1869 3358 ad
1899 3320 2019 3378 qua
2053 3304 2262 3363 missus
2293 3315 2378 3362 est
2406 3321 2623 3376 seraper
2671 3305 2786 3370 ire;
2822 3305 2888 3359 ad
2915 3319 2980 3360 ea
3012 3319 3141 3358 vero
3172 3303 3239 3358 ad
3276 3319 3400 3374 qum

1801 3398 2007 3456 missus
2039 3415 2147 3456 non
2170 3409 2276 3468 cst,
2303 3415 2589 3470 nunquam
2615 3398 2693 3453 ire
2722 3398 2938 3453 debere.
2973 3395 3128 3454 Unde
3156 3397 3398 3452 divinam

1799 3494 2079 3564 experitur
2127 3493 2562 3566 indignationem
2617 3489 2808 3558 Jonas,
2854 3492 2948 3560 qui
2993 3490 3277 3558 Ninivitis,
3329 3493 3400 3547 ad

1799 3601 1940 3656 quos
1964 3586 2169 3642 missus
2209 3595 2326 3642 erat
2363 3585 2744 3655 prmdieatum,
2779 3584 2858 3638 ire
2892 3583 3132 3654 fugiebat
3156 3581 3302 3652 (Jan.
3331 3585 3394 3647 ι).

1799 3676 1866 3732 Et
1907 3678 2199 3733 damnatur
2241 3677 2484 3744 Balaam,
2527 3676 2623 3747 qui
2667 3684 2961 3746 corruptus
2989 3673 3185 3746 pretio,
3219 3690 3398 3745 popu-

1797 3769 1911 3826 lum
1940 3786 1972 3825 a
2007 3769 2115 3825 Deo
2143 3769 2490 3825 benedictum
2524 3767 2869 3833 maledicere,
2905 3767 2971 3822 ad
2998 3781 3162 3836 quem
3192 3765 3396 3820 missus

1798 3878 1906 3918 non
1931 3861 2197 3930 erat,ibat
2218 3860 2409 3933 (Num.
2426 3859 2860 3928 xxiv).Quorum
2885 3867 3014 3915 sunt
3042 3858 3204 3914 hodie
3231 3857 3396 3912 etiam

1795 3955 2006 4012 similes
2035 3952 2260 4026 quidam
2294 3953 2417 4009 falsi
2456 3965 2728 4025 pastores,
2778 3951 2874 4024 qui
2925 3950 3168 4021 corrupti
3214 3948 3399 4004 favore

1796 4047 1880 4104 vel
1912 4047 2062 4111 odio,
2100 4046 2294 4100 timore
2336 4045 2421 4101 vel
2467 4045 2662 4116 pretio,
2711 4044 2918 4100 vadunt
2947 4043 3232 4098 absolvere
3273 4041 3397 4096 illos

1794 4141 1890 4212 qui
1920 4139 2126 4212 ligandi
2168 4148 2318 4206 sunt,
2345 4139 2431 4194 vel
2460 4139 2629 4210 ligare
2677 4153 2776 4194 eos
2822 4136 2917 4208 qui
2960 4136 3208 4192 solvendi
3242 4143 3392 4202 sunt,

1792 4241 1848 4288 et
1865 4231 2021 4302 juxta
2050 4229 2393 4301 prophetam,
2433 4249 2450 4282 ι
2486 4229 2764 4286 vivificant
2790 4229 3006 4283 animas
3031 4244 3154 4299 qua:
3178 4244 3287 4282 non
3310 4227 3392 4282 vi-

1792 4331 1948 4389 vunt,
1993 4331 2050 4380 et
2092 4323 2426 4379 mortificant
2475 4321 2691 4378 animas
2752 4337 2877 4393 qua:
2921 4338 3032 4377 non
3077 4321 3392 4376 moriuntur

1793 4413 2010 4486 (Bacch.
2032 4415 2172 4484 ιιι).›
2197 4415 2304 4470 Sed
2330 4415 2709 4482 «maledicunt,
2726 4413 2909 4486 inquit
2936 4413 3203 4470 Dominus
3215 4413 3382 4480 Deus,

1792 4504 2270 4562 benedictionibus
2305 4506 2522 4573 vestris,
2547 4515 2601 4561 et
2625 4505 2943 4562 benedicam
2987 4505 3390 4561 maledictioni-

97 4591 348 4685 intelligit
381 4614 442 4654 se
468 4614 500 4654 a
530 4599 643 4658 Deo
670 4610 926 4658 vocatum
955 4618 1096 4659 esse.
1123 4602 1368 4671 Quorum
1395 4615 1688 4678 utrumque
1719 4625 1768 4685 ι)
1792 4597 1898 4656 bus
1930 4599 2128 4656 vestris
2159 4598 2420 4669 (Malae/1.
2454 4604 2538 4670 ιι).
2575 4618 2594 4651 ›
2633 4597 2692 4653 In
2726 4613 2794 4654 eo
2823 4613 2956 4653 vero
2980 4597 3128 4670 quod
3163 4598 3239 4651 ait
3270 4598 3390 4650 uni-

97 4681 310 4758 lfoyses
338 4687 392 4743 in
424 4704 484 4745 se
503 4690 865 4761 demonstrat,
889 4709 1016 4749 cum
1046 4693 1278 4752 Domino
1303 4697 1539 4754 mittenti
1561 4713 1689 4755 eum

97 4775 161 4828 ad
195 4775 540 4836 Pharaonem
571 4797 629 4837 se
653 4791 902 4850 excusat,
948 4793 1004 4840 et
1033 4794 1214 4842 tamen
1246 4787 1297 4843 ei
1327 4787 1556 4844 instanti
1587 4789 1692 4844 lm-

98 4867 296 4924 militer
319 4871 659 4944 obtemperat
698 4874 898 4947 (Exod.
927 4877 1024 4949 tv),
1065 4877 1204 4935 dans
1251 4882 1561 4953 exemplum
1585 4899 1689 4939 no-

101 4956 198 5025 bis,
237 4970 296 5016 ut
323 4977 810 5039 quantumcunque
847 4968 1024 5026 simus
1060 4971 1292 5041 probati,
1326 4981 1509 5030 tamen
1539 4990 1686 5030 scm-

98 5064 190 5118 per
216 5055 455 5112 officium
501 5062 776 5130 pastorale
807 5061 1249 5133 reformidcmus,
1295 5067 1388 5121 sed
1431 5068 1557 5122 etsi
1588 5084 1689 5123 no-

98 5145 332 5204 verimus
364 5149 606 5206 divinam
635 5165 759 5209 esse
790 5155 1152 5224 voluntatem,
1184 5171 1295 5212 non
1325 5159 1554 5213 omnino
1599 5175 1685 5214 re-

97 5236 372 5297 sistamus.
406 5243 465 5297 ιη
491 5260 604 5315 quo
635 5246 1001 5316 quorumdam
1029 5249 1384 5321 prmsumptio
1415 5251 1685 5308 refutatur

99 5330 208 5397 qui,
239 5335 492 5403 quamvis
527 5336 582 5392 in
629 5339 965 5396 conscientia
1013 5357 1113 5397 sua
1159 5358 1269 5398 non
1321 5343 1514 5398 mundi
1585 5345 1680 5401 sed

98 5425 273 5490 potius
299 5429 492 5498 polluti
519 5430 650 5500 sint,
677 5443 858 5490 tamen
888 5433 1126 5490 officium
1155 5438 1427 5508 pastorale
1455 5453 1562 5493 non
1594 5455 1683 5494 re-

99 5513 407 5592 formidant,
437 5524 547 5579 imo
575 5527 842 5582 ambiunt.
882 5527 1252 5585 Confutantur
1276 5519 1498 5603 quoque
1521 5541 1576 5588 et
1604 5533 1680 5590 illi

99 5611 185 5678 qui
213 5628 278 5669 ex
307 5616 413 5674 hoc
439 5618 587 5689 quod
637 5617 901 5676 Jeremias
942 5637 1083 5692 puer
1125 5623 1488 5693 prophetavit,
1531 5625 1680 5681 acci-

100 5702 244 5771 piunt
271 5709 374 5766 sibi
403 5711 611 5768 erroris
653 5713 987 5784 exemplum,
1034 5721 1177 5770 utet
1206 5714 1310 5786 ipsi
1357 5717 1537 5773 adhuc
1572 5717 1679 5773 im-

102 5794 276 5859 berbes
297 5804 532 5860 debeant
553 5805 866 5876 praedicare,
897 5820 1007 5862 non
1039 5807 1379 5865 attendentes
1415 5809 1677 5879 quoniam

101 5894 234 5958 iluOd
264 5896 321 5956 in
350 5895 589 5974 Jeremia
617 5899 803 5957 minus
835 5911 953 5958 erat
979 5915 1077 5973 per
1105 5908 1321 5958 aetatem
1367 5902 1678 5974 suppletum

1794 4711 1946 4751 versa
1981 4713 2099 4767 qum
2124 4695 2445 4750 mamfavem
2467 4696 2563 4750 tibi
2589 4695 2844 4767 loqueris,
2873 4693 3114 4750 ostendit
3154 4694 3389 4764 prophe-

1796 4794 1908 4842 tam
1940 4787 2024 4843 vel
2046 4787 2460 4857 przedicatorem
2489 4802 2706 4858 semper
2731 4786 2898 4841 verba
2923 4784 3042 4852 Dei,
3065 4794 3118 4840 et
3146 4799 3256 4840 non
3280 4786 3386 4840 alia

1793 4879 1992 4936 debere
2012 4881 2334 4953 praedicare.
2367 4879 2520 4935 Unde
2550 4878 2905 4934 confutantur
2927 4878 3209 4950 aequaliter
3229 4887 3282 4934 et
3309 4879 3386 4932 ilii

1791 4970 1888 5041 qui
1940 4972 2166 5027 verbum
2221 4971 2482 5042 iniunctae
2528 4969 2931 5040 praedicationis
2973 4977 3186 5035 tacent,
3243 4968 3389 5024 unde

1797 5082 1815 5116 ι
1845 5079 2012 5120 canes
2035 5064 2172 5119 muti
2193 5083 2212 5116 ι
2238 5081 2269 5119 a
2296 5063 2530 5118 Domino
2559 5070 2826 5118 vocantur
2848 5059 2987 5132 (lea.
3026 5062 3161 5130 va),
3186 5068 3241 5115 et
3261 5075 3385 5114 san-

1793 5157 1918 5228 guis
1941 5165 2162 5239 propter
2193 5157 2621 5212 taciturnitatem
2654 5169 2810 5210 suam
2839 5152 3184 5223 pereuntium
3209 5151 3278 5208 ab
3302 5150 3387 5207 eis

1791 5249 2113 5320 requiritur,
2136 5257 2193 5303 et
2229 5249 2307 5303 illi
2333 5248 2428 5319 qui
2458 5248 2566 5302 alia
2595 5261 2760 5316 quam
2787 5244 3000 5300 Domini
3041 5244 3208 5300 verba
3242 5259 3385 5316 pra:-

1791 5343 1976 5399 dicare
2017 5349 2381 5412 presumunt,
2422 5357 2548 5397 cum
2581 5339 2850 5396 Dominus
2893 5335 3379 5403 dieathecbieli;

1797 5452 1818 5486 ι
1851 5431 2221 5488 Annuutiabis
2249 5431 2330 5488 eis
2361 5449 2428 5489 ex
2459 5447 2547 5487 me
2572 5429 2790 5504 (Ezech.
2819 5431 2924 5498 tu).
2950 5449 2967 5481 ι
3003 5428 3059 5484 fn
3090 5429 3195 5484 hoc
3213 5427 3380 5482 etiam

1789 5525 1937 5596 quod
1963 5523 2229 5580 Dominus
2254 5523 2354 5592 ait,
2379 5541 2441 5578 ne
2463 5524 2653 5578 timeas
2675 5541 2706 5579 a
2731 5523 2871 5593 facie
2907 5539 3111 5588 eorum,
3134 5521 3262 5593 quia
3287 5535 3382 5589 ego

1789 5625 1959 5669 tecum
1983 5613 2520 5680 sum,confutantur
2543 5613 2622 5668 illi
2653 5614 3038 5684 praedicatores
3071 5611 3168 5681 qui
3204 5607 3384 5664 homi-

1785 5731 1886 5772 nes
1923 5715 2149 5782 timcnt;
2183 5729 2313 5770 nam
2349 5717 2406 5770 in
2451 5716 2556 5771 hoc
2586 5714 2758 5770 Deum
2793 5730 2979 5770 secum
3023 5727 3130 5768 non
3178 5710 3382 5765 habere

1785 5807 2184 5864 demonstrant.
2236 5805 2373 5863 Nam
2401 5807 2449 5864 si
2500 5823 2687 5864 secum
2721 5805 2892 5874 Deum
2933 5805 3157 5872 habent,
3206 5816 3382 5872 quare

1785 5901 2040 5959 homines
2071 5901 2290 5974 timent?
2317 5898 2569 5956 lmitaudi
2597 5913 2727 5972 ergo
2753 5906 2882 5957 sunt
2914 5897 3076 5954 nobis
3115 5894 3382 5968 praedica-
