3850 6318
543 322 680 384 1579

1799 321 2150 380 ηλιιυιλτηι
2191 320 2540 380 ΜὶοΕΝΤΙΞ

3593 349 3684 409 εδει

539 442 752 498 toribus
775 439 1042 499 Jeremias
1077 452 1130 497 et
1159 439 1398 496 Joannes
1441 437 1703 512 Baptista,
1735 439 1828 509 qui
1859 437 2128 535 srevitiant
2153 443 2200 503 Λ
2236 456 2254 491 ς
2285 436 2390 506 Qui
2417 439 2596 510 major
2616 447 2722 506 est,
2755 439 2847 496 fiat
2878 441 3021 499 sicut
3058 442 3259 515 junior,
3285 457 3334 503 et
3365 452 3444 522 qui
3463 469 3684 535 pm.

535 527 873 601 Judieorum,
905 547 1204 604 regumque
1227 531 1524 602 porentiam
1555 545 1664 586 non
1696 530 2018 595 timuerunt,
2037 527 2134 584 sed

536 639 736 695 aspere
787 623 917 678 vitia
966 638 1160 678 eorum
1187 621 1678 692 reprehenderunt.
1727 618 1944 675 Clamat
1982 619 2130 675 enim

533 712 776 771 Joannes
799 713 1043 786 Baptista
1075 723 1266 770 contra
1296 711 1536 769 Judzeos:
1563 710 1903 778 «Gemmina,
1929 708 2129 781 inquit,

533 807 868 879 viperarum,
899 807 1023 878 quis
1044 805 1258 863 docebit
1286 818 1382 862 vos
1415 804 1602 876 fugere
1648 819 1680 860 a
1701 811 1930 859 ventura
1953 801 2078 857 ira?
2103 819 2122 855 ι

537 899 759 971 (.lluttlr.
786 917 875 967 tn;
904 899 1036 954 Luc.
1087 898 1199 969 ιιι.)
1261 897 1324 954 Et
1357 906 1550 954 contra
1590 893 1858 952 llerodem
1897 913 1912 951 :
1958 912 1978 948 ι
2007 892 2127 950 Non

533 991 680 1061 licet,
727 993 925 1063 inquit,
957 991 1051 1046 tibi
1097 991 1298 1047 habere
1333 1004 1562 1045 uxorem
1585 987 1773 1044 fratris
1809 987 1887 1044 tui
1923 987 2121 1058 (Marc.

541 1086 640 1149 vi).
672 1105 692 1138 ι
725 1085 829 1152 Sed
863 1085 1140 1156 quomodo
1169 1083 1312 1140 crult
1333 1097 1428 1140 eos
1459 1082 1724 1140 Dominus
1745 1097 1780 1138 a
1815 1091 2128 1154 persecuto-

532 1177 690 1232 ribus
717 1177 853 1244 suis,
899 1193 1022 1232 cum
1073 1175 1339 1233 Jercnnas
1379 1191 1409 1231 a
1453 1174 1658 1232 Judtcis
1687 1174 1740 1230 in
1790 1173 2025 1246 Egypto
2053 1173 2124 1230 sit

535 1268 829 1338 lapidatus,
881 1278 935 1324 et
991 1267 1232 1324 Joannes
1269 1268 1338 1324 ab
1387 1266 1599 1324 Herode
1642 1266 1945 1322 decollalus
1997 1265 2124 1320 est?

526 1358 684 1416 liruit
714 1378 830 1432 eos,
859 1361 1058 1418 fratres
1087 1362 1214 1430 mei,
1251 1377 1281 1416 a
1310 1360 1772 1432 persecutoribus,
1805 1375 1916 1414 non
1962 1356 2122 1430 quasi

522 1466 619 1505 eos
661 1430 960 1525 allligerent
1000 1463 1053 1508 ct
1089 1453 1422 1518 occiderent,
1461 1451 1554 1507 sed
1578 1449 1725 1521 quod
1756 1449 1837 1504 eis
1880 1464 1990 1504 non
2022 1463 2122 1502 no-

521 1555 728 1612 cerent,
757 1545 868 1601 imo
889 1545 1237 1616 prodessent,
1252 1544 1383 1600 dum
1400 1543 1508 1599 illis
1529 1541 1878 1598 occasionem
1901 1553 2120 1596 coronat

519 1633 736 1688 darent.

593 1725 851 1797 Sequitur
879 1741 1007 1798 pars
1041 1734 1258 1798 quarta,
1302 1725 1358 1780 in
1409 1740 1517 1796 qua
1563 1721 1829 1779 Dominus
1876 1721 2115 1794 injungit

2231 530 2375 587 sicut
2409 532 2504 603 qui
2545 531 2821 589 ministrat
2851 533 3011 606 (Luc.
3043 539 3198 609 xxii).
3232 559 3252 592 ι
3298 530 3684 612 υειιωναηιεξ

2230 623 2382 679 sterii
2413 639 2476 680 se
2502 625 2766 696 propheta
2802 627 3022 684 dedisse
3049 629 3396 699 demonstrat,
3414 652 3515 696 cum
3535 646 3684 706 iam,

2234 713 2302 770 Ut
2327 715 2523 771 evellas
2556 727 2606 771 et
2637 716 2904 786 destruas,
2929 730 3037 777 etc.
3084 723 3162 780 Ac
3191 725 3240 780 si
3259 739 3430 796 aperte
3450 730 3562 789 ditat
3580 756 3590 790 :
3611 737 3684 796 lia

2228 807 2295 864 ad
2327 808 2433 866 hoc
2474 819 2526 866 te
2550 811 2812 868 constitui
2857 829 3024 885 super
3061 825 3250 886 gentes
3277 830 3688 900 asumma

2229 908 2285 953 tu
2325 915 2488 956 vaces
2514 915 2712 958 somno
2747 913 2803 959 ct
2823 905 2959 973 otio,
2989 905 3084 962 sed
3110 909 3295 978 potius
3312 920 3370 966 ut
3393 922 3442 967 tu
3461 917 3686 978 unus

2226 993 2450 1050 modum
2480 995 2735 1054 ruricola:
2761 997 3000 1067 labores,
3036 1001 3130 1072 qui
3171 1012 3386 1060 saturus
3413 1007 3688 1084 bon-pn-

2226 1085 2488 1142 tationem
2514 1087 2567 1144 in
2591 1104 2745 1160 agro,
2774 1091 2954 1162 primo
2998 1092 3187 1163 spinas
3214 1102 3269 1149 et
3299 1096 3516 1166 tribulos,
3537 1113 3577 1156 et
3595 1120 3689 1174 qu-

2223 1190 2443 1248 eunque
2473 1179 2672 1236 nociva
2695 1180 2966 1253 exstirpat
2997 1183 3066 1239 de
3103 1199 3259 1257 agro.
3290 1183 3435 1241 Ponit
3451 1201 3589 1246 autem
3615 1210 3687 1258 sex,

2223 1283 2459 1340 quorum
2502 1282 2743 1344 quatuor
2782 1275 3043 1332 auferunt
3070 1279 3238 1346 mala,
3268 1280 3372 1335 dno
3397 1295 3566 1352 ponunt
3585 1286 3686 1342 bona.

2223 1360 2481 1428 Quaedam
2526 1365 2674 1421 enim
2708 1367 2902 1423 nociva
2936 1377 3064 1424 sunt
3094 1369 3151 1425 in
3191 1386 3343 1442 agro,
3373 1373 3687 1443 qualaciliun-

2219 1467 2317 1521 nu,
2355 1455 2597 1527 agricola
2637 1473 2764 1516 eum
2815 1459 2953 1530 ipsis
2987 1461 3266 1517 radicibus
3303 1464 3481 1520 evellit.
3517 1467 3688 1534 Quali.

2220 1559 2352 1600 vero
2397 1547 2472 1602 ita
2517 1548 2764 1605 radicata
2814 1560 2966 1620 sunt,
2999 1553 3150 1623 quod
3191 1554 3414 1610 evellere
3445 1571 3533 1611 non
3563 1570 3690 1628 potest,

2217 1637 2311 1692 sed
2337 1652 2463 1694 cum
2498 1639 2686 1697 labore
2727 1643 2902 1698 multo
2929 1651 2986 1698 et
3023 1642 3173 1700 ferro
3217 1646 3496 1702 suecideuti
3523 1649 3686 1705 desinit

2217 1727 2477 1794 Qutedam
2505 1747 2638 1787 vero
2664 1743 2792 1789 sunt
2818 1750 2943 1804 qua:
2965 1734 3157 1802 latent,
3183 1745 3244 1790 ut
3267 1737 3484 1806 radices;
3509 1756 3599 1811 qua
3613 1758 3688 1797 cura

517 1796 768 1876 Jererniac
813 1796 1072 1876 olliciunr
1093 1820 1412 1892 prophetiae,
1458 1834 1582 1875 eum
1628 1818 1851 1873 mittens
1883 1831 2108 1872 manum
2139 1796 2187 1858 Β
2216 1817 2397 1888 ligone
2432 1828 2487 1876 et
2523 1832 2708 1878 aratro
2755 1824 3102 1893 subvertens,
3141 1841 3215 1880 ne
3246 1827 3429 1883 iterum
3457 1833 3618 1900 possint
3639 1851 3690 1888 n-

519 1926 676 1966 suant
716 1912 889 1983 tangit
928 1927 992 1968 os
1013 1913 1136 1983 ejus
1163 1911 1392 1966 dicens:
1425 1907 1562 1964 Ecce
1598 1909 1752 1979 posui
1793 1907 1947 1961 verba
1993 1923 2109 1960 mea

517 2003 573 2056 in
606 2020 695 2059 ore
729 2015 818 2059 tuo
849 2021 868 2059 :
914 2022 1030 2060 erce
1063 2004 1318 2060 constitui
1354 2015 1412 2073 ,ιε
1443 2018 1601 2073 super
1643 2009 1821 2072 gentes
1858 2010 1906 2054 et
1951 2015 2111 2069 super

517 2110 701 2166 regna,
731 2105 787 2150 ut
817 2096 1032 2162 evellas,
1061 2105 1109 2149 et
1145 2095 1412 2160 destruat,
1447 2103 1496 2148 et
1531 2091 1834 2162 disperdas,
1869 2099 1917 2144 et
1954 2089 2112 2143 dissi-

513 2202 625 2255 pes,
668 2198 718 2242 et
766 2189 995 2258 (ediﬁces
1038 2197 1088 2242 et
1129 2187 1354 2258 pientes.
1407 2184 1684 2253 Jeremim,
1724 2199 1984 2254 quoniam
2039 2181 2108 2237 ab

514 2286 671 2334 utero
713 2281 1088 2336 sanctilicatus
1116 2289 1264 2347 erat,
1297 2293 1405 2332 non
1437 2277 1810 2334 emundantur
1857 2276 1997 2330 labia
2047 2284 2109 2330 ut

513 2372 686 2438 lsaim,
725 2373 819 2429 sed
875 2381 1085 2428 tantum
1120 2380 1264 2429 tactu
1303 2388 1502 2428 manus
1532 2385 1666 2438 suae,
1700 2370 1753 2425 id
1793 2378 1877 2424 est
1923 2368 2105 2423 ellica-

509 2465 593 2520 eia
631 2467 914 2535 potestatis
940 2481 1072 2534 sum,
1116 2466 1218 2520 tria
1251 2465 1298 2521 ei
1325 2462 1539 2520 confert
1565 2478 1688 2534 qua:
1712 2461 1992 2534 prophetae
2017 2460 2106 2516 vel

508 2558 852 2628 praedicatori
896 2558 1209 2615 necessaria
1259 2566 1422 2625 sunt;
1471 2556 1724 2612 videlicet
1770 2554 2103 2610 allluentiam

509 2650 682 2717 verbi,
716 2651 944 2723 gradum
979 2651 1290 2722 potestatis,
1334 2659 1388 2705 et
1435 2663 1598 2704 usum
1639 2646 1954 2703 ministerii.
2007 2643 2105 2699 Af-

510 2744 790 2798 lluentiam
816 2744 963 2799 verbi
989 2760 1048 2800 se
1074 2744 1123 2800 ei
1153 2745 1369 2799 dedisse
1387 2743 1748 2808 demonstrat,
1770 2756 1895 2796 cum
1923 2739 2058 2796 dicit
2085 2757 2099 2796 :

509 2831 645 2906 Ecce
687 2835 810 2888 dedi
854 2837 1006 2890 verba
1039 2852 1152 2890 mea
1202 2839 1255 2892 in
1303 2851 1393 2890 ore
1445 2844 1556 2889 tuo.
1587 2833 1739 2901 Dedi,
1784 2834 1943 2905 quasi
1990 2847 2099 2888 non

507 2926 744 2980 Yt'lliiilii.
775 2926 837 2982 Et
865 2928 984 2983 ideo
1007 2929 1133 2999 quia
1176 2929 1346 3000 gratis
1387 2927 1668 2998 accepisti,
1701 2927 1872 2999 gratis
1896 2927 1986 2982 da.
2039 2925 2098 2982 In

505 3034 618 3086 quo
646 3018 768 3074 illos
798 3020 1124 3075 condemnat
1151 3022 1246 3092 qui
1279 3021 1506 3077 verbum
1539 3021 1944 3092 prtedicationis
1970 3036 2100 3075 ven-

2212 1911 2511 1996 viviscere_,
2555 1915 2666 1988 igni
2707 1916 2994 1988 dispertiit.
3027 1915 3292 1985 Quaedam
3335 1937 3453 1977 vero
3487 1937 3690 1996 suntque

2210 2003 2532 2058 naturaliter
2557 2013 2699 2060 terra
2723 2006 2997 2076 producit,
3036 2015 3096 2062 ut
3135 2008 3348 2076 silices;
3383 2027 3489 2082 qua:
3509 2015 3603 2084 quia
3621 2033 3686 2070 nos

2209 2101 2446 2160 possunt
2474 2094 2703 2148 omnino
2736 2094 2966 2163 auferri,
3003 2112 3150 2168 saepe
3181 2113 3308 2154 cum
3345 2099 3562 2156 falcastro
3585 2104 3687 2158 dissi-

2209 2189 2323 2251 pat.
2369 2180 2628 2249 Quaedam
2679 2199 2809 2241 vero
2865 2186 3026 2242 boote
3069 2187 3274 2258 plantae
3315 2200 3448 2256 sunt,
3490 2208 3583 2260 quae
3610 2209 3688 2264 ager

2209 2271 2351 2328 forte
2395 2275 2756 2344 germinabat,
2789 2287 2849 2332 ut
2882 2279 3049 2334 vitem
3071 2281 3160 2334 vel
3206 2296 3420 2351 pomum
3459 2283 3686 2346 silvestres.

2208 2365 2292 2421 vel
2331 2365 2666 2437 hujusmodi,
2695 2378 2749 2424 ct
2771 2369 2894 2426 illas
2918 2387 3027 2427 non
3052 2373 3312 2440 destruit,
3333 2374 3422 2430 sed
3449 2376 3590 2445 potius
3605 2379 3687 2430 ali-

2207 2457 2353 2515 ficat.
2380 2459 2639 2526 Quaedam
2667 2479 2800 2519 vero
2831 2465 3165 2522 excellentes
3195 2467 3390 2537 plantae
3413 2477 3537 2534 sunt,
3559 2469 3687 2538 quibus

2205 2565 2336 2623 ager
2360 2553 2579 2622 penitus
2602 2556 2844 2624 carebat,
2872 2566 2928 2612 et
2955 2557 3079 2614 illas
3101 2559 3338 2616 sollicite
3359 2560 3574 2631 perquirit
3594 2562 3687 2631 agri-

2205 2643 2324 2698 cola
2369 2653 2424 2699 et
2468 2645 2696 2715 plantat.
2740 2647 2852 2715 Sie,
2896 2647 3096 2705 fratres
3127 2650 3262 2714 mei,
3301 2651 3379 2705 sic
3412 2651 3544 2705 debet
3573 2649 3686 2704 lacer:

2203 2736 2548 2806 prtedicator,
2574 2739 2668 2808 qui
2692 2748 2778 2795 est
2799 2740 2960 2811 quasi
2985 2741 3295 2812 spiritualis
3315 2742 3479 2797 cultor
3495 2740 3684 2796 Ecclesia.

2204 2824 2390 2883 Primo
2408 2829 2553 2884 enim
2567 2831 2728 2887 debet
2753 2832 2974 2890 auferre
2997 2834 3166 2901 mala,
3193 2834 3388 2890 deinde
3405 2835 3616 2891 seminare
3630 2833 3687 2886 lo

2205 2934 2274 2974 na
2295 2938 2309 2987 ;
2329 2922 2594 2993 seriptum
2606 2933 2689 2979 est
2701 2925 2846 2980 enim
2868 2943 2880 2981 :
2902 2946 2920 2978 ε
2941 2925 3168 2982 Declina
3183 2943 3214 2982 a
3241 2927 3400 2995 malo,
3421 2926 3684 2982 etlacbonum

2201 3011 2378 3083 (Ptol.
2407 3017 2616 3086 xxxvi).
2650 3036 2669 3070 i
2695 3016 2790 3072 ille
2817 3019 2966 3073 enim
2987 3019 3142 3087 vitia,
3177 3036 3304 3092 qua:
3346 3020 3509 3076 minus
3525 3020 3679 3080 herent.

505 3111 661 3165 dunt.
691 3109 819 3166 Item
847 3112 944 3180 ait,
983 3114 1136 3168 verba
1161 3131 1294 3182 mea,
1331 3115 1489 3186 quasi
1519 3130 1628 3169 non
1657 3113 1856 3169 aliena.
1889 3112 1948 3168 In
1990 3129 2100 3184 quo
2129 3172 2171 3186 _
2202 3121 2232 3161 a
2255 3108 2516 3165 COrdibus
2539 3111 2722 3181 populi
2767 3113 2852 3167 sui
2883 3111 3033 3168 facili
3065 3113 3408 3170 correctione
3442 3112 3606 3169 evellat-
3625 3107 3682 3162 illi

505 3217 602 3256 eos
645 3203 972 3259 condemnat
1014 3205 1108 3275 qui
1154 3172 1450 3277 praedicant
1492 3223 1598 3262 non
1644 3206 1810 3261 verba
1834 3204 1951 3274 Dei,
2000 3206 2096 3262 sed
2124 3172 2171 3237 ο
2202 3216 2332 3257 vero
2352 3218 2477 3274 qua:
2499 3204 2665 3261 altius
2687 3205 2902 3262 radices
2933 3207 3178 3262 ﬁxerunt
3201 3207 3370 3262 multa
3393 3203 3678 3266 sollicitudine.

503 3294 668 3349 verba
693 3295 1029 3365 dialectices,
1063 3299 1146 3354 vel
1185 3299 1504 3368 retliericcs,
1537 3299 1618 3355 vel
1653 3299 1886 3370 alicujus
1918 3299 2096 3355 scien-

503 3385 592 3441 ti:e
623 3389 922 3446 saecularis.
970 3390 1122 3459 Item,
1172 3392 1268 3460 ait,
1311 3393 1365 3446 in
1417 3409 1506 3448 ore
1557 3401 1666 3460 tuo,
1697 3392 1893 3464 quasi:
1927 3393 2093 3448 verba

502 3493 621 3533 mea
658 3479 781 3535 dedi
819 3481 872 3535 in
908 3497 1004 3538 ore
1034 3493 1148 3551 tuo,
1198 3493 1258 3539 ut
1291 3495 1345 3538 tu
1397 3500 1493 3540 ore
1523 3494 1618 3540 tuo
1650 3485 1934 3556 pranliccs,
1980 3499 2090 3539 non

501 3570 701 3627 alieno.
734 3571 790 3628 In
815 3589 926 3645 quo
957 3575 1078 3632 illos
1122 3575 1411 3633 confundit
1437 3577 1530 3647 qui
1557 3592 1772 3649 gregem
1796 3577 1902 3632 sibi
1940 3591 2092 3632 com-

499 3663 755 3732 missum,
794 3676 848 3722 et
889 3668 956 3723 de
984 3669 1140 3740 cujus
1177 3669 1464 3740 stipendiis
1503 3669 1712 3734 vivunt,
1759 3669 1955 3725 docere
1995 3669 2092 3725 de-

499 3756 786 3828 dignantes
827 3775 920 3830 pcr
947 3777 1025 3828 se,
1067 3766 1164 3816 'cos
1201 3777 1296 3832 per
1338 3762 1579 3834 linguam
1625 3761 2087 3817 mercenariorum

500 3848 698 3905 docere
725 3835 932 3918 volunt,
959 3854 1072 3920 sed,
1106 3862 1241 3910 teste
1282 3852 1535 3921 Domino,
1565 3868 1694 3910 oves
1725 3868 1832 3908 non
1858 3853 2091 3908 audiunt

498 3954 685 3995 vocem
717 3942 1019 3998 alienorum
1051 3942 1233 4013 (Joon.
1266 3948 1343 4016 κ).
1373 3944 1614 4000 Gradum
1645 3959 1775 4000 vero
1803 3945 2089 4016 potestatis

500 4043 560 4081 se
589 4030 636 4083 ci
661 4031 876 4088 dedisse
905 4034 1266 4102 demonstrat,
1299 4051 1423 4091 cum
1451 4036 1584 4092 dicit
1612 4051 1626 4090 :
1656 4035 1791 4090 Ecce
1834 4036 2086 4090 constitui

499 4127 550 4172 te
577 4118 729 4174 deic
775 4139 929 4193 super
971 4135 1168 4196 gentes,
1192 4141 1243 4182 ιι·
1288 4123 1444 4199 super
1481 4145 1660 4200 regna.
1684 4127 1957 4184 Constitui
2009 4136 2083 4198 te,

497 4203 694 4273 inquit,
723 4211 878 4277 quasi
907 4227 1012 4265 non
1046 4221 1102 4266 tu
1133 4222 1184 4268 te
1219 4228 1317 4284 per
1355 4216 1709 4270 ambitionem
1737 4215 1993 4286 injeeisli,
2025 4225 2086 4272 ut

2197 3291 2453 3347 etcrcbra
2467 3301 2685 3350 atteram
2695 3294 3069 3372 damnationis
3083 3297 3492 3352 comminatione
3503 3295 3680 3349 destruat

2197 3380 2290 3437 Illa
2323 3399 2541 3454 quoque
2569 3401 2692 3455 qua:
2717 3385 2906 3454 latent,
2939 3397 3000 3442 ut
3019 3387 3386 3459 cogitationes
3405 3396 3453 3440 et
3472 3400 3618 3441 causas
3635 3383 3682 3434 τί·

2195 3475 2420 3542 tiorum,
2468 3477 2702 3533 sollicita
2757 3479 3186 3550 investigatione
3217 3479 3530 3551 perquirens,
3557 3486 3597 3530 et
3622 3487 3678 3543 per

2194 3569 2472 3642 propriam
2540 3555 2979 3642 uniuscujusque
3032 3571 3432 3629 confessionem
3476 3578 3680 3626 evertam

2194 3660 2318 3730 igne
2347 3662 2773 3736 conpunctionis
2801 3672 2854 3718 et
2880 3663 3050 3718 divini
3072 3665 3287 3720 amoris
3345 3661 3590 3732 disperdat
3622 3656 3678 3710 lib

2190 3766 2322 3808 vero
2349 3768 2472 3824 qua:
2490 3755 2814 3810 naturaliter
2840 3765 3033 3810 natura
3057 3765 3288 3828 generat
3333 3756 3553 3818 humana,
3574 3763 3678 3820 qm

2190 3844 2326 3900 dum
2350 3845 2518 3900 homo
2546 3854 2631 3902 est
2653 3847 2711 3902 in
2734 3848 2842 3903 bac
2860 3849 2971 3914 via,
2996 3847 3224 3918 pcnltas
3255 3848 3473 3918 abjicere
3506 3858 3587 3897 non
3616 3851 3677 3909 po-

2191 3944 2317 4005 test,
2353 3946 2414 3993 ut
2433 3937 2778 4007 edacitatem,
2806 3940 3185 4011 cupiditatem,
3223 3951 3276 3997 et
3301 3956 3472 3997 curam
3491 3948 3678 4005 templa-

2188 4029 2344 4098 lium,
2369 4045 2495 4086 cum
2520 4030 2778 4095 falcastro
2815 4034 3212 4090 moderationis
3247 4035 3457 4102 dissipet
3491 4040 3533 4085 et
3561 4026 3672 4083 reln-

2187 4129 2299 4176 net.
2331 4120 2460 4178 Illos
2497 4139 2627 4180 vero
2675 4124 2853 4180 bonos
2905 4139 3089 4180 mores
3127 4170 3148 4190 ,
3189 4141 3313 4197 quae
3349 4121 3608 4179 naturaliter
3639 4117 3672 4168 in

2186 4211 2513 4282 quibusdam
2543 4223 2737 4270 natura
2763 4215 3036 4286 producit,
3074 4227 3137 4272 ut
3167 4217 3455 4272 naturalem
3478 4215 3670 4284 pietatem

495 4295 653 4349 multi
680 4299 844 4364 (mule
865 4299 1159 4356 dolendum
1199 4303 1303 4375 est)
1335 4305 1495 4360 hodie
1519 4304 1747 4370 faciunt,
1776 4306 1869 4361 sed
1903 4296 2006 4378 ego
2031 4316 2084 4363 te
2186 4305 2492 4359 llallll'alem
2523 4305 2818 4376 justitiam,
2865 4309 3172 4364 naturalem
3236 4309 3564 4370 veraciulem.
3601 4313 3670 4354 ὀι

495 4385 632 4457 elegi
664 4395 717 4442 et
757 4390 1036 4447 constitui.
1066 4391 1237 4449 Nemo
1277 4395 1422 4450 enim
1466 4396 1627 4452 debet
1656 4396 1760 4452 sibi
1799 4413 2084 4454 assumere
2184 4394 2431 4450 destruat
2461 4397 2638 4453 bonus
2663 4399 3003 4468 praedicator,
3031 4400 3126 4455 sed
3158 4401 3340 4470 potius
3367 4397 3568 4453 edition.
3593 4390 3669 4444 llas

493 4477 784 4546 honorem,
831 4483 924 4539 sed
961 4485 1054 4556 qui
1099 4494 1328 4542 vocatus
1373 4497 1459 4544 est
1497 4504 1527 4544 a
1561 4488 1673 4545 Deo
1717 4489 1861 4545 sicut
1894 4490 2077 4546 Aaron
2106 4515 2162 4577 Β
2185 4497 2366 4542 autem
2424 4489 2676 4556 virtutes,
2721 4506 2846 4561 quae
2881 4491 3108 4545 omnino
3139 4492 3384 4559 aberant,
3417 4489 3568 4545 crebra
3609 4481 3669 4534 ai-

495 4569 684 4642 (Ilebr.
721 4574 794 4644 γ).
829 4575 920 4632 Ait
948 4593 1187 4650 quoque,
1219 4597 1376 4651 super
1397 4591 1594 4652 gentes,
1627 4581 1888 4652 quoniam
1916 4596 2082 4653 super
2106 4569 2152 4577 —
2183 4581 2485 4636 monitione
2535 4591 2591 4637 et
2643 4583 3120 4639 commendatione
3175 4583 3394 4655 plantet.
3425 4581 3508 4644 ιω,
3538 4577 3668 4630 int-rs

491 4663 680 4735 gentes
701 4667 860 4724 debet
889 4685 1010 4726 csse
1032 4673 1295 4744 propheta
1317 4674 1402 4729 vel
1424 4675 1768 4746 prmdicator,
1795 4683 1857 4731 ut
1885 4677 2078 4748 gradu,

489 4755 564 4812 ita
595 4759 705 4813 vita
736 4769 790 4814 et
816 4763 1104 4833 sapientia,
1132 4775 1194 4822 ut
1227 4765 1435 4822 scilicet
1455 4768 1704 4838 exemplo
1731 4777 1788 4826 et
1831 4769 2078 4826 doctrina

489 4848 777 4909 inferiores
838 4863 1026 4924 gentes
1091 4867 1262 4928 regat.
1327 4857 1731 4930 Turpissimum
1789 4861 1935 4916 enim
1992 4871 2077 4918 est

489 4941 710 5008 quando
732 4946 989 5001 sacerdos
1021 4957 1104 5002 est
1126 4948 1269 5004 sicut
1291 4950 1549 5020 populus.
1577 4949 1736 5016 Quod
1769 4960 1955 5022 aperte
1992 4962 2072 5010 est

487 5041 678 5089 contra
708 5037 971 5102 quosdam
1001 5039 1296 5096 liodiernos
1324 5042 1728 5112 prtedicatores,
1760 5043 1854 5113 qui
1882 5043 1990 5099 vita
2021 5055 2074 5102 et

474 5122 754 5191 'sapicntia
801 5142 908 5182 non
941 5129 1116 5184 solum
1157 5146 1264 5186 non
1299 5144 1539 5202 praesunt
1565 5134 1727 5204 plebi,
1769 5133 1872 5206 sed,
1906 5136 2073 5192 etiam

472 5213 739 5272 “subsunt.
768 5217 921 5276 Unde
944 5237 1042 5278 nec
1071 5224 1292 5293 audent,
1319 5241 1418 5282 nec
1441 5227 1623 5282 sciunt
1657 5242 1753 5283 eos
1774 5228 2068 5300 corrigere.

487 5301 593 5358 Sed
624 5314 804 5363 tamen
833 5313 960 5382 quia
987 5315 1260 5386 principes
1285 5318 1557 5390 corrigere
1580 5334 1687 5374 non
1730 5319 1953 5388 audent,
1981 5321 2073 5377 ad-
2103 5334 2109 5340 '

483 5395 584 5464 dit,
631 5407 682 5452 et
729 5416 886 5472 super
925 5423 1102 5478 regna,
1143 5409 1203 5484 id
1248 5420 1332 5466 cst
1375 5426 1543 5482 super
1582 5427 1760 5484 reges,
1803 5415 2066 5484 quoniam

483 5499 633 5548 tanta
664 5493 825 5550 debet
850 5511 971 5554 esse
1001 5483 1278 5571 propheta:
1311 5504 1394 5559 vel
1444 5483 1682 5574 pastoris
1719 5483 2063 5575 excellentia,

482 5585 629 5654 (ιζ.οά
655 5601 763 5641 non
797 5589 975 5644 solum
1005 5592 1206 5662 plebes,
1241 5595 1334 5651 sed
1360 5596 1524 5650 etiam
1556 5596 1707 5667 ipsos
1736 5613 1889 5670 rcges
1911 5599 2070 5655 debet

481 5695 687 5751 regere.
720 5680 839 5737 Non
885 5691 1064 5741 tamen
1110 5686 1377 5759 intelligat
1413 5689 1750 5746 dominatum
1787 5706 1846 5746 sc
1870 5691 2070 5748 habere

483 5791 650 5845 super
676 5777 946 5850 homines,
973 5781 1066 5838 sed
1092 5798 1258 5852 super
1285 5784 1437 5838 vitia.
1466 5781 1622 5840 Unde
1651 5784 1705 5839 in
1735 5783 2064 5858 Evangelio:

2181 4688 2311 4740 met,
2340 4675 2600 4745 praecepit
2630 4674 2919 4743 Dominus,
2946 4677 3021 4732 ita
3050 4693 3274 4750 quoque
3297 4675 3545 4736 Jeremias,
3570 4671 3665 4724 itm

2179 4765 2419 4823 Joannes
2447 4767 2711 4838 Baptista.
2744 4768 2938 4826 Evellit
2962 4771 3108 4826 enim
3138 4779 3195 4826 et
3217 4770 3454 4834 destruit,
3475 4780 3570 4821 cu
3590 4760 3661 4813 cl“

2180 4869 2329 4914 mat:
2367 4880 2386 4912 ‹
2415 4859 2554 4917 Ecce
2581 4863 2791 4919 securis
2824 4863 2892 4918 ad
2922 4864 3161 4920 radicem
3191 4864 3401 4920 arboris
3425 4857 3566 4932 posita
3591 4857 3658 4905 €51-

2180 4951 2374 5008 Omnis
2413 4953 2579 5022 arbor
2625 4971 2748 5024 quae
2782 4970 2894 5010 non
2919 4954 3051 5012 facit
3083 4955 3322 5012 fructum
3353 4955 3541 5012 bonum,
3562 4940 3660 4998 exci-

2177 5045 2338 5100 detur
2365 5053 2420 5100 ct
2449 5045 2502 5098 in
2532 5044 2711 5116 ignem
2743 5045 2991 5101 mittetur
3021 5046 3239 5116 (Matth.
3261 5049 3390 5116 lll).l
3421 5037 3658 5098 Ediluald

2177 5137 2389 5208 plantat
2413 5151 2539 5191 cum
2567 5136 2768 5192 clamat
2792 5155 2806 5192 :
2842 5157 2860 5190 ι
2901 5137 3083 5194 Facite
3109 5139 3305 5210 dignos
3343 5136 3521 5192 fructus
3541 5121 3657 5199 pui-

2175 5230 2381 5286 tentite.
2410 5229 2515 5297 Qui
2545 5231 2708 5286 habet
2736 5231 2874 5288 duas
2906 5231 3140 5298 tunicas,
3171 5233 3263 5288 det
3281 5244 3430 5286 unam
3479 5237 3560 5280 non
3587 5218 3652 5270 Μ’

2175 5323 2325 5379 benti
2355 5340 2371 5390 ;
2399 5331 2454 5378 et
2483 5323 2576 5393 qui
2609 5323 2775 5378 habet
2792 5322 3043 5394 duplices
3071 5339 3249 5392 escas,
3292 5319 3510 5378 similiter
3539 5309 3648 5366 [πίει

2173 5415 2332 5480 (Luc.
2375 5416 2523 5471 1th.)»
2577 5414 2786 5486 Itaque,
2820 5415 3017 5472 fratres
3047 5417 3175 5484 mei,
3207 5416 3274 5472 ad
3315 5406 3647 5498 exhortatione-

2172 5505 2530 5576 prtecursoris
2555 5501 2794 5572 Domini,
2815 5507 3114 5563 evellamus
3141 5506 3207 5562 de
3233 5503 3462 5562 cordibus
3489 5501 3644 5551 nosms

2170 5613 2267 5668 per
2315 5612 2501 5653 veram
2541 5597 2921 5668 paenitentiam
2965 5608 3023 5654 et
3062 5597 3483 5656 emendationem,
3519 5584 3644 5655 5P3“

2169 5688 2452 5756 vitiorum,
2473 5688 2683 5744 scilicet
2718 5689 3037 5761 ingluviem,
3089 5689 3410 5752 ebrietatem,
3431 5675 3638 5737 luxuriam.

2171 5782 2480 5850 avaritiam,
2521 5782 2682 5852 iram,
2711 5783 3444 5854 invidiam,acediam,vanam
3465 5769 3635 5846 gloria“!
