  <div class='ocr_page' id='page_1' title='image "/cluster/home/n/w/nwhite01/storage/ocr_20150623/155/hvd.32044015473838/696.png"; bbox 0 0 3850 6318; ppageno 0'>
   <div class='ocr_carea' id='block_1_1' title="bbox 54 285 191 352">
    <p class='ocr_par' dir='ltr' id='par_1_1' title="bbox 54 285 191 352">
     <span class='ocr_line' id='line_1_1' title="bbox 54 285 191 352; baseline 0 0"><span class='ocrx_word' id='word_1_1' title='bbox 54 285 191 352; x_wconf 70' lang='grc'><strong>1381</strong></span> 
     </span>
    </p>
   </div>
   <div class='ocr_carea' id='block_1_2' title="bbox 1153 289 2157 352">
    <p class='ocr_par' dir='ltr' id='par_1_2' title="bbox 1153 289 2157 352">
     <span class='ocr_line' id='line_1_2' title="bbox 1153 289 2157 352; baseline 0.003 -4"><span class='ocrx_word' id='word_1_2' title='bbox 1153 289 1487 350; x_wconf 74' lang='lat' dir='ltr'><strong>ll0.\ll|.l.-E.</strong></span> <span class='ocrx_word' id='word_1_3' title='bbox 1525 321 1578 333; x_wconf 89' lang='lat'><strong>-</strong></span> <span class='ocrx_word' id='word_1_4' title='bbox 1606 291 1645 349; x_wconf 90' lang='grc' dir='ltr'><strong>Ι.</strong></span> <span class='ocrx_word' id='word_1_5' title='bbox 1685 291 1774 351; x_wconf 72' lang='grc' dir='ltr'><strong>Ι)Ιέ</strong></span> <span class='ocrx_word' id='word_1_6' title='bbox 1807 291 2157 352; x_wconf 67' lang='grc' dir='ltr'><strong>ΤΕΜΡΟΙΗ-Σ.</strong></span> 
     </span>
    </p>
   </div>
   <div class='ocr_carea' id='block_1_3' title="bbox 3180 306 3329 365">
    <p class='ocr_par' dir='ltr' id='par_1_3' title="bbox 3180 306 3329 365">
     <span class='ocr_line' id='line_1_3' title="bbox 3180 306 3329 365; baseline 0.013 -2"><span class='ocrx_word' id='word_1_7' title='bbox 3180 306 3329 365; x_wconf 62' lang='grc'><strong>1581</strong></span> 
     </span>
    </p>
   </div>
   <div class='ocr_carea' id='block_1_4' title="bbox 56 404 3331 494">
    <p class='ocr_par' dir='ltr' id='par_1_4' title="bbox 56 404 3331 494">
     <span class='ocr_line' id='line_1_4' title="bbox 56 404 3331 494; baseline 0.005 -32"><span class='ocrx_word' id='word_1_8' title='bbox 56 405 397 479; x_wconf 80' lang='lat' dir='ltr'><strong>superbiam,</strong></span> <span class='ocrx_word' id='word_1_9' title='bbox 423 415 474 463; x_wconf 75' lang='lat' dir='ltr'><strong>ct</strong></span> <span class='ocrx_word' id='word_1_10' title='bbox 501 414 694 465; x_wconf 60' lang='lat' dir='ltr'><strong>extera</strong></span> <span class='ocrx_word' id='word_1_11' title='bbox 716 405 878 477; x_wconf 81' lang='lat' dir='ltr'><strong>vitia;</strong></span> <span class='ocrx_word' id='word_1_12' title='bbox 910 414 967 465; x_wconf 86' lang='lat' dir='ltr'><strong>ct</strong></span> <span class='ocrx_word' id='word_1_13' title='bbox 1009 405 1318 480; x_wconf 76' lang='lat' dir='ltr'><strong>germinent</strong></span> <span class='ocrx_word' id='word_1_14' title='bbox 1369 406 1426 463; x_wconf 91' lang='lat' dir='ltr'><strong>iu</strong></span> <span class='ocrx_word' id='word_1_15' title='bbox 1476 404 1637 465; x_wconf 79' lang='lat' dir='ltr'><strong>nol-is</strong></span> <span class='ocrx_word' id='word_1_16' title='bbox 1663 415 1712 476; x_wconf 73' lang='grc' dir='ltr'><strong>Α</strong></span> <span class='ocrx_word' id='word_1_17' title='bbox 1738 415 1825 467; x_wconf 86' lang='lat' dir='ltr'><strong>est</strong></span> <span class='ocrx_word' id='word_1_18' title='bbox 1853 407 2055 464; x_wconf 88' lang='lat' dir='ltr'><strong>mirunt</strong></span> <span class='ocrx_word' id='word_1_19' title='bbox 2084 408 2133 466; x_wconf 88' lang='lat' dir='ltr'><strong>si</strong></span> <span class='ocrx_word' id='word_1_20' title='bbox 2180 409 2236 466; x_wconf 86' lang='lat' dir='ltr'><strong>in</strong></span> <span class='ocrx_word' id='word_1_21' title='bbox 2261 410 2384 483; x_wconf 70' lang='lat' dir='ltr'><strong>eius</strong></span> <span class='ocrx_word' id='word_1_22' title='bbox 2407 412 2691 473; x_wconf 68' lang='lat' dir='ltr'><strong>ttatititate</strong></span> <span class='ocrx_word' id='word_1_23' title='bbox 2715 415 3057 487; x_wconf 73' lang='lat' dir='ltr'><strong>gaudeamus</strong></span> <span class='ocrx_word' id='word_1_24' title='bbox 3075 460 3091 490; x_wconf 81' lang='lat'><strong>,</strong></span> <span class='ocrx_word' id='word_1_25' title='bbox 3131 421 3227 494; x_wconf 82' lang='lat' dir='ltr'><strong>qui</strong></span> <span class='ocrx_word' id='word_1_26' title='bbox 3271 424 3331 479; x_wconf 88' lang='lat' dir='ltr'><strong>in</strong></span> 
     </span>
    </p>
   </div>
   <div class='ocr_carea' id='block_1_5' title="bbox 56 496 1643 566">
    <p class='ocr_par' dir='ltr' id='par_1_5' title="bbox 56 496 1643 566">
     <span class='ocr_line' id='line_1_5' title="bbox 56 496 1643 566; baseline 0.003 -15"><span class='ocrx_word' id='word_1_27' title='bbox 56 506 268 553; x_wconf 69' lang='lat' dir='ltr'><strong>sancta:</strong></span> <span class='ocrx_word' id='word_1_28' title='bbox 297 496 546 565; x_wconf 72' lang='lat' dir='ltr'><strong>virtutes,</strong></span> <span class='ocrx_word' id='word_1_29' title='bbox 568 512 615 555; x_wconf 73' lang='grc' dir='ltr'>ε(</span> <span class='ocrx_word' id='word_1_30' title='bbox 633 497 778 555; x_wconf 88' lang='lat' dir='ltr'><strong>ilicet</strong></span> <span class='ocrx_word' id='word_1_31' title='bbox 798 497 1151 566; x_wconf 77' lang='lat' dir='ltr'><strong>abstinentia,</strong></span> <span class='ocrx_word' id='word_1_32' title='bbox 1209 497 1505 566; x_wconf 81' lang='lat' dir='ltr'><strong>sobrietas,</strong></span> <span class='ocrx_word' id='word_1_33' title='bbox 1548 512 1643 556; x_wconf 86' lang='lat' dir='ltr'><strong>ca-</strong></span> 
     </span>
    </p>
   </div>
   <div class='ocr_carea' id='block_1_6' title="bbox 53 587 1644 660">
    <p class='ocr_par' dir='ltr' id='par_1_6' title="bbox 53 587 1644 660">
     <span class='ocr_line' id='line_1_6' title="bbox 53 587 1644 660; baseline -0.001 -16"><span class='ocrx_word' id='word_1_34' title='bbox 53 587 239 655; x_wconf 78' lang='lat' dir='ltr'><strong>stitas,</strong></span> <span class='ocrx_word' id='word_1_35' title='bbox 273 587 513 660; x_wconf 87' lang='lat' dir='ltr'><strong>largitas,</strong></span> <span class='ocrx_word' id='word_1_36' title='bbox 540 588 925 657; x_wconf 83' lang='lat' dir='ltr'><strong>mansuetudo,</strong></span> <span class='ocrx_word' id='word_1_37' title='bbox 947 588 1212 657; x_wconf 77' lang='lat' dir='ltr'><strong>Charitas,</strong></span> <span class='ocrx_word' id='word_1_38' title='bbox 1235 588 1477 656; x_wconf 89' lang='lat' dir='ltr'><strong>devotio,</strong></span> <span class='ocrx_word' id='word_1_39' title='bbox 1509 601 1644 645; x_wconf 86' lang='lat' dir='ltr'><strong>con-</strong></span> 
     </span>
    </p>
   </div>
   <div class='ocr_carea' id='block_1_7' title="bbox 54 680 1642 753">
    <p class='ocr_par' dir='ltr' id='par_1_7' title="bbox 54 680 1642 753">
     <span class='ocr_line' id='line_1_7' title="bbox 54 680 1642 753; baseline -0.001 -15"><span class='ocrx_word' id='word_1_40' title='bbox 54 690 300 753; x_wconf 78' lang='lat' dir='ltr'><strong>temptas</strong></span> <span class='ocrx_word' id='word_1_41' title='bbox 329 681 538 749; x_wconf 88' lang='lat' dir='ltr'><strong>tnundi,</strong></span> <span class='ocrx_word' id='word_1_42' title='bbox 568 681 870 749; x_wconf 83' lang='lat' dir='ltr'><strong>humilitas,</strong></span> <span class='ocrx_word' id='word_1_43' title='bbox 898 691 1219 753; x_wconf 70' lang='lat' dir='ltr'><strong>exeteraeque</strong></span> <span class='ocrx_word' id='word_1_44' title='bbox 1234 681 1485 748; x_wconf 90' lang='lat' dir='ltr'><strong>virtutes,</strong></span> <span class='ocrx_word' id='word_1_45' title='bbox 1513 680 1642 751; x_wconf 92' lang='lat' dir='ltr'><strong>qui-</strong></span> 
     </span>
    </p>
   </div>
   <div class='ocr_carea' id='block_1_8' title="bbox 53 772 1644 844">
    <p class='ocr_par' dir='ltr' id='par_1_8' title="bbox 53 772 1644 844">
     <span class='ocr_line' id='line_1_8' title="bbox 53 772 1644 844; baseline 0 -15"><span class='ocrx_word' id='word_1_46' title='bbox 53 774 159 830; x_wconf 92' lang='lat' dir='ltr'><strong>bus</strong></span> <span class='ocrx_word' id='word_1_47' title='bbox 181 774 443 831; x_wconf 83' lang='lat' dir='ltr'><strong>decenter</strong></span> <span class='ocrx_word' id='word_1_48' title='bbox 456 773 657 841; x_wconf 85' lang='lat' dir='ltr'><strong>ornati,</strong></span> <span class='ocrx_word' id='word_1_49' title='bbox 681 772 957 830; x_wconf 89' lang='lat' dir='ltr'><strong>continuis</strong></span> <span class='ocrx_word' id='word_1_50' title='bbox 986 773 1292 830; x_wconf 64' lang='lat' dir='ltr'><strong>caelestium</strong></span> <span class='ocrx_word' id='word_1_51' title='bbox 1325 772 1644 844; x_wconf 89' lang='lat' dir='ltr'><strong>nuptiarum</strong></span> 
     </span>
    </p>
   </div>
   <div class='ocr_carea' id='block_1_9' title="bbox 54 864 1646 931">
    <p class='ocr_par' dir='ltr' id='par_1_9' title="bbox 54 864 1646 931">
     <span class='ocr_line' id='line_1_9' title="bbox 54 864 1646 931; baseline -0.001 -9"><span class='ocrx_word' id='word_1_52' title='bbox 54 865 344 922; x_wconf 87' lang='lat' dir='ltr'><strong>solemniis</strong></span> <span class='ocrx_word' id='word_1_53' title='bbox 395 866 501 923; x_wconf 73' lang='lat' dir='ltr'><strong>lzcti</strong></span> <span class='ocrx_word' id='word_1_54' title='bbox 557 865 679 923; x_wconf 89' lang='lat' dir='ltr'><strong>sine</strong></span> <span class='ocrx_word' id='word_1_55' title='bbox 727 866 835 922; x_wconf 83' lang='lat' dir='ltr'><strong>line</strong></span> <span class='ocrx_word' id='word_1_56' title='bbox 872 864 1141 925; x_wconf 78' lang='lat' dir='ltr'><strong>interesse</strong></span> <span class='ocrx_word' id='word_1_57' title='bbox 1194 880 1524 931; x_wconf 87' lang='lat' dir='ltr'><strong>mercamur,</strong></span> <span class='ocrx_word' id='word_1_58' title='bbox 1577 879 1646 921; x_wconf 89' lang='lat' dir='ltr'><strong>eo</strong></span> 
     </span>
    </p>
   </div>
   <div class='ocr_carea' id='block_1_10' title="bbox 53 956 1644 1037">
    <p class='ocr_par' dir='ltr' id='par_1_10' title="bbox 53 956 1644 1037">
     <span class='ocr_line' id='line_1_10' title="bbox 53 956 1644 1037; baseline 0 -23"><span class='ocrx_word' id='word_1_59' title='bbox 53 967 351 1027; x_wconf 67' lang='lat' dir='ltr'><strong>prxestaute</strong></span> <span class='ocrx_word' id='word_1_60' title='bbox 373 959 468 1030; x_wconf 89' lang='lat' dir='ltr'><strong>qui</strong></span> <span class='ocrx_word' id='word_1_61' title='bbox 487 957 809 1027; x_wconf 54' lang='lat' dir='ltr'><strong>cumratre</strong></span> <span class='ocrx_word' id='word_1_62' title='bbox 848 966 905 1014; x_wconf 85' lang='lat' dir='ltr'><strong>et</strong></span> <span class='ocrx_word' id='word_1_63' title='bbox 938 956 1143 1028; x_wconf 86' lang='lat' dir='ltr'><strong>Spiritu</strong></span> <span class='ocrx_word' id='word_1_64' title='bbox 1188 960 1388 1037; x_wconf 80' lang='lat' dir='ltr'><strong>sancto</strong></span> <span class='ocrx_word' id='word_1_65' title='bbox 1423 957 1557 1012; x_wconf 90' lang='lat' dir='ltr'><strong>vivit</strong></span> <span class='ocrx_word' id='word_1_66' title='bbox 1587 967 1644 1014; x_wconf 85' lang='lat' dir='ltr'><strong>et</strong></span> 
     </span>
    </p>
   </div>
   <div class='ocr_carea' id='block_1_11' title="bbox 56 1048 1606 1121">
    <p class='ocr_par' dir='ltr' id='par_1_11' title="bbox 56 1048 1606 1121">
     <span class='ocr_line' id='line_1_11' title="bbox 56 1048 1606 1121; baseline 0 -17"><span class='ocrx_word' id='word_1_67' title='bbox 56 1058 249 1121; x_wconf 84' lang='lat' dir='ltr'><strong>regnat</strong></span> <span class='ocrx_word' id='word_1_68' title='bbox 279 1048 425 1106; x_wconf 89' lang='lat' dir='ltr'><strong>Deus</strong></span> <span class='ocrx_word' id='word_1_69' title='bbox 448 1064 547 1121; x_wconf 86' lang='lat' dir='ltr'><strong>per</strong></span> <span class='ocrx_word' id='word_1_70' title='bbox 568 1049 754 1107; x_wconf 81' lang='lat' dir='ltr'><strong>omnia</strong></span> <span class='ocrx_word' id='word_1_71' title='bbox 787 1048 992 1107; x_wconf 66' lang='lat' dir='ltr'><strong>sarcula</strong></span> <span class='ocrx_word' id='word_1_72' title='bbox 1034 1048 1382 1106; x_wconf 64' lang='lat' dir='ltr'><strong>saeculorum.</strong></span> <span class='ocrx_word' id='word_1_73' title='bbox 1407 1048 1606 1105; x_wconf 75' lang='lat' dir='ltr'><strong>Arnen.</strong></span> 
     </span>
    </p>
   </div>
   <div class='ocr_carea' id='block_1_12' title="bbox 771 1139 1633 1196">
    <p class='ocr_par' dir='ltr' id='par_1_12' title="bbox 771 1139 1633 1196">
     <span class='ocr_line' id='line_1_12' title="bbox 771 1139 1633 1196; baseline -0.002 0"><span class='ocrx_word' id='word_1_74' title='bbox 771 1139 916 1196; x_wconf 69' lang='lat' dir='ltr'><strong>XXI.</strong></span> <span class='ocrx_word' id='word_1_75' title='bbox 1628 1146 1633 1151; x_wconf 88' lang='lat'><em>&#39;</em></span> 
     </span>
    </p>
   </div>
   <div class='ocr_carea' id='block_1_13' title="bbox 586 1246 1465 1297">
    <p class='ocr_par' dir='ltr' id='par_1_13' title="bbox 586 1246 1465 1297">
     <span class='ocr_line' id='line_1_13' title="bbox 586 1246 1465 1297; baseline 0 -9"><span class='ocrx_word' id='word_1_76' title='bbox 586 1247 642 1288; x_wconf 66' lang='lat' dir='ltr'><strong>IN</strong></span> <span class='ocrx_word' id='word_1_77' title='bbox 670 1246 849 1289; x_wconf 65' lang='grc' dir='ltr'>εουεκ</span> <span class='ocrx_word' id='word_1_78' title='bbox 886 1247 1078 1289; x_wconf 73' lang='lat' dir='ltr'><strong>FESTO.</strong></span> <span class='ocrx_word' id='word_1_79' title='bbox 1460 1292 1465 1297; x_wconf 26' lang='grc' dir='ltr'><strong>λ</strong></span> 
     </span>
    </p>
   </div>
   <div class='ocr_carea' id='block_1_14' title="bbox 126 1323 1644 1397">
    <p class='ocr_par' dir='ltr' id='par_1_14' title="bbox 126 1323 1644 1397">
     <span class='ocr_line' id='line_1_14' title="bbox 126 1323 1644 1397; baseline 0.001 -17"><span class='ocrx_word' id='word_1_80' title='bbox 126 1324 406 1380; x_wconf 79' lang='lat' dir='ltr'><strong>Elisabctlt</strong></span> <span class='ocrx_word' id='word_1_81' title='bbox 434 1323 707 1395; x_wconf 78' lang='lat' dir='ltr'><strong>impletum</strong></span> <span class='ocrx_word' id='word_1_82' title='bbox 729 1333 807 1379; x_wconf 81' lang='lat' dir='ltr'><strong>est</strong></span> <span class='ocrx_word' id='word_1_83' title='bbox 838 1333 1041 1396; x_wconf 77' lang='lat' dir='ltr'><strong>tempus</strong></span> <span class='ocrx_word' id='word_1_84' title='bbox 1061 1323 1329 1395; x_wconf 78' lang='lat' dir='ltr'><strong>pariendi,</strong></span> <span class='ocrx_word' id='word_1_85' title='bbox 1353 1334 1404 1381; x_wconf 81' lang='lat' dir='ltr'><strong>et</strong></span> <span class='ocrx_word' id='word_1_86' title='bbox 1443 1325 1644 1397; x_wconf 71' lang='lat' dir='ltr'><strong>peperit</strong></span> 
     </span>
    </p>
   </div>
   <div class='ocr_carea' id='block_1_15' title="bbox 55 1415 1644 1490">
    <p class='ocr_par' dir='ltr' id='par_1_15' title="bbox 55 1415 1644 1490">
     <span class='ocr_line' id='line_1_15' title="bbox 55 1415 1644 1490; baseline -0.001 -17"><span class='ocrx_word' id='word_1_87' title='bbox 55 1418 227 1488; x_wconf 73' lang='lat' dir='ltr'><strong>[ilium</strong></span> <span class='ocrx_word' id='word_1_88' title='bbox 249 1417 406 1488; x_wconf 79' lang='lat' dir='ltr'><strong>(Luc.</strong></span> <span class='ocrx_word' id='word_1_89' title='bbox 438 1417 499 1486; x_wconf 74' lang='grc' dir='ltr'><strong>ι),</strong></span> <span class='ocrx_word' id='word_1_90' title='bbox 522 1427 576 1474; x_wconf 87' lang='grc' dir='ltr'><strong>ει</strong></span> <span class='ocrx_word' id='word_1_91' title='bbox 600 1418 834 1490; x_wconf 89' lang='lat' dir='ltr'><strong>reliqua.</strong></span> <span class='ocrx_word' id='word_1_92' title='bbox 854 1415 1050 1485; x_wconf 80' lang='lat' dir='ltr'><strong>llodie,</strong></span> <span class='ocrx_word' id='word_1_93' title='bbox 1084 1416 1283 1475; x_wconf 78' lang='lat' dir='ltr'><strong>fratres</strong></span> <span class='ocrx_word' id='word_1_94' title='bbox 1305 1419 1644 1487; x_wconf 85' lang='lat' dir='ltr'><strong>eharissimi,</strong></span> 
     </span>
    </p>
   </div>
   <div class='ocr_carea' id='block_1_16' title="bbox 60 1507 1650 1580">
    <p class='ocr_par' dir='ltr' id='par_1_16' title="bbox 60 1507 1650 1580">
     <span class='ocr_line' id='line_1_16' title="bbox 60 1507 1650 1580; baseline 0.003 -19"><span class='ocrx_word' id='word_1_95' title='bbox 60 1508 112 1564; x_wconf 90' lang='lat' dir='ltr'><strong>in</strong></span> <span class='ocrx_word' id='word_1_96' title='bbox 138 1507 403 1564; x_wconf 86' lang='lat' dir='ltr'><strong>universo</strong></span> <span class='ocrx_word' id='word_1_97' title='bbox 419 1508 621 1564; x_wconf 87' lang='lat' dir='ltr'><strong>unmdo</strong></span> <span class='ocrx_word' id='word_1_98' title='bbox 636 1508 998 1564; x_wconf 85' lang='lat' dir='ltr'><strong>venerabilem</strong></span> <span class='ocrx_word' id='word_1_99' title='bbox 1015 1508 1190 1565; x_wconf 85' lang='lat' dir='ltr'><strong>sancti</strong></span> <span class='ocrx_word' id='word_1_100' title='bbox 1212 1508 1570 1580; x_wconf 76' lang='lat' dir='ltr'><strong>praecursoris</strong></span> <span class='ocrx_word' id='word_1_101' title='bbox 1591 1516 1650 1566; x_wconf 89' lang='lat' dir='ltr'><strong>et</strong></span> 
     </span>
    </p>
   </div>
   <div class='ocr_carea' id='block_1_17' title="bbox 56 1597 1648 1672">
    <p class='ocr_par' dir='ltr' id='par_1_17' title="bbox 56 1597 1648 1672">
     <span class='ocr_line' id='line_1_17' title="bbox 56 1597 1648 1672; baseline 0.002 -20"><span class='ocrx_word' id='word_1_102' title='bbox 56 1597 315 1669; x_wconf 71' lang='lat' dir='ltr'><strong>Baptista:</strong></span> <span class='ocrx_word' id='word_1_103' title='bbox 338 1597 553 1654; x_wconf 87' lang='lat' dir='ltr'><strong>Domini</strong></span> <span class='ocrx_word' id='word_1_104' title='bbox 584 1598 923 1655; x_wconf 83' lang='lat' dir='ltr'><strong>nativitatem</strong></span> <span class='ocrx_word' id='word_1_105' title='bbox 950 1598 1313 1668; x_wconf 90' lang='lat' dir='ltr'><strong>celebramus,</strong></span> <span class='ocrx_word' id='word_1_106' title='bbox 1342 1615 1506 1672; x_wconf 90' lang='lat' dir='ltr'><strong>quem</strong></span> <span class='ocrx_word' id='word_1_107' title='bbox 1546 1599 1648 1655; x_wconf 52' lang='lat' dir='ltr'><strong>hoc</strong></span> 
     </span>
    </p>
   </div>
   <div class='ocr_carea' id='block_1_18' title="bbox 56 1689 1648 1765">
    <p class='ocr_par' dir='ltr' id='par_1_18' title="bbox 56 1689 1648 1765">
     <span class='ocr_line' id='line_1_18' title="bbox 56 1689 1648 1765; baseline 0.002 -21"><span class='ocrx_word' id='word_1_108' title='bbox 56 1705 247 1746; x_wconf 87' lang='lat' dir='ltr'><strong>norem</strong></span> <span class='ocrx_word' id='word_1_109' title='bbox 274 1690 413 1745; x_wconf 87' lang='lat' dir='ltr'><strong>nulli</strong></span> <span class='ocrx_word' id='word_1_110' title='bbox 458 1689 553 1745; x_wconf 87' lang='lat' dir='ltr'><strong>alii</strong></span> <span class='ocrx_word' id='word_1_111' title='bbox 589 1698 908 1747; x_wconf 86' lang='lat' dir='ltr'><strong>sanctorum</strong></span> <span class='ocrx_word' id='word_1_112' title='bbox 948 1690 1294 1748; x_wconf 77' lang='lat' dir='ltr'><strong>exhibemus.</strong></span> <span class='ocrx_word' id='word_1_113' title='bbox 1338 1690 1648 1765; x_wconf 84' lang='lat' dir='ltr'><strong>Depositio-</strong></span> 
     </span>
    </p>
   </div>
   <div class='ocr_carea' id='block_1_19' title="bbox 1743 500 3335 584">
    <p class='ocr_par' dir='ltr' id='par_1_19' title="bbox 1743 500 3335 584">
     <span class='ocr_line' id='line_1_19' title="bbox 1743 500 3335 584; baseline 0.01 -30"><span class='ocrx_word' id='word_1_114' title='bbox 1743 500 2178 561; x_wconf 75' lang='lat' dir='ltr'><strong>sanctttieatiouc</strong></span> <span class='ocrx_word' id='word_1_115' title='bbox 2216 512 2271 559; x_wconf 90' lang='lat' dir='ltr'><strong>ct</strong></span> <span class='ocrx_word' id='word_1_116' title='bbox 2299 503 2352 558; x_wconf 89' lang='lat' dir='ltr'><strong>in</strong></span> <span class='ocrx_word' id='word_1_117' title='bbox 2398 505 2599 577; x_wconf 78' lang='lat' dir='ltr'><strong>gaudio</strong></span> <span class='ocrx_word' id='word_1_118' title='bbox 2627 517 2790 566; x_wconf 79' lang='lat' dir='ltr'><strong>tratus</strong></span> <span class='ocrx_word' id='word_1_119' title='bbox 2814 517 2938 578; x_wconf 81' lang='lat' dir='ltr'><strong>est;</strong></span> <span class='ocrx_word' id='word_1_120' title='bbox 2984 509 3163 582; x_wconf 88' lang='lat' dir='ltr'><strong>quiet</strong></span> <span class='ocrx_word' id='word_1_121' title='bbox 3197 527 3335 584; x_wconf 82' lang='lat' dir='ltr'><strong>gau-</strong></span> 
     </span>
    </p>
   </div>
   <div class='ocr_carea' id='block_1_20' title="bbox 1742 590 3332 675">
    <p class='ocr_par' dir='ltr' id='par_1_20' title="bbox 1742 590 3332 675">
     <span class='ocr_line' id='line_1_20' title="bbox 1742 590 3332 675; baseline 0.008 -29"><span class='ocrx_word' id='word_1_122' title='bbox 1742 590 1895 652; x_wconf 88' lang='lat' dir='ltr'><strong>dium</strong></span> <span class='ocrx_word' id='word_1_123' title='bbox 1933 606 2226 650; x_wconf 85' lang='lat' dir='ltr'><strong>commune</strong></span> <span class='ocrx_word' id='word_1_124' title='bbox 2254 593 2353 650; x_wconf 89' lang='lat' dir='ltr'><strong>toti</strong></span> <span class='ocrx_word' id='word_1_125' title='bbox 2406 596 2611 654; x_wconf 87' lang='lat' dir='ltr'><strong>mundo</strong></span> <span class='ocrx_word' id='word_1_126' title='bbox 2639 600 2786 654; x_wconf 84' lang='lat' dir='ltr'><strong>venit</strong></span> <span class='ocrx_word' id='word_1_127' title='bbox 2817 600 3092 659; x_wconf 81' lang='lat' dir='ltr'><strong>nuntiare.</strong></span> <span class='ocrx_word' id='word_1_128' title='bbox 3146 602 3332 675; x_wconf 79' lang='lat' dir='ltr'><strong>Septi-</strong></span> 
     </span>
    </p>
   </div>
   <div class='ocr_carea' id='block_1_21' title="bbox 1744 682 3334 757">
    <p class='ocr_par' dir='ltr' id='par_1_21' title="bbox 1744 682 3334 757">
     <span class='ocr_line' id='line_1_21' title="bbox 1744 682 3334 757; baseline 0.009 -22"><span class='ocrx_word' id='word_1_129' title='bbox 1744 696 1871 750; x_wconf 87' lang='lat' dir='ltr'><strong>mus</strong></span> <span class='ocrx_word' id='word_1_130' title='bbox 1889 682 2070 740; x_wconf 72' lang='lat' dir='ltr'><strong>honor</strong></span> <span class='ocrx_word' id='word_1_131' title='bbox 2114 694 2198 743; x_wconf 84' lang='lat' dir='ltr'><strong>est</strong></span> <span class='ocrx_word' id='word_1_132' title='bbox 2222 725 2241 754; x_wconf 93' lang='lat'><strong>,</strong></span> <span class='ocrx_word' id='word_1_133' title='bbox 2279 686 2426 757; x_wconf 86' lang='lat' dir='ltr'><strong>quod</strong></span> <span class='ocrx_word' id='word_1_134' title='bbox 2481 686 2536 745; x_wconf 89' lang='lat' dir='ltr'><strong>itt</strong></span> <span class='ocrx_word' id='word_1_135' title='bbox 2577 689 3042 750; x_wconf 79' lang='lat' dir='ltr'><strong>demonstratione</strong></span> <span class='ocrx_word' id='word_1_136' title='bbox 3092 695 3334 750; x_wconf 88' lang='lat' dir='ltr'><strong>nominis</strong></span> 
     </span>
    </p>
   </div>
   <div class='ocr_carea' id='block_1_22' title="bbox 1743 774 3333 857">
    <p class='ocr_par' dir='ltr' id='par_1_22' title="bbox 1743 774 3333 857">
     <span class='ocr_line' id='line_1_22' title="bbox 1743 774 3333 857; baseline 0.005 -26"><span class='ocrx_word' id='word_1_137' title='bbox 1743 774 1864 857; x_wconf 82' lang='lat' dir='ltr'><strong>ejus</strong></span> <span class='ocrx_word' id='word_1_138' title='bbox 1919 775 2135 847; x_wconf 76' lang='lat' dir='ltr'><strong>loquela</strong></span> <span class='ocrx_word' id='word_1_139' title='bbox 2197 778 2342 849; x_wconf 82' lang='lat' dir='ltr'><strong>patri</strong></span> <span class='ocrx_word' id='word_1_140' title='bbox 2397 779 2724 837; x_wconf 84' lang='lat' dir='ltr'><strong>restituitur.</strong></span> <span class='ocrx_word' id='word_1_141' title='bbox 2763 780 2905 838; x_wconf 82' lang='lat' dir='ltr'><strong>Cum</strong></span> <span class='ocrx_word' id='word_1_142' title='bbox 2936 783 3083 840; x_wconf 88' lang='lat' dir='ltr'><strong>enim</strong></span> <span class='ocrx_word' id='word_1_143' title='bbox 3114 785 3182 839; x_wconf 89' lang='lat' dir='ltr'><strong>ad</strong></span> <span class='ocrx_word' id='word_1_144' title='bbox 3218 784 3333 843; x_wconf 91' lang='lat' dir='ltr'><strong>cir-</strong></span> 
     </span>
    </p>
   </div>
   <div class='ocr_carea' id='block_1_23' title="bbox 1743 864 3330 946">
    <p class='ocr_par' dir='ltr' id='par_1_23' title="bbox 1743 864 3330 946">
     <span class='ocr_line' id='line_1_23' title="bbox 1743 864 3330 946; baseline 0.006 -27"><span class='ocrx_word' id='word_1_145' title='bbox 1743 864 2162 923; x_wconf 87' lang='lat' dir='ltr'><strong>cumcidendum</strong></span> <span class='ocrx_word' id='word_1_146' title='bbox 2184 882 2416 938; x_wconf 87' lang='lat' dir='ltr'><strong>puerum</strong></span> <span class='ocrx_word' id='word_1_147' title='bbox 2441 870 2851 941; x_wconf 73' lang='lat' dir='ltr'><strong>convenissent,</strong></span> <span class='ocrx_word' id='word_1_148' title='bbox 2880 881 2937 929; x_wconf 90' lang='lat' dir='ltr'><strong>et</strong></span> <span class='ocrx_word' id='word_1_149' title='bbox 2957 874 3172 946; x_wconf 77' lang='lat' dir='ltr'><strong>cognati</strong></span> <span class='ocrx_word' id='word_1_150' title='bbox 3204 890 3330 929; x_wconf 88' lang='lat' dir='ltr'><strong>eum</strong></span> 
     </span>
    </p>
   </div>
   <div class='ocr_carea' id='block_1_24' title="bbox 1743 958 3330 1030">
    <p class='ocr_par' dir='ltr' id='par_1_24' title="bbox 1743 958 3330 1030">
     <span class='ocr_line' id='line_1_24' title="bbox 1743 958 3330 1030; baseline 0.008 -21"><span class='ocrx_word' id='word_1_151' title='bbox 1743 964 1975 1026; x_wconf 87' lang='lat' dir='ltr'><strong>paterno</strong></span> <span class='ocrx_word' id='word_1_152' title='bbox 2040 972 2263 1015; x_wconf 77' lang='lat' dir='ltr'><strong>nomine</strong></span> <span class='ocrx_word' id='word_1_153' title='bbox 2319 958 2681 1030; x_wconf 71' lang='lat' dir='ltr'><strong>Zachariam,</strong></span> <span class='ocrx_word' id='word_1_154' title='bbox 2737 972 2913 1021; x_wconf 84' lang='lat' dir='ltr'><strong>mater</strong></span> <span class='ocrx_word' id='word_1_155' title='bbox 2960 980 3091 1021; x_wconf 85' lang='lat' dir='ltr'><strong>vero</strong></span> <span class='ocrx_word' id='word_1_156' title='bbox 3136 968 3330 1022; x_wconf 74' lang='lat' dir='ltr'><strong>etim-ta</strong></span> 
     </span>
    </p>
   </div>
   <div class='ocr_carea' id='block_1_25' title="bbox 1745 1049 3333 1133">
    <p class='ocr_par' dir='ltr' id='par_1_25' title="bbox 1745 1049 3333 1133">
     <span class='ocr_line' id='line_1_25' title="bbox 1745 1049 3333 1133; baseline 0.009 -32"><span class='ocrx_word' id='word_1_157' title='bbox 1745 1049 1831 1133; x_wconf 79' lang='lat' dir='ltr'><strong>(ut</strong></span> <span class='ocrx_word' id='word_1_158' title='bbox 1880 1049 2183 1122; x_wconf 76' lang='lat' dir='ltr'><strong>credimus)“</strong></span> <span class='ocrx_word' id='word_1_159' title='bbox 2235 1066 2268 1107; x_wconf 88' lang='lat' dir='ltr'><strong>a</strong></span> <span class='ocrx_word' id='word_1_160' title='bbox 2329 1052 2535 1124; x_wconf 80' lang='lat' dir='ltr'><strong>Spiritu</strong></span> <span class='ocrx_word' id='word_1_161' title='bbox 2585 1057 2712 1111; x_wconf 81' lang='lat' dir='ltr'><strong>cum</strong></span> <span class='ocrx_word' id='word_1_162' title='bbox 2747 1054 3013 1113; x_wconf 79' lang='lat' dir='ltr'><strong>Joannem</strong></span> <span class='ocrx_word' id='word_1_163' title='bbox 3068 1069 3285 1114; x_wconf 88' lang='lat' dir='ltr'><strong>vocaret</strong></span> <span class='ocrx_word' id='word_1_164' title='bbox 3314 1099 3333 1128; x_wconf 90' lang='lat'><strong>,</strong></span> 
     </span>
    </p>
   </div>
   <div class='ocr_carea' id='block_1_26' title="bbox 1744 1134 3332 1216">
    <p class='ocr_par' dir='ltr' id='par_1_26' title="bbox 1744 1134 3332 1216">
     <span class='ocr_line' id='line_1_26' title="bbox 1744 1134 3332 1216; baseline 0.007 -22"><span class='ocrx_word' id='word_1_165' title='bbox 1744 1134 1898 1210; x_wconf 82' lang='lat' dir='ltr'><strong>pater</strong></span> <span class='ocrx_word' id='word_1_166' title='bbox 1927 1150 2115 1198; x_wconf 89' lang='lat' dir='ltr'><strong>mutus</strong></span> <span class='ocrx_word' id='word_1_167' title='bbox 2146 1142 2214 1200; x_wconf 90' lang='lat' dir='ltr'><strong>de</strong></span> <span class='ocrx_word' id='word_1_168' title='bbox 2239 1145 2422 1201; x_wconf 82' lang='lat' dir='ltr'><strong>medio</strong></span> <span class='ocrx_word' id='word_1_169' title='bbox 2450 1145 2850 1205; x_wconf 76' lang='lat' dir='ltr'><strong>dubitationem</strong></span> <span class='ocrx_word' id='word_1_170' title='bbox 2876 1145 3094 1204; x_wconf 58' lang='lat' dir='ltr'><strong>aufer-re</strong></span> <span class='ocrx_word' id='word_1_171' title='bbox 3121 1147 3332 1216; x_wconf 90' lang='lat' dir='ltr'><strong>volens,</strong></span> 
     </span>
    </p>
   </div>
   <div class='ocr_carea' id='block_1_27' title="bbox 1745 1220 3335 1307">
    <p class='ocr_par' dir='ltr' id='par_1_27' title="bbox 1745 1220 3335 1307">
     <span class='ocr_line' id='line_1_27' title="bbox 1745 1220 3335 1307; baseline 0.006 -20"><span class='ocrx_word' id='word_1_172' title='bbox 1745 1220 1806 1287; x_wconf 78' lang='lat' dir='ltr'><strong>ut</strong></span> <span class='ocrx_word' id='word_1_173' title='bbox 1841 1242 2126 1302; x_wconf 88' lang='lat' dir='ltr'><strong>acceperat</strong></span> <span class='ocrx_word' id='word_1_174' title='bbox 2149 1232 2221 1289; x_wconf 90' lang='lat' dir='ltr'><strong>ab</strong></span> <span class='ocrx_word' id='word_1_175' title='bbox 2266 1234 2502 1307; x_wconf 78' lang='lat' dir='ltr'><strong>angelo,</strong></span> <span class='ocrx_word' id='word_1_176' title='bbox 2561 1238 2831 1307; x_wconf 83' lang='lat' dir='ltr'><strong>scriptura</strong></span> <span class='ocrx_word' id='word_1_177' title='bbox 2888 1238 3051 1295; x_wconf 87' lang='lat' dir='ltr'><strong>simul</strong></span> <span class='ocrx_word' id='word_1_178' title='bbox 3103 1248 3159 1295; x_wconf 91' lang='lat' dir='ltr'><strong>et</strong></span> <span class='ocrx_word' id='word_1_179' title='bbox 3199 1254 3335 1296; x_wconf 81' lang='lat' dir='ltr'><strong>voce</strong></span> 
     </span>
    </p>
   </div>
   <div class='ocr_carea' id='block_1_28' title="bbox 1746 1321 3334 1402">
    <p class='ocr_par' dir='ltr' id='par_1_28' title="bbox 1746 1321 3334 1402">
     <span class='ocr_line' id='line_1_28' title="bbox 1746 1321 3334 1402; baseline 0.006 -25"><span class='ocrx_word' id='word_1_180' title='bbox 1746 1334 1945 1378; x_wconf 90' lang='lat' dir='ltr'><strong>nomen</strong></span> <span class='ocrx_word' id='word_1_181' title='bbox 1960 1321 2081 1394; x_wconf 86' lang='lat' dir='ltr'><strong>ejus</strong></span> <span class='ocrx_word' id='word_1_182' title='bbox 2096 1323 2379 1394; x_wconf 91' lang='lat' dir='ltr'><strong>indicavit,</strong></span> <span class='ocrx_word' id='word_1_183' title='bbox 2401 1326 2588 1383; x_wconf 85' lang='lat' dir='ltr'><strong>dicens</strong></span> <span class='ocrx_word' id='word_1_184' title='bbox 2609 1346 2621 1382; x_wconf 88' lang='lat'>:</span> <span class='ocrx_word' id='word_1_185' title='bbox 2646 1327 2879 1384; x_wconf 73' lang='lat' dir='ltr'><strong>Joannes</strong></span> <span class='ocrx_word' id='word_1_186' title='bbox 2901 1339 2976 1385; x_wconf 83' lang='lat' dir='ltr'><strong>cst</strong></span> <span class='ocrx_word' id='word_1_187' title='bbox 3000 1331 3334 1402; x_wconf 78' lang='lat' dir='ltr'><strong>nomcncjus.</strong></span> 
     </span>
    </p>
   </div>
   <div class='ocr_carea' id='block_1_29' title="bbox 1746 1408 3333 1493">
    <p class='ocr_par' dir='ltr' id='par_1_29' title="bbox 1746 1408 3333 1493">
     <span class='ocr_line' id='line_1_29' title="bbox 1746 1408 3333 1493; baseline 0.003 -22"><span class='ocrx_word' id='word_1_188' title='bbox 1746 1410 1815 1471; x_wconf 71' lang='lat' dir='ltr'><strong>Et</strong></span> <span class='ocrx_word' id='word_1_189' title='bbox 1837 1413 2088 1484; x_wconf 88' lang='lat' dir='ltr'><strong>pulchre,</strong></span> <span class='ocrx_word' id='word_1_190' title='bbox 2114 1415 2210 1486; x_wconf 89' lang='lat' dir='ltr'><strong>qui</strong></span> <span class='ocrx_word' id='word_1_191' title='bbox 2238 1408 2623 1474; x_wconf 77' lang='lat' dir='ltr'><strong>incredulitate</strong></span> <span class='ocrx_word' id='word_1_192' title='bbox 2651 1419 2743 1474; x_wconf 84' lang='lat' dir='ltr'><strong>tilit</strong></span> <span class='ocrx_word' id='word_1_193' title='bbox 2771 1420 3031 1478; x_wconf 86' lang='lat' dir='ltr'><strong>nascituri</strong></span> <span class='ocrx_word' id='word_1_194' title='bbox 3062 1421 3333 1493; x_wconf 75' lang='lat' dir='ltr'><strong>loquelam</strong></span> 
     </span>
    </p>
   </div>
   <div class='ocr_carea' id='block_1_30' title="bbox 1748 1504 3340 1584">
    <p class='ocr_par' dir='ltr' id='par_1_30' title="bbox 1748 1504 3340 1584">
     <span class='ocr_line' id='line_1_30' title="bbox 1748 1504 3340 1584; baseline 0.005 -24"><span class='ocrx_word' id='word_1_195' title='bbox 1748 1504 2031 1573; x_wconf 86' lang='lat' dir='ltr'><strong>amiserat,</strong></span> <span class='ocrx_word' id='word_1_196' title='bbox 2056 1504 2111 1561; x_wconf 88' lang='lat' dir='ltr'><strong>itt</strong></span> <span class='ocrx_word' id='word_1_197' title='bbox 2139 1505 2235 1561; x_wconf 87' lang='lat' dir='ltr'><strong>lilii</strong></span> <span class='ocrx_word' id='word_1_198' title='bbox 2265 1507 2378 1562; x_wconf 86' lang='lat' dir='ltr'><strong>nati</strong></span> <span class='ocrx_word' id='word_1_199' title='bbox 2397 1509 2768 1583; x_wconf 86' lang='lat' dir='ltr'><strong>nominatione</strong></span> <span class='ocrx_word' id='word_1_200' title='bbox 2785 1513 3032 1568; x_wconf 82' lang='lat' dir='ltr'><strong>eamdem</strong></span> <span class='ocrx_word' id='word_1_201' title='bbox 3054 1518 3340 1584; x_wconf 76' lang='lat' dir='ltr'><strong>recuperat</strong></span> 
     </span>
    </p>
   </div>
   <div class='ocr_carea' id='block_1_31' title="bbox 1746 1598 3339 1662">
    <p class='ocr_par' dir='ltr' id='par_1_31' title="bbox 1746 1598 3339 1662">
     <span class='ocr_line' id='line_1_31' title="bbox 1746 1598 3339 1662; baseline 0.006 -9"><span class='ocrx_word' id='word_1_202' title='bbox 1746 1608 1802 1653; x_wconf 90' lang='lat' dir='ltr'><strong>et</strong></span> <span class='ocrx_word' id='word_1_203' title='bbox 1834 1598 2268 1656; x_wconf 86' lang='lat' dir='ltr'><strong>miscricordiam</strong></span> <span class='ocrx_word' id='word_1_204' title='bbox 2316 1598 2411 1657; x_wconf 86' lang='lat' dir='ltr'><strong>Dei</strong></span> <span class='ocrx_word' id='word_1_205' title='bbox 2459 1600 2603 1658; x_wconf 85' lang='lat' dir='ltr'><strong>circa</strong></span> <span class='ocrx_word' id='word_1_206' title='bbox 2630 1619 2690 1658; x_wconf 82' lang='lat' dir='ltr'><strong>se</strong></span> <span class='ocrx_word' id='word_1_207' title='bbox 2731 1602 2930 1660; x_wconf 68' lang='lat' dir='ltr'><strong>factam</strong></span> <span class='ocrx_word' id='word_1_208' title='bbox 2987 1605 3254 1661; x_wconf 75' lang='lat' dir='ltr'><strong>benetlicit</strong></span> <span class='ocrx_word' id='word_1_209' title='bbox 3282 1613 3339 1662; x_wconf 90' lang='grc' dir='ltr'><strong>ει</strong></span> 
     </span>
    </p>
   </div>
   <div class='ocr_carea' id='block_1_32' title="bbox 1751 1690 3337 1768">
    <p class='ocr_par' dir='ltr' id='par_1_32' title="bbox 1751 1690 3337 1768">
     <span class='ocr_line' id='line_1_32' title="bbox 1751 1690 3337 1768; baseline 0.005 -22"><span class='ocrx_word' id='word_1_210' title='bbox 1751 1690 2088 1759; x_wconf 82' lang='lat' dir='ltr'><strong>tnagniticat.</strong></span> <span class='ocrx_word' id='word_1_211' title='bbox 2113 1692 2291 1764; x_wconf 81' lang='lat' dir='ltr'><strong>Cujus</strong></span> <span class='ocrx_word' id='word_1_212' title='bbox 2319 1694 2396 1750; x_wconf 89' lang='lat' dir='ltr'><strong>rei</strong></span> <span class='ocrx_word' id='word_1_213' title='bbox 2423 1695 2787 1752; x_wconf 82' lang='lat' dir='ltr'><strong>admiratione</strong></span> <span class='ocrx_word' id='word_1_214' title='bbox 2809 1714 2916 1752; x_wconf 91' lang='lat' dir='ltr'><strong>non</strong></span> <span class='ocrx_word' id='word_1_215' title='bbox 2940 1698 3116 1754; x_wconf 90' lang='lat' dir='ltr'><strong>solum</strong></span> <span class='ocrx_word' id='word_1_216' title='bbox 3147 1698 3337 1768; x_wconf 86' lang='lat' dir='ltr'><strong>vicini,</strong></span> 
     </span>
    </p>
   </div>
   <div class='ocr_carea' id='block_1_33' title="bbox 55 1781 3337 1863">
    <p class='ocr_par' dir='ltr' id='par_1_33' title="bbox 55 1781 3337 1863">
     <span class='ocr_line' id='line_1_33' title="bbox 55 1781 3337 1863; baseline 0.003 -26"><span class='ocrx_word' id='word_1_217' title='bbox 55 1797 149 1837; x_wconf 79' lang='lat' dir='ltr'><strong>nes</strong></span> <span class='ocrx_word' id='word_1_218' title='bbox 176 1783 389 1853; x_wconf 85' lang='lat' dir='ltr'><strong>quippe</strong></span> <span class='ocrx_word' id='word_1_219' title='bbox 411 1791 751 1853; x_wconf 86' lang='lat' dir='ltr'><strong>sanctorum,</strong></span> <span class='ocrx_word' id='word_1_220' title='bbox 787 1781 990 1855; x_wconf 83' lang='lat' dir='ltr'><strong>quibus</strong></span> <span class='ocrx_word' id='word_1_221' title='bbox 1029 1781 1098 1838; x_wconf 88' lang='lat' dir='ltr'><strong>ad</strong></span> <span class='ocrx_word' id='word_1_222' title='bbox 1147 1784 1315 1843; x_wconf 80' lang='lat' dir='ltr'><strong>vitam</strong></span> <span class='ocrx_word' id='word_1_223' title='bbox 1347 1791 1649 1840; x_wconf 85' lang='lat' dir='ltr'><strong>nascuntur</strong></span> <span class='ocrx_word' id='word_1_224' title='bbox 1679 1795 1722 1857; x_wconf 71' lang='grc' dir='ltr'><strong><em>Β</em></strong></span> <span class='ocrx_word' id='word_1_225' title='bbox 1751 1784 1845 1839; x_wconf 88' lang='lat' dir='ltr'><strong>sed</strong></span> <span class='ocrx_word' id='word_1_226' title='bbox 1868 1783 2037 1840; x_wconf 88' lang='lat' dir='ltr'><strong>etiam</strong></span> <span class='ocrx_word' id='word_1_227' title='bbox 2067 1782 2261 1841; x_wconf 89' lang='lat' dir='ltr'><strong>remoti</strong></span> <span class='ocrx_word' id='word_1_228' title='bbox 2286 1787 2656 1857; x_wconf 86' lang='lat' dir='ltr'><strong>percellttntur</strong></span> <span class='ocrx_word' id='word_1_229' title='bbox 2677 1830 2692 1857; x_wconf 93' lang='lat'><strong>,</strong></span> <span class='ocrx_word' id='word_1_230' title='bbox 2724 1790 3011 1861; x_wconf 78' lang='lat' dir='ltr'><strong>metientes</strong></span> <span class='ocrx_word' id='word_1_231' title='bbox 3040 1801 3091 1847; x_wconf 84' lang='lat' dir='ltr'><strong>et</strong></span> <span class='ocrx_word' id='word_1_232' title='bbox 3143 1792 3337 1863; x_wconf 88' lang='lat' dir='ltr'><strong>conje-</strong></span> 
     </span>
    </p>
   </div>
   <div class='ocr_carea' id='block_1_34' title="bbox 54 1873 1647 1941">
    <p class='ocr_par' dir='ltr' id='par_1_34' title="bbox 54 1873 1647 1941">
     <span class='ocr_line' id='line_1_34' title="bbox 54 1873 1647 1941; baseline 0.003 -12"><span class='ocrx_word' id='word_1_233' title='bbox 54 1884 339 1941; x_wconf 83' lang='lat' dir='ltr'><strong>:eternarn,</strong></span> <span class='ocrx_word' id='word_1_234' title='bbox 366 1883 553 1931; x_wconf 88' lang='lat' dir='ltr'><strong>sancta</strong></span> <span class='ocrx_word' id='word_1_235' title='bbox 584 1875 827 1931; x_wconf 86' lang='lat' dir='ltr'><strong>celebrat</strong></span> <span class='ocrx_word' id='word_1_236' title='bbox 854 1873 1120 1931; x_wconf 83' lang='lat' dir='ltr'><strong>Ecclesia.</strong></span> <span class='ocrx_word' id='word_1_237' title='bbox 1156 1874 1214 1931; x_wconf 87' lang='lat' dir='ltr'><strong>In</strong></span> <span class='ocrx_word' id='word_1_238' title='bbox 1272 1876 1647 1933; x_wconf 84' lang='lat' dir='ltr'><strong>nativitatibns</strong></span> 
     </span>
    </p>
   </div>
   <div class='ocr_carea' id='block_1_35' title="bbox 54 1964 1648 2039">
    <p class='ocr_par' dir='ltr' id='par_1_35' title="bbox 54 1964 1648 2039">
     <span class='ocr_line' id='line_1_35' title="bbox 54 1964 1648 2039; baseline 0.001 -19"><span class='ocrx_word' id='word_1_239' title='bbox 54 1981 179 2020; x_wconf 78' lang='lat' dir='ltr'><strong>vero</strong></span> <span class='ocrx_word' id='word_1_240' title='bbox 197 1980 420 2035; x_wconf 88' lang='lat' dir='ltr'><strong>eorum,</strong></span> <span class='ocrx_word' id='word_1_241' title='bbox 443 1966 645 2038; x_wconf 88' lang='lat' dir='ltr'><strong>quibus</strong></span> <span class='ocrx_word' id='word_1_242' title='bbox 672 1965 740 2021; x_wconf 88' lang='lat' dir='ltr'><strong>ad</strong></span> <span class='ocrx_word' id='word_1_243' title='bbox 772 1967 1048 2022; x_wconf 85' lang='lat' dir='ltr'><strong>miseriam</strong></span> <span class='ocrx_word' id='word_1_244' title='bbox 1070 1975 1124 2022; x_wconf 88' lang='lat' dir='ltr'><strong>et</strong></span> <span class='ocrx_word' id='word_1_245' title='bbox 1145 1964 1212 2022; x_wconf 89' lang='lat' dir='ltr'><strong>ad</strong></span> <span class='ocrx_word' id='word_1_246' title='bbox 1238 1981 1457 2039; x_wconf 75' lang='lat' dir='ltr'><strong>pmnam</strong></span> <span class='ocrx_word' id='word_1_247' title='bbox 1482 1966 1648 2022; x_wconf 87' lang='lat' dir='ltr'><strong>homo</strong></span> 
     </span>
    </p>
   </div>
   <div class='ocr_carea' id='block_1_36' title="bbox 57 2057 1648 2130">
    <p class='ocr_par' dir='ltr' id='par_1_36' title="bbox 57 2057 1648 2130">
     <span class='ocr_line' id='line_1_36' title="bbox 57 2057 1648 2130; baseline 0.002 -18"><span class='ocrx_word' id='word_1_248' title='bbox 57 2058 324 2125; x_wconf 84' lang='lat' dir='ltr'><strong>nascitur,</strong></span> <span class='ocrx_word' id='word_1_249' title='bbox 359 2057 520 2115; x_wconf 87' lang='lat' dir='ltr'><strong>silere</strong></span> <span class='ocrx_word' id='word_1_250' title='bbox 553 2059 858 2129; x_wconf 83' lang='lat' dir='ltr'><strong>consuevit.</strong></span> <span class='ocrx_word' id='word_1_251' title='bbox 885 2057 1156 2116; x_wconf 78' lang='lat' dir='ltr'><strong>Nativitas</strong></span> <span class='ocrx_word' id='word_1_252' title='bbox 1190 2067 1371 2117; x_wconf 90' lang='lat' dir='ltr'><strong>tamen</strong></span> <span class='ocrx_word' id='word_1_253' title='bbox 1406 2074 1648 2130; x_wconf 66' lang='lat' dir='ltr'><strong>praecur-</strong></span> 
     </span>
    </p>
   </div>
   <div class='ocr_carea' id='block_1_37' title="bbox 55 2148 1647 2223">
    <p class='ocr_par' dir='ltr' id='par_1_37' title="bbox 55 2148 1647 2223">
     <span class='ocr_line' id='line_1_37' title="bbox 55 2148 1647 2223; baseline 0.001 -19"><span class='ocrx_word' id='word_1_254' title='bbox 55 2150 191 2205; x_wconf 83' lang='lat' dir='ltr'><strong>seris</strong></span> <span class='ocrx_word' id='word_1_255' title='bbox 211 2150 535 2206; x_wconf 86' lang='lat' dir='ltr'><strong>solemniter</strong></span> <span class='ocrx_word' id='word_1_256' title='bbox 560 2149 886 2219; x_wconf 84' lang='lat' dir='ltr'><strong>celebratur,</strong></span> <span class='ocrx_word' id='word_1_257' title='bbox 922 2150 1187 2223; x_wconf 87' lang='lat' dir='ltr'><strong>quoniam</strong></span> <span class='ocrx_word' id='word_1_258' title='bbox 1218 2157 1347 2206; x_wconf 91' lang='lat' dir='ltr'><strong>octo</strong></span> <span class='ocrx_word' id='word_1_259' title='bbox 1371 2148 1647 2206; x_wconf 83' lang='lat' dir='ltr'><strong>honorum</strong></span> 
     </span>
    </p>
   </div>
   <div class='ocr_carea' id='block_1_38' title="bbox 57 2239 1642 2315">
    <p class='ocr_par' dir='ltr' id='par_1_38' title="bbox 57 2239 1642 2315">
     <span class='ocr_line' id='line_1_38' title="bbox 57 2239 1642 2315; baseline 0.006 -25"><span class='ocrx_word' id='word_1_260' title='bbox 57 2240 358 2315; x_wconf 74' lang='lat' dir='ltr'><strong>privilegiis</strong></span> <span class='ocrx_word' id='word_1_261' title='bbox 381 2255 412 2296; x_wconf 88' lang='lat' dir='ltr'><strong>a</strong></span> <span class='ocrx_word' id='word_1_262' title='bbox 445 2240 676 2297; x_wconf 91' lang='lat' dir='ltr'><strong>Domino</strong></span> <span class='ocrx_word' id='word_1_263' title='bbox 715 2239 1027 2315; x_wconf 81' lang='lat' dir='ltr'><strong>decoratur.</strong></span> <span class='ocrx_word' id='word_1_264' title='bbox 1056 2239 1279 2297; x_wconf 86' lang='lat' dir='ltr'><strong>Primus</strong></span> <span class='ocrx_word' id='word_1_265' title='bbox 1304 2241 1489 2297; x_wconf 80' lang='lat' dir='ltr'><strong>honor</strong></span> <span class='ocrx_word' id='word_1_266' title='bbox 1531 2250 1642 2310; x_wconf 88' lang='lat' dir='ltr'><strong>est,</strong></span> 
     </span>
    </p>
   </div>
   <div class='ocr_carea' id='block_1_39' title="bbox 56 2312 1649 2403">
    <p class='ocr_par' dir='ltr' id='par_1_39' title="bbox 56 2312 1649 2403">
     <span class='ocr_line' id='line_1_39' title="bbox 56 2312 1649 2403; baseline -0.001 -17"><span class='ocrx_word' id='word_1_267' title='bbox 56 2331 196 2402; x_wconf 87' lang='lat' dir='ltr'><strong>quod</strong></span> <span class='ocrx_word' id='word_1_268' title='bbox 219 2312 372 2387; x_wconf 80' lang='lat' dir='ltr'><strong>Deus</strong></span> <span class='ocrx_word' id='word_1_269' title='bbox 394 2328 559 2387; x_wconf 86' lang='lat' dir='ltr'><strong>Pater</strong></span> <span class='ocrx_word' id='word_1_270' title='bbox 586 2312 930 2387; x_wconf 74' lang='lat' dir='ltr'><strong>nasciturum</strong></span> <span class='ocrx_word' id='word_1_271' title='bbox 974 2331 1138 2402; x_wconf 86' lang='lat' dir='ltr'><strong>longe</strong></span> <span class='ocrx_word' id='word_1_272' title='bbox 1194 2339 1325 2389; x_wconf 80' lang='lat' dir='ltr'><strong>ante</strong></span> <span class='ocrx_word' id='word_1_273' title='bbox 1370 2330 1649 2403; x_wconf 71' lang='lat' dir='ltr'><strong>prredixit,</strong></span> 
     </span>
    </p>
   </div>
   <div class='ocr_carea' id='block_1_40' title="bbox 56 2422 1649 2495">
    <p class='ocr_par' dir='ltr' id='par_1_40' title="bbox 56 2422 1649 2495">
     <span class='ocr_line' id='line_1_40' title="bbox 56 2422 1649 2495; baseline 0.001 -16"><span class='ocrx_word' id='word_1_274' title='bbox 56 2429 238 2479; x_wconf 74' lang='lat' dir='ltr'><strong>dicens</strong></span> <span class='ocrx_word' id='word_1_275' title='bbox 268 2438 447 2494; x_wconf 85' lang='lat' dir='ltr'><strong>peros</strong></span> <span class='ocrx_word' id='word_1_276' title='bbox 475 2422 755 2479; x_wconf 71' lang='lat' dir='ltr'><strong>Malachiat</strong></span> <span class='ocrx_word' id='word_1_277' title='bbox 784 2423 1065 2495; x_wconf 81' lang='lat' dir='ltr'><strong>prOphetae</strong></span> <span class='ocrx_word' id='word_1_278' title='bbox 1088 2422 1231 2479; x_wconf 80' lang='lat' dir='ltr'><strong>Filio</strong></span> <span class='ocrx_word' id='word_1_279' title='bbox 1260 2438 1363 2480; x_wconf 87' lang='lat' dir='ltr'><strong>suo</strong></span> <span class='ocrx_word' id='word_1_280' title='bbox 1400 2442 1415 2478; x_wconf 89' lang='lat'><strong>:</strong></span> <span class='ocrx_word' id='word_1_281' title='bbox 1452 2442 1473 2475; x_wconf 75' lang='grc' dir='ltr'><strong>ι</strong></span> <span class='ocrx_word' id='word_1_282' title='bbox 1506 2422 1649 2480; x_wconf 74' lang='lat' dir='ltr'><strong>Ecce</strong></span> 
     </span>
    </p>
   </div>
   <div class='ocr_carea' id='block_1_41' title="bbox 54 2514 1647 2587">
    <p class='ocr_par' dir='ltr' id='par_1_41' title="bbox 54 2514 1647 2587">
     <span class='ocr_line' id='line_1_41' title="bbox 54 2514 1647 2587; baseline 0 -17"><span class='ocrx_word' id='word_1_283' title='bbox 54 2530 149 2586; x_wconf 85' lang='lat' dir='ltr'><strong>ego</strong></span> <span class='ocrx_word' id='word_1_284' title='bbox 200 2516 366 2571; x_wconf 89' lang='lat' dir='ltr'><strong>mitto</strong></span> <span class='ocrx_word' id='word_1_285' title='bbox 397 2516 666 2587; x_wconf 76' lang='lat' dir='ltr'><strong>angelum</strong></span> <span class='ocrx_word' id='word_1_286' title='bbox 698 2530 903 2583; x_wconf 89' lang='lat' dir='ltr'><strong>meum,</strong></span> <span class='ocrx_word' id='word_1_287' title='bbox 967 2515 1061 2587; x_wconf 88' lang='lat' dir='ltr'><strong>qui</strong></span> <span class='ocrx_word' id='word_1_288' title='bbox 1120 2514 1451 2586; x_wconf 68' lang='lat' dir='ltr'><strong>praeparabit</strong></span> <span class='ocrx_word' id='word_1_289' title='bbox 1503 2515 1647 2571; x_wconf 86' lang='lat' dir='ltr'><strong>viam</strong></span> 
     </span>
    </p>
   </div>
   <div class='ocr_carea' id='block_1_42' title="bbox 56 2602 1650 2677">
    <p class='ocr_par' dir='ltr' id='par_1_42' title="bbox 56 2602 1650 2677">
     <span class='ocr_line' id='line_1_42' title="bbox 56 2602 1650 2677; baseline -0.001 -18"><span class='ocrx_word' id='word_1_290' title='bbox 56 2614 174 2660; x_wconf 85' lang='lat' dir='ltr'><strong>ante</strong></span> <span class='ocrx_word' id='word_1_291' title='bbox 200 2603 404 2660; x_wconf 81' lang='lat' dir='ltr'><strong>faciem</strong></span> <span class='ocrx_word' id='word_1_292' title='bbox 436 2613 586 2660; x_wconf 88' lang='lat' dir='ltr'><strong>tuam</strong></span> <span class='ocrx_word' id='word_1_293' title='bbox 619 2603 879 2677; x_wconf 79' lang='lat' dir='ltr'><strong>(Malaclt.</strong></span> <span class='ocrx_word' id='word_1_294' title='bbox 913 2620 1004 2672; x_wconf 86' lang='lat' dir='ltr'><strong>tu;</strong></span> <span class='ocrx_word' id='word_1_295' title='bbox 1038 2603 1211 2659; x_wconf 72' lang='lat' dir='ltr'><strong>Marc.</strong></span> <span class='ocrx_word' id='word_1_296' title='bbox 1236 2608 1333 2677; x_wconf 65' lang='lat'><strong>1).»</strong></span> <span class='ocrx_word' id='word_1_297' title='bbox 1364 2602 1650 2661; x_wconf 74' lang='lat' dir='ltr'><strong>Secundus</strong></span> 
     </span>
    </p>
   </div>
   <div class='ocr_carea' id='block_1_43' title="bbox 57 2695 1644 2768">
    <p class='ocr_par' dir='ltr' id='par_1_43' title="bbox 57 2695 1644 2768">
     <span class='ocr_line' id='line_1_43' title="bbox 57 2695 1644 2768; baseline -0.001 -16"><span class='ocrx_word' id='word_1_298' title='bbox 57 2705 155 2763; x_wconf 86' lang='lat' dir='ltr'><strong>est,</strong></span> <span class='ocrx_word' id='word_1_299' title='bbox 190 2696 465 2768; x_wconf 83' lang='lat' dir='ltr'><strong>quoniam</strong></span> <span class='ocrx_word' id='word_1_300' title='bbox 494 2711 588 2768; x_wconf 88' lang='lat' dir='ltr'><strong>per</strong></span> <span class='ocrx_word' id='word_1_301' title='bbox 619 2696 876 2753; x_wconf 77' lang='lat' dir='ltr'><strong>eumdem</strong></span> <span class='ocrx_word' id='word_1_302' title='bbox 905 2695 1320 2767; x_wconf 79' lang='lat' dir='ltr'><strong>archangelum,</strong></span> <span class='ocrx_word' id='word_1_303' title='bbox 1352 2711 1450 2767; x_wconf 89' lang='lat' dir='ltr'><strong>per</strong></span> <span class='ocrx_word' id='word_1_304' title='bbox 1480 2711 1644 2767; x_wconf 86' lang='lat' dir='ltr'><strong>quem</strong></span> 
     </span>
    </p>
   </div>
   <div class='ocr_carea' id='block_1_44' title="bbox 58 2778 1645 2861">
    <p class='ocr_par' dir='ltr' id='par_1_44' title="bbox 58 2778 1645 2861">
     <span class='ocr_line' id='line_1_44' title="bbox 58 2778 1645 2861; baseline 0.001 -18"><span class='ocrx_word' id='word_1_305' title='bbox 58 2778 412 2860; x_wconf 78' lang='lat' dir='ltr'><strong>linigenltum</strong></span> <span class='ocrx_word' id='word_1_306' title='bbox 439 2800 604 2846; x_wconf 90' lang='lat' dir='ltr'><strong>suum</strong></span> <span class='ocrx_word' id='word_1_307' title='bbox 638 2787 849 2861; x_wconf 85' lang='lat' dir='ltr'><strong>Virgini</strong></span> <span class='ocrx_word' id='word_1_308' title='bbox 875 2796 996 2844; x_wconf 83' lang='lat' dir='ltr'><strong>erat</strong></span> <span class='ocrx_word' id='word_1_309' title='bbox 1051 2789 1433 2856; x_wconf 85' lang='lat' dir='ltr'><strong>nuntiaturus,</strong></span> <span class='ocrx_word' id='word_1_310' title='bbox 1476 2788 1645 2844; x_wconf 87' lang='lat' dir='ltr'><strong>istum</strong></span> 
     </span>
    </p>
   </div>
   <div class='ocr_carea' id='block_1_45' title="bbox 57 2878 1643 2955">
    <p class='ocr_par' dir='ltr' id='par_1_45' title="bbox 57 2878 1643 2955">
     <span class='ocr_line' id='line_1_45' title="bbox 57 2878 1643 2955; baseline -0.001 -18"><span class='ocrx_word' id='word_1_311' title='bbox 57 2884 397 2939; x_wconf 85' lang='lat' dir='ltr'><strong>nasciturum</strong></span> <span class='ocrx_word' id='word_1_312' title='bbox 426 2881 566 2954; x_wconf 85' lang='lat' dir='ltr'><strong>patri</strong></span> <span class='ocrx_word' id='word_1_313' title='bbox 614 2881 906 2943; x_wconf 67' lang='lat' dir='ltr'><strong>nuntiarit.</strong></span> <span class='ocrx_word' id='word_1_314' title='bbox 937 2878 1158 2938; x_wconf 86' lang='lat' dir='ltr'><strong>Tertius</strong></span> <span class='ocrx_word' id='word_1_315' title='bbox 1187 2889 1292 2949; x_wconf 89' lang='lat' dir='ltr'><strong>est,</strong></span> <span class='ocrx_word' id='word_1_316' title='bbox 1325 2880 1474 2955; x_wconf 88' lang='lat' dir='ltr'><strong>quod</strong></span> <span class='ocrx_word' id='word_1_317' title='bbox 1515 2896 1643 2938; x_wconf 91' lang='lat' dir='ltr'><strong>eum</strong></span> 
     </span>
    </p>
   </div>
   <div class='ocr_carea' id='block_1_46' title="bbox 58 2973 1647 3041">
    <p class='ocr_par' dir='ltr' id='par_1_46' title="bbox 58 2973 1647 3041">
     <span class='ocr_line' id='line_1_46' title="bbox 58 2973 1647 3041; baseline 0.001 -11"><span class='ocrx_word' id='word_1_318' title='bbox 58 2975 109 3031; x_wconf 87' lang='lat' dir='ltr'><strong>in</strong></span> <span class='ocrx_word' id='word_1_319' title='bbox 135 2985 303 3032; x_wconf 83' lang='lat' dir='ltr'><strong>utero</strong></span> <span class='ocrx_word' id='word_1_320' title='bbox 322 2975 515 3031; x_wconf 87' lang='lat' dir='ltr'><strong>matris</strong></span> <span class='ocrx_word' id='word_1_321' title='bbox 537 2989 647 3031; x_wconf 90' lang='lat' dir='ltr'><strong>non</strong></span> <span class='ocrx_word' id='word_1_322' title='bbox 680 2982 894 3030; x_wconf 85' lang='lat' dir='ltr'><strong>tantum</strong></span> <span class='ocrx_word' id='word_1_323' title='bbox 935 2974 1318 3041; x_wconf 79' lang='lat' dir='ltr'><strong>sanetilicavit,</strong></span> <span class='ocrx_word' id='word_1_324' title='bbox 1346 2973 1461 3030; x_wconf 83' lang='lat' dir='ltr'><strong>imo</strong></span> <span class='ocrx_word' id='word_1_325' title='bbox 1483 2975 1647 3031; x_wconf 80' lang='lat' dir='ltr'><strong>etiam</strong></span> 
     </span>
    </p>
   </div>
   <div class='ocr_carea' id='block_1_47' title="bbox 59 3067 1647 3140">
    <p class='ocr_par' dir='ltr' id='par_1_47' title="bbox 59 3067 1647 3140">
     <span class='ocr_line' id='line_1_47' title="bbox 59 3067 1647 3140; baseline 0.001 -18"><span class='ocrx_word' id='word_1_326' title='bbox 59 3068 261 3139; x_wconf 80' lang='lat' dir='ltr'><strong>Spiritu</strong></span> <span class='ocrx_word' id='word_1_327' title='bbox 290 3077 485 3125; x_wconf 85' lang='lat' dir='ltr'><strong>sancto</strong></span> <span class='ocrx_word' id='word_1_328' title='bbox 507 3067 753 3140; x_wconf 87' lang='lat' dir='ltr'><strong>replevit.</strong></span> <span class='ocrx_word' id='word_1_329' title='bbox 779 3067 1022 3137; x_wconf 83' lang='lat' dir='ltr'><strong>Quartus</strong></span> <span class='ocrx_word' id='word_1_330' title='bbox 1040 3076 1146 3135; x_wconf 87' lang='lat' dir='ltr'><strong>est,</strong></span> <span class='ocrx_word' id='word_1_331' title='bbox 1179 3067 1325 3140; x_wconf 88' lang='lat' dir='ltr'><strong>quod</strong></span> <span class='ocrx_word' id='word_1_332' title='bbox 1348 3067 1416 3123; x_wconf 88' lang='lat' dir='ltr'><strong>ad</strong></span> <span class='ocrx_word' id='word_1_333' title='bbox 1440 3068 1647 3124; x_wconf 83' lang='lat' dir='ltr'><strong>adven-</strong></span> 
     </span>
    </p>
   </div>
   <div class='ocr_carea' id='block_1_48' title="bbox 1745 1879 3340 1950">
    <p class='ocr_par' dir='ltr' id='par_1_48' title="bbox 1745 1879 3340 1950">
     <span class='ocr_line' id='line_1_48' title="bbox 1745 1879 3340 1950; baseline 0.008 -22"><span class='ocrx_word' id='word_1_334' title='bbox 1745 1881 1960 1932; x_wconf 86' lang='lat' dir='ltr'><strong>ctantes</strong></span> <span class='ocrx_word' id='word_1_335' title='bbox 2004 1891 2172 1947; x_wconf 85' lang='lat' dir='ltr'><strong>penes</strong></span> <span class='ocrx_word' id='word_1_336' title='bbox 2197 1892 2257 1934; x_wconf 90' lang='lat' dir='ltr'><strong>se</strong></span> <span class='ocrx_word' id='word_1_337' title='bbox 2283 1879 2504 1950; x_wconf 82' lang='lat' dir='ltr'><strong>quantis</strong></span> <span class='ocrx_word' id='word_1_338' title='bbox 2524 1881 2820 1940; x_wconf 82' lang='lat' dir='ltr'><strong>virtutibus</strong></span> <span class='ocrx_word' id='word_1_339' title='bbox 2848 1882 2903 1937; x_wconf 90' lang='lat' dir='ltr'><strong>in</strong></span> <span class='ocrx_word' id='word_1_340' title='bbox 2931 1883 3040 1938; x_wconf 88' lang='lat' dir='ltr'><strong>vita</strong></span> <span class='ocrx_word' id='word_1_341' title='bbox 3070 1899 3168 1940; x_wconf 89' lang='lat' dir='ltr'><strong>sua</strong></span> <span class='ocrx_word' id='word_1_342' title='bbox 3194 1893 3340 1941; x_wconf 85' lang='lat' dir='ltr'><strong>esset</strong></span> 
     </span>
    </p>
   </div>
   <div class='ocr_carea' id='block_1_49' title="bbox 1748 1965 3342 2041">
    <p class='ocr_par' dir='ltr' id='par_1_49' title="bbox 1748 1965 3342 2041">
     <span class='ocr_line' id='line_1_49' title="bbox 1748 1965 3342 2041; baseline 0.008 -21"><span class='ocrx_word' id='word_1_343' title='bbox 1748 1965 2104 2038; x_wconf 86' lang='lat' dir='ltr'><strong>radiaturus,</strong></span> <span class='ocrx_word' id='word_1_344' title='bbox 2138 1969 2233 2041; x_wconf 90' lang='lat' dir='ltr'><strong>qtti</strong></span> <span class='ocrx_word' id='word_1_345' title='bbox 2263 1970 2426 2026; x_wconf 85' lang='lat' dir='ltr'><strong>etiam</strong></span> <span class='ocrx_word' id='word_1_346' title='bbox 2455 1973 2507 2026; x_wconf 89' lang='lat' dir='ltr'><strong>itt</strong></span> <span class='ocrx_word' id='word_1_347' title='bbox 2539 1973 2821 2030; x_wconf 84' lang='lat' dir='ltr'><strong>nativitate</strong></span> <span class='ocrx_word' id='word_1_348' title='bbox 2849 1975 3017 2031; x_wconf 87' lang='lat' dir='ltr'><strong>tantis</strong></span> <span class='ocrx_word' id='word_1_349' title='bbox 3051 1974 3342 2033; x_wconf 82' lang='lat' dir='ltr'><strong>virtutibus</strong></span> 
     </span>
    </p>
   </div>
   <div class='ocr_carea' id='block_1_50' title="bbox 1746 2056 3342 2137">
    <p class='ocr_par' dir='ltr' id='par_1_50' title="bbox 1746 2056 3342 2137">
     <span class='ocr_line' id='line_1_50' title="bbox 1746 2056 3342 2137; baseline 0.006 -25"><span class='ocrx_word' id='word_1_350' title='bbox 1746 2056 2013 2115; x_wconf 81' lang='lat' dir='ltr'><strong>radiabat.</strong></span> <span class='ocrx_word' id='word_1_351' title='bbox 2044 2058 2186 2116; x_wconf 79' lang='lat' dir='ltr'><strong>Bene</strong></span> <span class='ocrx_word' id='word_1_352' title='bbox 2207 2072 2390 2119; x_wconf 90' lang='lat' dir='ltr'><strong>autem</strong></span> <span class='ocrx_word' id='word_1_353' title='bbox 2413 2062 2674 2134; x_wconf 80' lang='lat' dir='ltr'><strong>Joannes,</strong></span> <span class='ocrx_word' id='word_1_354' title='bbox 2698 2064 2750 2120; x_wconf 70' lang='lat' dir='ltr'><strong>izl</strong></span> <span class='ocrx_word' id='word_1_355' title='bbox 2780 2074 2864 2122; x_wconf 92' lang='lat' dir='ltr'><strong>est</strong></span> <span class='ocrx_word' id='word_1_356' title='bbox 2888 2067 3090 2137; x_wconf 79' lang='lat' dir='ltr'><strong>gratia,</strong></span> <span class='ocrx_word' id='word_1_357' title='bbox 3133 2083 3342 2123; x_wconf 86' lang='lat' dir='ltr'><strong>nuncu-</strong></span> 
     </span>
    </p>
   </div>
   <div class='ocr_carea' id='block_1_51' title="bbox 1745 2150 3344 2225">
    <p class='ocr_par' dir='ltr' id='par_1_51' title="bbox 1745 2150 3344 2225">
     <span class='ocr_line' id='line_1_51' title="bbox 1745 2150 3344 2225; baseline 0.006 -22"><span class='ocrx_word' id='word_1_358' title='bbox 1745 2158 1909 2219; x_wconf 88' lang='lat' dir='ltr'><strong>patur</strong></span> <span class='ocrx_word' id='word_1_359' title='bbox 1930 2191 1946 2218; x_wconf 85' lang='lat'><strong>,</strong></span> <span class='ocrx_word' id='word_1_360' title='bbox 1975 2150 2069 2222; x_wconf 89' lang='lat' dir='ltr'><strong>qui</strong></span> <span class='ocrx_word' id='word_1_361' title='bbox 2100 2152 2333 2225; x_wconf 80' lang='lat' dir='ltr'><strong>gratiam</strong></span> <span class='ocrx_word' id='word_1_362' title='bbox 2370 2155 2665 2225; x_wconf 80' lang='lat' dir='ltr'><strong>pr:edicare</strong></span> <span class='ocrx_word' id='word_1_363' title='bbox 2691 2165 2931 2213; x_wconf 78' lang='lat' dir='ltr'><strong>\‘rttcrnt.</strong></span> <span class='ocrx_word' id='word_1_364' title='bbox 2972 2155 3080 2212; x_wconf 78' lang='lat' dir='ltr'><strong>Lex</strong></span> <span class='ocrx_word' id='word_1_365' title='bbox 3112 2158 3258 2212; x_wconf 89' lang='lat' dir='ltr'><strong>enim</strong></span> <span class='ocrx_word' id='word_1_366' title='bbox 3287 2166 3344 2213; x_wconf 86' lang='lat' dir='ltr'><strong>et</strong></span> 
     </span>
    </p>
   </div>
   <div class='ocr_carea' id='block_1_52' title="bbox 1746 2242 3343 2318">
    <p class='ocr_par' dir='ltr' id='par_1_52' title="bbox 1746 2242 3343 2318">
     <span class='ocr_line' id='line_1_52' title="bbox 1746 2242 3343 2318; baseline 0.006 -24"><span class='ocrx_word' id='word_1_367' title='bbox 1746 2242 2025 2312; x_wconf 70' lang='lat' dir='ltr'><strong>propheta:</strong></span> <span class='ocrx_word' id='word_1_368' title='bbox 2052 2259 2225 2317; x_wconf 85' lang='lat' dir='ltr'><strong>usque</strong></span> <span class='ocrx_word' id='word_1_369' title='bbox 2259 2243 2326 2300; x_wconf 89' lang='lat' dir='ltr'><strong>ad</strong></span> <span class='ocrx_word' id='word_1_370' title='bbox 2381 2244 2651 2303; x_wconf 79' lang='lat' dir='ltr'><strong>Joannem</strong></span> <span class='ocrx_word' id='word_1_371' title='bbox 2701 2245 2836 2311; x_wconf 87' lang='lat' dir='ltr'><strong>(Luc</strong></span> <span class='ocrx_word' id='word_1_372' title='bbox 2864 2248 3002 2318; x_wconf 77' lang='lat' dir='ltr'><strong>xvt),</strong></span> <span class='ocrx_word' id='word_1_373' title='bbox 3031 2257 3086 2305; x_wconf 90' lang='lat' dir='ltr'><strong>et</strong></span> <span class='ocrx_word' id='word_1_374' title='bbox 3120 2264 3150 2303; x_wconf 88' lang='lat' dir='ltr'><strong>a</strong></span> <span class='ocrx_word' id='word_1_375' title='bbox 3178 2246 3343 2303; x_wconf 79' lang='lat' dir='ltr'><strong>Joan—</strong></span> 
     </span>
    </p>
   </div>
   <div class='ocr_carea' id='block_1_53' title="bbox 1748 2334 3344 2406">
    <p class='ocr_par' dir='ltr' id='par_1_53' title="bbox 1748 2334 3344 2406">
     <span class='ocr_line' id='line_1_53' title="bbox 1748 2334 3344 2406; baseline 0.003 -21"><span class='ocrx_word' id='word_1_376' title='bbox 1748 2344 1817 2386; x_wconf 89' lang='lat' dir='ltr'><strong>ne</strong></span> <span class='ocrx_word' id='word_1_377' title='bbox 1865 2340 2080 2404; x_wconf 86' lang='lat' dir='ltr'><strong>tempus</strong></span> <span class='ocrx_word' id='word_1_378' title='bbox 2108 2334 2296 2406; x_wconf 73' lang='lat' dir='ltr'><strong>gratiae.</strong></span> <span class='ocrx_word' id='word_1_379' title='bbox 2325 2335 2634 2392; x_wconf 83' lang='lat' dir='ltr'><strong>inchoatur.</strong></span> <span class='ocrx_word' id='word_1_380' title='bbox 2696 2336 2936 2393; x_wconf 83' lang='lat' dir='ltr'><strong>Octavus</strong></span> <span class='ocrx_word' id='word_1_381' title='bbox 2981 2352 3112 2392; x_wconf 88' lang='lat' dir='ltr'><strong>vero</strong></span> <span class='ocrx_word' id='word_1_382' title='bbox 3165 2337 3344 2392; x_wconf 86' lang='lat' dir='ltr'><strong>honor</strong></span> 
     </span>
    </p>
   </div>
   <div class='ocr_carea' id='block_1_54' title="bbox 1745 2420 3341 2501">
    <p class='ocr_par' dir='ltr' id='par_1_54' title="bbox 1745 2420 3341 2501">
     <span class='ocr_line' id='line_1_54' title="bbox 1745 2420 3341 2501; baseline 0.003 -23"><span class='ocrx_word' id='word_1_383' title='bbox 1745 2431 1869 2491; x_wconf 88' lang='lat' dir='ltr'><strong>est,</strong></span> <span class='ocrx_word' id='word_1_384' title='bbox 1942 2420 2091 2495; x_wconf 78' lang='lat' dir='ltr'><strong>quod</strong></span> <span class='ocrx_word' id='word_1_385' title='bbox 2144 2426 2316 2499; x_wconf 87' lang='lat' dir='ltr'><strong>gratia</strong></span> <span class='ocrx_word' id='word_1_386' title='bbox 2380 2428 2474 2482; x_wconf 90' lang='lat' dir='ltr'><strong>lilii</strong></span> <span class='ocrx_word' id='word_1_387' title='bbox 2526 2428 2804 2501; x_wconf 79' lang='lat' dir='ltr'><strong>propln-ta:</strong></span> <span class='ocrx_word' id='word_1_388' title='bbox 2851 2428 3115 2500; x_wconf 82' lang='lat' dir='ltr'><strong>propheta</strong></span> <span class='ocrx_word' id='word_1_389' title='bbox 3174 2428 3341 2484; x_wconf 86' lang='lat' dir='ltr'><strong>etiam</strong></span> 
     </span>
    </p>
   </div>
   <div class='ocr_carea' id='block_1_55' title="bbox 1749 2512 3342 2587">
    <p class='ocr_par' dir='ltr' id='par_1_55' title="bbox 1749 2512 3342 2587">
     <span class='ocr_line' id='line_1_55' title="bbox 1749 2512 3342 2587; baseline 0.002 -17"><span class='ocrx_word' id='word_1_390' title='bbox 1749 2512 1865 2587; x_wconf 84' lang='lat' dir='ltr'><strong>ipse</strong></span> <span class='ocrx_word' id='word_1_391' title='bbox 1886 2526 2043 2587; x_wconf 87' lang='lat' dir='ltr'><strong>pater</strong></span> <span class='ocrx_word' id='word_1_392' title='bbox 2073 2515 2325 2575; x_wconf 78' lang='lat' dir='ltr'><strong>ellieitur.</strong></span> <span class='ocrx_word' id='word_1_393' title='bbox 2358 2517 2512 2576; x_wconf 82' lang='lat' dir='ltr'><strong>Unde</strong></span> <span class='ocrx_word' id='word_1_394' title='bbox 2540 2531 2595 2577; x_wconf 91' lang='lat' dir='ltr'><strong>et</strong></span> <span class='ocrx_word' id='word_1_395' title='bbox 2617 2520 2872 2576; x_wconf 81' lang='lat' dir='ltr'><strong>subditur</strong></span> <span class='ocrx_word' id='word_1_396' title='bbox 2902 2538 2916 2575; x_wconf 75' lang='grc' dir='ltr'><strong>ε</strong></span> <span class='ocrx_word' id='word_1_397' title='bbox 2955 2518 3022 2574; x_wconf 75' lang='lat' dir='ltr'><strong>Et</strong></span> <span class='ocrx_word' id='word_1_398' title='bbox 3049 2518 3342 2574; x_wconf 82' lang='lat' dir='ltr'><strong>Zacharias</strong></span> 
     </span>
    </p>
   </div>
   <div class='ocr_carea' id='block_1_56' title="bbox 1747 2609 3342 2684">
    <p class='ocr_par' dir='ltr' id='par_1_56' title="bbox 1747 2609 3342 2684">
     <span class='ocr_line' id='line_1_56' title="bbox 1747 2609 3342 2684; baseline 0.002 -22"><span class='ocrx_word' id='word_1_399' title='bbox 1747 2618 1900 2678; x_wconf 82' lang='lat' dir='ltr'><strong>pater</strong></span> <span class='ocrx_word' id='word_1_400' title='bbox 1935 2609 2051 2679; x_wconf 79' lang='lat' dir='ltr'><strong>ejus</strong></span> <span class='ocrx_word' id='word_1_401' title='bbox 2074 2609 2325 2681; x_wconf 80' lang='lat' dir='ltr'><strong>impletus</strong></span> <span class='ocrx_word' id='word_1_402' title='bbox 2353 2625 2430 2667; x_wconf 83' lang='lat' dir='ltr'><strong>est</strong></span> <span class='ocrx_word' id='word_1_403' title='bbox 2460 2611 2665 2684; x_wconf 81' lang='lat' dir='ltr'><strong>Spiritu</strong></span> <span class='ocrx_word' id='word_1_404' title='bbox 2697 2620 2907 2680; x_wconf 80' lang='lat' dir='ltr'><strong>sancto,</strong></span> <span class='ocrx_word' id='word_1_405' title='bbox 2933 2620 2982 2666; x_wconf 82' lang='lat' dir='ltr'><strong>et</strong></span> <span class='ocrx_word' id='word_1_406' title='bbox 3010 2611 3342 2681; x_wconf 75' lang='lat' dir='ltr'><strong>prophetarit</strong></span> 
     </span>
    </p>
   </div>
   <div class='ocr_carea' id='block_1_57' title="bbox 1747 2699 3343 2775">
    <p class='ocr_par' dir='ltr' id='par_1_57' title="bbox 1747 2699 3343 2775">
     <span class='ocr_line' id='line_1_57' title="bbox 1747 2699 3343 2775; baseline 0.003 -22"><span class='ocrx_word' id='word_1_407' title='bbox 1747 2699 1950 2758; x_wconf 78' lang='lat' dir='ltr'><strong>dicens:</strong></span> <span class='ocrx_word' id='word_1_408' title='bbox 1984 2700 2302 2759; x_wconf 82' lang='lat' dir='ltr'><strong>Benedictus</strong></span> <span class='ocrx_word' id='word_1_409' title='bbox 2335 2702 2592 2759; x_wconf 82' lang='lat' dir='ltr'><strong>Dominus</strong></span> <span class='ocrx_word' id='word_1_410' title='bbox 2625 2704 2763 2761; x_wconf 71' lang='lat' dir='ltr'><strong>Deus</strong></span> <span class='ocrx_word' id='word_1_411' title='bbox 2790 2703 2983 2771; x_wconf 75' lang='lat' dir='ltr'><strong>Israel,</strong></span> <span class='ocrx_word' id='word_1_412' title='bbox 3006 2705 3132 2775; x_wconf 81' lang='lat' dir='ltr'><strong>quia</strong></span> <span class='ocrx_word' id='word_1_413' title='bbox 3157 2704 3343 2758; x_wconf 74' lang='lat' dir='ltr'><strong>visita-</strong></span> 
     </span>
    </p>
   </div>
   <div class='ocr_carea' id='block_1_58' title="bbox 1749 2788 3346 2868">
    <p class='ocr_par' dir='ltr' id='par_1_58' title="bbox 1749 2788 3346 2868">
     <span class='ocr_line' id='line_1_58' title="bbox 1749 2788 3346 2868; baseline 0.003 -22"><span class='ocrx_word' id='word_1_414' title='bbox 1749 2788 1822 2847; x_wconf 59' lang='lat' dir='ltr'><strong>‘oit</strong></span> <span class='ocrx_word' id='word_1_415' title='bbox 1848 2802 1899 2848; x_wconf 82' lang='lat' dir='ltr'><strong>et</strong></span> <span class='ocrx_word' id='word_1_416' title='bbox 1940 2792 2064 2863; x_wconf 82' lang='lat' dir='ltr'><strong>fecit</strong></span> <span class='ocrx_word' id='word_1_417' title='bbox 2096 2794 2504 2867; x_wconf 77' lang='lat' dir='ltr'><strong>redemptionem</strong></span> <span class='ocrx_word' id='word_1_418' title='bbox 2526 2797 2694 2864; x_wconf 75' lang='lat' dir='ltr'><strong>plebis</strong></span> <span class='ocrx_word' id='word_1_419' title='bbox 2722 2812 2855 2852; x_wconf 67' lang='lat' dir='ltr'><strong>sum.</strong></span> <span class='ocrx_word' id='word_1_420' title='bbox 2893 2794 2952 2851; x_wconf 81' lang='lat' dir='ltr'><strong>In</strong></span> <span class='ocrx_word' id='word_1_421' title='bbox 2988 2810 3099 2868; x_wconf 90' lang='lat' dir='ltr'><strong>quo</strong></span> <span class='ocrx_word' id='word_1_422' title='bbox 3127 2795 3346 2850; x_wconf 82' lang='lat' dir='ltr'><strong>cantico</strong></span> 
     </span>
    </p>
   </div>
   <div class='ocr_carea' id='block_1_59' title="bbox 1750 2882 3345 2965">
    <p class='ocr_par' dir='ltr' id='par_1_59' title="bbox 1750 2882 3345 2965">
     <span class='ocr_line' id='line_1_59' title="bbox 1750 2882 3345 2965; baseline 0.004 -28"><span class='ocrx_word' id='word_1_423' title='bbox 1750 2882 1854 2965; x_wconf 85' lang='lat' dir='ltr'><strong>tria</strong></span> <span class='ocrx_word' id='word_1_424' title='bbox 1878 2882 2027 2942; x_wconf 84' lang='lat' dir='ltr'><strong>facit.</strong></span> <span class='ocrx_word' id='word_1_425' title='bbox 2062 2885 2248 2945; x_wconf 82' lang='lat' dir='ltr'><strong>Primo</strong></span> <span class='ocrx_word' id='word_1_426' title='bbox 2270 2888 2417 2944; x_wconf 91' lang='lat' dir='ltr'><strong>enim</strong></span> <span class='ocrx_word' id='word_1_427' title='bbox 2446 2887 2740 2946; x_wconf 89' lang='lat' dir='ltr'><strong>Dotnitntm</strong></span> <span class='ocrx_word' id='word_1_428' title='bbox 2771 2889 2839 2946; x_wconf 88' lang='lat' dir='ltr'><strong>de</strong></span> <span class='ocrx_word' id='word_1_429' title='bbox 2882 2887 3199 2959; x_wconf 88' lang='lat' dir='ltr'><strong>itupletione</strong></span> <span class='ocrx_word' id='word_1_430' title='bbox 3223 2902 3345 2958; x_wconf 80' lang='lat' dir='ltr'><strong>pro-</strong></span> 
     </span>
    </p>
   </div>
   <div class='ocr_carea' id='block_1_60' title="bbox 1750 2973 3347 3048">
    <p class='ocr_par' dir='ltr' id='par_1_60' title="bbox 1750 2973 3347 3048">
     <span class='ocr_line' id='line_1_60' title="bbox 1750 2973 3347 3048; baseline 0.002 -19"><span class='ocrx_word' id='word_1_431' title='bbox 1750 2973 2034 3033; x_wconf 83' lang='lat' dir='ltr'><strong>missionis</strong></span> <span class='ocrx_word' id='word_1_432' title='bbox 2063 2976 2312 3048; x_wconf 87' lang='lat' dir='ltr'><strong>patribus</strong></span> <span class='ocrx_word' id='word_1_433' title='bbox 2346 2976 2503 3035; x_wconf 79' lang='lat' dir='ltr'><strong>facta:</strong></span> <span class='ocrx_word' id='word_1_434' title='bbox 2538 2979 2830 3035; x_wconf 89' lang='lat' dir='ltr'><strong>benedicit.</strong></span> <span class='ocrx_word' id='word_1_435' title='bbox 2861 2975 3116 3035; x_wconf 88' lang='lat' dir='ltr'><strong>Secundo</strong></span> <span class='ocrx_word' id='word_1_436' title='bbox 3164 2977 3347 3032; x_wconf 89' lang='lat' dir='ltr'><strong>infan-</strong></span> 
     </span>
    </p>
   </div>
   <div class='ocr_carea' id='block_1_61' title="bbox 1755 3064 3349 3144">
    <p class='ocr_par' dir='ltr' id='par_1_61' title="bbox 1755 3064 3349 3144">
     <span class='ocr_line' id='line_1_61' title="bbox 1755 3064 3349 3144; baseline 0.003 -24"><span class='ocrx_word' id='word_1_437' title='bbox 1755 3064 1927 3121; x_wconf 90' lang='lat' dir='ltr'><strong>tulum</strong></span> <span class='ocrx_word' id='word_1_438' title='bbox 1952 3069 2275 3140; x_wconf 86' lang='lat' dir='ltr'><strong>prophetam</strong></span> <span class='ocrx_word' id='word_1_439' title='bbox 2310 3069 2431 3126; x_wconf 86' lang='lat' dir='ltr'><strong>vias</strong></span> <span class='ocrx_word' id='word_1_440' title='bbox 2450 3069 2689 3127; x_wconf 85' lang='lat' dir='ltr'><strong>Domino</strong></span> <span class='ocrx_word' id='word_1_441' title='bbox 2712 3079 3144 3144; x_wconf 66' lang='lat' dir='ltr'><strong>praeparatarum</strong></span> <span class='ocrx_word' id='word_1_442' title='bbox 3167 3079 3349 3126; x_wconf 68' lang='lat' dir='ltr'><strong>ostem</strong></span> 
     </span>
    </p>
   </div>
   <div class='ocr_carea' id='block_1_62' title="bbox 59 3154 3345 3232">
    <p class='ocr_par' dir='ltr' id='par_1_62' title="bbox 59 3154 3345 3232">
     <span class='ocr_line' id='line_1_62' title="bbox 59 3154 3345 3232; baseline 0.001 -17"><span class='ocrx_word' id='word_1_443' title='bbox 59 3168 166 3215; x_wconf 91' lang='lat' dir='ltr'><strong>tum</strong></span> <span class='ocrx_word' id='word_1_444' title='bbox 200 3169 574 3218; x_wconf 65' lang='grc' dir='ltr'>εειετοεοιιειω</span> <span class='ocrx_word' id='word_1_445' title='bbox 618 3158 856 3232; x_wconf 74' lang='lat' dir='ltr'><strong>Virginis</strong></span> <span class='ocrx_word' id='word_1_446' title='bbox 876 3158 1076 3216; x_wconf 88' lang='lat' dir='ltr'><strong>Filium</strong></span> <span class='ocrx_word' id='word_1_447' title='bbox 1105 3156 1200 3214; x_wconf 90' lang='lat' dir='ltr'><strong>Dei</strong></span> <span class='ocrx_word' id='word_1_448' title='bbox 1249 3157 1305 3214; x_wconf 91' lang='lat' dir='ltr'><strong>in</strong></span> <span class='ocrx_word' id='word_1_449' title='bbox 1327 3167 1485 3214; x_wconf 90' lang='lat' dir='ltr'><strong>utero</strong></span> <span class='ocrx_word' id='word_1_450' title='bbox 1524 3173 1649 3229; x_wconf 86' lang='lat' dir='ltr'><strong>ges-</strong></span> <span class='ocrx_word' id='word_1_451' title='bbox 1674 3154 1719 3213; x_wconf 87' lang='lat' dir='ltr'><strong><em>C</em></strong></span> <span class='ocrx_word' id='word_1_452' title='bbox 1748 3157 1846 3214; x_wconf 91' lang='lat' dir='ltr'><strong>dit.</strong></span> <span class='ocrx_word' id='word_1_453' title='bbox 1875 3157 2060 3216; x_wconf 85' lang='lat' dir='ltr'><strong>Tertio</strong></span> <span class='ocrx_word' id='word_1_454' title='bbox 2082 3177 2272 3218; x_wconf 85' lang='lat' dir='ltr'><strong>verum</strong></span> <span class='ocrx_word' id='word_1_455' title='bbox 2305 3162 2488 3220; x_wconf 90' lang='lat' dir='ltr'><strong>lumen</strong></span> <span class='ocrx_word' id='word_1_456' title='bbox 2520 3175 2702 3220; x_wconf 84' lang='lat' dir='ltr'><strong>ortum</strong></span> <span class='ocrx_word' id='word_1_457' title='bbox 2735 3181 2802 3220; x_wconf 77' lang='lat' dir='ltr'><strong>ex</strong></span> <span class='ocrx_word' id='word_1_458' title='bbox 2865 3164 2977 3219; x_wconf 89' lang='lat' dir='ltr'><strong>alto</strong></span> <span class='ocrx_word' id='word_1_459' title='bbox 3034 3164 3100 3219; x_wconf 88' lang='lat' dir='ltr'><strong>ad</strong></span> <span class='ocrx_word' id='word_1_460' title='bbox 3145 3163 3345 3218; x_wconf 86' lang='lat' dir='ltr'><strong>illumi-</strong></span> 
     </span>
    </p>
   </div>
   <div class='ocr_carea' id='block_1_63' title="bbox 58 3250 1650 3325">
    <p class='ocr_par' dir='ltr' id='par_1_63' title="bbox 58 3250 1650 3325">
     <span class='ocr_line' id='line_1_63' title="bbox 58 3250 1650 3325; baseline -0.002 -17"><span class='ocrx_word' id='word_1_461' title='bbox 58 3254 247 3323; x_wconf 89' lang='lat' dir='ltr'><strong>tantis,</strong></span> <span class='ocrx_word' id='word_1_462' title='bbox 307 3267 436 3309; x_wconf 91' lang='lat' dir='ltr'><strong>eum</strong></span> <span class='ocrx_word' id='word_1_463' title='bbox 486 3252 541 3308; x_wconf 92' lang='lat' dir='ltr'><strong>in</strong></span> <span class='ocrx_word' id='word_1_464' title='bbox 575 3262 732 3309; x_wconf 89' lang='lat' dir='ltr'><strong>utero</strong></span> <span class='ocrx_word' id='word_1_465' title='bbox 751 3254 1052 3322; x_wconf 73' lang='lat' dir='ltr'><strong>exsultare,</strong></span> <span class='ocrx_word' id='word_1_466' title='bbox 1075 3260 1131 3308; x_wconf 90' lang='lat' dir='ltr'><strong>et</strong></span> <span class='ocrx_word' id='word_1_467' title='bbox 1180 3267 1277 3325; x_wconf 88' lang='lat' dir='ltr'><strong>per</strong></span> <span class='ocrx_word' id='word_1_468' title='bbox 1319 3268 1384 3309; x_wconf 92' lang='lat' dir='ltr'><strong>os</strong></span> <span class='ocrx_word' id='word_1_469' title='bbox 1434 3250 1650 3320; x_wconf 89' lang='lat' dir='ltr'><strong>matris,</strong></span> 
     </span>
    </p>
   </div>
   <div class='ocr_carea' id='block_1_64' title="bbox 59 3341 1652 3416">
    <p class='ocr_par' dir='ltr' id='par_1_64' title="bbox 59 3341 1652 3416">
     <span class='ocr_line' id='line_1_64' title="bbox 59 3341 1652 3416; baseline -0.001 -15"><span class='ocrx_word' id='word_1_470' title='bbox 59 3346 199 3414; x_wconf 80' lang='lat' dir='ltr'><strong>quod</strong></span> <span class='ocrx_word' id='word_1_471' title='bbox 233 3361 273 3402; x_wconf 86' lang='lat' dir='ltr'><strong>a</strong></span> <span class='ocrx_word' id='word_1_472' title='bbox 318 3344 521 3402; x_wconf 64' lang='lat' dir='ltr'><strong>saeculo</strong></span> <span class='ocrx_word' id='word_1_473' title='bbox 547 3344 859 3401; x_wconf 87' lang='lat' dir='ltr'><strong>inauditum</strong></span> <span class='ocrx_word' id='word_1_474' title='bbox 895 3344 1096 3414; x_wconf 82' lang='lat' dir='ltr'><strong>fuerat,</strong></span> <span class='ocrx_word' id='word_1_475' title='bbox 1126 3344 1456 3416; x_wconf 89' lang='lat' dir='ltr'><strong>prophetare</strong></span> <span class='ocrx_word' id='word_1_476' title='bbox 1501 3341 1652 3412; x_wconf 87' lang='lat' dir='ltr'><strong>fecit,</strong></span> 
     </span>
    </p>
   </div>
   <div class='ocr_carea' id='block_1_65' title="bbox 59 3435 1656 3508">
    <p class='ocr_par' dir='ltr' id='par_1_65' title="bbox 59 3435 1656 3508">
     <span class='ocr_line' id='line_1_65' title="bbox 59 3435 1656 3508; baseline 0.001 -17"><span class='ocrx_word' id='word_1_477' title='bbox 59 3436 193 3493; x_wconf 88' lang='lat' dir='ltr'><strong>sicut</strong></span> <span class='ocrx_word' id='word_1_478' title='bbox 233 3436 420 3494; x_wconf 85' lang='lat' dir='ltr'><strong>Lucas</strong></span> <span class='ocrx_word' id='word_1_479' title='bbox 466 3436 520 3491; x_wconf 90' lang='lat' dir='ltr'><strong>in</strong></span> <span class='ocrx_word' id='word_1_480' title='bbox 562 3435 998 3507; x_wconf 64' lang='lat' dir='ltr'><strong>praecedentibus</strong></span> <span class='ocrx_word' id='word_1_481' title='bbox 1036 3435 1313 3508; x_wconf 78' lang='lat' dir='ltr'><strong>Evangelii</strong></span> <span class='ocrx_word' id='word_1_482' title='bbox 1342 3435 1429 3492; x_wconf 91' lang='lat' dir='ltr'><strong>sui</strong></span> <span class='ocrx_word' id='word_1_483' title='bbox 1468 3445 1656 3507; x_wconf 86' lang='lat' dir='ltr'><strong>aperte</strong></span> 
     </span>
    </p>
   </div>
   <div class='ocr_carea' id='block_1_66' title="bbox 59 3527 1657 3602">
    <p class='ocr_par' dir='ltr' id='par_1_66' title="bbox 59 3527 1657 3602">
     <span class='ocr_line' id='line_1_66' title="bbox 59 3527 1657 3602; baseline -0.003 -15"><span class='ocrx_word' id='word_1_484' title='bbox 59 3533 416 3588; x_wconf 88' lang='lat' dir='ltr'><strong>demonstrat.</strong></span> <span class='ocrx_word' id='word_1_485' title='bbox 431 3530 668 3599; x_wconf 86' lang='lat' dir='ltr'><strong>Quintus</strong></span> <span class='ocrx_word' id='word_1_486' title='bbox 687 3531 935 3602; x_wconf 88' lang='lat' dir='ltr'><strong>estquod</strong></span> <span class='ocrx_word' id='word_1_487' title='bbox 963 3538 1151 3586; x_wconf 90' lang='lat' dir='ltr'><strong>contra</strong></span> <span class='ocrx_word' id='word_1_488' title='bbox 1172 3538 1422 3584; x_wconf 88' lang='lat' dir='ltr'><strong>naturam</strong></span> <span class='ocrx_word' id='word_1_489' title='bbox 1449 3527 1516 3584; x_wconf 91' lang='lat' dir='ltr'><strong>de</strong></span> <span class='ocrx_word' id='word_1_490' title='bbox 1536 3543 1624 3583; x_wconf 89' lang='lat' dir='ltr'><strong>ma</strong></span> <span class='ocrx_word' id='word_1_491' title='bbox 1638 3556 1657 3568; x_wconf 88' lang='lat'><strong>-</strong></span> 
     </span>
    </p>
   </div>
   <div class='ocr_carea' id='block_1_67' title="bbox 60 3621 1659 3697">
    <p class='ocr_par' dir='ltr' id='par_1_67' title="bbox 60 3621 1659 3697">
     <span class='ocr_line' id='line_1_67' title="bbox 60 3621 1659 3697; baseline -0.003 -16"><span class='ocrx_word' id='word_1_492' title='bbox 60 3635 135 3682; x_wconf 84' lang='lat' dir='ltr'><strong>tre</strong></span> <span class='ocrx_word' id='word_1_493' title='bbox 166 3626 345 3683; x_wconf 88' lang='lat' dir='ltr'><strong>sterili</strong></span> <span class='ocrx_word' id='word_1_494' title='bbox 368 3634 424 3682; x_wconf 88' lang='lat' dir='ltr'><strong>et</strong></span> <span class='ocrx_word' id='word_1_495' title='bbox 460 3635 692 3697; x_wconf 88' lang='lat' dir='ltr'><strong>utroque</strong></span> <span class='ocrx_word' id='word_1_496' title='bbox 724 3632 948 3697; x_wconf 87' lang='lat' dir='ltr'><strong>parente</strong></span> <span class='ocrx_word' id='word_1_497' title='bbox 975 3638 1105 3679; x_wconf 86' lang='lat' dir='ltr'><strong>sene</strong></span> <span class='ocrx_word' id='word_1_498' title='bbox 1129 3621 1453 3678; x_wconf 83' lang='lat' dir='ltr'><strong>mirabiliter</strong></span> <span class='ocrx_word' id='word_1_499' title='bbox 1495 3628 1659 3677; x_wconf 86' lang='lat' dir='ltr'><strong>natus</strong></span> 
     </span>
    </p>
   </div>
   <div class='ocr_carea' id='block_1_68' title="bbox 60 3708 1657 3787">
    <p class='ocr_par' dir='ltr' id='par_1_68' title="bbox 60 3708 1657 3787">
     <span class='ocr_line' id='line_1_68' title="bbox 60 3708 1657 3787; baseline -0.004 -14"><span class='ocrx_word' id='word_1_500' title='bbox 60 3728 154 3773; x_wconf 78' lang='lat' dir='ltr'><strong>est.</strong></span> <span class='ocrx_word' id='word_1_501' title='bbox 174 3716 338 3774; x_wconf 86' lang='lat' dir='ltr'><strong>Unde</strong></span> <span class='ocrx_word' id='word_1_502' title='bbox 352 3726 405 3772; x_wconf 90' lang='lat' dir='ltr'><strong>ct</strong></span> <span class='ocrx_word' id='word_1_503' title='bbox 431 3717 486 3772; x_wconf 90' lang='lat' dir='ltr'><strong>in</strong></span> <span class='ocrx_word' id='word_1_504' title='bbox 505 3716 733 3772; x_wconf 81' lang='lat' dir='ltr'><strong>exordio</strong></span> <span class='ocrx_word' id='word_1_505' title='bbox 749 3714 1074 3787; x_wconf 62' lang='lat' dir='ltr'><strong>evangelicae</strong></span> <span class='ocrx_word' id='word_1_506' title='bbox 1096 3708 1346 3770; x_wconf 88' lang='lat' dir='ltr'><strong>lectionis</strong></span> <span class='ocrx_word' id='word_1_507' title='bbox 1368 3710 1532 3767; x_wconf 90' lang='lat' dir='ltr'><strong>modo</strong></span> <span class='ocrx_word' id='word_1_508' title='bbox 1554 3726 1657 3767; x_wconf 88' lang='lat' dir='ltr'><strong>au-</strong></span> 
     </span>
    </p>
   </div>
   <div class='ocr_carea' id='block_1_69' title="bbox 60 3805 1660 3879">
    <p class='ocr_par' dir='ltr' id='par_1_69' title="bbox 60 3805 1660 3879">
     <span class='ocr_line' id='line_1_69' title="bbox 60 3805 1660 3879; baseline -0.004 -13"><span class='ocrx_word' id='word_1_509' title='bbox 60 3810 298 3867; x_wconf 80' lang='lat' dir='ltr'><strong>divimus</strong></span> <span class='ocrx_word' id='word_1_510' title='bbox 316 3828 329 3867; x_wconf 88' lang='lat'><strong>:</strong></span> <span class='ocrx_word' id='word_1_511' title='bbox 349 3808 620 3865; x_wconf 79' lang='lat' dir='ltr'><strong>Elisabetlt</strong></span> <span class='ocrx_word' id='word_1_512' title='bbox 636 3807 906 3879; x_wconf 84' lang='lat' dir='ltr'><strong>impletum</strong></span> <span class='ocrx_word' id='word_1_513' title='bbox 921 3816 998 3862; x_wconf 81' lang='lat' dir='ltr'><strong>est</strong></span> <span class='ocrx_word' id='word_1_514' title='bbox 1017 3817 1219 3878; x_wconf 78' lang='lat' dir='ltr'><strong>tempus</strong></span> <span class='ocrx_word' id='word_1_515' title='bbox 1239 3805 1483 3877; x_wconf 85' lang='lat' dir='ltr'><strong>pariendi</strong></span> <span class='ocrx_word' id='word_1_516' title='bbox 1489 3813 1555 3873; x_wconf 86' lang='lat' dir='ltr'><strong>,et</strong></span> <span class='ocrx_word' id='word_1_517' title='bbox 1569 3821 1660 3876; x_wconf 83' lang='lat' dir='ltr'><strong>pe-</strong></span> 
     </span>
    </p>
   </div>
   <div class='ocr_carea' id='block_1_70' title="bbox 60 3897 1662 3974">
    <p class='ocr_par' dir='ltr' id='par_1_70' title="bbox 60 3897 1662 3974">
     <span class='ocr_line' id='line_1_70' title="bbox 60 3897 1662 3974; baseline -0.002 -17"><span class='ocrx_word' id='word_1_518' title='bbox 60 3903 187 3972; x_wconf 77' lang='lat' dir='ltr'><strong>perit</strong></span> <span class='ocrx_word' id='word_1_519' title='bbox 201 3902 491 3974; x_wconf 78' lang='lat' dir='ltr'><strong>ﬁlium.Ac</strong></span> <span class='ocrx_word' id='word_1_520' title='bbox 500 3902 545 3958; x_wconf 93' lang='lat' dir='ltr'><strong>si</strong></span> <span class='ocrx_word' id='word_1_521' title='bbox 558 3902 773 3959; x_wconf 87' lang='lat' dir='ltr'><strong>dicatur</strong></span> <span class='ocrx_word' id='word_1_522' title='bbox 790 3920 801 3956; x_wconf 94' lang='lat'><strong>:</strong></span> <span class='ocrx_word' id='word_1_523' title='bbox 826 3898 1125 3967; x_wconf 73' lang='lat' dir='ltr'><strong>Eliz‘abcth,</strong></span> <span class='ocrx_word' id='word_1_524' title='bbox 1140 3898 1299 3969; x_wconf 91' lang='lat' dir='ltr'><strong>cujus</strong></span> <span class='ocrx_word' id='word_1_525' title='bbox 1307 3897 1421 3969; x_wconf 88' lang='lat' dir='ltr'><strong>jam</strong></span> <span class='ocrx_word' id='word_1_526' title='bbox 1442 3906 1662 3970; x_wconf 56' lang='lat' dir='ltr'><strong>practer-</strong></span> 
     </span>
    </p>
   </div>
   <div class='ocr_carea' id='block_1_71' title="bbox 64 3990 1655 4066">
    <p class='ocr_par' dir='ltr' id='par_1_71' title="bbox 64 3990 1655 4066">
     <span class='ocr_line' id='line_1_71' title="bbox 64 3990 1655 4066; baseline -0.003 -17"><span class='ocrx_word' id='word_1_527' title='bbox 64 3995 194 4050; x_wconf 88' lang='lat' dir='ltr'><strong>ierat</strong></span> <span class='ocrx_word' id='word_1_528' title='bbox 213 4005 434 4066; x_wconf 87' lang='lat' dir='ltr'><strong>tempus</strong></span> <span class='ocrx_word' id='word_1_529' title='bbox 475 3993 745 4065; x_wconf 85' lang='lat' dir='ltr'><strong>pariendi,</strong></span> <span class='ocrx_word' id='word_1_530' title='bbox 775 3993 1097 4048; x_wconf 86' lang='lat' dir='ltr'><strong>mirabiliter</strong></span> <span class='ocrx_word' id='word_1_531' title='bbox 1119 3990 1353 4046; x_wconf 88' lang='lat' dir='ltr'><strong>Domino</strong></span> <span class='ocrx_word' id='word_1_532' title='bbox 1374 3999 1655 4062; x_wconf 85' lang='lat' dir='ltr'><strong>operante,</strong></span> 
     </span>
    </p>
   </div>
   <div class='ocr_carea' id='block_1_72' title="bbox 64 4081 1657 4156">
    <p class='ocr_par' dir='ltr' id='par_1_72' title="bbox 64 4081 1657 4156">
     <span class='ocr_line' id='line_1_72' title="bbox 64 4081 1657 4156; baseline -0.003 -17"><span class='ocrx_word' id='word_1_533' title='bbox 64 4086 113 4140; x_wconf 89' lang='lat' dir='ltr'><strong>in</strong></span> <span class='ocrx_word' id='word_1_534' title='bbox 126 4085 629 4143; x_wconf 88' lang='lat' dir='ltr'><strong>diebussenectutis</strong></span> <span class='ocrx_word' id='word_1_535' title='bbox 641 4084 1061 4156; x_wconf 74' lang='lat' dir='ltr'><strong>sum,impletum</strong></span> <span class='ocrx_word' id='word_1_536' title='bbox 1079 4092 1163 4140; x_wconf 90' lang='lat' dir='ltr'><strong>est</strong></span> <span class='ocrx_word' id='word_1_537' title='bbox 1182 4092 1397 4154; x_wconf 89' lang='lat' dir='ltr'><strong>tempus</strong></span> <span class='ocrx_word' id='word_1_538' title='bbox 1411 4081 1657 4155; x_wconf 89' lang='lat' dir='ltr'><strong>pariendi</strong></span> 
     </span>
    </p>
   </div>
   <div class='ocr_carea' id='block_1_73' title="bbox 64 4176 1656 4251">
    <p class='ocr_par' dir='ltr' id='par_1_73' title="bbox 64 4176 1656 4251">
     <span class='ocr_line' id='line_1_73' title="bbox 64 4176 1656 4251; baseline -0.001 -19"><span class='ocrx_word' id='word_1_539' title='bbox 64 4188 113 4233; x_wconf 86' lang='lat' dir='ltr'><strong>et</strong></span> <span class='ocrx_word' id='word_1_540' title='bbox 135 4180 347 4251; x_wconf 85' lang='lat' dir='ltr'><strong>peperit</strong></span> <span class='ocrx_word' id='word_1_541' title='bbox 366 4176 632 4234; x_wconf 85' lang='lat' dir='ltr'><strong>lilium.Et</strong></span> <span class='ocrx_word' id='word_1_542' title='bbox 655 4178 878 4251; x_wconf 89' lang='lat' dir='ltr'><strong>pulchre</strong></span> <span class='ocrx_word' id='word_1_543' title='bbox 898 4179 966 4233; x_wconf 88' lang='lat' dir='ltr'><strong>de</strong></span> <span class='ocrx_word' id='word_1_544' title='bbox 989 4192 1119 4233; x_wconf 88' lang='lat' dir='ltr'><strong>sene</strong></span> <span class='ocrx_word' id='word_1_545' title='bbox 1138 4185 1189 4232; x_wconf 90' lang='lat' dir='ltr'><strong>et</strong></span> <span class='ocrx_word' id='word_1_546' title='bbox 1211 4176 1656 4242; x_wconf 89' lang='lat' dir='ltr'><strong>sterilinascitur,</strong></span> 
     </span>
    </p>
   </div>
   <div class='ocr_carea' id='block_1_74' title="bbox 65 4267 1658 4342">
    <p class='ocr_par' dir='ltr' id='par_1_74' title="bbox 65 4267 1658 4342">
     <span class='ocr_line' id='line_1_74' title="bbox 65 4267 1658 4342; baseline -0.003 -16"><span class='ocrx_word' id='word_1_547' title='bbox 65 4273 151 4342; x_wconf 88' lang='lat' dir='ltr'><strong>qui</strong></span> <span class='ocrx_word' id='word_1_548' title='bbox 176 4271 523 4328; x_wconf 86' lang='lat' dir='ltr'><strong>nasciturum</strong></span> <span class='ocrx_word' id='word_1_549' title='bbox 549 4272 616 4327; x_wconf 92' lang='lat' dir='ltr'><strong>de</strong></span> <span class='ocrx_word' id='word_1_550' title='bbox 639 4270 848 4342; x_wconf 68' lang='lat' dir='ltr'><strong>virgine</strong></span> <span class='ocrx_word' id='word_1_551' title='bbox 861 4268 1160 4342; x_wconf 73' lang='lat' dir='ltr'><strong>praedicare</strong></span> <span class='ocrx_word' id='word_1_552' title='bbox 1171 4268 1447 4337; x_wconf 80' lang='lat' dir='ltr'><strong>veniebat,</strong></span> <span class='ocrx_word' id='word_1_553' title='bbox 1469 4276 1529 4324; x_wconf 92' lang='lat' dir='ltr'><strong>ut</strong></span> <span class='ocrx_word' id='word_1_554' title='bbox 1554 4267 1658 4323; x_wconf 83' lang='lat' dir='ltr'><strong>mi-</strong></span> 
     </span>
    </p>
   </div>
   <div class='ocr_carea' id='block_1_75' title="bbox 67 4361 1659 4422">
    <p class='ocr_par' dir='ltr' id='par_1_75' title="bbox 67 4361 1659 4422">
     <span class='ocr_line' id='line_1_75' title="bbox 67 4361 1659 4422; baseline -0.001 -4"><span class='ocrx_word' id='word_1_555' title='bbox 67 4365 306 4421; x_wconf 86' lang='lat' dir='ltr'><strong>rabiliter</strong></span> <span class='ocrx_word' id='word_1_556' title='bbox 363 4373 527 4422; x_wconf 89' lang='lat' dir='ltr'><strong>natus</strong></span> <span class='ocrx_word' id='word_1_557' title='bbox 576 4364 886 4421; x_wconf 89' lang='lat' dir='ltr'><strong>mirabilius</strong></span> <span class='ocrx_word' id='word_1_558' title='bbox 937 4363 1278 4419; x_wconf 87' lang='lat' dir='ltr'><strong>nasciturum</strong></span> <span class='ocrx_word' id='word_1_559' title='bbox 1315 4361 1659 4418; x_wconf 87' lang='lat' dir='ltr'><strong>demonstra-</strong></span> 
     </span>
    </p>
   </div>
   <div class='ocr_carea' id='block_1_76' title="bbox 68 4454 1649 4530">
    <p class='ocr_par' dir='ltr' id='par_1_76' title="bbox 68 4454 1649 4530">
     <span class='ocr_line' id='line_1_76' title="bbox 68 4454 1649 4530; baseline 0.001 -20"><span class='ocrx_word' id='word_1_560' title='bbox 68 4464 164 4512; x_wconf 88' lang='lat' dir='ltr'><strong>ret.</strong></span> <span class='ocrx_word' id='word_1_561' title='bbox 205 4456 411 4513; x_wconf 81' lang='lat' dir='ltr'><strong>Sextus</strong></span> <span class='ocrx_word' id='word_1_562' title='bbox 452 4458 630 4513; x_wconf 84' lang='lat' dir='ltr'><strong>honor</strong></span> <span class='ocrx_word' id='word_1_563' title='bbox 663 4468 748 4513; x_wconf 89' lang='lat' dir='ltr'><strong>est</strong></span> <span class='ocrx_word' id='word_1_564' title='bbox 789 4457 1051 4530; x_wconf 87' lang='lat' dir='ltr'><strong>gaudium</strong></span> <span class='ocrx_word' id='word_1_565' title='bbox 1098 4457 1154 4511; x_wconf 91' lang='lat' dir='ltr'><strong>in</strong></span> <span class='ocrx_word' id='word_1_566' title='bbox 1180 4455 1302 4528; x_wconf 85' lang='lat' dir='ltr'><strong>ejus</strong></span> <span class='ocrx_word' id='word_1_567' title='bbox 1344 4454 1649 4511; x_wconf 13' lang='lat' dir='ltr'><strong>nativitatis.</strong></span> 
     </span>
    </p>
   </div>
   <div class='ocr_carea' id='block_1_77' title="bbox 71 4544 1648 4620">
    <p class='ocr_par' dir='ltr' id='par_1_77' title="bbox 71 4544 1648 4620">
     <span class='ocr_line' id='line_1_77' title="bbox 71 4544 1648 4620; baseline -0.001 -16"><span class='ocrx_word' id='word_1_568' title='bbox 71 4544 217 4607; x_wconf 84' lang='lat' dir='ltr'><strong>Unde</strong></span> <span class='ocrx_word' id='word_1_569' title='bbox 236 4558 295 4606; x_wconf 82' lang='lat' dir='ltr'><strong>et</strong></span> <span class='ocrx_word' id='word_1_570' title='bbox 324 4549 605 4606; x_wconf 87' lang='lat' dir='ltr'><strong>subditur:</strong></span> <span class='ocrx_word' id='word_1_571' title='bbox 636 4547 705 4603; x_wconf 85' lang='lat' dir='ltr'><strong>Et</strong></span> <span class='ocrx_word' id='word_1_572' title='bbox 726 4550 1010 4604; x_wconf 77' lang='lat' dir='ltr'><strong>audierunt</strong></span> <span class='ocrx_word' id='word_1_573' title='bbox 1039 4549 1199 4604; x_wconf 83' lang='lat' dir='ltr'><strong>vicini</strong></span> <span class='ocrx_word' id='word_1_574' title='bbox 1228 4559 1277 4604; x_wconf 86' lang='lat' dir='ltr'><strong>et</strong></span> <span class='ocrx_word' id='word_1_575' title='bbox 1303 4548 1515 4620; x_wconf 83' lang='lat' dir='ltr'><strong>cognati</strong></span> <span class='ocrx_word' id='word_1_576' title='bbox 1534 4548 1648 4619; x_wconf 81' lang='lat' dir='ltr'><strong>ejus</strong></span> 
     </span>
    </p>
   </div>
   <div class='ocr_carea' id='block_1_78' title="bbox 70 4640 1652 4715">
    <p class='ocr_par' dir='ltr' id='par_1_78' title="bbox 70 4640 1652 4715">
     <span class='ocr_line' id='line_1_78' title="bbox 70 4640 1652 4715; baseline -0.001 -20"><span class='ocrx_word' id='word_1_577' title='bbox 70 4643 187 4712; x_wconf 84' lang='lat' dir='ltr'><strong>quia</strong></span> <span class='ocrx_word' id='word_1_578' title='bbox 212 4643 578 4715; x_wconf 82' lang='lat' dir='ltr'><strong>magniﬁcavit</strong></span> <span class='ocrx_word' id='word_1_579' title='bbox 604 4640 862 4696; x_wconf 85' lang='lat' dir='ltr'><strong>Dominus</strong></span> <span class='ocrx_word' id='word_1_580' title='bbox 888 4642 1310 4698; x_wconf 79' lang='lat' dir='ltr'><strong>miscricordiam</strong></span> <span class='ocrx_word' id='word_1_581' title='bbox 1339 4658 1494 4697; x_wconf 78' lang='lat' dir='ltr'><strong>suam</strong></span> <span class='ocrx_word' id='word_1_582' title='bbox 1531 4657 1652 4696; x_wconf 87' lang='lat' dir='ltr'><strong>cum</strong></span> 
     </span>
    </p>
   </div>
   <div class='ocr_carea' id='block_1_79' title="bbox 72 4733 1651 4807">
    <p class='ocr_par' dir='ltr' id='par_1_79' title="bbox 72 4733 1651 4807">
     <span class='ocr_line' id='line_1_79' title="bbox 72 4733 1651 4807; baseline 0.003 -22"><span class='ocrx_word' id='word_1_583' title='bbox 72 4733 163 4787; x_wconf 85' lang='lat' dir='ltr'><strong>illa</strong></span> <span class='ocrx_word' id='word_1_584' title='bbox 187 4776 204 4803; x_wconf 87' lang='lat'><strong>,</strong></span> <span class='ocrx_word' id='word_1_585' title='bbox 252 4743 303 4789; x_wconf 86' lang='lat' dir='ltr'><strong>et</strong></span> <span class='ocrx_word' id='word_1_586' title='bbox 353 4734 867 4806; x_wconf 83' lang='lat' dir='ltr'><strong>congratulabantur</strong></span> <span class='ocrx_word' id='word_1_587' title='bbox 908 4734 977 4790; x_wconf 83' lang='lat' dir='ltr'><strong>ei.</strong></span> <span class='ocrx_word' id='word_1_588' title='bbox 1013 4734 1346 4792; x_wconf 66' lang='lat' dir='ltr'><strong>Praedixerat</strong></span> <span class='ocrx_word' id='word_1_589' title='bbox 1381 4733 1651 4807; x_wconf 85' lang='lat' dir='ltr'><strong>siquidem</strong></span> 
     </span>
    </p>
   </div>
   <div class='ocr_carea' id='block_1_80' title="bbox 73 4825 1651 4900">
    <p class='ocr_par' dir='ltr' id='par_1_80' title="bbox 73 4825 1651 4900">
     <span class='ocr_line' id='line_1_80' title="bbox 73 4825 1651 4900; baseline 0.003 -22"><span class='ocrx_word' id='word_1_590' title='bbox 73 4825 428 4897; x_wconf 84' lang='lat' dir='ltr'><strong>archangelus</strong></span> <span class='ocrx_word' id='word_1_591' title='bbox 454 4827 521 4882; x_wconf 89' lang='lat' dir='ltr'><strong>de</strong></span> <span class='ocrx_word' id='word_1_592' title='bbox 542 4841 885 4897; x_wconf 66' lang='lat' dir='ltr'><strong>praecursore</strong></span> <span class='ocrx_word' id='word_1_593' title='bbox 912 4826 1150 4896; x_wconf 87' lang='lat' dir='ltr'><strong>Domini,</strong></span> <span class='ocrx_word' id='word_1_594' title='bbox 1172 4829 1433 4900; x_wconf 88' lang='lat' dir='ltr'><strong>quoniam</strong></span> <span class='ocrx_word' id='word_1_595' title='bbox 1467 4829 1522 4882; x_wconf 93' lang='lat' dir='ltr'><strong>in</strong></span> <span class='ocrx_word' id='word_1_596' title='bbox 1550 4844 1651 4883; x_wconf 89' lang='lat' dir='ltr'><strong>na-</strong></span> 
     </span>
    </p>
   </div>
   <div class='ocr_carea' id='block_1_81' title="bbox 77 4916 1650 4993">
    <p class='ocr_par' dir='ltr' id='par_1_81' title="bbox 77 4916 1650 4993">
     <span class='ocr_line' id='line_1_81' title="bbox 77 4916 1650 4993; baseline 0.002 -22"><span class='ocrx_word' id='word_1_597' title='bbox 77 4916 278 4974; x_wconf 85' lang='lat' dir='ltr'><strong>tivitate</strong></span> <span class='ocrx_word' id='word_1_598' title='bbox 328 4919 449 4989; x_wconf 82' lang='lat' dir='ltr'><strong>ejus</strong></span> <span class='ocrx_word' id='word_1_599' title='bbox 479 4917 635 4974; x_wconf 90' lang='lat' dir='ltr'><strong>multi</strong></span> <span class='ocrx_word' id='word_1_600' title='bbox 667 4927 851 4974; x_wconf 88' lang='lat' dir='ltr'><strong>essent</strong></span> <span class='ocrx_word' id='word_1_601' title='bbox 902 4919 1146 4991; x_wconf 85' lang='lat' dir='ltr'><strong>gavisuri</strong></span> <span class='ocrx_word' id='word_1_602' title='bbox 1199 4917 1353 4993; x_wconf 88' lang='lat' dir='ltr'><strong>(Luc.</strong></span> <span class='ocrx_word' id='word_1_603' title='bbox 1382 4918 1446 4990; x_wconf 90' lang='grc' dir='ltr'><strong>ι).</strong></span> <span class='ocrx_word' id='word_1_604' title='bbox 1492 4917 1650 4986; x_wconf 82' lang='lat' dir='ltr'><strong>Quod</strong></span> 
     </span>
    </p>
   </div>
   <div class='ocr_carea' id='block_1_82' title="bbox 76 5006 1653 5081">
    <p class='ocr_par' dir='ltr' id='par_1_82' title="bbox 76 5006 1653 5081">
     <span class='ocr_line' id='line_1_82' title="bbox 76 5006 1653 5081; baseline 0.002 -20"><span class='ocrx_word' id='word_1_605' title='bbox 76 5007 285 5076; x_wconf 83' lang='lat' dir='ltr'><strong>quidem</strong></span> <span class='ocrx_word' id='word_1_606' title='bbox 317 5016 371 5064; x_wconf 89' lang='lat' dir='ltr'><strong>et</strong></span> <span class='ocrx_word' id='word_1_607' title='bbox 397 5006 517 5080; x_wconf 89' lang='lat' dir='ltr'><strong>ipsa</strong></span> <span class='ocrx_word' id='word_1_608' title='bbox 568 5008 656 5065; x_wconf 89' lang='lat' dir='ltr'><strong>die</strong></span> <span class='ocrx_word' id='word_1_609' title='bbox 691 5008 996 5065; x_wconf 84' lang='lat' dir='ltr'><strong>nativitatis</strong></span> <span class='ocrx_word' id='word_1_610' title='bbox 1035 5008 1158 5080; x_wconf 88' lang='lat' dir='ltr'><strong>ejus</strong></span> <span class='ocrx_word' id='word_1_611' title='bbox 1204 5009 1488 5081; x_wconf 83' lang='lat' dir='ltr'><strong>impletum</strong></span> <span class='ocrx_word' id='word_1_612' title='bbox 1536 5017 1653 5074; x_wconf 90' lang='lat' dir='ltr'><strong>est,</strong></span> 
     </span>
    </p>
   </div>
   <div class='ocr_carea' id='block_1_83' title="bbox 76 5098 1655 5173">
    <p class='ocr_par' dir='ltr' id='par_1_83' title="bbox 76 5098 1655 5173">
     <span class='ocr_line' id='line_1_83' title="bbox 76 5098 1655 5173; baseline 0.001 -20"><span class='ocrx_word' id='word_1_613' title='bbox 76 5100 288 5168; x_wconf 87' lang='lat' dir='ltr'><strong>quando</strong></span> <span class='ocrx_word' id='word_1_614' title='bbox 308 5104 421 5155; x_wconf 85' lang='lat' dir='ltr'><strong>non</strong></span> <span class='ocrx_word' id='word_1_615' title='bbox 442 5098 618 5156; x_wconf 90' lang='lat' dir='ltr'><strong>solum</strong></span> <span class='ocrx_word' id='word_1_616' title='bbox 642 5108 896 5171; x_wconf 81' lang='lat' dir='ltr'><strong>parentes</strong></span> <span class='ocrx_word' id='word_1_617' title='bbox 920 5099 989 5156; x_wconf 86' lang='lat' dir='ltr'><strong>de</strong></span> <span class='ocrx_word' id='word_1_618' title='bbox 1013 5099 1161 5156; x_wconf 87' lang='lat' dir='ltr'><strong>dono</strong></span> <span class='ocrx_word' id='word_1_619' title='bbox 1190 5099 1327 5156; x_wconf 88' lang='lat' dir='ltr'><strong>tanti</strong></span> <span class='ocrx_word' id='word_1_620' title='bbox 1359 5099 1454 5155; x_wconf 84' lang='lat' dir='ltr'><strong>lilii</strong></span> <span class='ocrx_word' id='word_1_621' title='bbox 1479 5098 1655 5173; x_wconf 86' lang='lat' dir='ltr'><strong>gavisi</strong></span> 
     </span>
    </p>
   </div>
   <div class='ocr_carea' id='block_1_84' title="bbox 77 5190 1656 5266">
    <p class='ocr_par' dir='ltr' id='par_1_84' title="bbox 77 5190 1656 5266">
     <span class='ocr_line' id='line_1_84' title="bbox 77 5190 1656 5266; baseline -0.001 -18"><span class='ocrx_word' id='word_1_622' title='bbox 77 5201 239 5261; x_wconf 79' lang='lat' dir='ltr'><strong>sunt,</strong></span> <span class='ocrx_word' id='word_1_623' title='bbox 271 5192 364 5250; x_wconf 87' lang='lat' dir='ltr'><strong>sed</strong></span> <span class='ocrx_word' id='word_1_624' title='bbox 389 5192 556 5250; x_wconf 89' lang='lat' dir='ltr'><strong>etiam</strong></span> <span class='ocrx_word' id='word_1_625' title='bbox 590 5193 758 5250; x_wconf 91' lang='lat' dir='ltr'><strong>vicini</strong></span> <span class='ocrx_word' id='word_1_626' title='bbox 804 5201 859 5249; x_wconf 91' lang='lat' dir='ltr'><strong>et</strong></span> <span class='ocrx_word' id='word_1_627' title='bbox 894 5193 1119 5266; x_wconf 88' lang='lat' dir='ltr'><strong>cognati</strong></span> <span class='ocrx_word' id='word_1_628' title='bbox 1142 5190 1266 5265; x_wconf 90' lang='lat' dir='ltr'><strong>ejus</strong></span> <span class='ocrx_word' id='word_1_629' title='bbox 1291 5191 1656 5266; x_wconf 79' lang='lat' dir='ltr'><strong>congratulati</strong></span> 
     </span>
    </p>
   </div>
   <div class='ocr_carea' id='block_1_85' title="bbox 79 5285 1656 5354">
    <p class='ocr_par' dir='ltr' id='par_1_85' title="bbox 79 5285 1656 5354">
     <span class='ocr_line' id='line_1_85' title="bbox 79 5285 1656 5354; baseline 0.001 -16"><span class='ocrx_word' id='word_1_630' title='bbox 79 5293 204 5340; x_wconf 84' lang='lat' dir='ltr'><strong>sunt</strong></span> <span class='ocrx_word' id='word_1_631' title='bbox 225 5303 241 5352; x_wconf 90' lang='lat'><strong>;</strong></span> <span class='ocrx_word' id='word_1_632' title='bbox 265 5294 321 5341; x_wconf 86' lang='lat' dir='ltr'><strong>et</strong></span> <span class='ocrx_word' id='word_1_633' title='bbox 359 5286 680 5343; x_wconf 86' lang='lat' dir='ltr'><strong>remotiores</strong></span> <span class='ocrx_word' id='word_1_634' title='bbox 704 5286 892 5354; x_wconf 85' lang='lat' dir='ltr'><strong>etiam,</strong></span> <span class='ocrx_word' id='word_1_635' title='bbox 922 5294 1089 5343; x_wconf 73' lang='lat' dir='ltr'><strong>tanta:</strong></span> <span class='ocrx_word' id='word_1_636' title='bbox 1118 5285 1195 5342; x_wconf 89' lang='lat' dir='ltr'><strong>rei</strong></span> <span class='ocrx_word' id='word_1_637' title='bbox 1245 5286 1505 5353; x_wconf 86' lang='lat' dir='ltr'><strong>novitate,</strong></span> <span class='ocrx_word' id='word_1_638' title='bbox 1534 5294 1656 5341; x_wconf 89' lang='lat' dir='ltr'><strong>stn-</strong></span> 
     </span>
    </p>
   </div>
   <div class='ocr_carea' id='block_1_86' title="bbox 80 5375 1655 5448">
    <p class='ocr_par' dir='ltr' id='par_1_86' title="bbox 80 5375 1655 5448">
     <span class='ocr_line' id='line_1_86' title="bbox 80 5375 1655 5448; baseline 0.001 -16"><span class='ocrx_word' id='word_1_639' title='bbox 80 5387 207 5445; x_wconf 86' lang='lat' dir='ltr'><strong>pore</strong></span> <span class='ocrx_word' id='word_1_640' title='bbox 257 5382 314 5432; x_wconf 87' lang='lat' dir='ltr'><strong>et</strong></span> <span class='ocrx_word' id='word_1_641' title='bbox 343 5375 707 5433; x_wconf 86' lang='lat' dir='ltr'><strong>admiratione</strong></span> <span class='ocrx_word' id='word_1_642' title='bbox 735 5376 871 5444; x_wconf 81' lang='lat' dir='ltr'><strong>moti</strong></span> <span class='ocrx_word' id='word_1_643' title='bbox 926 5386 1073 5434; x_wconf 91' lang='lat' dir='ltr'><strong>sunt.</strong></span> <span class='ocrx_word' id='word_1_644' title='bbox 1100 5375 1166 5432; x_wconf 78' lang='lat' dir='ltr'><strong>Et</strong></span> <span class='ocrx_word' id='word_1_645' title='bbox 1209 5376 1445 5448; x_wconf 88' lang='lat' dir='ltr'><strong>idipsum</strong></span> <span class='ocrx_word' id='word_1_646' title='bbox 1488 5378 1655 5434; x_wconf 89' lang='lat' dir='ltr'><strong>etiam</strong></span> 
     </span>
    </p>
   </div>
   <div class='ocr_carea' id='block_1_87' title="bbox 81 5466 1647 5541">
    <p class='ocr_par' dir='ltr' id='par_1_87' title="bbox 81 5466 1647 5541">
     <span class='ocr_line' id='line_1_87' title="bbox 81 5466 1647 5541; baseline 0.002 -21"><span class='ocrx_word' id='word_1_647' title='bbox 81 5466 302 5539; x_wconf 81' lang='lat' dir='ltr'><strong>singulis</strong></span> <span class='ocrx_word' id='word_1_648' title='bbox 328 5468 489 5527; x_wconf 89' lang='lat' dir='ltr'><strong>annis</strong></span> <span class='ocrx_word' id='word_1_649' title='bbox 516 5468 881 5540; x_wconf 87' lang='lat' dir='ltr'><strong>complentur,</strong></span> <span class='ocrx_word' id='word_1_650' title='bbox 903 5468 1165 5541; x_wconf 89' lang='lat' dir='ltr'><strong>quoniam</strong></span> <span class='ocrx_word' id='word_1_651' title='bbox 1191 5468 1378 5525; x_wconf 86' lang='lat' dir='ltr'><strong>lldeles</strong></span> <span class='ocrx_word' id='word_1_652' title='bbox 1408 5469 1647 5525; x_wconf 88' lang='lat' dir='ltr'><strong>ubicun-</strong></span> 
     </span>
    </p>
   </div>
   <div class='ocr_carea' id='block_1_88' title="bbox 83 5558 1658 5636">
    <p class='ocr_par' dir='ltr' id='par_1_88' title="bbox 83 5558 1658 5636">
     <span class='ocr_line' id='line_1_88' title="bbox 83 5558 1658 5636; baseline -0.003 -18"><span class='ocrx_word' id='word_1_653' title='bbox 83 5575 184 5630; x_wconf 86' lang='lat' dir='ltr'><strong>que</strong></span> <span class='ocrx_word' id='word_1_654' title='bbox 210 5562 479 5621; x_wconf 70' lang='lat' dir='ltr'><strong>&#39;terrarum</strong></span> <span class='ocrx_word' id='word_1_655' title='bbox 523 5566 579 5621; x_wconf 93' lang='lat' dir='ltr'><strong>in</strong></span> <span class='ocrx_word' id='word_1_656' title='bbox 623 5565 862 5636; x_wconf 84' lang='lat' dir='ltr'><strong>gloriosa</strong></span> <span class='ocrx_word' id='word_1_657' title='bbox 892 5563 1201 5620; x_wconf 86' lang='lat' dir='ltr'><strong>Nativitatis</strong></span> <span class='ocrx_word' id='word_1_658' title='bbox 1227 5563 1348 5631; x_wconf 81' lang='lat' dir='ltr'><strong>eius</strong></span> <span class='ocrx_word' id='word_1_659' title='bbox 1393 5558 1658 5617; x_wconf 90' lang='lat' dir='ltr'><strong>solemni-</strong></span> 
     </span>
    </p>
   </div>
   <div class='ocr_carea' id='block_1_89' title="bbox 87 5653 1653 5731">
    <p class='ocr_par' dir='ltr' id='par_1_89' title="bbox 87 5653 1653 5731">
     <span class='ocr_line' id='line_1_89' title="bbox 87 5653 1653 5731; baseline 0 -22"><span class='ocrx_word' id='word_1_660' title='bbox 87 5662 190 5712; x_wconf 84' lang='lat' dir='ltr'><strong>tate</strong></span> <span class='ocrx_word' id='word_1_661' title='bbox 232 5658 528 5731; x_wconf 89' lang='lat' dir='ltr'><strong>tripudiant</strong></span> <span class='ocrx_word' id='word_1_662' title='bbox 554 5670 609 5718; x_wconf 89' lang='lat' dir='ltr'><strong>ct</strong></span> <span class='ocrx_word' id='word_1_663' title='bbox 633 5660 928 5718; x_wconf 78' lang='lat' dir='ltr'><strong>exsultant.</strong></span> <span class='ocrx_word' id='word_1_664' title='bbox 979 5658 1119 5716; x_wconf 88' lang='lat' dir='ltr'><strong>Cum</strong></span> <span class='ocrx_word' id='word_1_665' title='bbox 1150 5673 1297 5715; x_wconf 75' lang='lat' dir='ltr'><strong>enim</strong></span> <span class='ocrx_word' id='word_1_666' title='bbox 1326 5655 1507 5714; x_wconf 70' lang='lat' dir='ltr'><strong>cancri</strong></span> <span class='ocrx_word' id='word_1_667' title='bbox 1557 5653 1653 5710; x_wconf 89' lang='lat' dir='ltr'><strong>lilii</strong></span> 
     </span>
    </p>
   </div>
   <div class='ocr_carea' id='block_1_90' title="bbox 89 5745 1654 5827">
    <p class='ocr_par' dir='ltr' id='par_1_90' title="bbox 89 5745 1654 5827">
     <span class='ocr_line' id='line_1_90' title="bbox 89 5745 1654 5827; baseline 0.001 -24"><span class='ocrx_word' id='word_1_668' title='bbox 89 5745 362 5810; x_wconf 86' lang='lat' dir='ltr'><strong>hominum</strong></span> <span class='ocrx_word' id='word_1_669' title='bbox 390 5770 447 5811; x_wconf 83' lang='lat' dir='ltr'><strong>tn</strong></span> <span class='ocrx_word' id='word_1_670' title='bbox 471 5753 711 5827; x_wconf 85' lang='lat' dir='ltr'><strong>peccatis</strong></span> <span class='ocrx_word' id='word_1_671' title='bbox 745 5763 800 5821; x_wconf 83' lang='lat' dir='ltr'><strong>et</strong></span> <span class='ocrx_word' id='word_1_672' title='bbox 834 5755 888 5811; x_wconf 90' lang='lat' dir='ltr'><strong>in</strong></span> <span class='ocrx_word' id='word_1_673' title='bbox 915 5754 1131 5812; x_wconf 87' lang='lat' dir='ltr'><strong>tristitia</strong></span> <span class='ocrx_word' id='word_1_674' title='bbox 1160 5761 1458 5810; x_wconf 86' lang='lat' dir='ltr'><strong>nascantur</strong></span> <span class='ocrx_word' id='word_1_675' title='bbox 1483 5791 1499 5821; x_wconf 89' lang='lat'><strong>,</strong></span> <span class='ocrx_word' id='word_1_676' title='bbox 1543 5764 1654 5807; x_wconf 91' lang='lat' dir='ltr'><strong>non</strong></span> 
     </span>
    </p>
   </div>
   <div class='ocr_carea' id='block_1_91' title="bbox 1676 4506 1733 4570">
    <p class='ocr_par' dir='ltr' id='par_1_91' title="bbox 1676 4506 1733 4570">
     <span class='ocr_line' id='line_1_91' title="bbox 1676 4506 1733 4570; baseline 0 0"><span class='ocrx_word' id='word_1_677' title='bbox 1676 4506 1733 4570; x_wconf 80' lang='grc' dir='ltr'><strong>Ι)</strong></span> 
     </span>
    </p>
   </div>
   <div class='ocr_carea' id='block_1_92' title="bbox 1760 3251 3345 3312">
    <p class='ocr_par' dir='ltr' id='par_1_92' title="bbox 1760 3251 3345 3312">
     <span class='ocr_line' id='line_1_92' title="bbox 1760 3251 3345 3312; baseline 0.002 -7"><span class='ocrx_word' id='word_1_678' title='bbox 1760 3251 1972 3308; x_wconf 87' lang='lat' dir='ltr'><strong>nandas</strong></span> <span class='ocrx_word' id='word_1_679' title='bbox 1999 3253 2190 3309; x_wconf 89' lang='lat' dir='ltr'><strong>mundi</strong></span> <span class='ocrx_word' id='word_1_680' title='bbox 2218 3254 2470 3312; x_wconf 87' lang='lat' dir='ltr'><strong>tenebras</strong></span> <span class='ocrx_word' id='word_1_681' title='bbox 2494 3255 2646 3311; x_wconf 88' lang='lat' dir='ltr'><strong>dicit.</strong></span> <span class='ocrx_word' id='word_1_682' title='bbox 2681 3252 2835 3311; x_wconf 88' lang='lat' dir='ltr'><strong>Unde</strong></span> <span class='ocrx_word' id='word_1_683' title='bbox 2862 3264 2916 3311; x_wconf 92' lang='lat' dir='ltr'><strong>et</strong></span> <span class='ocrx_word' id='word_1_684' title='bbox 2940 3255 3042 3311; x_wconf 92' lang='lat' dir='ltr'><strong>hoc</strong></span> <span class='ocrx_word' id='word_1_685' title='bbox 3067 3254 3345 3310; x_wconf 87' lang='lat' dir='ltr'><strong>canticum</strong></span> 
     </span>
    </p>
   </div>
   <div class='ocr_carea' id='block_1_93' title="bbox 1757 3342 3342 3413">
    <p class='ocr_par' dir='ltr' id='par_1_93' title="bbox 1757 3342 3342 3413">
     <span class='ocr_line' id='line_1_93' title="bbox 1757 3342 3342 3413; baseline -0.001 -12"><span class='ocrx_word' id='word_1_686' title='bbox 1757 3342 1814 3401; x_wconf 90' lang='lat' dir='ltr'><strong>in</strong></span> <span class='ocrx_word' id='word_1_687' title='bbox 1850 3345 2137 3413; x_wconf 85' lang='lat' dir='ltr'><strong>matutinis</strong></span> <span class='ocrx_word' id='word_1_688' title='bbox 2168 3346 2422 3405; x_wconf 86' lang='lat' dir='ltr'><strong>laudibus</strong></span> <span class='ocrx_word' id='word_1_689' title='bbox 2449 3356 2638 3405; x_wconf 87' lang='lat' dir='ltr'><strong>sancta</strong></span> <span class='ocrx_word' id='word_1_690' title='bbox 2672 3345 2914 3405; x_wconf 83' lang='lat' dir='ltr'><strong>Ecclesia</strong></span> <span class='ocrx_word' id='word_1_691' title='bbox 2947 3361 3173 3404; x_wconf 87' lang='lat' dir='ltr'><strong>cantare</strong></span> <span class='ocrx_word' id='word_1_692' title='bbox 3205 3363 3342 3402; x_wconf 87' lang='lat' dir='ltr'><strong>con-</strong></span> 
     </span>
    </p>
   </div>
   <div class='ocr_carea' id='block_1_94' title="bbox 1757 3422 3348 3512">
    <p class='ocr_par' dir='ltr' id='par_1_94' title="bbox 1757 3422 3348 3512">
     <span class='ocr_line' id='line_1_94' title="bbox 1757 3422 3348 3512; baseline 0 -18"><span class='ocrx_word' id='word_1_693' title='bbox 1757 3438 1952 3495; x_wconf 90' lang='lat' dir='ltr'><strong>suevit.</strong></span> <span class='ocrx_word' id='word_1_694' title='bbox 2001 3422 2272 3507; x_wconf 83' lang='lat' dir='ltr'><strong>Quoniam</strong></span> <span class='ocrx_word' id='word_1_695' title='bbox 2322 3439 2488 3512; x_wconf 85' lang='lat' dir='ltr'><strong>igitur</strong></span> <span class='ocrx_word' id='word_1_696' title='bbox 2528 3440 2787 3495; x_wconf 87' lang='lat' dir='ltr'><strong>nativitas</strong></span> <span class='ocrx_word' id='word_1_697' title='bbox 2833 3437 3193 3510; x_wconf 69' lang='lat' dir='ltr'><strong>praecursoris</strong></span> <span class='ocrx_word' id='word_1_698' title='bbox 3241 3437 3348 3494; x_wconf 79' lang='lat' dir='ltr'><strong>illis</strong></span> 
     </span>
    </p>
   </div>
   <div class='ocr_carea' id='block_1_95' title="bbox 1755 3528 3348 3605">
    <p class='ocr_par' dir='ltr' id='par_1_95' title="bbox 1755 3528 3348 3605">
     <span class='ocr_line' id='line_1_95' title="bbox 1755 3528 3348 3605; baseline -0.002 -18"><span class='ocrx_word' id='word_1_699' title='bbox 1755 3538 1882 3588; x_wconf 90' lang='lat' dir='ltr'><strong>octo</strong></span> <span class='ocrx_word' id='word_1_700' title='bbox 1909 3530 2071 3587; x_wconf 88' lang='lat' dir='ltr'><strong>donis</strong></span> <span class='ocrx_word' id='word_1_701' title='bbox 2097 3530 2474 3605; x_wconf 83' lang='lat' dir='ltr'><strong>privilegiatur</strong></span> <span class='ocrx_word' id='word_1_702' title='bbox 2496 3573 2512 3599; x_wconf 93' lang='lat'><strong>,</strong></span> <span class='ocrx_word' id='word_1_703' title='bbox 2542 3531 2663 3587; x_wconf 87' lang='lat' dir='ltr'><strong>ideo</strong></span> <span class='ocrx_word' id='word_1_704' title='bbox 2699 3547 2731 3586; x_wconf 90' lang='lat' dir='ltr'><strong>a</strong></span> <span class='ocrx_word' id='word_1_705' title='bbox 2755 3540 2944 3587; x_wconf 90' lang='lat' dir='ltr'><strong>sancta</strong></span> <span class='ocrx_word' id='word_1_706' title='bbox 2976 3528 3220 3586; x_wconf 83' lang='lat' dir='ltr'><strong>Ecclesia</strong></span> <span class='ocrx_word' id='word_1_707' title='bbox 3251 3544 3348 3600; x_wconf 76' lang='lat' dir='ltr'><strong>per</strong></span> 
     </span>
    </p>
   </div>
   <div class='ocr_carea' id='block_1_96' title="bbox 1757 3621 3344 3694">
    <p class='ocr_par' dir='ltr' id='par_1_96' title="bbox 1757 3621 3344 3694">
     <span class='ocr_line' id='line_1_96' title="bbox 1757 3621 3344 3694; baseline -0.001 -16"><span class='ocrx_word' id='word_1_708' title='bbox 1757 3623 2077 3680; x_wconf 87' lang='lat' dir='ltr'><strong>universum</strong></span> <span class='ocrx_word' id='word_1_709' title='bbox 2140 3624 2405 3679; x_wconf 88' lang='lat' dir='ltr'><strong>mundum</strong></span> <span class='ocrx_word' id='word_1_710' title='bbox 2454 3624 2780 3680; x_wconf 87' lang='lat' dir='ltr'><strong>celebratur.</strong></span> <span class='ocrx_word' id='word_1_711' title='bbox 2830 3621 2908 3679; x_wconf 88' lang='lat' dir='ltr'><strong>De</strong></span> <span class='ocrx_word' id='word_1_712' title='bbox 2953 3622 3157 3694; x_wconf 83' lang='lat' dir='ltr'><strong>quibus</strong></span> <span class='ocrx_word' id='word_1_713' title='bbox 3195 3622 3344 3688; x_wconf 88' lang='lat' dir='ltr'><strong>duo,</strong></span> 
     </span>
    </p>
   </div>
   <div class='ocr_carea' id='block_1_97' title="bbox 1758 3712 3347 3787">
    <p class='ocr_par' dir='ltr' id='par_1_97' title="bbox 1758 3712 3347 3787">
     <span class='ocr_line' id='line_1_97' title="bbox 1758 3712 3347 3787; baseline -0.005 -14"><span class='ocrx_word' id='word_1_714' title='bbox 1758 3715 1968 3773; x_wconf 88' lang='lat' dir='ltr'><strong>scilicet</strong></span> <span class='ocrx_word' id='word_1_715' title='bbox 2010 3724 2277 3782; x_wconf 79' lang='lat' dir='ltr'><strong>extrema,</strong></span> <span class='ocrx_word' id='word_1_716' title='bbox 2311 3717 2365 3771; x_wconf 92' lang='lat' dir='ltr'><strong>in</strong></span> <span class='ocrx_word' id='word_1_717' title='bbox 2392 3723 2586 3771; x_wconf 89' lang='lat' dir='ltr'><strong>octavo</strong></span> <span class='ocrx_word' id='word_1_718' title='bbox 2607 3714 2697 3771; x_wconf 88' lang='lat' dir='ltr'><strong>die</strong></span> <span class='ocrx_word' id='word_1_719' title='bbox 2732 3712 3173 3787; x_wconf 74' lang='lat' dir='ltr'><strong>circumcisipnis</strong></span> <span class='ocrx_word' id='word_1_720' title='bbox 3195 3727 3347 3769; x_wconf 89' lang='lat' dir='ltr'><strong>com-</strong></span> 
     </span>
    </p>
   </div>
   <div class='ocr_carea' id='block_1_98' title="bbox 1756 3804 3348 3882">
    <p class='ocr_par' dir='ltr' id='par_1_98' title="bbox 1756 3804 3348 3882">
     <span class='ocr_line' id='line_1_98' title="bbox 1756 3804 3348 3882; baseline -0.003 -17"><span class='ocrx_word' id='word_1_721' title='bbox 1756 3809 1995 3882; x_wconf 82' lang='lat' dir='ltr'><strong>plentur,</strong></span> <span class='ocrx_word' id='word_1_722' title='bbox 2041 3808 2165 3864; x_wconf 87' lang='lat' dir='ltr'><strong>ideo</strong></span> <span class='ocrx_word' id='word_1_723' title='bbox 2216 3816 2272 3864; x_wconf 91' lang='lat' dir='ltr'><strong>ct</strong></span> <span class='ocrx_word' id='word_1_724' title='bbox 2327 3808 2444 3880; x_wconf 86' lang='lat' dir='ltr'><strong>ipsa</strong></span> <span class='ocrx_word' id='word_1_725' title='bbox 2506 3807 2807 3865; x_wconf 87' lang='lat' dir='ltr'><strong>nativitatis</strong></span> <span class='ocrx_word' id='word_1_726' title='bbox 2852 3804 3118 3863; x_wconf 81' lang='lat' dir='ltr'><strong>festivitas</strong></span> <span class='ocrx_word' id='word_1_727' title='bbox 3171 3819 3348 3877; x_wconf 85' lang='lat' dir='ltr'><strong>usque</strong></span> 
     </span>
    </p>
   </div>
   <div class='ocr_carea' id='block_1_99' title="bbox 1714 3898 3348 3981">
    <p class='ocr_par' dir='ltr' id='par_1_99' title="bbox 1714 3898 3348 3981">
     <span class='ocr_line' id='line_1_99' title="bbox 1714 3898 3348 3981; baseline -0.004 -21"><span class='ocrx_word' id='word_1_728' title='bbox 1714 3903 1816 3981; x_wconf 83' lang='lat' dir='ltr'><strong>-in</strong></span> <span class='ocrx_word' id='word_1_729' title='bbox 1867 3911 2120 3960; x_wconf 86' lang='lat' dir='ltr'><strong>octavum</strong></span> <span class='ocrx_word' id='word_1_730' title='bbox 2145 3900 2289 3957; x_wconf 88' lang='lat' dir='ltr'><strong>dictu</strong></span> <span class='ocrx_word' id='word_1_731' title='bbox 2335 3900 2652 3958; x_wconf 88' lang='lat' dir='ltr'><strong>soletnniter</strong></span> <span class='ocrx_word' id='word_1_732' title='bbox 2694 3901 3014 3973; x_wconf 86' lang='lat' dir='ltr'><strong>protelatur.</strong></span> <span class='ocrx_word' id='word_1_733' title='bbox 3069 3898 3348 3955; x_wconf 73' lang='lat' dir='ltr'><strong>llloralltcr</strong></span> 
     </span>
    </p>
   </div>
   <div class='ocr_carea' id='block_1_100' title="bbox 1743 3992 3345 4065">
    <p class='ocr_par' dir='ltr' id='par_1_100' title="bbox 1743 3992 3345 4065">
     <span class='ocr_line' id='line_1_100' title="bbox 1743 3992 3345 4065; baseline -0.001 -18"><span class='ocrx_word' id='word_1_734' title='bbox 1743 4008 1964 4063; x_wconf 85' lang='lat' dir='ltr'><strong>.autem,</strong></span> <span class='ocrx_word' id='word_1_735' title='bbox 1993 3993 2192 4056; x_wconf 80' lang='lat' dir='ltr'><strong>fratres</strong></span> <span class='ocrx_word' id='word_1_736' title='bbox 2222 3995 2366 4063; x_wconf 87' lang='lat' dir='ltr'><strong>mei,</strong></span> <span class='ocrx_word' id='word_1_737' title='bbox 2395 4009 2464 4051; x_wconf 72' lang='lat' dir='ltr'><strong>ex</strong></span> <span class='ocrx_word' id='word_1_738' title='bbox 2492 3993 2595 4051; x_wconf 89' lang='lat' dir='ltr'><strong>hac</strong></span> <span class='ocrx_word' id='word_1_739' title='bbox 2621 3994 2856 4065; x_wconf 85' lang='lat' dir='ltr'><strong>lectione</strong></span> <span class='ocrx_word' id='word_1_740' title='bbox 2881 4010 2979 4051; x_wconf 76' lang='lat' dir='ltr'><strong>sex</strong></span> <span class='ocrx_word' id='word_1_741' title='bbox 3027 3993 3186 4049; x_wconf 86' lang='lat' dir='ltr'><strong>nobis</strong></span> <span class='ocrx_word' id='word_1_742' title='bbox 3216 3992 3345 4047; x_wconf 91' lang='lat' dir='ltr'><strong>imi-</strong></span> 
     </span>
    </p>
   </div>
   <div class='ocr_carea' id='block_1_101' title="bbox 1746 4079 3347 4167">
    <p class='ocr_par' dir='ltr' id='par_1_101' title="bbox 1746 4079 3347 4167">
     <span class='ocr_line' id='line_1_101' title="bbox 1746 4079 3347 4167; baseline -0.003 -22"><span class='ocrx_word' id='word_1_743' title='bbox 1746 4089 1921 4167; x_wconf 73' lang='lat' dir='ltr'><strong>tanda</strong></span> <span class='ocrx_word' id='word_1_744' title='bbox 1950 4095 2350 4161; x_wconf 89' lang='lat' dir='ltr'><strong>proponuntur.</strong></span> <span class='ocrx_word' id='word_1_745' title='bbox 2382 4085 2630 4142; x_wconf 83' lang='lat' dir='ltr'><strong>Primum</strong></span> <span class='ocrx_word' id='word_1_746' title='bbox 2660 4079 2806 4143; x_wconf 86' lang='lat' dir='ltr'><strong>enim</strong></span> <span class='ocrx_word' id='word_1_747' title='bbox 2832 4128 2848 4154; x_wconf 95' lang='lat'><strong>,</strong></span> <span class='ocrx_word' id='word_1_748' title='bbox 2874 4102 2942 4143; x_wconf 83' lang='lat' dir='ltr'><strong>ex</strong></span> <span class='ocrx_word' id='word_1_749' title='bbox 2970 4086 3074 4141; x_wconf 86' lang='lat' dir='ltr'><strong>hoc</strong></span> <span class='ocrx_word' id='word_1_750' title='bbox 3094 4086 3347 4157; x_wconf 82' lang='lat' dir='ltr'><strong>quamvis</strong></span> 
     </span>
    </p>
   </div>
   <div class='ocr_carea' id='block_1_102' title="bbox 1757 4178 3344 4250">
    <p class='ocr_par' dir='ltr' id='par_1_102' title="bbox 1757 4178 3344 4250">
     <span class='ocr_line' id='line_1_102' title="bbox 1757 4178 3344 4250; baseline -0.005 -9"><span class='ocrx_word' id='word_1_751' title='bbox 1757 4183 1930 4241; x_wconf 86' lang='lat' dir='ltr'><strong>sterili</strong></span> <span class='ocrx_word' id='word_1_752' title='bbox 1969 4191 2025 4238; x_wconf 91' lang='lat' dir='ltr'><strong>et</strong></span> <span class='ocrx_word' id='word_1_753' title='bbox 2070 4181 2266 4238; x_wconf 68' lang='lat' dir='ltr'><strong>vetulae</strong></span> <span class='ocrx_word' id='word_1_754' title='bbox 2314 4180 2460 4238; x_wconf 88' lang='lat' dir='ltr'><strong>lilius</strong></span> <span class='ocrx_word' id='word_1_755' title='bbox 2484 4196 2517 4236; x_wconf 89' lang='lat' dir='ltr'><strong>a</strong></span> <span class='ocrx_word' id='word_1_756' title='bbox 2546 4178 2781 4237; x_wconf 89' lang='lat' dir='ltr'><strong>Domino</strong></span> <span class='ocrx_word' id='word_1_757' title='bbox 2803 4181 2965 4237; x_wconf 85' lang='lat' dir='ltr'><strong>datur</strong></span> <span class='ocrx_word' id='word_1_758' title='bbox 2989 4222 3005 4249; x_wconf 92' lang='lat'><strong>,</strong></span> <span class='ocrx_word' id='word_1_759' title='bbox 3035 4178 3344 4250; x_wconf 75' lang='lat' dir='ltr'><strong>exemplum</strong></span> 
     </span>
    </p>
   </div>
   <div class='ocr_carea' id='block_1_103' title="bbox 1747 4254 3350 4353">
    <p class='ocr_par' dir='ltr' id='par_1_103' title="bbox 1747 4254 3350 4353">
     <span class='ocr_line' id='line_1_103' title="bbox 1747 4254 3350 4353; baseline -0.004 -25"><span class='ocrx_word' id='word_1_760' title='bbox 1747 4254 1916 4353; x_wconf 47' lang='lat' dir='ltr'><strong>:nobis</strong></span> <span class='ocrx_word' id='word_1_761' title='bbox 1935 4269 2280 4343; x_wconf 78' lang='lat' dir='ltr'><strong>proponitur,</strong></span> <span class='ocrx_word' id='word_1_762' title='bbox 2306 4284 2374 4326; x_wconf 90' lang='lat' dir='ltr'><strong>ne</strong></span> <span class='ocrx_word' id='word_1_763' title='bbox 2401 4268 2602 4342; x_wconf 89' lang='lat' dir='ltr'><strong>aliquis</strong></span> <span class='ocrx_word' id='word_1_764' title='bbox 2622 4278 2876 4342; x_wconf 86' lang='lat' dir='ltr'><strong>peccator</strong></span> <span class='ocrx_word' id='word_1_765' title='bbox 2894 4284 3137 4341; x_wconf 88' lang='lat' dir='ltr'><strong>unquam</strong></span> <span class='ocrx_word' id='word_1_766' title='bbox 3178 4278 3350 4339; x_wconf 87' lang='lat' dir='ltr'><strong>quan-</strong></span> 
     </span>
    </p>
   </div>
   <div class='ocr_carea' id='block_1_104' title="bbox 1757 4358 3346 4440">
    <p class='ocr_par' dir='ltr' id='par_1_104' title="bbox 1757 4358 3346 4440">
     <span class='ocr_line' id='line_1_104' title="bbox 1757 4358 3346 4440; baseline -0.007 -16"><span class='ocrx_word' id='word_1_767' title='bbox 1757 4377 2093 4440; x_wconf 86' lang='lat' dir='ltr'><strong>tumcunque</strong></span> <span class='ocrx_word' id='word_1_768' title='bbox 2117 4383 2149 4423; x_wconf 90' lang='lat' dir='ltr'><strong>a</strong></span> <span class='ocrx_word' id='word_1_769' title='bbox 2178 4368 2323 4424; x_wconf 91' lang='lat' dir='ltr'><strong>bono</strong></span> <span class='ocrx_word' id='word_1_770' title='bbox 2353 4365 2578 4433; x_wconf 88' lang='lat' dir='ltr'><strong>sterilis,</strong></span> <span class='ocrx_word' id='word_1_771' title='bbox 2601 4371 3089 4436; x_wconf 90' lang='lat' dir='ltr'><strong>quantmucunque</strong></span> <span class='ocrx_word' id='word_1_772' title='bbox 3115 4358 3171 4414; x_wconf 93' lang='lat' dir='ltr'><strong>in</strong></span> <span class='ocrx_word' id='word_1_773' title='bbox 3216 4373 3346 4429; x_wconf 86' lang='lat' dir='ltr'><strong>pce-</strong></span> 
     </span>
    </p>
   </div>
   <div class='ocr_carea' id='block_1_105' title="bbox 1756 4450 3344 4529">
    <p class='ocr_par' dir='ltr' id='par_1_105' title="bbox 1756 4450 3344 4529">
     <span class='ocr_line' id='line_1_105' title="bbox 1756 4450 3344 4529; baseline -0.008 -11"><span class='ocrx_word' id='word_1_774' title='bbox 1756 4470 1881 4518; x_wconf 87' lang='lat' dir='ltr'><strong>eato</strong></span> <span class='ocrx_word' id='word_1_775' title='bbox 1909 4460 2175 4528; x_wconf 89' lang='lat' dir='ltr'><strong>senuerit,</strong></span> <span class='ocrx_word' id='word_1_776' title='bbox 2208 4458 2371 4517; x_wconf 88' lang='lat' dir='ltr'><strong>etiam</strong></span> <span class='ocrx_word' id='word_1_777' title='bbox 2400 4458 2453 4514; x_wconf 92' lang='lat' dir='ltr'><strong>in</strong></span> <span class='ocrx_word' id='word_1_778' title='bbox 2483 4458 2605 4529; x_wconf 88' lang='lat' dir='ltr'><strong>ipso</strong></span> <span class='ocrx_word' id='word_1_779' title='bbox 2627 4455 2875 4528; x_wconf 88' lang='lat' dir='ltr'><strong>margine</strong></span> <span class='ocrx_word' id='word_1_780' title='bbox 2918 4454 3051 4509; x_wconf 68' lang='lat' dir='ltr'><strong>vita}</strong></span> <span class='ocrx_word' id='word_1_781' title='bbox 3092 4467 3122 4507; x_wconf 90' lang='lat' dir='ltr'><strong>a</strong></span> <span class='ocrx_word' id='word_1_782' title='bbox 3162 4450 3344 4506; x_wconf 89' lang='lat' dir='ltr'><strong>fructu</strong></span> 
     </span>
    </p>
   </div>
   <div class='ocr_carea' id='block_1_106' title="bbox 1758 4542 3343 4626">
    <p class='ocr_par' dir='ltr' id='par_1_106' title="bbox 1758 4542 3343 4626">
     <span class='ocr_line' id='line_1_106' title="bbox 1758 4542 3343 4626; baseline -0.01 -15"><span class='ocrx_word' id='word_1_783' title='bbox 1758 4553 2093 4626; x_wconf 66' lang='lat' dir='ltr'><strong>ptenitentiaz</strong></span> <span class='ocrx_word' id='word_1_784' title='bbox 2118 4552 2313 4610; x_wconf 88' lang='lat' dir='ltr'><strong>debeat</strong></span> <span class='ocrx_word' id='word_1_785' title='bbox 2335 4552 2649 4621; x_wconf 88' lang='lat' dir='ltr'><strong>desperare,</strong></span> <span class='ocrx_word' id='word_1_786' title='bbox 2680 4549 2773 4606; x_wconf 89' lang='lat' dir='ltr'><strong>sed</strong></span> <span class='ocrx_word' id='word_1_787' title='bbox 2800 4560 3016 4617; x_wconf 84' lang='lat' dir='ltr'><strong>semper</strong></span> <span class='ocrx_word' id='word_1_788' title='bbox 3043 4557 3260 4614; x_wconf 87' lang='lat' dir='ltr'><strong>sperare</strong></span> <span class='ocrx_word' id='word_1_789' title='bbox 3290 4542 3343 4596; x_wconf 91' lang='lat' dir='ltr'><strong>in</strong></span> 
     </span>
    </p>
   </div>
   <div class='ocr_carea' id='block_1_107' title="bbox 1759 4640 3349 4711">
    <p class='ocr_par' dir='ltr' id='par_1_107' title="bbox 1759 4640 3349 4711">
     <span class='ocr_line' id='line_1_107' title="bbox 1759 4640 3349 4711; baseline -0.009 -11"><span class='ocrx_word' id='word_1_790' title='bbox 1759 4644 2087 4701; x_wconf 77' lang='lat' dir='ltr'><strong>inell‘abilem</strong></span> <span class='ocrx_word' id='word_1_791' title='bbox 2116 4642 2210 4699; x_wconf 88' lang='lat' dir='ltr'><strong>Dei</strong></span> <span class='ocrx_word' id='word_1_792' title='bbox 2237 4640 2694 4709; x_wconf 89' lang='lat' dir='ltr'><strong>miscricordiam,</strong></span> <span class='ocrx_word' id='word_1_793' title='bbox 2721 4650 2845 4711; x_wconf 67' lang='lat' dir='ltr'><strong>qua:</strong></span> <span class='ocrx_word' id='word_1_794' title='bbox 2866 4649 3145 4706; x_wconf 89' lang='lat' dir='ltr'><strong>nunquam</strong></span> <span class='ocrx_word' id='word_1_795' title='bbox 3171 4648 3349 4702; x_wconf 87' lang='lat' dir='ltr'><strong>quan-</strong></span> 
     </span>
    </p>
   </div>
   <div class='ocr_carea' id='block_1_108' title="bbox 1759 4722 3343 4808">
    <p class='ocr_par' dir='ltr' id='par_1_108' title="bbox 1759 4722 3343 4808">
     <span class='ocr_line' id='line_1_108' title="bbox 1759 4722 3343 4808; baseline -0.011 -16"><span class='ocrx_word' id='word_1_796' title='bbox 1759 4745 2094 4807; x_wconf 91' lang='lat' dir='ltr'><strong>tumcunque</strong></span> <span class='ocrx_word' id='word_1_797' title='bbox 2115 4733 2468 4808; x_wconf 82' lang='lat' dir='ltr'><strong>ﬂagitiosum,</strong></span> <span class='ocrx_word' id='word_1_798' title='bbox 2506 4730 2747 4788; x_wconf 81' lang='lat' dir='ltr'><strong>converti</strong></span> <span class='ocrx_word' id='word_1_799' title='bbox 2774 4728 3043 4784; x_wconf 70' lang='lat' dir='ltr'><strong>volentem</strong></span> <span class='ocrx_word' id='word_1_800' title='bbox 3071 4765 3085 4792; x_wconf 91' lang='lat'><strong>,</strong></span> <span class='ocrx_word' id='word_1_801' title='bbox 3114 4722 3343 4794; x_wconf 86' lang='lat' dir='ltr'><strong>respuit;</strong></span> 
     </span>
    </p>
   </div>
   <div class='ocr_carea' id='block_1_109' title="bbox 1758 4817 3348 4903">
    <p class='ocr_par' dir='ltr' id='par_1_109' title="bbox 1758 4817 3348 4903">
     <span class='ocr_line' id='line_1_109' title="bbox 1758 4817 3348 4903; baseline -0.01 -19"><span class='ocrx_word' id='word_1_802' title='bbox 1758 4844 1882 4903; x_wconf 66' lang='lat' dir='ltr'><strong>qua:</strong></span> <span class='ocrx_word' id='word_1_803' title='bbox 1906 4827 2131 4885; x_wconf 66' lang='lat' dir='ltr'><strong>llariam</strong></span> <span class='ocrx_word' id='word_1_804' title='bbox 2157 4826 2526 4899; x_wconf 68' lang='lat' dir='ltr'><strong>Magtlalenam</strong></span> <span class='ocrx_word' id='word_1_805' title='bbox 2553 4824 2621 4880; x_wconf 88' lang='lat' dir='ltr'><strong>de</strong></span> <span class='ocrx_word' id='word_1_806' title='bbox 2652 4833 2762 4878; x_wconf 90' lang='lat' dir='ltr'><strong>tam</strong></span> <span class='ocrx_word' id='word_1_807' title='bbox 2811 4817 3033 4877; x_wconf 81' lang='lat' dir='ltr'><strong>sordida</strong></span> <span class='ocrx_word' id='word_1_808' title='bbox 3069 4826 3178 4871; x_wconf 85' lang='lat' dir='ltr'><strong>tam</strong></span> <span class='ocrx_word' id='word_1_809' title='bbox 3219 4830 3348 4871; x_wconf 86' lang='lat' dir='ltr'><strong>san-</strong></span> 
     </span>
    </p>
   </div>
   <div class='ocr_carea' id='block_1_110' title="bbox 1758 4907 3348 4990">
    <p class='ocr_par' dir='ltr' id='par_1_110' title="bbox 1758 4907 3348 4990">
     <span class='ocr_line' id='line_1_110' title="bbox 1758 4907 3348 4990; baseline -0.009 -13"><span class='ocrx_word' id='word_1_810' title='bbox 1758 4930 1902 4977; x_wconf 90' lang='lat' dir='ltr'><strong>ctam</strong></span> <span class='ocrx_word' id='word_1_811' title='bbox 1930 4917 2084 4987; x_wconf 88' lang='lat' dir='ltr'><strong>fecit;</strong></span> <span class='ocrx_word' id='word_1_812' title='bbox 2113 4934 2236 4990; x_wconf 74' lang='lat' dir='ltr'><strong>qua:</strong></span> <span class='ocrx_word' id='word_1_813' title='bbox 2274 4917 2471 4973; x_wconf 88' lang='lat' dir='ltr'><strong>latroni</strong></span> <span class='ocrx_word' id='word_1_814' title='bbox 2510 4915 2563 4971; x_wconf 88' lang='lat' dir='ltr'><strong>in</strong></span> <span class='ocrx_word' id='word_1_815' title='bbox 2591 4929 2756 4971; x_wconf 90' lang='lat' dir='ltr'><strong>cruce</strong></span> <span class='ocrx_word' id='word_1_816' title='bbox 2771 4912 2886 4984; x_wconf 85' lang='lat' dir='ltr'><strong>jam</strong></span> <span class='ocrx_word' id='word_1_817' title='bbox 2925 4907 3227 4980; x_wconf 81' lang='lat' dir='ltr'><strong>exspiranti</strong></span> <span class='ocrx_word' id='word_1_818' title='bbox 3249 4921 3348 4979; x_wconf 85' lang='lat' dir='ltr'><strong>po-</strong></span> 
     </span>
    </p>
   </div>
   <div class='ocr_carea' id='block_1_111' title="bbox 1758 4998 2883 5079">
    <p class='ocr_par' dir='ltr' id='par_1_111' title="bbox 1758 4998 2883 5079">
     <span class='ocr_line' id='line_1_111' title="bbox 1758 4998 2883 5079; baseline -0.01 -8"><span class='ocrx_word' id='word_1_819' title='bbox 1758 4998 2016 5071; x_wconf 81' lang='lat' dir='ltr'><strong>stulatam</strong></span> <span class='ocrx_word' id='word_1_820' title='bbox 2047 5009 2481 5068; x_wconf 86' lang='lat' dir='ltr'><strong>misericordiam</strong></span> <span class='ocrx_word' id='word_1_821' title='bbox 2514 5023 2621 5064; x_wconf 90' lang='lat' dir='ltr'><strong>non</strong></span> <span class='ocrx_word' id='word_1_822' title='bbox 2647 5004 2883 5079; x_wconf 81' lang='lat' dir='ltr'><strong>negavit.</strong></span> 
     </span>
    </p>
   </div>
   <div class='ocr_carea' id='block_1_112' title="bbox 1776 5091 3348 5172">
    <p class='ocr_par' dir='ltr' id='par_1_112' title="bbox 1776 5091 3348 5172">
     <span class='ocr_line' id='line_1_112' title="bbox 1776 5091 3348 5172; baseline -0.011 -9"><span class='ocrx_word' id='word_1_823' title='bbox 1776 5166 1779 5169; x_wconf 95' lang='lat'><em>_</em></span> <span class='ocrx_word' id='word_1_824' title='bbox 1832 5102 2086 5162; x_wconf 86' lang='lat' dir='ltr'><strong>Secundo</strong></span> <span class='ocrx_word' id='word_1_825' title='bbox 2104 5118 2236 5160; x_wconf 87' lang='lat' dir='ltr'><strong>vero</strong></span> <span class='ocrx_word' id='word_1_826' title='bbox 2266 5118 2332 5158; x_wconf 75' lang='lat' dir='ltr'><strong>ex</strong></span> <span class='ocrx_word' id='word_1_827' title='bbox 2363 5101 2490 5169; x_wconf 88' lang='lat' dir='ltr'><strong>hoc,</strong></span> <span class='ocrx_word' id='word_1_828' title='bbox 2517 5099 2663 5172; x_wconf 87' lang='lat' dir='ltr'><strong>quod</strong></span> <span class='ocrx_word' id='word_1_829' title='bbox 2687 5095 2850 5154; x_wconf 88' lang='lat' dir='ltr'><strong>vieini</strong></span> <span class='ocrx_word' id='word_1_830' title='bbox 2881 5104 2937 5151; x_wconf 85' lang='lat' dir='ltr'><strong>et</strong></span> <span class='ocrx_word' id='word_1_831' title='bbox 2959 5092 3176 5162; x_wconf 72' lang='lat' dir='ltr'><strong>cognati</strong></span> <span class='ocrx_word' id='word_1_832' title='bbox 3198 5091 3348 5147; x_wconf 91' lang='lat' dir='ltr'><strong>bono</strong></span> 
     </span>
    </p>
   </div>
   <div class='ocr_carea' id='block_1_113' title="bbox 1756 5185 3347 5266">
    <p class='ocr_par' dir='ltr' id='par_1_113' title="bbox 1756 5185 3347 5266">
     <span class='ocr_line' id='line_1_113' title="bbox 1756 5185 3347 5266; baseline -0.009 -13"><span class='ocrx_word' id='word_1_833' title='bbox 1756 5190 2040 5255; x_wconf 80' lang='lat' dir='ltr'><strong>Elisabeth</strong></span> <span class='ocrx_word' id='word_1_834' title='bbox 2070 5194 2523 5266; x_wconf 84' lang='lat' dir='ltr'><strong>congratulantur</strong></span> <span class='ocrx_word' id='word_1_835' title='bbox 2546 5201 2601 5249; x_wconf 92' lang='lat' dir='ltr'><strong>ct</strong></span> <span class='ocrx_word' id='word_1_836' title='bbox 2641 5189 3007 5263; x_wconf 88' lang='lat' dir='ltr'><strong>congaudent,</strong></span> <span class='ocrx_word' id='word_1_837' title='bbox 3037 5185 3347 5257; x_wconf 85' lang='lat' dir='ltr'><strong>exemplum</strong></span> 
     </span>
    </p>
   </div>
   <div class='ocr_carea' id='block_1_114' title="bbox 1761 5276 3348 5360">
    <p class='ocr_par' dir='ltr' id='par_1_114' title="bbox 1761 5276 3348 5360">
     <span class='ocr_line' id='line_1_114' title="bbox 1761 5276 3348 5360; baseline -0.008 -15"><span class='ocrx_word' id='word_1_838' title='bbox 1761 5288 1922 5345; x_wconf 90' lang='lat' dir='ltr'><strong>nobis</strong></span> <span class='ocrx_word' id='word_1_839' title='bbox 1948 5288 2272 5360; x_wconf 88' lang='lat' dir='ltr'><strong>proponitur</strong></span> <span class='ocrx_word' id='word_1_840' title='bbox 2294 5328 2311 5355; x_wconf 91' lang='lat'><strong>,</strong></span> <span class='ocrx_word' id='word_1_841' title='bbox 2347 5285 2495 5357; x_wconf 89' lang='lat' dir='ltr'><strong>quod</strong></span> <span class='ocrx_word' id='word_1_842' title='bbox 2529 5299 2632 5341; x_wconf 90' lang='lat' dir='ltr'><strong>nos</strong></span> <span class='ocrx_word' id='word_1_843' title='bbox 2679 5276 2898 5355; x_wconf 84' lang='lat' dir='ltr'><strong>quoque</strong></span> <span class='ocrx_word' id='word_1_844' title='bbox 2922 5282 3080 5337; x_wconf 67' lang='lat' dir='ltr'><strong>bona:</strong></span> <span class='ocrx_word' id='word_1_845' title='bbox 3114 5293 3348 5337; x_wconf 86' lang='lat' dir='ltr'><strong>conver-</strong></span> 
     </span>
    </p>
   </div>
   <div class='ocr_carea' id='block_1_115' title="bbox 1758 5366 3347 5448">
    <p class='ocr_par' dir='ltr' id='par_1_115' title="bbox 1758 5366 3347 5448">
     <span class='ocr_line' id='line_1_115' title="bbox 1758 5366 3347 5448; baseline -0.009 -10"><span class='ocrx_word' id='word_1_846' title='bbox 1758 5378 1957 5438; x_wconf 88' lang='lat' dir='ltr'><strong>sationi</strong></span> <span class='ocrx_word' id='word_1_847' title='bbox 1996 5377 2452 5448; x_wconf 89' lang='lat' dir='ltr'><strong>conversionique</strong></span> <span class='ocrx_word' id='word_1_848' title='bbox 2504 5375 2735 5432; x_wconf 85' lang='lat' dir='ltr'><strong>aliorum</strong></span> <span class='ocrx_word' id='word_1_849' title='bbox 2788 5369 3251 5446; x_wconf 74' lang='lat' dir='ltr'><strong>congaudeamus.</strong></span> <span class='ocrx_word' id='word_1_850' title='bbox 3287 5366 3347 5424; x_wconf 83' lang='lat' dir='ltr'><strong>Si</strong></span> 
     </span>
    </p>
   </div>
   <div class='ocr_carea' id='block_1_116' title="bbox 1760 5463 3349 5543">
    <p class='ocr_par' dir='ltr' id='par_1_116' title="bbox 1760 5463 3349 5543">
     <span class='ocr_line' id='line_1_116' title="bbox 1760 5463 3349 5543; baseline -0.008 -13"><span class='ocrx_word' id='word_1_851' title='bbox 1760 5472 1931 5542; x_wconf 89' lang='lat' dir='ltr'><strong>enim,</strong></span> <span class='ocrx_word' id='word_1_852' title='bbox 1963 5481 2099 5530; x_wconf 86' lang='lat' dir='ltr'><strong>teste</strong></span> <span class='ocrx_word' id='word_1_853' title='bbox 2124 5470 2385 5539; x_wconf 91' lang='lat' dir='ltr'><strong>Domino,</strong></span> <span class='ocrx_word' id='word_1_854' title='bbox 2417 5466 2680 5543; x_wconf 82' lang='lat' dir='ltr'><strong>gaudium</strong></span> <span class='ocrx_word' id='word_1_855' title='bbox 2710 5476 2796 5525; x_wconf 88' lang='lat' dir='ltr'><strong>est</strong></span> <span class='ocrx_word' id='word_1_856' title='bbox 2825 5466 3037 5539; x_wconf 86' lang='lat' dir='ltr'><strong>angelis</strong></span> <span class='ocrx_word' id='word_1_857' title='bbox 3058 5463 3155 5520; x_wconf 79' lang='lat' dir='ltr'><strong>Dei</strong></span> <span class='ocrx_word' id='word_1_858' title='bbox 3183 5477 3349 5533; x_wconf 81' lang='lat' dir='ltr'><strong>super</strong></span> 
     </span>
    </p>
   </div>
   <div class='ocr_carea' id='block_1_117' title="bbox 1761 5554 3347 5637">
    <p class='ocr_par' dir='ltr' id='par_1_117' title="bbox 1761 5554 3347 5637">
     <span class='ocr_line' id='line_1_117' title="bbox 1761 5554 3347 5637; baseline -0.009 -15"><span class='ocrx_word' id='word_1_859' title='bbox 1761 5581 1875 5633; x_wconf 81' lang='lat' dir='ltr'><strong>uno</strong></span> <span class='ocrx_word' id='word_1_860' title='bbox 1933 5573 2219 5637; x_wconf 88' lang='lat' dir='ltr'><strong>peccatore</strong></span> <span class='ocrx_word' id='word_1_861' title='bbox 2277 5562 2655 5637; x_wconf 77' lang='lat' dir='ltr'><strong>pmnitentiam</strong></span> <span class='ocrx_word' id='word_1_862' title='bbox 2730 5568 2924 5632; x_wconf 86' lang='lat' dir='ltr'><strong>agente</strong></span> <span class='ocrx_word' id='word_1_863' title='bbox 2982 5558 3000 5621; x_wconf 80' lang='lat' dir='ltr'><strong>t</strong></span> <span class='ocrx_word' id='word_1_864' title='bbox 3024 5556 3157 5611; x_wconf 87' lang='lat' dir='ltr'><strong>Luc.</strong></span> <span class='ocrx_word' id='word_1_865' title='bbox 3198 5554 3347 5623; x_wconf 72' lang='lat' dir='ltr'><strong>rm),</strong></span> 
     </span>
    </p>
   </div>
   <div class='ocr_carea' id='block_1_118' title="bbox 1761 5646 3349 5730">
    <p class='ocr_par' dir='ltr' id='par_1_118' title="bbox 1761 5646 3349 5730">
     <span class='ocr_line' id='line_1_118' title="bbox 1761 5646 3349 5730; baseline -0.009 -16"><span class='ocrx_word' id='word_1_866' title='bbox 1761 5666 1971 5730; x_wconf 88' lang='lat' dir='ltr'><strong>quanto</strong></span> <span class='ocrx_word' id='word_1_867' title='bbox 1999 5657 2271 5729; x_wconf 57' lang='lat' dir='ltr'><strong>praecipue</strong></span> <span class='ocrx_word' id='word_1_868' title='bbox 2303 5654 2553 5712; x_wconf 87' lang='lat' dir='ltr'><strong>homines</strong></span> <span class='ocrx_word' id='word_1_869' title='bbox 2573 5654 2641 5709; x_wconf 85' lang='lat' dir='ltr'><strong>de</strong></span> <span class='ocrx_word' id='word_1_870' title='bbox 2665 5652 2952 5709; x_wconf 85' lang='lat' dir='ltr'><strong>hominum</strong></span> <span class='ocrx_word' id='word_1_871' title='bbox 2991 5646 3349 5705; x_wconf 81' lang='lat' dir='ltr'><strong>conversione</strong></span> 
     </span>
    </p>
   </div>
   <div class='ocr_carea' id='block_1_119' title="bbox 1760 5741 3349 5820">
    <p class='ocr_par' dir='ltr' id='par_1_119' title="bbox 1760 5741 3349 5820">
     <span class='ocr_line' id='line_1_119' title="bbox 1760 5741 3349 5820; baseline -0.011 -10"><span class='ocrx_word' id='word_1_872' title='bbox 1760 5761 1815 5811; x_wconf 81' lang='lat' dir='ltr'><strong>et</strong></span> <span class='ocrx_word' id='word_1_873' title='bbox 1841 5750 2223 5809; x_wconf 89' lang='lat' dir='ltr'><strong>emendatione</strong></span> <span class='ocrx_word' id='word_1_874' title='bbox 2265 5748 2463 5806; x_wconf 85' lang='lat' dir='ltr'><strong>debent</strong></span> <span class='ocrx_word' id='word_1_875' title='bbox 2488 5744 2767 5820; x_wconf 83' lang='lat' dir='ltr'><strong>gaudere?</strong></span> <span class='ocrx_word' id='word_1_876' title='bbox 2800 5741 2958 5811; x_wconf 84' lang='lat' dir='ltr'><strong>Quod</strong></span> <span class='ocrx_word' id='word_1_877' title='bbox 2985 5748 3170 5813; x_wconf 75' lang='lat' dir='ltr'><strong>aperte</strong></span> <span class='ocrx_word' id='word_1_878' title='bbox 3215 5753 3349 5795; x_wconf 80' lang='lat' dir='ltr'><strong>cou-</strong></span> 
     </span>
    </p>
   </div>
  </div>
