3844 6318
502 344 643 407 1⁸583

1750 318 2102 379 IllDULPIII
2140 318 2487 377 ABDENTIS

3593 320 3684 385 1581

500 478 584 525 tra
626 461 893 537 quosdam
921 456 1190 529 malignos
1217 459 1301 508 est
1319 494 1332 517 ,
1380 447 1475 520 qui
1519 445 1587 502 de
1620 444 1789 517 bonis
1848 443 2085 498 aliorum
2114 446 2162 507 Α
2191 437 2621 495 misericordiam
2650 442 2706 492 et
2734 433 3062 491 charitatem
3085 449 3252 505 super
3266 437 3439 491 omnia
3464 449 3685 512 sectemur;

501 574 615 616 non
647 533 830 612 solum
886 566 998 607 non
1054 545 1309 621 gaudere,
1350 540 1443 598 sed
1467 538 1631 595 etiam
1673 552 1773 609 per
1826 533 2087 591 invidiam

499 650 691 707 dolere
718 645 915 704 solent.
948 640 1077 707 Sed,
1108 637 1305 693 fratres
1336 630 1463 700 mei,
1491 631 1635 687 sicut
1659 628 1968 685 divinorum
1992 625 2090 681 ho-

502 745 716 800 minum
737 747 823 796 est
850 736 917 792 de
940 732 1100 790 bonis
1117 730 1352 785 aliorum
1374 722 1629 799 gaudere,
1647 731 1700 778 et
1721 721 1789 777 de
1810 718 1970 775 malis
1992 716 2092 773 do-

502 834 634 901 lere,
659 833 736 887 ita
762 825 1160 886 diabolicorum
1175 817 1459 875 hominum
1488 821 1573 871 est
1592 812 1661 869 de
1680 810 1841 868 bonis
1857 811 2090 865 aliorum

502 926 709 993 dolere,
741 931 793 978 et
821 919 887 976 de
908 914 1067 972 malis
1098 911 1352 984 gaudere.
1390 905 1578 963 Tertio
1601 918 1823 976 quoque
1853 916 1921 958 ex
1957 901 2087 968 hoc,

502 1020 649 1094 quod
671 990 805 1091 puer
833 1028 941 1068 non
954 1006 1177 1065 nomine
1201 1001 1496 1076 patris,sed
1523 998 1745 1055 nomine
1763 994 2013 1061 Joannis,
2038 990 2093 1048 id

503 1086 588 1174 est
613 1086 802 1188 gratim
826 1110 1192 1175 nuncupatur,
1215 1096 1525 1167 exemplum
1549 1090 1873 1164 proponitur
1894 1086 2055 1143 nobis
2075 1126 2092 1156 ,

501 1179 650 1281 quod
666 1214 947 1273 nunquam
977 1198 1183 1252 bonum
1212 1203 1351 1263 opus
1376 1194 1627 1243 nostrum
1651 1179 1861 1238 nomini
1882 1187 2094 1246 nostro,

502 1271 598 1356 sed
615 1271 1017 1369 potiusﬁdivinic
1039 1286 1228 1358 gratiae
1240 1281 1628 1345 attribuamus,
1657 1289 1782 1347 qua:
1793 1273 1911 1330 sola
1929 1271 2024 1328 dat
2043 1275 2098 1326 et

501 1367 638 1446 velle
687 1396 742 1443 et
785 1397 950 1457 posse
1004 1379 1268 1452 perlicere
1301 1371 1474 1446 (Phil.
1509 1369 1595 1443 ιι),
1635 1367 1758 1440 ipso
1804 1370 2099 1421 attestante

502 1480 597 1554 qui
649 1454 933 1550 discipulis
982 1471 1099 1529 suis
1148 1470 1266 1527 ait:
1316 1486 1335 1519 ι
1374 1464 1508 1520 Sine
1551 1476 1642 1519 me
1687 1458 1825 1516 nihil
1869 1454 2099 1528 potestis
2150 1508 2153 1511 η

505 1548 685 1632 facere
727 1548 912 1645 (Joau.
947 1564 1065 1637 xv).
1109 1582 1128 1616 ο
1168 1559 1330 1630 Quod
1380 1563 1565 1628 aperte
1593 1561 1787 1610 contra
1829 1548 2099 1621 quosdam

504 1640 824 1739 arrogantes
853 1671 956 1728 est,
983 1656 1078 1730 qui
1109 1655 1155 1713 si
1180 1652 1310 1727 quid
1334 1649 1612 1723 sapienter
1632 1645 1716 1701 vel
1744 1640 1959 1699 fortiter
1983 1652 2103 1711 ege-

504 1761 636 1827 rint,
666 1757 885 1831 ingenio
912 1754 998 1811 vel
1046 1751 1256 1807 viribus
1307 1747 1425 1804 suis
1455 1741 1781 1807 ascribunt,
1808 1736 1968 1810 quasi
2011 1735 2099 1791 di-

506 1863 732 1911 centes:
771 1869 789 1902 (
821 1847 1017 1903 Manus
1058 1851 1247 1900 nostra
1279 1838 1492 1895 excelsa
1523 1876 1538 1904 ,
1570 1841 1626 1889 et
1660 1846 1768 1886 non
1802 1827 1947 1884 Deus
1973 1825 2103 1882 fecit

506 1946 626 2002 ha'c
650 1942 835 1999 omnia
888 1937 1068 2011 (Deut.
1102 1930 1299 2002 sxxii).
1336 1949 1354 1982 ι
1418 1926 1624 1995 Quarto
1663 1922 1829 1979 etiam
1877 1935 1944 1975 ex
1999 1917 2105 1974 hoc

510 2036 678 2109 quod,
700 2008 1167 2092 demonstratione
1192 2020 1433 2078 nominis
1453 2017 1661 2091 gratiae,
1680 2012 1823 2088 patri
1852 2019 2004 2067 muto
2035 2008 2104 2065 ad

510 2106 947 2184 benedicendum
983 2118 1153 2175 Deum
1180 2131 1243 2171 os
1271 2112 1540 2185 aperitur,
1570 2106 1731 2163 nobis
1760 2106 2104 2162 demonstra-

512 2229 601 2275 tur
633 2216 895 2289 quoniam
938 2210 1015 2266 illi
1064 2208 1167 2264 soli
1205 2204 1378 2260 Deum
1413 2199 1736 2257 benedicere
1777 2204 1832 2252 et
1882 2194 2105 2250 laudare

508 2288 671 2381 digne
722 2310 994 2376 possunt,
1024 2298 1118 2371 qui
1146 2298 1352 2353 bonum
1396 2290 1543 2364 quod
1592 2288 1819 2354 faciunt,
1852 2300 1960 2341 non
2000 2297 2103 2338 no-

510 2376 645 2458 mini
696 2412 797 2455 suo
826 2438 842 2465 ,
890 2393 986 2450 sed
1035 2391 1125 2447 Dei
1153 2388 1343 2462 gratia:
1383 2393 1559 2442 totum
1608 2380 1912 2438 ascribunt.
1951 2376 2107 2433 Sicut

508 2494 654 2551 enim
686 2506 783 2563 per
814 2485 1142 2544 diabolicam
1193 2479 1676 2555 praesumptionem
1700 2517 1717 2543 ,
1746 2490 1855 2546 qua
1905 2472 2106 2544 aliquis

509 2583 658 2657 quod
689 2581 786 2636 Dei
816 2588 900 2636 est
948 2575 1051 2633 sibi
1109 2572 1402 2639 attribuit,
1449 2567 1624 2642 magis
1680 2565 1824 2622 Deus
1880 2576 2107 2620 exacer-

510 2653 704 2739 batur;
740 2673 815 2728 ita
861 2686 958 2742 per
985 2666 1376 2731 humilitatem,
1411 2678 1519 2733 qua
1550 2661 1715 2717 homo
1737 2656 1804 2713 de
1834 2669 1894 2713 se
1927 2653 2107 2709 viliter

511 2767 778 2833 sentiens,
806 2764 852 2820 si
883 2762 1015 2835 quid
1048 2759 1179 2816 boni
1208 2758 1413 2825 habet,
1442 2763 1618 2810 totum
1669 2750 1783 2808 Deo
1814 2746 2104 2815 attribuit,

512 2862 688 2934 magis
714 2859 861 2914 Deus
896 2857 1163 2929 placatur.
1227 2850 1431 2919 Quinto
1457 2860 1679 2919 quoque
1704 2859 1772 2901 ex
1797 2843 1905 2899 hoc
1931 2838 2103 2913 quod,

512 2966 735 3026 propter
779 2953 896 3007 visa
935 2947 1222 3014 miracula,
1256 2945 1420 3000 timor
1442 2940 1625 2997 factus
1651 2946 1736 2994 est
1776 2949 1942 3006 super
1970 2929 2106 2990 vici-

514 3063 636 3112 nos,
655 3055 709 3101 et
734 3059 898 3114 super
928 3041 1114 3097 omnia
1144 3045 1406 3094 montana
1431 3032 1665 3089 Galilaeze
1686 3026 2109 3101 divulgabantur

2133 1812 2178 1874 Β
2277 1790 2539 1874 Eisdem
2598 1803 2697 1860 ρετ

2191 530 2457 586 mundum
2502 530 2963 595 contemnamus;
2999 534 3119 583 toto
3169 526 3437 583 desiderio
3477 530 3535 584 ad
3572 530 3691 589 Deum

2190 622 2535 694 suspiremus
2566 638 2582 689 ;
2610 627 2885 692 quatenus
2932 618 3312 676 intercedente
3364 618 3511 677 beato
3546 621 3696 681 Joanne

2189 716 2435 789 Baptista
2461 758 2476 784 ,
2507 715 2598 771 cui
2615 712 2780 770 hodie
2801 710 3150 782 festivamus,
3177 713 3246 769 ad
3269 722 3463 770 aeterna
3484 714 3595 771 festa
3616 733 3697 788 per-

2190 807 2381 865 venire
2436 805 2743 873 valeamus,
2795 812 3093 875 praestante
3144 801 3381 859 Domino
3419 815 3584 860 nostro
3607 805 3697 862 Iesu

2188 899 2430 965 Christo,
2463 898 2705 970 quicum
2733 896 2896 953 Patre
2923 905 2978 952 et
3000 893 3210 967 Spiritu
3243 904 3432 952 sancto
3453 896 3570 952 vivit
3584 906 3624 952 et
3644 914 3703 953 re.

2194 984 2325 1065 gnat
2347 990 2491 1048 Deus
2523 1003 2626 1061 per
2659 987 2845 1044 omnia
2874 987 3075 1044 saecula
3096 986 3446 1043 saeculorum.
3471 986 3629 1042 Amen.

2194 1084 2275 1158 (7)
2333 1080 2455 1158 Vita
2485 1092 2533 1138 et
2548 1097 2700 1158 Iners
2734 1078 2858 1158 Divi
2881 1077 3109 1158 {annuis
3131 1078 3415 1158 Baptista,
3434 1094 3519 1158 per
3532 1077 3705 1148 Epipha-

2360 1155 2510 1209 niam
2536 1152 2869 1222 Constantio:
2890 1150 3055 1222 Cypri
3075 1150 3380 1222 episcopum
3400 1151 3593 1222 8_c_t_‘ipf0.

2265 1223 2507 1280 Joannes
2526 1218 3083 1294 Baptista,AZacharia
3105 1218 3270 1277 natus
3319 1228 3376 1275 et
3399 1218 3651 1294 Elisabeth,
3690 1234 3712 1274 e

2201 1297 2343 1354 tribu
2371 1294 2499 1351 Levi
2529 1290 2775 1350 emicuit.
2801 1292 2849 1348 Is
2872 1304 2957 1362 est
2986 1291 3363 1362 quitanquam
3390 1290 3712 1362 digitqosten-

2198 1365 2281 1423 dit
2315 1366 2475 1421 nobis
2493 1363 2745 1436 Agnum,
2776 1358 3329 1436 DeifatrisFilium,
3356 1358 3593 1436 qui'tollit
3617 1375 3715 1436 pec.

2199 1375 2281 1423 dit
2315 1375 2475 1421 nobis
2505 1375 2745 1436 Agnum,
2776 1375 2874 1418 Dei
2898 1375 3077 1418 Patris
3106 1375 3329 1428 unum,
3356 1375 3593 1431 quttouu
3698 1389 3715 1399 ο

2199 1446 2322 1495 cata
2339 1434 2550 1491 mundi.
2576 1434 2679 1491 Hic
2699 1433 3026 1503 mortalibus
3048 1433 3196 1487 viam
3219 1431 3595 1503 perstruxit,et

2200 1507 2458 1581 patefecit
2488 1506 2659 1581 regni
2684 1504 2802 1562 Dei.
2848 1501 3184 1581 Nemosane
3207 1500 3354 1581 [nter
3380 1508 3536 1557 natos
3562 1500 3720 1581 Vinalia.

2201 1568 2326 1636 rum
2393 1568 2582 1648 major
2633 1575 2846 1648 Joanne
2885 1573 3153 1648 Baptista.
3209 1568 3459 1628 Functus
3499 1579 3721 1648 esta__utem

2201 1651 2335 1715 vita,
2362 1638 2667 1704 decolletus
2695 1646 2763 1702 ab
2789 1638 3001 1715 Ilerod'e
3069 1653 3307 1715 tyranno
3347 1638 3724 1715 propterllero-

2201 1712 2418 1804 diadem
2431 1717 2712 1800 'fratriam,
2733 1724 2865 1841 Buta
2886 1712 3123 1786 Philippi
3149 1713 3340 1770 fratris
3352 1712 3463 1768 ’sui’
3480 1712 3722 1781 mnjugem.

2277 1792 2539 1842 Eiusdem
2598 1803 2697 1842 ner
2784 1830 2799 1842 .
2825 1785 3097 1842 lsidorum
3148 1785 3472 1842 episcopum
3500 1780 3722 1842 Hispalen-

2277 1790 2539 1863 Ejusdem
2598 1782 2706 1860 per
2733 1782 2799 1854 D,
2825 1782 3097 1867 Is-idorun‘t
3148 1785 3472 1909 epziscOpum
3500 1782 3724 1852 Hispalen-

2206 1878 2331 1946 εεηι.
2346 1857 2997 1946 (ελὶρειηιιφεθειρυξφν
3022 1857 3212 1946 {ilices
3239 1852 3725 1946 seminata?“

2206 1932 2335 1990 Levi
2353 1925 2418 1987 in
2451 1928 2791 2000 Hierusalem
2809 1925 2997 2000 'ortus,
3024 1927 3219 2000 angelo
3247 1925 3531 2000 nuntiante
3561 1936 3718 2000 coner;

2203 2014 2351 2075 ptus,
2372 2000 2715 2075 praenuntius
2732 1998 2965 2075 Christi,
2984 1991 3172 2075 praeco
3186 1996 3414 2075 judicis,
3435 1991 3730 2075 propheta}!
3822 1996 3823 2051 ξ

2203 2063 2437 2136 tissimi.
2474 2088 2582 2129 vox
2621 2070 2805 2138 Verbi,
2857 2063 3074 2126 amicus
3113 2063 3343 2139 sponsi,
3377 2063 3728 2139 testi_sDo;mini,

2204 2146 2431 2203 lucerna
2461 2143 2710 2209 luminis,
2740 2136 3014 2199 terminus
3051 2136 3471 2210 prophetarum,
3496 2136 3733 2210 baptisma—

2205 2217 2277 2272 tis
2291 2214 2529 2272 initiunt.
2544 2213 2649 2282 Qui
2674 2204 3337 2284 praenuntiatus-parentis
3352 2223 3536 2284 vocem
3547 2204 3732 2284 abstulit,

2208 2287 2422 2365 genitus
2453 2277 2692 2365 ofﬁcium
2731 2282 2929 2365 lingua:
2951 2277 3193 2365 ipsolvit.
3232 2279 3339 2347 Qui
3369 2278 3586 2360 necdum
3604 2277 3734 2365 alitus
3822 2336 3823 2339 η

2203 2326 3736 2426 ῧῖίῖίέἰῦιὶῗὖῑόίὶιίἐίὲιὲῗίῗξᾴιῖιῖἷιὲίὶ’’ςῖίξῇξόζῖῐιῖρὶώιὶὲ

2205 2429 2273 2485 ba
2302 2419 2546 2500 agnovit.
2576 2419 2889 2500 lll‘dt'BSCI‘lO
2915 2422 3265 2500 monstravit.
3294 2420 3473 2500 (Srdus
3501 2419 3736 2474 vestimen-

2213 2491 2360 2555 tutn‘
2391 2500 2592 2559 lanugo
2643 2494 2747 2552 fuit
2797 2493 3180 2559 camelorum,
3235 2491 3505 2547 habitatio
3530 2504 3738 2559 “eramus,

2208 2570 2387 2627 vit-tus
2423 2557 2601 2624 mellis
2616 2577 2671 2623 et
2686 2568 3020 2622 locustarum
3038 2557 3216 2620 cibus.
3246 2560 3350 2617 llic
3374 2562 3504 2617 dum
3530 2557 3739 2613 Herodem

2248 2640 2526 2695 rohiberet
2556 2638 2857 2693 fraternum
2893 2635 3101 2689 violare
3151 2632 3514 2696 connubium,
3542 2644 3740 2685 carcera-
3822 2628 3823 2637 ‘

2208 2655 2526 2767 rrontneret
2556 2655 2857 2693 Iraternum
2893 2655 3101 2689 “mare
3151 2655 3514 2696 connumum,
3542 2655 3740 2685 carcera-

2210 2712 2357 2788 _ib_us
2392 2710 2633 2769 tenebris
2654 2707 3020 2788 mancipatur.
3053 2703 3464 2788 Qujushea‘put"
3493 2701 3601 2788 [illia

2208 2783 2404 2841 ludens
2433 2798 2463 2836 a
2489 2794 2638 2851 patre
2670 2772 2951 2851 pt'ariiiiutit
2978 2772 3296 2851 postulavit.
3317 2772 3389 2851 5t
3412 2772 3744 2851 i_lIe_des£ctura

2211 2840 2353 2910 male
2382 2840 2629 2923 poscenti
2655 2840 2779 2923 tiliae
2798 2840 3380 2923 ebrius‘intenpocul‘a
3405 2844 3568 2899 dedit.
3601 2840 3747 2923 Sepul-

2211 2932 2301 2979 tus
2352 2912 2437 2979 est
2491 2922 2545 2976 in
2598 2916 3094 2990 Sebastiaoppido
3142 2912 3475 2990 Palaestinae,
3515 2912 3747 2990 quietam
3822 2912 3823 2919 ‘

2213 2991 2465 3050 Samaria
2489 2995 2809 3048 vocabatur.
2836 2982 3011 3057 Quam
3042 2986 3290 3044 Herodes
3329 3002 3423 3042 rex
3450 2982 3751 3057 Μάρκῳ..
3822 2996 3823 3033 :

2215 3065 2432 3137 tipatris
2482 3063 2658 3137 ﬁlius,
2697 3062 2769 3118 ob
2804 3052 3072 3116 honorem
3123 3057 3367 3137 Gaesaris
3413 3055 3651 3128 Augusti,
3674 3052 3753 3107 La-
3822 3098 3823 3101 η

515 3142 703 3195 omnia
738 3137 904 3193 verba
928 3136 1043 3190 lucc
1067 3176 1082 3202 ,
1131 3128 1458 3203 pr0ponitur
1479 3123 1639 3180 nobis
1663 3120 1973 3191 exemplum
2000 3160 2014 3185 ,
2048 3125 2109 3172 ut
2135 3171 2177 3229 Ο
2214 3120 2331 3193 ιίῇσ
2358 3150 2612 3193 sermone
2633 3120 2938 3199 Augustam
2960 3129 3195 3185 “Nam.

868 3228 873 3229 ,
999 3224 1028 3229 _
1076 3223 1087 3229 -
1136 3222 1170 3229 -.
1213 3220 1225 3229 .
1591 3213 1604 3229 .
1642 3228 1647 3229 ,
1930 3207 2098 3229 n-___.
2922 3219 3064 3229 ---...

512 3232 651 3288 visis
672 3228 965 3285 virtutibus
997 3223 1092 3280 Dei
1119 3220 1545 3287 divinorumque
1590 3211 1897 3278 hominum,
1930 3207 2104 3264 Deum

516 3304 711 3385 limere
740 3325 1043 3389 discamus,
1079 3328 1134 3374 et
1168 3329 1333 3387 opera
1360 3310 1628 3367 virtutum
1657 3320 1872 3377 semper
1905 3311 1961 3359 et
1984 3301 2107 3358 ubi-

518 3432 626 3489 que
653 3414 1031 3487 praediccmus.
1071 3405 1226 3475 Quod
1259 3410 1445 3475 aperte
1472 3406 1666 3456 contra
1693 3394 1961 3469 quosdam
1990 3407 2110 3447 ma-

516 3485 696 3583 lignos
716 3514 821 3574 est,
847 3503 943 3575 qui
965 3502 1195 3556 virtutes
1219 3505 1275 3553 et
1300 3496 1446 3553 bona
1474 3506 1664 3564 opera,
1693 3503 1816 3560 qua:
1840 3485 1985 3542 Deus
2015 3501 2111 3558 per

520 3580 741 3657 sanctos
776 3611 909 3653 suos
938 3600 1218 3664 operatur,
1249 3587 1338 3644 vel
1365 3591 1598 3657 negant,
1626 3582 1712 3638 vel
1747 3580 1912 3636 silent
1942 3619 1956 3645 ,
1984 3592 2110 3648 pec-

521 3703 642 3749 cata
671 3706 799 3748 vero
824 3698 879 3745 et
929 3686 1073 3743 mala
1117 3698 1283 3756 opera
1325 3679 1611 3737 hominum
1647 3674 1833 3731 statim
1883 3671 2113 3729 credunt

520 3783 901 3841 etdiﬂ‘amant.
936 3778 1102 3833 Sexto
1139 3788 1269 3831 vero
1320 3788 1388 3829 ex
1417 3771 1526 3828 hoc
1572 3766 1720 3841 quod
1765 3764 1965 3821 merito
2016 3760 2111 3816 lilii

520 3876 662 3951 patri
691 3882 847 3930 muto
890 3856 1001 3928 non
1024 3867 1202 3925 solum
1233 3865 1468 3938 loquela,
1503 3862 1600 3919 sed
1630 3859 1794 3917 etiam
1826 3854 2111 3929 prophetia
2147 3859 2153 3865 ‘

519 3946 821 4034 coiifertur,
858 3963 1015 4019 nobis
1042 3959 1305 4031 exemplis
1331 3954 1657 4030 proponitur
1679 3950 1940 4024 quoniam
1972 3946 2108 4003 mul-

522 4062 684 4118 toties
721 4059 796 4114 illi
819 4058 911 4130 qui
936 4055 1090 4130 prius
1108 4054 1176 4111 ad
1199 4053 1372 4109 Deum
1400 4048 1802 4107 Iaudandumet
1823 4043 2118 4117 praedican-

523 4156 656 4211 dum
668 4154 804 4209 muti
825 4161 1001 4219 erant,
1025 4149 1074 4207 si
1091 4150 1228 4206 bene
1251 4144 1576 4216 incoeperint
1597 4139 1931 4197 fructificare
1962 4145 2017 4192 et
2036 4135 2115 4190 vi-

520 4264 670 4315 vere,
694 4262 801 4302 non
814 4245 989 4302 solum
1007 4241 1239 4299 facultas
1258 4236 1421 4311 digne
1435 4232 1694 4291 laudandi
1710 4230 1879 4287 Deum
1896 4226 2115 4285 confer-

526 4345 614 4391 tur
631 4336 725 4391 sed
746 4335 910 4390 etiam
932 4332 1105 4405 gratia
1135 4330 1215 4387 eis
1233 4326 1466 4385 docendi
1492 4333 1547 4380 et
1563 4320 1893 4394 praedicandi
1921 4334 2117 4375 cumu-

525 4429 690 4485 latur.
732 4422 1216 4483 Sicutccontrario
1245 4433 1490 4493 persaepe
1514 4413 1782 4485 contingit
1819 4412 1965 4484 quod
1996 4410 2120 4482 qui-

2920 3219 3087 3277 XXII.

2592 3334 2645 3375 LV
2675 3331 2843 3374 τεετο
2865 3332 2919 3372 D.
2962 3329 3121 3371 PETRI
3144 3326 3422 3369 Αῐιοετοιῐ.
3822 3336 3823 3375 j

2285 3412 2434 3468 Misit
2465 3410 2702 3467 Herodes
2730 3423 2820 3464 rex
2845 3422 3032 3463 mamts
3092 3415 3152 3460 ut
3182 3405 3437 3476 aﬂligerct
3467 3399 3698 3472 quaedam
3716 3396 3762 3450 de

2216 3501 2456 3558 Ecclesia
2482 3502 2624 3574 (Act.
2659 3499 2783 3569 xu),
2807 3506 2915 3556 etc.
2944 3497 3004 3552 In
3031 3497 3136 3552 hac
3159 3495 3425 3559 lectione,
3456 3491 3646 3547 fratres
3666 3488 3764 3543 chr

2212 3591 2440 3658 rissimi,
2465 3590 2568 3645 tria
2595 3588 2749 3660 juxta
2786 3588 3023 3644 litteram
3047 3585 3208 3641 nobis
3230 3579 3627 3639 consideranda
3649 3586 3765 3632 sunt.

2212 3684 2421 3751 Primo,
2452 3698 2560 3754 qua
2592 3679 3187 3751 ratione.omnipotcns
3214 3685 3271 3733 et
3307 3677 3497 3748 justus
3546 3672 3770 3729 Dominus
3822 3672 3823 3745 ᾖ

2213 3777 2463 3849 reprobis
2493 3784 2697 3831 tantam
2727 3774 2782 3829 in
2806 3781 3027 3830 sanctos
3049 3785 3183 3828 suos
3208 3768 3419 3825 tribuat
3440 3764 3685 3824 sazv'icndi
3703 3778 3775 3834 per

2204 3878 2487 3939 ~testatcm.
2502 3867 2644 3925 Bene
2657 3874 2839 3923 autem
2850 3865 2975 3922 dico
2993 3856 3779 3933 tribuat,quouiam,utaitAt»

2216 3964 2415 4031 stolus,
2437 3976 2576 4017 «non
2599 3968 2936 4031 cstpotestas
2958 3958 3062 4013 nisi
3087 3973 3117 4011 a
3143 3955 3256 4012 Deo
3281 3954 3459 4026 (Rata.
3478 3952 3651 4020 x;n,)i
3676 3959 3781 4004 utsic

2214 4059 2379 4116 etiam
2404 4056 2765 4126 Redemptore
2791 4051 3090 4123 uostro’qui
3108 4049 3427 4106 aitl’ilatou
3449 4045 3569 4102 Non
3592 4046 3785 4101 haberes

2210 4160 2540 4231 potestatem
2562 4148 2852 4204 adversum
2881 4161 2967 4200 me
2980 4144 3170 4207 ullam,
3189 4141 3298 4196 nisi
3332 4141 3434 4195 tibi
3457 4140 3644 4194 datum
3672 4140 3787 4190 (sed
3822 4140 3823 4213 ξ

2209 4224 2451 4314 desuper
2469 4239 2650 4312 (Joau.
2671 4238 2806 4309 xix).
2821 4257 2839 4289 ι
2851 4235 2890 4291 U
2902 4235 3004 4292 nde
3018 4249 3117 4290 nec
3134 4233 3392 4288 diabolus
3403 4239 3599 4288 contra
3610 4226 3705 4284 Job
3718 4224 3789 4279 al-

2218 4334 2351 4407 quid
2388 4332 2567 4389 facere
2592 4306 2788 4403 potuit,
2812 4329 3133 4400 priusquam
3168 4342 3199 4380 a
3224 4325 3463 4381 Domino
3492 4330 3789 4394 potestatem

2220 4424 2579 4498 postulaverit
2632 4431 2687 4479 et
2720 4418 2993 4491 acceperit
3037 4416 3161 4489 (Job
3191 4424 3253 4487 ι).
3296 4415 3403 4470 Dat
3446 4415 3614 4486 igitur
3644 4409 3793 4465 Domi-

524 4520 652 4574 dam
695 4518 791 4590 qui
846 4517 999 4589 prius
1035 4512 1147 4586 apti
1181 4519 1359 4578 erant,
1396 4508 1483 4564 vel
1511 4522 1578 4563 ex
1602 4502 1835 4560 naturali
1872 4501 2107 4572 ingenio1

2221 4535 2327 4575 nus
2376 4516 2536 4573 ntalis
2589 4523 2911 4588 potestatem
2961 4510 3219 4567 saeviendi
3265 4508 3469 4580 triplici
3514 4508 3585 4563 de
3615 4520 3789 4561 causa:

528 4613 612 4669 vel
638 4628 705 4668 ex
737 4609 1039 4673 industria,
1070 4605 1139 4661 ad
1175 4602 1506 4667 docendum,
1536 4604 1727 4669 postea
1772 4592 2118 4665 exigentibus

525 4709 764 4783 peccatis
780 4706 897 4764 suis
925 4708 1289 4767 excmcantur,
1308 4706 1364 4753 et
1392 4694 1559 4768 priori
1591 4691 1763 4764 gratia
1790 4689 2115 4761 spoliantur,

521 4779 680 4873 juxta
718 4798 863 4869 quod
902 4795 1172 4864 scriptum
1194 4798 1315 4845 est:
1357 4805 1377 4840 ι
1410 4783 1571 4841 Omni
1602 4781 1825 4838 habenti
1872 4779 2114 4845 dabitur,

526 4903 584 4950 et
630 4890 974 4955 abundabit;
1008 4886 1059 4942 ei
1109 4897 1240 4940 vero
1285 4881 1380 4954 qui
1408 4879 1543 4935 nihil
1564 4877 1747 4945 habet,
1767 4875 1932 4931 etiam
1969 4873 2116 4944 quod

530 4988 732 5042 habere
772 4983 1078 5049 videbatur,
1138 4975 1420 5033 auferetur
1478 4973 1634 5028 abeo
1693 4967 1914 5042 (Matth.
1962 4980 2113 5032 xui;

526 5078 708 5142 Marc.
766 5075 843 5146 tv)
897 5093 916 5125 ι
957 5071 1167 5143 Itaque,
1219 5066 1415 5125 fratres
1473 5064 1604 5130 mei,
1675 5060 2017 5118 sterilitatem
2065 5064 2120 5113 et

530 5175 857 5231 vetustatem
907 5173 1254 5240 peccatorum
1283 5176 1379 5235 per
1405 5153 1785 5242 pceni‘tentiam
1828 5163 2118 5216 exuamus,

535 5268 593 5323 in
622 5279 818 5321 novam
848 5262 1014 5317 vitam
1044 5273 1142 5331 per
1162 5259 1362 5314 bonam
1387 5255 1763 5327 operationem
1816 5241 2114 5302 fructiﬁca-

533 5375 684 5425 mus;
712 5362 853 5412 bona
886 5355 1146 5411 habentes
1173 5367 1363 5422 opera,
1393 5366 1506 5406 non
1528 5346 1742 5404 nonnni
1764 5352 1976 5407 nostro,
2022 5338 2119 5396 sed

547 5451 750 5508 divina:
801 5449 988 5523 gratiis
1046 5447 1456 5513 attribuamus;
1510 5438 1947 5498 misericordiam
2022 5432 2119 5489 Dei

536 5546 685 5602 circa
733 5558 834 5599 nos
876 5540 1078 5598 factam
1125 5554 1345 5610 semper
1392 5529 1991 5599 benedicamus;alios
2050 5526 2121 5582 ad

539 5634 709 5692 Deum
743 5643 1057 5692 convertere
1081 5632 1224 5692 bono
1246 5629 1494 5701 exemplo
1517 5634 1572 5683 et
1593 5625 1760 5683 verbo
1783 5621 2121 5687 Studeamus;

608 5836 688 5908 (7)
725 5833 968 5890 liabetur
997 5835 1053 5890 in
1208 5831 1329 5902 ejus
1359 5829 1426 5887 de
1455 5825 1577 5884 Vita
1598 5825 2007 5898 prophetarum.

2219 4607 2569 4675 Primum,ad
2594 4604 2916 4662 exercitium
2943 4604 3232 4658 bonorum.
3264 4598 3427 4667 Quod
3450 4599 3603 4654 cnim
3634 4596 3793 4650 fumat

2221 4716 2381 4766 auro,
2402 4698 2548 4771 quod
2575 4699 2705 4753 lima
2729 4696 2895 4762 ferro,
2914 4693 3063 4766 quod
3088 4709 3228 4764 aqua
3248 4708 3459 4763 mimo,
3487 4692 3596 4745 hoc
3618 4686 3796 4744 confert

2220 4789 2502 4846 tribulatio
2524 4788 2696 4858 justo.
2734 4784 2838 4842 Per
2858 4783 3179 4840 exercitium
3214 4782 3388 4853 igitur
3409 4781 3681 4835 malorum
3704 4788 3797 4829 tau-

2220 4898 2386 4955 quam
2421 4880 2703 4937 fabrorum
2727 4892 2979 4943 suoruin,
3010 4875 3165 4930 limat
3186 4873 3332 4929 Deus
3356 4888 3495 4928 vasa
3527 4868 3799 4927 electionis

2222 4985 2283 5031 ut
2326 4990 2423 5031 eos
2467 4972 2835 5046 purgatiores,
2875 4968 3162 5036 clariores,
3192 4965 3492 5023 solidiores
3523 4975 3582 5021 et
3627 4960 3801 5033 pretio-

2220 5063 2399 5122 siores
2445 5064 2656 5120 reddat.
2703 5059 2978 5125 Secundo,
3014 5056 3082 5114 ad
3124 5056 3447 5112 illusionem
3489 5050 3803 5125 reprobatis

2222 5170 2461 5226 nemque
2486 5153 2782 5221 malorum,
2811 5152 2969 5223 juxta
2993 5148 3139 5220 quod
3162 5148 3435 5219 scriptum
3460 5155 3582 5202 est:
3615 5166 3636 5197 ι
3659 5144 3805 5198 Draﬂ

2222 5250 2326 5306 iste
2354 5263 2519 5320 quem
2549 5245 2799 5305 formasti
2833 5244 2900 5301 ad
2938 5241 3282 5298 illudendum
3317 5241 3372 5296 ei
3405 5237 3591 5314 (Psal.
3632 5238 3761 5305 cui).
3788 5252 3801 5283 ι

2220 5342 2475 5400 llluditur
2501 5342 2650 5399 enim
2671 5338 2924 5396 diabolus
2951 5344 3008 5392 et
3026 5335 3276 5391 membra
3300 5333 3427 5407 ejus
3456 5334 3518 5388 in
3548 5332 3656 5388 hoc
3682 5328 3807 5400 quia.

2223 5437 2354 5493 dum
2407 5433 2637 5504 cupiunt
2675 5443 2875 5486 nocere
2920 5426 3149 5492 sanctis,
3193 5425 3277 5481 eis
3326 5432 3594 5496 prosunt,
3636 5432 3690 5477 et
3728 5414 3813 5473 si

2223 5529 2359 5601 ipsis
2383 5525 2558 5599 magis
2584 5525 2806 5582 obsunt.
2830 5520 3038 5587 Tertio,
3071 5519 3140 5575 ad
3175 5517 3383 5574 divina:
3408 5516 3702 5588 sapientiae
3734 5526 3815 5582 po-

2224 5622 2517 5690 tentiaeque
2548 5611 3104 5680 demonstrationem,
3152 5623 3291 5682 quia,
3318 5615 3498 5675 tanta
3538 5616 3646 5675 est,
3690 5602 3817 5677 qud

2305 5821 2381 5897 (8)
2417 5821 2480 5877 ln
2507 5821 2600 5879 lib.
2616 5820 2693 5877 De
2714 5818 2964 5893 patribus
2989 5814 3211 5874 Veteris
3242 5812 3620 5873 Testamenti.
