3844 6318
129 431 233 490 1385

1137 424 1476 486 ῊοθιίιιιιΕ.
1495 461 1579 489 _-—
1595 431 1645 486 .I.
1671 431 1766 494 DE
1789 432 2134 502 TEMPORE.

3164 455 3304 514 i386

129 517 484 592 mapalibus
501 515 865 587 reproborum
893 516 996 572 scit
1017 528 1072 574 et
1102 528 1289 588 potest
1321 522 1396 576 uti
1425 521 1482 576 in
1513 522 1610 577 ho.
1641 531 1686 589 Α
1713 525 2098 584 demonstrans
2131 529 2289 588 nobis
2334 532 2400 587 ad
2426 533 2544 604 pias
2587 534 2846 594 Ecclesiae
2871 557 2982 600 suae
3009 560 3202 616 preces
3242 566 3303 606 se

125 633 239 678 mm.
263 609 500 682 Quidquid
541 609 692 668 enim
727 609 854 674 mali
882 608 1153 666 intentant
1185 610 1298 668 Deo
1339 622 1393 667 ct
1438 629 1620 671 tuem-~
1715 637 1931 692 semper
1963 639 2087 678 esse
2112 626 2468 695 exorabilem,
2499 637 2554 684 et
2591 629 2660 685 ad
2693 608 3032 694 liberandum
3078 657 3200 696 eam
3241 653 3307 700 se

125 713 209 768 bris
227 708 343 778 ejus,
369 703 468 762 Deo
483 702 740 770 militum,
779 701 874 773 qui
897 703 966 760 de
992 704 1072 760 eis
1109 717 1164 762 et
1195 719 1291 776 per
1319 721 1413 762 eos
1453 722 1611 762 suam

119 801 278 875 perficit
296 799 599 856 voluntatem
625 805 680 851 et
703 797 952 867 gloriam.
996 798 1249 864 Secundo
1279 816 1427 869 vero,
1473 794 1652 882 con-f'

119 891 496 960 siderandumest
524 886 673 956 quod
699 888 962 950 Dominus
996 891 1264 959 quosdam
1289 902 1608 950 sanctorum

114 997 285 1039 suorum
321 995 416 1034 non
453 977 561 1034 vult
588 978 644 1034 in
673 979 777 1036 hoc
817 980 1018 1036 saeculo
1047 981 1254 1040 diutius
1282 997 1522 1040 manere.
1549 993 1614 1063 et

111 1074 322 1147 quamvis,
343 1078 382 1128 si
403 1071 822 1140 supervivercnt,
849 1073 1158 1143 viderentur
1181 1083 1290 1144 tam
1314 1075 1420 1154 sibi
1438 1092 1604 1148 quam

107 1169 198 1223 aliis
233 1162 768 1234 multumprofuturi,
820 1173 1004 1222 tamen
1041 1165 1236 1223 festive
1288 1168 1605 1240 eoseducit

105 1263 154 1316 de
179 1257 568 1330 tribulationibus
589 1256 758 1327 hujus
789 1258 1001 1326 mundi,
1043 1267 1103 1314 ut
1123 1257 1388 1322 Jacobum
1432 1260 1606 1334 Majog

103 1368 186 1406 mn
211 1365 346 1420 quem
368 1349 546 1408 adhuc
569 1350 828 1419 juvenem
866 1360 994 1412 ante
1029 1360 1257 1420 «cteros
1289 1355 1606 1435 apostolos,

100 1443 150 1496 de
179 1441 264 1494 hoc
303 1440 522 1506 mundo,
557 1441 983 1511 pert-gladium—
1009 1441 1246 1502 Herodis
1300 1446 1601 1510 subtraxit.

97 1529 213 1595 Quod
247 1529 546 1588 onmiseieus
593 1529 861 1597 Dominus
875 1539 1246 1604 propteratrcs
1293 1535 1602 1618 causaslfa?

89 1626 161 1678 cit.
189 1624 340 1678 l’rima
367 1631 464 1689 est,
497 1624 760 1700 quoniam
801 1625 954 1690 novit
985 1641 1086 1682 eos
1113 1627 1312 1688 merita
1338 1631 1601 1703 ,quzehav

93 1717 216 1770 bituri
250 1724 408 1782 erant,
449 1731 894 1785 eonsunmasse.
935 1718 1092 1790 juxta
1135 1721 1286 1791 quod
1329 1722 1595 1802 scriptum

84 1817 190 1863 est:
232 1827 250 1860 ι
291 1808 706 1868 Consummatus
743 1811 810 1870 iu
851 1812 1005 1874 brevi
1058 1814 1294 1886 explevit
1351 1824 1597 1888 tempora

1713 727 1930 785 semper
1954 728 2076 769 esse
2104 723 2401 784 potentem.
2437 719 2612 775 Porro
2632 721 2994 782 incarceratio
3024 738 3076 784 ct
3100 729 3302 788 libera-

1713 804 1810 871 tio,
1841 822 1964 876 qua:
1986 809 2157 862 semel
2193 808 2350 866 faeta:
2369 814 2571 868 suntin
2590 813 2779 883 .Petro,
2811 820 3054 889 quotidie
3077 822 3215 880 ﬁunt
3244 825 3302 881 in

1712 896 1891 978 nobis.
1932 896 2169 958 Herodes
2198 901 2366 970 enim,
2404 903 2457 959 id
2495 913 2580 960 est
2618 907 2899 977 diabolus,
2945 912 3039 982 qui
3063 924 3158 969 est
3202 931 3298 972 rex

1701 991 1958 1055 omnium
1992 993 2326 1065 iniquorum,
2359 999 2602 1069 quotidie
2632 999 2744 1058 Deo
2768 1006 3136 1078 permittente,
3166 1010 3297 1066 mit-

1701 1080 1773 1138 tit
1799 1088 1994 1144 manus
2020 1101 2150 1140 suas
2179 1096 2239 1141 ut
2283 1089 2485 1161 afﬂigat
2526 1107 2667 1162 quos
2708 1106 2887 1165 potest
2915 1099 2982 1155 de
3028 1099 3291 1158 Ecclesia.

1705 1167 1824 1225 Non
1857 1173 2002 1227 enim
2042 1175 2239 1231 suﬁicit
2269 1179 2317 1232 ci
2343 1182 2488 1250 quod
2520 1185 2747 1254 gentiles
2787 1197 2840 1243 et
2871 1187 3090 1248 Judmos
3131 1205 3294 1250 caete-

1706 1277 1906 1344 vosque
1937 1265 2182 1322 inﬁdeles
2226 1272 2468 1340 quotidie
2497 1275 2741 1344 devorat,
2790 1280 3088 1337 nisi‘etiam
3132 1283 3294 1339 Chri'J

1705 1340 1936 1422 stialtos,
1965 1374 2106 1428 quos
2128 1368 2316 1430 potest
2351 1361 2405 1416 in
2437 1367 2618 1422 anitna
2646 1340 2872 1426 occidat.
2919 1370 3073 1429 Unde
3105 1374 3285 1431 Domi-

1703 1463 1808 1504 nus
1835 1449 1902 1505 de
1929 1465 1996 1513 eo
2021 1451 2090 1505 ad
2116 1452 2336 1508 beatum
2367 1453 2470 1529 Job
2501 1458 2573 1524 ait
2600 1478 2611 1513 :
2643 1479 2660 1511 ‹
2691 1459 3019 1521 Absorbebit
3037 1467 3284 1538 fluvium,

1701 1547 1756 1624 et
1780 1554 1890 1598 non
1919 1541 2235 1612 mirabitur,
2271 1555 2324 1600 et
2363 1547 2536 1604 habet
2563 1553 2819 1610 ﬁduciam
2849 1559 2995 1626 quod
3032 1557 3288 1618 Jordanis

1700 1621 1834 1703 ﬂuat
1859 1634 1913 1692 in
1948 1651 2012 1693 os
2055 1637 2176 1709 ejus
2219 1638 2340 1711 (Job
2387 1643 2500 1713 XL).
2539 1663 2555 1694 ι
2604 1636 2682 1701 Ac
2725 1650 2771 1702 si
2803 1621 2986 1706 dicat:
3029 1653 3147 1708 Non
3187 1667 3288 1726 pro

1699 1741 1899 1798 magno
1931 1728 2092 1784 habet
2120 1731 2372 1796 diabolus
2415 1738 2562 1807 quod
2604 1738 2848 1814 ﬂuvium,
2904 1744 2956 1799 id
2993 1756 3074 1801 est
3113 1763 3286 1818 genus

1700 1816 2023 1903 humanum,
2067 1821 2098 1877 a
2136 1823 2406 1898 principio
2451 1829 2642 1884 mundi
2688 1849 2862 1903 usque
2909 1835 2976 1892 ad
2999 1816 3282 1895 Christum

87 1904 232 1956 multa.
258 1901 578 1959 Venerabilis
597 1904 744 1964 enim
768 1913 852 1964 est
881 1882 1158 1975 senectus,
1179 1882 1594 1979 nondiutu-rna,
1628 1882 1672 1946 Β
1697 1897 1816 1966 fere
1850 1919 2026 1967 totum
2075 1882 2383 1983 absorbuit,
2417 1919 2521 1974 nisi
2559 1921 2724 1976 etiam
2760 1882 3087 1994 Burdonem,
3122 1930 3174 1984 id
3204 1939 3288 1986 est

87 2012 217 2066 neque
235 2011 488 2054 annowm
515 2013 749 2057 numero
769 2008 1104 2069 Computata.
1131 1998 1275 2058 Cani
1299 2002 1449 2058 enim
1468 2013 1600 2062 sunt

85 2102 232 2143 sensus
255 2090 497 2157 hominis,
528 2100 584 2146 et
607 2100 743 2151 atlas
774 2092 1072 2152 senectutis
1100 2093 1214 2150 vita
1245 2095 1594 2154 immaculata

74 2181 195 2252 βαρ.
221 2181 548 2254 “Lentule,
591 2185 847 2256 quamvis
877 2187 1055 2243 sancti
1091 2186 1324 2258 juvenes
1343 2190 1596 2247 morian-

83 2283 158 2339 tur,
185 2284 338 2330 tamen
359 2277 578 2347 explent
609 2278 730 2334 dies
758 2294 914 2351 suos,
940 2295 1067 2340 cum
1092 2290 1284 2340 eontra
1309 2282 1378 2340 de
1402 2299 1594 2356 repro—

77 2365 137 2419 bi:
157 2365 384 2423 dicatur;
411 2387 430 2421 ι
456 2366 595 2424 _Yiri.
617 2371 950 2442 sanguinem
976 2382 1034 2428 et
1073 2372 1250 2430 dolosi
1287 2390 1398 2432 non
1424 2375 1590 2436 dimi-

75 2455 248 2510 diabunt
271 2458 382 2514 dies
405 2474 537 2516 suos
582 2459 758 2532 (Paul.
784 2461 919 2534 Liv).
949 2482 968 2515 ι
1006 2462 1258 2522 Secunda
1295 2476 1400 2536 est,
1435 2484 1506 2524 ne
1531 2467 1589 2526 in

61 2545 228 2602 iubrica
253 2548 406 2619 hujus
425 2551 616 2607 stimuli
639 2551 726 2614 via
749 2553 1046 2634 aliquando
1065 2555 1382 2616 laberentur
1393 2570 1590 2633 etper-

66 2637 198 2703 irent,
227 2639 367 2708 juxta
401 2643 554 2712 quod
597 2645 862 2716 scriptum
905 2655 1037 2704 est:
1086 2667 1112 2702 4
1141 2648 1353 2722 Raptus
1393 2663 1478 2709 est
1520 2669 1588 2710 ne

67 2731 223 2787 malitia
247 2742 469 2790 mutaret
493 2737 833 2798 intellectum
853 2743 997 2813 ejus,
1035 2755 1131 2802 aut
1155 2762 1224 2802 ne
1263 2745 1412 2803 ﬁctio
1438 2747 1587 2804 deci-

62 2832 178 2914 peret
199 2827 414 2884 animam
438 2830 565 2900 ejus
590 2830 742 2904 (Sep.
775 2836 872 2907 tv).
906 2855 925 2888 ι
953 2836 1248 2910 Pmplerea
1272 2844 1586 2914 Ρΐουοΐπὶι

59 2913 241 2974 educere
276 2933 404 2976 eum
448 2923 516 2978 de
571 2925 752 2982 medio
798 2927 1174 3000 iniquitatum.
1231 2913 1415 2990 Tertia
1466 2946 1580 3008 est,

63 3009 169 3073 quod
197 3010 304 3067 ideo
335 3015 442 3070 cito
488 3019 881 3090 prteripiunw'r
908 3027 1084 3082 sancti
1112 3025 1182 3084 de
1223 3027 1330 3090 hoc
1357 3031 1579 3099 saeculo,

61 3101 260 3196 quoniam
292 3106 390 3172 eis,
421 3117 484 3164 ut
516 3110 599 3166 ait
631 3111 947 3183 Apostolus,
1003 3135 1024 3169 ι
1052 3116 1252 3196 dignus
1295 3136 1406 3178 non
1463 3132 1580 3180 erat

1699 1999 2005 2073 baptizatos
2031 2007 2086 2061 in
2113 2017 2356 2064 ventrem
2389 2027 2504 2068 suae
2527 2015 2749 2071 malitia:
2779 2020 3144 2090 transglutiat.
3177 2020 3288 2079 Nec

1697 2093 1897 2152 suﬂicit
1922 2098 2086 2153 etiam
2133 2099 2183 2154 ei
2225 2102 2372 2172 quod
2413 2102 2661 2172 minores
2701 2107 2769 2162 de
2798 2106 3041 2166 Ecclesia
3069 2112 3286 2183 aliquos

1695 2188 1942 2260 quotidie
1967 2200 2180 2258 enecat,
2207 2194 2303 2249 scd
2337 2193 2502 2250 etiam
2535 2197 2772 2270 majores
2793 2209 2849 2255 et
2878 2203 3132 2271 praelatos
3156 2221 3285 2259 san-

1693 2289 1795 2337 cta:
1825 2279 2082 2339 EcClesia
2110 2286 2381 2358 prmcipue
2402 2289 2648 2345 occidere
2676 2290 2916 2366 festinat.
2963 2294 3115 2351 Escae
3134 2297 3280 2352 enim

1691 2369 1832 2442 ejus,
1851 2372 2299 2443 utaitllabacuc,
2324 2377 2510 2434 electae
2524 2388 2653 2436 sunt
2687 2381 2918 2452 (Ilabac.
2954 2384 3015 2452 ι).
3042 2383 3196 2442 Unde
3225 2397 3282 2443 et

1691 2462 1781 2520 hic
1801 2465 2000 2521 dicitur
2027 2509 2040 2522 .
2071 2467 2280 2524 Occidit
2304 2480 2481 2525 autem
2510 2471 2770 2528 Jacobum
2803 2477 3027 2546 fratrem
3047 2477 3276 2536 Joannis

1687 2556 1887 2628 gladio,
1919 2559 2180 2630 quoniam
2214 2579 2444 2635 magnos
2480 2576 2884 2639 contemptores
2912 2578 2968 2626 et
3011 2573 3278 2643 supplan-

1687 2658 1897 2707 tatores
1924 2651 2183 2730 vitiorum
2216 2656 2417 2713 occidit
2450 2657 2630 2729 gladio
2659 2675 2776 2716 sum
2800 2662 3148 2728 .tentationis.
3188 2662 3282 2720 γε.

1685 2742 1814 2798 deus
1836 2755 2014 2800 autem
2037 2745 2153 2803 hoc
2200 2749 2414 2820 placere
2443 2749 2672 2820 ludatis,
2713 2754 2768 2809 id
2800 2763 2885 2810 est
2915 2755 3134 2817 malitiae
3164 2773 3279 2814 sua:

1685 2835 2015 2906 fautoribus,
2044 2843 2268 2913 apponit
2290 2843 2454 2909 etiam
2489 2854 2544 2898 ut
2578 2845 2829 2915 Petrum,
2879 2847 2931 2903 id
2961 2857 3046 2904 est
3083 2849 3276 2906 ﬁrmo-

1682 2947 1808 2988 rum
1838 2929 2220 3005 episcoporum
2245 2936 2488 2991 ordinem
2518 2939 2910 3009 apprehendat,
2940 2951 2999 2996 ut
3018 2941 3273 2997 videlicet
3371 3004 3382 3011 _

1682 3021 1813 3078 laeso
1836 3025 2015 3096 capite
2045 3027 2258 3082 minora
2291 3029 2536 3084 membra
2581 3031 2685 3086 sibi
2725 3033 3107 3089 uni-versaliter
3143 3034 3275 3105 sub-

1673 3115 1852 3188 jiciat.
1886 3115 2041 3174 Facit
2083 3130 2263 3176 autem
2296 3120 2400 3177 hoc
2433 3124 2706 3195 principue
2736 3125 2790 3179 in
2815 3125 3009 3182 diebus
3052 3142 3276 3200 azymo-

58 3193 242 3250 mundus
277 3197 458 3266 (Hebr.
509 3203 600 3273 ιι).
626 3221 654 3256 a
698 3202 768 3259 Et
795 3205 919 3265 ideo
961 3193 1305 3280 exigentibus
1338 3216 1582 3284 peccatis
1609 3232 1650 3290 (ζ
1681 3224 1830 3278 Tum,
1860 3212 2119 3281 (ιιιοηίειω
2147 3212 2202 3268 in
2245 3193 2686 3272 SOlle‘immius
2729 3225 2784 3272 θί
2829 3217 2884 3272 in
2921 3193 3168 3290 ieiunii-5’
3215 3219 3274 3276 in

56 3284 154 3351 suis,
191 3287 380 3368 lumine
416 3304 740 3353 sanctorum
776 3299 1080 3369 privamur.
1117 3301 1273 3360 Unde
1311 3307 1594 3376 scriptum.

161 3378 402 3454 Virijusti
431 3389 726 3458 tolluntur,
761 3401 998 3454 etnemo
1021 3396 1358 3466 considerat;
1384 3415 1415 3455 a
1443 3399 1580 3472 facie

55 3466 297 3540 iniquitatis
325 3480 582 3538 sublatus
611 3493 696 3540 est
720 3484 909 3555 justus
938 3485 1077 3558 (Jsa.
1112 3491 1273 3560 uti).
1300 3489 1410 3547 Sed
1436 3466 1577 3563 qua-

52 3576 216 3632 ίέυηςιιια
247 3569 308 3624 de
331 3588 530 3639 causa.
567 3575 764 3640 fratres
791 3580 921 3649 mei,
947 3589 1056 3636 tam
1083 3583 1193 3638 cito
1223 3584 1483 3640 tollantur
1509 3587 1578 3642 ab

49 3651 123 3708 hoc
152 3661 331 3718 misero
358 3669 577 3728 mundo
615 3672 812 3738 sancti,
839 3673 980 3730 bene
1002 3684 1055 3730 et
1091 3676 1246 3731 beate
1277 3686 1459 3732 actum
1493 3689 1580 3735 est

46 3751 250 3819 tunicis,
283 3758 483 3825 quibus
515 3760 712 3824 datum
757 3775 842 3824 est
888 3774 999 3821 tam
1043 3767 1152 3822 cito
1198 3776 1577 3826 transcurrere

39 3833 229 3898 laborem
265 3847 430 3919 hujus
473 3854 673 3909 tumidi
697 3865 768 3912 .et
797 3858 1099 3926 miseriam,
1131 3868 1188 3915 et
1223 3861 1454 3931 gloriam
1486 3863 1574 3918 in—

43 3940 149 4009 trare
173 3942 576 4010 sempiternam.
614 3946 819 4015 Tertio,
851 3967 1072 4023 quoque
1113 3954 1572 4024 considerandum

115 4033 237 4100 quod
263 4037 400 4106 alios
431 4051 759 4100 sanctorum
783 4045 1054 4106 Dominus
1093 4060 1346 4119 potenter
1372 4053 1440 4109 de
1466 4054 1573 4122 tri-

37 4115 350 4213 balationibus
377 4134 664 4204 eripiens,
693 4136 825 4193 facit
860 4155 954 4196 eos
991 4115 1332 4213 hic—longam
1373 4119 1573 4202 ducere

37 4207 183 4282 Vitam,
204 4228 263 4274 ut
297 4219 526 4282 Petrum
568 4238 623 4283 et
657 4228 927 4288 Joannem
968 4207 1378 4304 evangelistam.
1409 4234 1570 4302 Quod

35 4303 203 4369 quidem
227 4310 375 4382 facit,
401 4327 458 4372 et
483 4319 555 4374 ad
585 4320 850 4390 majorem
881 4303 1126 4394 majoris
1145 4323 1350 4381 laboris
1377 4341 1570 4396 eorum

35 4406 500 4480 remunerationem,
529 4422 588 4468 et
616 4414 683 4468 ad
710 4413 968 4472 Ecclesia:
997 4433 1110 4474 sua:
1139 4419 1570 4492 consolationem

37 4496 432 4570 itcruditionent,
460 4515 519 4560 et
551 4507 620 4562 ad
648 4508 820 4577 partis
849 4507 1092 4566 adversa:
1113 4511 1494 4570 confusionem
1515 4524 1571 4570 et

1683 3301 1885 3372 quibus
1930 3302 2119 3360 ﬁdeles
2154 3315 2411 3362 exercent
2454 3323 2514 3363 se
2558 3309 2625 3363 ad
2662 3310 2924 3380 majorem
2956 3311 3271 3382 puritatem,

1682 3395 1946 3468 majorem
1968 3408 2392 3456 exercet-contra
2407 3417 2502 3456 eos
2519 3401 2768 3458 diabolus
2781 3403 3267 3475 impugnationem.

1680 3488 2095 3560 Apprchensum
2121 3501 2304 3546 autem
2335 3494 2840 3566 impugnationibus
2867 3497 2986 3551 suis
3015 3504 3269 3566 peccato-

1680 3598 1818 3650 rcm,
1848 3583 2013 3638 mittit
2041 3583 2095 3638 in
2126 3583 2554 3655 profunditatem
2594 3595 2648 3643 ct
2687 3588 3079 3644 obchritatcm
3106 3588 3270 3644 vitio-

1679 3691 1824 3743 rum,
1850 3684 1904 3732 et
1932 3690 2002 3730 ne
2030 3676 2156 3732 inde
2198 3693 2295 3748 per
2326 3687 2540 3750 portam
2576 3680 2911 3750 poenitentiae
2957 3688 3269 3746 excat,tra-

1677 3766 1760 3822 dit
1789 3784 1914 3823 eum
1951 3778 2181 3840 quatuor
2211 3773 2646 3841 quaterniouibus
2690 3773 2923 3827 mititum
2966 3774 3269 3827 custodien-

1676 3856 1825 3911 dum.
1867 3856 2078 3913 Dicitur
2123 3869 2304 3914 autem
2354 3863 2644 3932 quaternio
2691 3862 2787 3933 qui
2832 3864 2994 3919 habet
3029 3873 3268 3934 quatuor

1677 3959 1940 4022 tyrannos
1976 3953 2080 4007 sub
2113 3970 2191 4021 se,
2218 3954 2372 4010 "sicut
2412 3957 2665 4012 centurio
2693 3959 2787 4028 qui
2820 3959 2983 4014 habet
3020 3969 3261 4014 centum.

1649 4035 1894 4097 'Primus
1917 4043 2082 4115 igitur
2123 4047 2433 4118 quaternio,
2473 4048 2560 4103 cui
2594 4061 2849 4119 peccator
2873 4050 3262 4106 custodiendus

1673 4134 1962 4189 ttzaditura
2007 4135 2246 4203 diabolo,
2295 4149 2378 4194 est
2414 4141 2643 4210 spiritus
2690 4142 2840 4197 stulti
2875 4143 3124 4212 pudoris,
3168 4144 3265 4214 qui

1673 4225 2052 4282 confusionem
2100 4230 2297 4302 ingerit
2341 4234 2612 4303 peccatori
2645 4236 2934 4290 conﬁtendi
2980 4244 3262 4307 peccatum

1673 4329 1858 4370 suum.
1900 4313 2057 4371 Unde
2106 4316 2369 4374 Salomon
2419 4339 2433 4375 :
2489 4341 2511 4372 ι
2543 4320 2641 4378 Est
2681 4323 2937 4380 confusio
2985 4323 3265 4378 adducens

1671 4415 1952 4478 peceatum
1983 4409 2179 4481 (Ereti.
2213 4411 2308 4483 tv).
2333 4433 2352 4463 ο
2388 4412 2488 4468 Hic
2518 4413 2680 4472 habet
2704 4417 2807 4471 sub
2836 4432 2893 4472 se
2913 4425 3167 4487 quatuor,
3183 4415 3266 4470 vi-

1672 4500 1870 4556 delicet
1902 4502 2175 4572 pudorem
2215 4506 2536 4574 conﬁtendi,
2577 4509 2841 4578 pudorem
2894 4525 2952 4563 se
2993 4508 3263 4563 sacerdoti

36 4577 451 4664 lepnnduionem,
485 4615 659 4668 quam
685 4601 923 4657 maxime
949 4601 1310 4672 confundunt,
1335 4605 1466 4678 dum
1489 4606 1570 4661 eis
1602 4583 1647 4639 Ῑ)
1673 4595 2296 4667 humiliandi,pudorcm
2322 4577 2648 4655 medicinam
2667 4600 2972 4672 quzerendi,
2997 4600 3262 4670 pudorem

36 4687 114 4730 asa
137 4685 461 4751 captivitatis
486 4691 755 4761 eripiunt.

69 4766 264 4842 Propter
308 4779 413 4835 has
459 4781 636 4853 igitur
668 4799 867 4840 causas
905 4785 1126 4842 Petrum
1172 4786 1430 4846 Ecclesia:
1455 4803 1569 4844 sum

35 4861 230 4926 “minus
271 4871 490 4929 diutius
539 4876 862 4942 reservavit,
909 4887 964 4932 et
1005 4878 1074 4933 de
1117 4893 1344 4934 carcere
1399 4877 1570 4933 llero—

39 4949 72 5003 is
117 4965 350 5022 potenter
414 4979 553 5019 eum
623 4965 888 5022 liberavit.
955 4967 1015 5022 In
1069 4984 1177 5039 qua
1239 4967 1565 5025 liberatione

38 5043 394 5111 Iisericordiam
419 5058 641 5127 pariter
666 5068 724 5114 et
747 5060 1194 5132 omnipotentiam
1218 5078 1371 5117 suam
1403 5063 1565 5118 nobis

37 5149 150 5202 Fate
190 5146 564 5206 demonstrat.
612 5151 679 5207 Et
732 5155 1160 5210 miscricordiam
1212 5155 1466 5225 quidem,
1509 5155 1561 5208 in

37 5246 83 5284 in:
121 5241 257 5306 quod
307 5244 383 5298 ad
445 5261 651 5314 preces
699 5244 956 5301 Ecclesia:
997 5263 1111 5303 suze
1158 5263 1263 5317 pro
1316 5248 1566 5328 incarce—

38 5324 171 5383 iﬁone
217 5337 478 5406 magistri
523 5337 615 5394 sui
661 5338 948 5403 desolatas,
985 5348 1167 5393 motus
1213 5347 1268 5392 et
1310 5324 1568 5392 misertus

36 5425 76 5470 δι.
117 5420 417 5483 Potentiam
479 5444 617 5485 vero
678 5431 732 5486 in
787 5432 892 5486 hoc
948 5431 1095 5501 quod
1134 5430 1351 5486 Petrum
1382 5430 1566 5485 incar-

38 5522 197 5569 ntum
253 5520 466 5591 duptici
528 5531 724 5580 catena
774 5525 1038 5591 vinctum,
1096 5523 1407 5594 duplicique
1465 5537 1562 5576 cu-

37 5607 134 5660 ﬂdia
182 5614 422 5672 multum
473 5615 984 5683 circumvallatum,
1015 5623 1170 5684 porta
1198 5613 1373 5669 ferrea
1413 5628 1558 5684 prae--

39 5711 200 5768 .tsum,
249 5703 320 5757 ab
377 5705 652 5759 onuiibus
702 5705 788 5760 his
827 5704 1258 5775 impedimentis,
1307 5718 1413 5757 non
1461 5717 1560 5772 per

37 5806 247 5872 Imanam
281 5799 597 5864 cautelam,
631 5798 726 5852 sed
753 5814 848 5868 per
868 5798 1124 5878 angelum
1176 5812 1336 5854 suum
1368 5805 1557 5867 poten-

36 5899 52 5931 r
77 5867 284 5958 eripuit,
318 5901 376 5946 ct
401 5891 674 5970 Ecclesia?
701 5909 814 5949 suae
845 5871 1272 5976 misericorditer
1293 5885 1552 5954 restituit,

270 5992 563 6050 ἰητροί..
603 5990 781 6052 CLV.

1665 4684 1974 4757 .injunctam
2032 4690 2412 4760 pmnitentiam
2461 4694 2846 4764 persequendi.
2899 4691 2967 4747 Et
3009 4707 3076 4748 ne
3121 4691 3266 4748 forte

1672 4777 1794 4846 istc,
1829 4780 1893 4833 ad
1930 4781 2349 4836 custodiendum
2400 4781 2452 4837 in
2509 4793 2733 4854 peccato
2779 4797 2879 4839 suo
2917 4791 3259 4854 peccatorem

1674 4886 1790 4925 non
1839 4871 2091 4938 suﬁiciat,
2143 4873 2465 4946 adgungitur
2507 4887 2561 4928 et
2606 4875 2882 4930 secundus
2946 4873 3259 4944 quaternio,

1673 4963 1882 5017 scilicet
1915 4965 2142 5035 spiritus
2165 4981 2347 5036 pravae
2385 4966 2722 5033 securitatis,
2761 4965 2853 5036 qui
2889 4966 3142 5021 similiter
3173 4981 3262 5022 se-~

1673 5071 1798 5108 cum
1845 5055 2006 5111 habet
2054 5067 2310 5127 quatuor,
2351 5057 2698 5113 securitatem
2737 5059 2874 5113 levis
2917 5066 2972 5113 et
3012 5058 3260 5113 remissi-

1673 5148 1798 5203 bilis
1857 5149 2048 5218 culpm,
2091 5150 2438 5204 securitatem
2489 5148 2752 5220 longioris
2793 5149 2940 5214 vitm,
2992 5149 3261 5203 securita-

1673 5241 1958 5295 tcm'satis
2001 5242 2222 5311 agenda:
2259 5243 2610 5311 poenitentiae,
2661 5241 3011 5296 securitatem
3058 5239 3262 5294 divina:

1671 5332 2077 5386 misericordiae.
2133 5331 2200 5386 Et
2250 5349 2318 5388 ne
2345 5331 2482 5389 forte
2533 5333 2624 5388 isti
2672 5333 2782 5389 duo
2805 5348 2915 5388 non
2962 5330 3258 5395 sufficiant,

1667 5425 1885 5479 additur
1909 5433 1962 5478 ct
1993 5423 2185 5481 tertius
2209 5427 2517 5495 quaternio,
2555 5425 2783 5496 spiritus
2824 5423 3041 5480 scilicet
3087 5423 3261 5477 obsti-

1675 5515 1937 5580 nationis,
1962 5516 2057 5586 qui
2087 5515 2297 5572 scilicet
2322 5502 2558 5587 quatuor
2575 5517 2685 5572 sub
2707 5532 2767 5572 se
2792 5505 2984 5583 habet,
3007 5512 3258 5568 obstina-

1667 5607 1873 5663 tionem
1923 5608 1978 5661 iu
2024 5617 2269 5678 peccato,
2322 5609 2746 5664 obstinationem
2791 5607 2852 5663 in
2915 5611 3254 5674 contemptu,

1666 5699 2086 5752 obstinationem
2139 5699 2194 5753 in
2244 5701 2424 5755 eordis
2469 5701 2690 5766 duritia,
2726 5699 3159 5755 obstinationem
3189 5693 3251 5747 in

1639 5792 2082 5867 ‘impmnitcntia.
2116 5791 2181 5847 Et
2217 5809 2286 5848 ne
2321 5793 2458 5848 forte
2505 5794 2595 5848 isti
2635 5804 2746 5848 trcs
2800 5809 2908 5846 non
2957 5788 3248 5851 sufﬁciant,

1662 5887 1882 5942 additur
1910 5897 1963 5940 et
1988 5894 2218 5956 quartus
2242 5886 2550 5958 quaternio,
2588 5887 2814 5956 spiritus
2835 5881 3248 5939 scilicet-incre-

2886 5977 2960 6035 tt
