3850 6318
585 334 732 435 iss-2'

1770 395 1779 402 ·
1837 370 2188 462 RADULPHI
2226 363 2579 427 ARDENTIS

3611 385 3696 444 lit!

583 461 848 552 dulitatis.
882 491 983 550 Hic
1006 492 1258 550 similiter
1281 447 1518 563 quatuor
1544 489 1648 546 sub
1679 504 1737 546 sc
1772 488 1957 544 habet.
1980 457 2164 544 lncre¥
2193 473 2243 550 Α
2271 461 2694 555 desperationis,
2715 490 2766 537 et
2786 483 3092 552 secundum,
3125 485 3178 541 id
3203 476 3300 554 est,
3321 489 3701 564 stultum

583 573 870 648 dulitatem‘
909 584 1189 656 gravitatis
1231 581 1461 654 peccati,
1509 579 1940 640 incredulitatem
1980 587 2167 634 restir-

585 679 868 745 rectionis,
897 667 1333 733 incredulitatem
1374 671 1837 746 extremijudicii,
1869 671 2167 730 incredulic

516 817 518 820 μ
581 781 751 830 tatem
772 767 959 826 aeterni
987 766 1259 838 supplicii.

652 863 778 920 Istis
808 861 974 932 igitur
999 859 1256 930 gravibus
1289 857 1612 915 custodibus
1637 864 1812 912 arctat
1840 864 1896 912 et
1931 854 2169 912 custodit

585 953 845 1012 diabolus
863 957 1206 1022 peccatorem
1235 948 1290 1003 in
1333 951 1958 1018 carcere‘peccatorum,
1989 938 2172 1000 volens”

583 1029 701 1118 post
728 1042 966 1111 Pascha,
985 1042 1038 1097 id
1064 1049 1152 1097 est
1185 1048 1310 1112 post
1336 1039 1629 1096 transitum
1647 1039 1862 1106 mortis,
1883 1039 2170 1110 producere

582 1155 702 1194 cum
745 1133 1110 1207 torquendum
1139 1131 1334 1204 popqu
1377 1131 1797 1188 daemoniorum.
1827 1130 1895 1186 Et
1914 1139 2169 1202 peccator

583 1229 803 1302 quidem
837 1227 921 1284 sic
945 1235 1196 1283 servatur
1217 1225 1271 1280 in
1298 1241 1528 1280 carcere.
1582 1223 1771 1313 Oratio
1799 1234 1980 1280 autem
2007 1223 2170 1316 debet

581 1321 701 1378 ﬁeri
733 1321 848 1376 sine
883 1318 1272 1375 intermissione
1294 1321 1359 1372 ab
1401 1315 1643 1372 Ecclesia
1665 1317 1735 1371 ad
1766 1315 1934 1370 Deum
1965 1332 2061 1387 pro
2085 1331 2164 1370 eo.

575 1397 742 1471 :Unde
761 1420 978 1470 constat
1000 1410 1264 1482 quoniam
1295 1409 1399 1465 iste
1421 1424 1548 1464 vere
1574 1424 1685 1464 non
1705 1417 1792 1464 est
1813 1408 1882 1465 de
1901 1407 2166 1477 Ecclesia,

580 1507 678 1579 qui
708 1520 808 1578 pro
833 1505 962 1561 ﬁliis
1011 1501 1271 1559 Ecclesia:
1323 1501 1459 1557 adeo
1515 1500 1803 1573 captivatis
1830 1490 2170 1557 incessanter

581 1613 694 1656 non
719 1607 860 1654 orat.
888 1595 1044 1664 Quod
1070 1602 1155 1651 est
1182 1603 1368 1666 aperte
1389 1601 1583 1650 contra
1611 1593 1880 1665 quosdam
1901 1593 2171 1680 Chri'stia-t

564 1705 708 1759 nos,
751 1690 870 1762 qui,
892 1689 940 1746 si
979 1687 1310 1760 quandoque
1351 1687 1536 1742 vident
1563 1695 1838 1758 pastorem
1866 1703 2048 1755 suum,
2081 1686 2170 1744 vel

578 1781 825 1853 aliquem
864 1779 1061 1849 alium,
1098 1779 1333 1836 vinculis
1381 1787 1731 1851 peccatorum
1772 1779 2172 1850 mancipatum,

2268 590 2492 648 pravam
2517 575 2895 644 securitatem,
2922 577 3358 648 obstinationem,
3388 581 3702 654 ineredulitatu,

2267 667 2338 724 ad
2365 667 2621 723 ultimum
2648 666 2798 724 venit
2824 668 2895 724 ad
2922 678 3134 740 portast
3175 669 3432 742 Femam,
3461 674 3502 730 id
3520 680 3707 734 δηιώ-

2269 760 2541 817 staculum
2589 775 2776 832 pravae
2825 768 2882 816 et
2929 760 3083 818 dum
3119 766 3510 836 consuetudinis,
3533 769 3707 839 mlh.

2268 850 2420 906 mino
2445 859 2725 922 operante,
2745 853 2992 924 aperitur
3015 853 3087 909 ei.
3111 853 3179 909 Et
3201 855 3378 911 exiens
3387 859 3592 928 mi
3608 863 3710 915 tia-

2267 930 2454 1012 tmum,
2479 943 2767 1014 quoniam,
2793 951 3087 1018 postquam
3117 961 3151 1002 a
3178 949 3527 1005 consuetudine
3551 963 3709 1022 pecun-

2268 1051 2391 1091 rum
2416 1035 2571 1100 exiit.
2598 1036 2746 1092 viam
2776 1037 2936 1094 home
2955 1039 3291 1110 operationis
3311 1043 3536 1114 procedit,
3552 1055 3588 1098 et
3601 1046 3712 1099 statin

2267 1123 2495 1186 discedit
2524 1131 2744 1203 angelus
2769 1131 2835 1186 ab
2857 1149 2940 1199 eo,
2965 1133 3230 1204 queniam
3249 1135 3520 1195 abstractus
3534 1147 3574 1192 et
3591 1138 3714 1192 inm

2269 1229 2392 1278 ctus
2431 1221 2546 1294 jam
2583 1221 2694 1279 nun
2731 1207 2961 1280 videtur
3002 1225 3252 1298 indigere
3285 1227 3492 1296 ductu,
3525 1231 3594 1300 qui
3617 1231 3717 1284 etiam

2269 1315 2506 1393 aliorum
2535 1315 2738 1373 ductor
2770 1316 3022 1373 ellicitnr.
3057 1318 3128 1372 Et
3153 1329 3399 1390 peccator
3417 1323 3512 1392 iam
3529 1321 3716 1393 instud-

2269 1387 2464 1473 ‘ectus,
2515 1407 2860 1478 respiciendo
2887 1387 3318 1479 profunditatem
3649 1426 3720 1465 ει)

2269 1513 2395 1554 rum
2418 1497 2487 1554 de
2514 1514 2624 1571 qua
2647 1505 2839 1556 erutus
2865 1507 2972 1567 est,
2993 1500 3065 1554 ad
3078 1515 3134 1555 se
3152 1517 3381 1556 νει-θην
3409 1501 3720 1568 dicit,“

2269 1589 2417 1660 quod
2447 1589 2610 1660 prius
2641 1589 2710 1646 de
2746 1605 2812 1646 se
2839 1605 3064 1661 sperare
3102 1605 3215 1646 non
3263 1591 3578 1663 praesumebat
3598 1610 3612 1646 :
3633 1587 3722 1645 Nat

2269 1675 2380 1737 scio
2407 1697 2534 1737 vere
2553 1681 2682 1754 quia
2707 1683 2856 1737 misit
2886 1681 3148 1738 Dominus
3183 1683 3418 1756 angelum
3448 1700 3590 1752 sua,
3610 1683 3723 1738 etni-

2270 1767 2628 1832 serieordiam
2667 1791 2848 1844 suam,
2877 1785 2928 1831 et
2949 1776 3145 1848 eripuit
3177 1794 3258 1832 me
3285 1778 3534 1850 indignant
3554 1777 3603 1830 (lc
3631 1792 3726 1828 IIII

577 1887 696 1929 non
741 1881 952 1930 tantum
983 1887 1084 1945 pro
1101 1887 1174 1928 eo
1194 1886 1305 1928 non
1350 1880 1536 1940 orant,
1559 1871 1670 1927 imo
1697 1872 1884 1942 potius
1907 1872 2166 1944 gaudent,
2197 1858 2246 1920 Β
2267 1867 2526 1954 Herodis,
2553 1869 2606 1924 id
2631 1877 2716 1925 est
2753 1869 2976 1938 diaboli,
3009 1870 3152 1926 ct'dc
3176 1872 3322 1926 omni
3346 1867 3726 1941 exspectatio-etla-

470 2025 480 2030 ,
580 1965 878 2022 detrahunt
898 1973 954 2021 et
977 1964 1281 2020 diﬁ‘amant.
1301 1962 1407 2032 Qui
1428 1963 1620 2036 procul
1647 1963 1814 2020 dubio
1837 1963 2172 2021 maledictio-
2271 1961 2608 2018 moniorum.
2659 1959 2753 2018 Sic
2797 1961 3006 2034 itaque,
3055 1961 3262 2021 fratres
3301 1964 3423 2032 mei,
3451 1964 3730 2020 conlatum

571 2073 707 2114 nem
737 2056 912 2114 Cham
957 2056 1266 2125 incurrunt,
1309 2055 1447 2112 dum.
1470 2055 1539 2112 ad
1585 2056 1898 2128 exemplum
1921 2057 2041 2128 ejus
2061 2051 2169 2128 pu-F

578 2150 756 2210 denda
779 2150 952 2222 patris
974 2165 1085 2207 non
1116 2159 1330 2224 tegunt,
1351 2149 1444 2206 sed
1469 2149 1700 2206 irrident
1721 2148 1875 2221 (Gen.
1911 2151 2011 2222 ix).
2028 2147 2168 2206 Cum

567 2251 765 2300 autem
784 2250 1127 2315 peccatorem
1151 2241 1230 2299 sic
1253 2242 1589 2313 captivatum
1613 2241 1870 2300 diabolus
1902 2252 2086 2315 speret
2109 2239 2169 2301 se

571 2335 692 2405 iam
745 2321 1142 2408 producturum
1183 2334 1257 2390 ad
1309 2349 1530 2406 poenam
1587 2342 1870 2403 aeternam,
1913 2323 2170 2407 peccator

577 2427 800 2486 interim
821 2435 907 2484 est
932 2426 1198 2484 dormiens
1220 2427 1362 2483 inter
1387 2427 1521 2483 duos
1549 2426 1768 2496 milites,
1792 2429 1848 2482 in
1870 2436 2020 2483 nocte
2039 2444 2168 2500 pec-

569 2530 829 2595 catorum
852 2535 1104 2590 suorum,
1129 2520 1184 2578 id
1211 2530 1296 2578 est
1319 2520 1461 2579 inter
1483 2521 1736 2595 spiritum
1784 2524 2169 2595 praesumptio-

577 2593 809 2684 nis,'qui
838 2611 1036 2668 retinet
1059 2626 1185 2670 eum
1213 2627 1283 2668 ne
1303 2612 1499 2669 evadat
1513 2593 1550 2668 a
1571 2611 1802 2681 dextris,
1823 2623 1878 2668 et
1909 2593 2165 2686 Spiritum

577 2701 977 2776 desperationis
1028 2704 1124 2776 qui
1149 2705 1343 2760 retinet
1361 2720 1486 2761 eum
1516 2721 1586 2761 ne
1605 2707 1800 2762 evadat
1835 2722 1867 2762 a
1899 2708 2161 2766 sinistris.

569 2795 809 2868 .Vinctus
846 2798 1046 2853 catenis
1078 2797 1307 2866 duabus,
1336 2797 1389 2854 id
1415 2807 1500 2856 est
1518 2813 1708 2855 amore
1731 2807 1787 2855 et
1807 2801 2166 2860 delectatione

576 2896 934 2962 peccatorum
962 2897 1212 2957 rerum,
1241 2889 1335 2961 qui
1361 2905 1488 2946 eum
1513 2907 1546 2945 a
1571 2891 1718 2946 bono
1744 2907 1909 2963 opere
1937 2901 1992 2949 et
2019 2895 2163 2952 bona

577 2977 666 3036 via
693 2979 985 3051 prohibent
1027 2989 1084 3037 ει
1123 2991 1331 3038 arcent.
1382 2981 1454 3037 Et
1502 2985 1744 3040 custodes
1796 2995 1920 3043 ante
1965 2989 2164 3044 ostium

501 3115 506 3122 .
575 3071 945 3132 custodiebant
968 3091 1250 3131 carcerem.
1295 3071 1510 3133 Ostium
1535 3076 1775 3134 carceris
1811 3089 2162 3152 peccatorum

576 3173 664 3222 est
707 3165 1051 3236 paenitentia,
1083 3183 1236 3238 quat,
1256 3182 1325 3225 ne
1366 3175 1550 3239 pateat
1586 3171 1882 3241 peccaturi,
1916 3173 2160 3244 praedicti
2188 3231 2233 3254 n

2214 3270 2233 3294 ⁴
2263 3257 2708 3332 giente’Domino
2735 3269 2926 3317 nostro
2963 3259 3096 3316 Iesu
3137 3262 3392 3334 Christo,
3415 3266 3500 3338 qui
3531 3279 3626 3321 cu
3647 3259 3744 3314 huc

573 3257 966 3331 quaterniones
987 3260 1301 3331 prohibent,
1317 3261 1519 3318 stultus
1542 3261 1752 3320 scilicet
1777 3263 1973 3335 pudor,
1991 3281 2160 3338 prava

571 3350 864 3420 securitas,
891 3351 1212 3421 obstinatio,
1240 3353 1617 3412 incredulitas.
1669 3353 1936 3422 Quamvis
1973 3366 2159 3415 autem

567 3449 827 3511 peccator
851 3441 927 3500 ita
968 3443 1026 3500 in
1053 3442 1332 3517 profundo
1351 3445 1612 3503 vitiorum
1649 3447 1768 3505 sine
1797 3464 1895 3521 spe
1920 3448 2161 3508 dormiat

565 3531 788 3590 vinctus
811 3542 868 3592 et
890 3551 1207 3610 oppressus,
1226 3537 1342 3610 jam
1369 3539 1438 3595 ad
1460 3549 1722 3596 aeternam
1744 3541 2157 3600 damnationem

557 3626 983 3700 producendus,
1002 3637 1185 3687 tamen
1215 3632 1402 3689 divina
1434 3633 1724 3691 clementia
1772 3636 2029 3693 assiduas
2054 3637 2156 3695 Ec-

537 3716 750 3777 clesiae
771 3735 886 3778 sua:
903 3737 1096 3793 preces
1115 3725 1464 3795 exaudiente,
1492 3728 1720 3800 angelus
1742 3730 1999 3800 potentiae
2019 3731 2157 3787 divi-

535 3826 674 3884 .nte,
699 3813 786 3868 vel
816 3813 984 3870 etiam
1008 3805 1212 3888 aliquis
1237 3819 1586 3889 praedicator,
1635 3819 1832 3890 astitit,
1861 3823 1955 3893 qui
1983 3831 2152 3892 astat;

549 3911 622 3960 ~et
645 3912 888 3962 astantes
912 3903 1064 3990 facit,
1097 3916 1152 3964 et
1196 3909 1382 3966 lumen
1431 3912 1873 3985 compunctionis
1927 3915 2157 3990 refulget

556 3995 668 4063 illi,
697 3997 792 4068 qui
816 3985 1099 4058 habitabat
1142 4002 1197 4056 in
1236 4003 1477 4062 tenebris
1497 4018 1886 4078 peccatorum:
1921 3985 2154 4066 Perras-

558 4102 724 4160 soque
764 4088 930 4148 latere
970 4091 1140 4163 Petri,
1192 4095 1246 4151 id
1298 4105 1384 4153 est
1437 4101 1775 4158 conscientia
1824 4105 2152 4174 peccatoris,

435 4221 440 4228 .
535 4179 766 4253 excitat
792 4195 919 4236 eum
941 4182 1130 4241 dicens
1159 4203 1174 4241 :
1211 4185 1380 4261 Surge
1399 4189 1648 4248 velociter
1669 4209 1699 4250 a
1731 4210 1927 4252 somno
1956 4211 2153 4268 pecca-

561 4277 744 4326 torum
787 4279 1032 4343 tuorum,
1064 4293 1132 4332 ne
1154 4278 1270 4349 jam
1311 4284 1380 4338 ad
1427 4290 1688 4340 aeternam
1742 4285 2150 4344 damnationem

560 4362 819 4421 traharis.
850 4363 918 4421 Et
940 4369 1205 4426 continuo
1235 4373 1438 4430 cadunt
1467 4386 1668 4432 catena:
1716 4379 1925 4436 amoris
1971 4389 2027 4436 et
2054 4381 2150 4436 de-

558 4454 870 4516 lectationis
889 4469 1238 4530 peccatorum
1269 4482 1301 4518 a
1322 4467 1568 4522 manibus
1589 4467 1728 4536 eius,
1751 4470 2010 4540 quoniam
2031 4487 2153 4542 pec-

555 4556 679 4604 cata
707 4563 832 4620 qua:
859 4552 1015 4622 prius
1058 4554 1300 4624 amabat,
1320 4567 1375 4612 et
1422 4557 1477 4612 in
1520 4560 1724 4630 quibus
1753 4561 2146 4632 delectabatur,

555 4639 828 4714 incipiunt
875 4643 928 4700 ei
968 4645 1259 4718 displicere
1301 4659 1358 4706 et
1401 4665 1530 4708 eum
1571 4654 1843 4710 cruciare.
1906 4654 1974 4711 Et
2018 4672 2147 4728 sug-

547 4734 762 4806 geritur
790 4737 850 4792 ei
887 4744 948 4793 ut
995 4739 1282 4796 mollitiem
1325 4741 1596 4800 ﬂuxarum
1623 4746 2018 4817 cogitationum
2051 4765 2149 4820 per

553 4829 950 4888 continentiam
1013 4833 1311 4908 praecingat
1375 4846 1430 4893 et
1496 4837 1778 4909 refrenet,
1855 4851 1910 4898 et
1975 4843 2148 4900 calcet
2204 4843 2214 4850 ’

541 4922 720 4994 pedes
782 4924 1075 4984 aii‘ectuum
1138 4919 1404 4998 suorum,
1457 4948 1526 4988 ne
1568 4933 1855 4990 desideriis
1915 4936 2148 4993 terrenis
2208 4925 2214 4934 ’

541 5012 876 5074 inhaereant.
952 5020 1277 5094 Suggeritur
1329 5023 1495 5080 etiam
1559 5025 1611 5080 ei
1679 5035 1740 5081 ut
1761 5027 2146 5084 vestimentum
2203 5031 2208 5040 '

509 5143 516 5149 -
548 5107 840 5168 charitatis
887 5121 1321 5189 ceterarumque
1361 5117 1626 5174 virtutum
1665 5120 1967 5178 circumdet
2016 5123 2143 5191 sibi,

549 5209 609 5258 et
648 5201 842 5260 salutis
897 5207 1331 5286 admonitionem
1390 5220 1674 5284 sequatur.
1743 5212 1989 5288 Surgens
2040 5231 2144 5271 au-

548 5297 666 5346 tem
717 5304 986 5367 peccator,
1047 5301 1298 5372 sequitur
1340 5303 1593 5376 angelum
1635 5305 1894 5362 salutaris
1942 5307 2136 5364 admo-

497 5399 508 5431 r
549 5381 780 5440 nitionis
804 5424 821 5452 ,
866 5396 922 5442 et
974 5398 1154 5447 tamen
1224 5395 1482 5451 conscius
1542 5397 1778 5468 propria:
1827 5396 2138 5472 fragilitatis

499 5539 502 5544 _
543 5479 608 5529 et
647 5472 1008 5545 inﬁrmitatis,
1059 5495 1167 5536 non
1216 5492 1371 5554 putat
1423 5500 1546 5542 esse
1589 5503 1780 5543 verum
1827 5490 1970 5560 quod
2023 5491 2140 5563 ipse

501 5621 504 5628 ,
543 5564 730 5634 possit
746 5566 900 5623 exire
920 5584 953 5624 a
977 5573 1374 5631 consuetudine
1405 5569 1752 5647 peccatorum
1776 5597 2026 5639 suorum.
2061 5581 2138 5640 lta

545 5657 698 5712 enim
721 5666 980 5714 tenetura
999 5666 1413 5734 consuetudine,
1424 5671 1570 5739 quod
1591 5682 1745 5742 putat
1767 5689 1826 5730 se
1849 5691 1954 5731 non
1981 5693 2144 5748 posse

2268 2046 2557 2111 benedicat
2583 2052 2899 2125 Dominum,
2931 2057 3029 2128 qui
3059 2058 3176 2129 jam
3205 2059 3354 2114 novit
3381 2073 3436 2114 se
3459 2073 3560 2114 esse
3580 2067 3730 2118 eum.

2259 2153 2368 2219 'per
2408 2139 3014 2218 misericordiam-Dei,
3043 2151 3133 2206 .de
3190 2149 3418 2223 pristina
3458 2147 3730 2206 consultu

2266 2236 2618 2312 peccatorum
2650 2247 2901 2297 suorum.
2933 2240 3040 2309 Qui
3065 2257 3202 2298 vero
3219 2243 3398 2299 adhuc
3417 2243 3467 2298 in
3484 2257 3648 2298 carcere
3660 2255 3732 2310 pte

2259 2340 2518 2389 'catorum
2547 2321 2776 2390 suorum
2804 2333 3028 2402 dormit,
3050 2336 3309 2408 angelum
3336 2331 3732 2392 salutarius-oti-

2265 2421 2738 2494 tionisexaudiat,
2759 2435 2816 2482 et
2838 2443 2868 2481 a
2885 2428 3142 2497 peccatis
3161 2429 3284 2485 suis
3299 2428 3408 2484 cito
3427 2437 3638 2499 resurgat.
3656 2441 3734 2479 ιω

2256 2509 2540 2575 castitatis
2569 2519 2789 2575 lumbos
2827 2521 3150 2593 praecingat,
3183 2521 3350 2593 pedes
3375 2517 3736 2578 affectantib-

2265 2608 2528 2667 hazrentia
2558 2615 2903 2666 terrenor‘um
2933 2611 3248 2682 prohibeat,
3277 2612 3738 2670 vestimentum»

2263 2702 2336 2760 tis
2379 2713 2816 2775 cmterarumque
2853 2703 3121 2760 virtutum
3165 2720 3291 2762 sese
3320 2707 3536 2774 muniat,
3573 2702 3738 2774 manus

2249 2793 2656 2852 misericordia:
2684 2805 2906 2867 peccata
2952 2811 3056 2852 sua
3087 2797 3358 2867 redimat,
3387 2807 3651 2870 quatenus:
3669 2810 3741 2848 cn-

2261 2899 2474 2956 eere,'a
2495 2885 2755 2956 vinculis,
2790 2903 2823 2943 a
2853 2889 3074 2960 gemina
3104 2889 3315 2947 diaboli
3355 2890 3740 2958 custodia,spuu

2263 2979 2442 3036 ferrea
2471 2973 2912 3048 consuetudinis,
2961 2979 3106 3037 liber
3141 2983 3408 3051 madens,
3435 2983 3560 3038 viam
3583 2980 3743 3052 justiti.

2263 3071 2330 3129 de
2377 3079 2584 3129 caetero
2622 3081 2906 3145 sequatur,
2959 3081 3017 3128 et
3052 3072 3280 3132 Domini
3318 3073 3686 3138 m'setiwditl,
3711 3080 3743 3122 tl

2265 3173 2412 3220 nunc
2455 3173 2512 3220 et
2559 3165 2614 3220 in
2659 3174 2928 3222 aeternum
2956 3165 3255 3224 benedicat
3295 3166 3745 3232 etconﬂteatmlu-

2259 3361 2314 3409 et
2337 3351 2544 3426 Spiritu
2570 3362 2767 3412 sancto
2791 3353 2925 3414 vivit
2945 3368 3001 3414 et
3024 3369 3225 3433 regnat
3248 3360 3413 3430 Deus,
3435 3377 3521 3433 per
3539 3357 3745 3416 omitti-

2259 3445 2382 3501 cnla
2407 3446 2758 3506 saeculorum.
2788 3451 2987 3509 Amen.

2781 3573 2786 3576 -
2959 3544 3160 3603 XXIII.

2819 3651 2874 3695 nr
2909 3632 3088 3695 censu
3121 3655 3320 3698 ηδτο.

2340 3722 2494 3780 Venit
2512 3723 2670 3782 Iesus
2705 3728 2763 3782 in
2781 3740 2961 3800 partes
2989 3729 3264 3791 Cresam
3283 3735 3528 3807 Philippi,
3547 3733 3744 3789 eti-tirn-

2257 3815 2416 3887 gabat
2450 3817 2742 3901 discipulos
2763 3837 2890 3877 suos
2911 3823 3137 3894 (Matth.
3169 3830 3319 3901 xw),
3343 3828 3608 3898 etreliqus.
3633 3821 3745 3875 Ιιὶκ

2237 3909 2434 3963 sancti
2455 3898 2736 3982 Evangelii
2757 3913 3011 3986 lectione,
3033 3917 3248 3978 fratres
3265 3898 3574 3988 charissim,
3591 3917 3746 3990 quint!

2229 4004 2388 4062 ‘facit
2423 4005 2694 4067 Dominus
2748 4021 2802 4069 et
2834 4011 3176 4088 Redemptor
3223 4027 3428 4076 noster.
3456 4017 3610 4074 Primo
3639 4013 3742 4068 uil-

2223 4099 2230 4106 '
2255 4099 2404 4156 venit
2428 4100 2484 4157 in
2513 4113 2697 4175 partes
2717 4103 2986 4165 Cmsareae
3005 4110 3278 4196 Philippi.
3307 4113 3560 4180 Secundo,
3582 4110 3638 4165 illi
3655 4119 3745 4177 qu!-

2253 4191 2330 4247 rit
2372 4201 2429 4248 et
2475 4196 2627 4252 audit
2661 4199 2789 4269 quis
2831 4199 2901 4256 ab
2949 4191 3284 4262 hominibus
3336 4206 3595 4262 diceretur.
3615 4197 3743 4254 ταῦθ.

2253 4284 2525 4353 quaeritet
2545 4287 2834 4361 auditquis
2856 4309 2887 4348 a
2915 4294 3210 4368 discipulis
3262 4299 3571 4356 crederetur.
3599 4292 3742 4362 θαι»

2221 4373 2228 4392 "
2252 4379 2667 4448 responsionem
2693 4380 2838 4440 Petri
2865 4389 3244 4446 commendat.
3289 4391 3502 4459 Quinto,
3520 4403 3616 4444 ean
3635 4397 3742 4439 RW

2253 4477 2429 4525 uerat.
2468 4470 2856 4544 Requisiturns
2879 4467 3046 4551 igitur
3077 4471 3360 4542 Dominus
3384 4501 3414 4540 a
3440 4475 3740 4552 discipdisii‘

2253 4559 2375 4616 ﬁdei
2415 4579 2532 4621 sua:
2571 4566 2997 4639 confessionem,
3031 4573 3222 4643 primo
3267 4591 3370 4633 eos
3405 4576 3540 4631 ducit
3567 4575 3610 4626 in
3629 4575 3738 4639 tu”

2253 4649 2519 4711 Caesarea!
2539 4654 2773 4730 Philippi
2805 4666 2951 4733 (qua:
2980 4673 3064 4720 est
3091 4666 3301 4724 civitas
3323 4685 3482 4741 quam
3504 4661 3648 4722 stattil
3661 4657 3738 4712 Μ’

2255 4743 2434 4816 lippus
2461 4749 2528 4804 ad
2551 4745 2816 4809 honorem
2845 4753 3052 4813 Tiberii
3077 4757 3374 4833 Cesaris),
3395 4760 3482 4816 ubi
3505 4756 3668 4813 ιηῦιιιι
3685 4761 3738 4800 ’3'

2253 4837 2423 4909 tiquis
2447 4842 2667 4914 regibus
2691 4846 2893 4904 tributa
2925 4850 3152 4908 solitum
3184 4869 3318 4912 esse
3345 4849 3573 4926 persolvi.
3593 4844 3736 4902 ἢν

2259 4929 2521 4990 Dominus
2546 4935 2651 4992 hoc
2673 4935 2726 4992 in
2752 4939 2852 4996 has
2883 4931 3066 5012 partes
3090 4947 3348 5003 maxime
3384 4933 3735 5018 Ρεηεετθηω*

2252 5032 2315 5078 ut
2342 5025 2592 5100 videlicet
2639 5029 2696 5085 in
2735 5047 2802 5088 eo
2844 5033 2970 5090 loco
2997 5029 3195 5110 iniquo
3229 5025 3478 5098 terrenus
3513 5029 3735 5094 I'exll'iltm

2252 5121 2531 5190 quondam
2551 5125 2803 5198 exigebat
2818 5144 2846 5183 a
2871 5130 3108 5187 subditis
3131 5135 3283 5202 suis,
3301 5151 3445 5191 nunc
3469 5133 3564 5188 lle:
3581 5123 3734 5184 ab“

2251 5213 2517 5271 tributum
2546 5217 2909 5279 confessionis
2937 5225 3183 5298 exigeret
3211 5245 3246 5285 a
3278 5227 3542 5300 discipulis
3561 5207 3732 5280 suit-0;

2193 5311 2198 5316 “
2244 5308 2502 5378 congruit
2513 5318 2568 5365 et
2589 5325 2818 5381 nomen,
2833 5311 3116 5389 Philippus
3135 5322 3296 5377 enim
3325 5339 3382 5376 as
3400 5321 3618 5390 ιαπμᾶ
3633 5315 3733 5366 ists-

2240 5407 2486 5470 pretatur
2501 5443 2515 5456 .
2529 5420 2547 5454 ι
2565 5401 2743 5461 Corde
2753 5407 2899 5463 enim
2911 5411 3243 5471 crediturad
3253 5416 3730 5488 justitiam,on

2194 5485 2210 5493 ’
2241 5489 2517 5547 confessio
2529 5492 2588 5548 fit
2605 5495 2674 5549 ad
2687 5495 2917 5554 salutem
2937 5499 3108 5572 (Rom.
3123 5506 3214 5575 κ).
3229 5485 3327 5560 {In
3351 5523 3454 5577 quo
3474 5493 3731 5560 ωωᾶιῐυ·

2208 5577 2214 5584 ’
2244 5583 2430 5640 minus
2449 5601 2481 5640 a
2503 5593 2720 5644 terreno
2743 5607 2872 5664 rege
2893 5610 2951 5651 se
2972 5595 3026 5650 in
3049 5595 3157 5654 hoc
3175 5598 3406 5669 distare,
3425 5597 3634 5672 quoniam
3649 5599 3728 5644 αι

2243 5687 2494 5736 terrenus
2514 5697 2608 5737 rex
2627 5685 2810 5756 exigat
2829 5702 2860 5742 a
2879 5689 2996 5746 suis
3015 5689 3288 5749 tributum
3307 5692 3641 5761 triennii?!"
3654 5683 3726 5737 πί

497 5790 502 5794 ν
549 5747 848 5807 abstinere.
883 5750 1183 5854 'lIransiens
1210 5767 1416 5854 autem,
1447 5759 1681 5818 Domino
1718 5747 2000 5836 operante,
2025 5771 2140 5842 pri-
2238 5787 2350 5827 non
2367 5773 2536 5845 exigit
2553 5776 2660 5832 nisi
2677 5747 2940 5837 tributum
2963 5798 3108 5854 pura:
3130 5747 3510 5844 confessionis:
3529 5747 3728 5846 ίὲιὲίβ

551 5850 698 5892 mm
743 5841 1065 5912 cwwiam’
1105 5842 1164 5898 id
1198 5854 1284 5902 ⁸⁵³
1329 5847 1581 5920 spiritum
1621 5841 2141 5932 Pmsumptionis'et
2242 5864 2338 5922 ait:
2379 5841 2512 5938 «Qui
2537 5883 2625 5928 me
2640 5871 2928 5932 confessus
2951 5841 3110 5933 fuerit

2101 5967 2221 5992 Μετ’,
