3844 6318
176 388 291 448 1589

1240 383 1569 444 ιιολιηδλε.
1603 420 1666 429 —
1695 387 1733 443 I.
1774 388 1862 444 DE
1884 389 2231 448 TEMPORE.

3249 405 3270 460 l
3282 403 3392 460 590

174 505 336 564 fltebor
364 511 417 556 et
451 515 549 572 ego
587 515 714 556 eum
759 514 942 554 coram
979 497 1139 553 Patre
1181 515 1302 555 meo
1329 499 1548 572 (Matth.
1579 519 1698 572 Vill;
1730 509 1776 568 Α
1801 513 2068 576 set,quem
2089 506 2272 560 dicunt
2294 506 2528 562 homines
2545 524 2656 562 esse
2672 507 2722 561 F
2724 509 2878 564 ilium
2899 511 3146 581 hominis,
3167 514 3256 570 hic
3275 514 3382 571 ait:

171 599 260 653 Lee
282 594 392 666 xu).
419 614 438 646 ι
486 592 619 660 Quae
659 591 881 662 quidem
925 589 1202 647 confessio
1253 601 1385 648 tunc
1428 601 1512 648 est
1544 610 1702 665 pura,

169 688 352 762 quando
371 686 424 740 in
446 683 793 766 confessione
833 682 927 738 Dei
962 683 1024 738 fit
1053 683 1257 752 cordis,
1283 683 1398 740 oris
1431 693 1487 741 et
1520 687 1704 758 operis

167 777 502 837 consonantia.
528 777 647 830 Alia
669 791 779 831 non
802 784 886 831 est
907 775 1118 846 puritas
1143 791 1244 832 nec
1265 776 1547 848 integritas
1573 791 1706 834 con-

168 869 402 935 fessionis,
438 876 492 922 et
531 865 703 922 fassio
750 874 985 935 tantum,
1027 882 1139 924 non
1185 866 1482 935 confessio,
1523 876 1705 939 potest

166 960 266 1016 dici.
289 957 548 1023 Secundo,
574 956 769 1028 quaerit
789 957 1053 1012 Dominus
1077 957 1235 1028 cujus
1259 957 1533 1029 opinionis
1559 960 1704 1032 apud

166 1051 379 1106 homines
404 1049 690 1114 habeatur,
714 1064 840 1104 cum
869 1048 1037 1104 dicit:
1063 1049 1230 1116 Quem
1257 1051 1443 1106 dicunt
1470 1052 1703 1108 homines

161 1161 248 1200 esse
274 1141 466 1196 Filium
505 1141 773 1196 hominis?
808 1135 928 1197 Non
972 1141 1116 1212 quod
1168 1145 1273 1199 hoc
1321 1144 1577 1212 nesciret,
1607 1144 1703 1216 qui

161 1233 314 1288 omnia
347 1231 514 1298 novit,
565 1230 658 1287 sed
708 1240 770 1286 ut
812 1232 1142 1302 relinqueret
1187 1232 1346 1289 nobis
1395 1233 1703 1305 exemplum

160 1326 304 1380 vicem
341 1340 492 1380 suam
533 1325 589 1380 in
636 1320 881 1381 Ecclesia
927 1323 1260 1393 tenentibus,
1302 1335 1364 1382 ut
1394 1327 1646 1384 similiter
1669 1341 1704 1385 a

157 1419 481 1475 familiaribus
530 1418 736 1475 nostris
777 1434 1112 1490 quaeramus,
1163 1419 1324 1490 cujus
1353 1417 1514 1476 fama:
1559 1422 1703 1493 apud

155 1512 373 1566 homines
409 1509 727 1566 habeamur.
770 1508 840 1566 Et
885 1527 1055 1582 quare
1095 1510 1234 1567 hoc?
1292 1511 1420 1582 quia
1465 1513 1706 1570 solemus

153 1605 263 1659 dum
289 1602 436 1658 nobis
465 1602 632 1658 nimis
663 1602 1032 1676 indulgemus,
1055 1603 1186 1659 vitia
1210 1612 1397 1660 nostra
1426 1605 1702 1678 ignorare.

1817 593 1918 649 Vos
1941 592 2296 667 autemqu
2317 613 2398 652 me
2418 613 2529 654 esse
2547 595 2727 655 dicitis
2742 602 2844 656 .’ac
2866 599 2911 657 si
2931 602 3186 676 discipuli
3208 607 3387 662 homi-

1806 702 1903 742 nes
1957 703 2066 742 non
2091 697 2295 744 essent.
2348 688 2408 746 In
2465 707 2577 762 quo
2615 693 2812 762 innuit,
2845 693 3045 754 fratres
3075 699 3206 767 mei,
3235 702 3382 771 quod

1806 779 2060 837 homines
2105 789 2282 851 erant,
2321 784 2414 855 qui
2447 785 2514 841 dc
2550 783 2772 843 Christo
2807 797 3020 844 tantum
3069 791 3386 850 humanitus

1805 874 2110 944 sapiebant.
2137 871 2257 930 Non
2303 883 2485 932 autem
2540 879 2812 948 homines,
2845 881 2940 937 sed
2964 877 3039 937 dii
3079 893 3256 951 erant,
3291 885 3384 956 qui

1805 963 1873 1020 de
1902 980 1969 1021 eo
2002 965 2264 1044 divinitus
2310 969 2614 1039 sepiebant.
2651 967 2915 1028 Homines
2939 982 3115 1042 erant,
3147 975 3240 1046 qui
3277 975 3384 1031 hu-

1805 1059 2126 1116 manitatem
2183 1060 2494 1119 fatebantur
2531 1079 2699 1136 quam
2739 1067 3016 1124 videbant.
3060 1069 3416 1142 Spiriwales'

1804 1157 1860 1205 et
1885 1147 2054 1205 divini
2071 1158 2247 1220 erant,
2277 1153 2371 1224 qui
2391 1153 2729 1211 divinitatem
2753 1156 3066 1216 fatebantur
3086 1177 3250 1232 quam
3275 1177 3384 1216 non

1805 1239 2083 1296 videbant.
2117 1237 2231 1298 Nos
2260 1256 2500 1315 quoque,
2539 1244 2736 1304 fratres
2762 1248 2890 1317 mei,
2914 1251 3134 1320 quando
3173 1259 3382 1308 tantum

1805 1348 1930 1404 quae
1954 1333 2139 1390 carnis
2167 1343 2298 1390 sunt
2322 1337 2588 1407 sapimus,
2625 1340 2874 1396 carnales
2909 1350 2964 1397 et
2991 1341 3258 1399 animales
3289 1358 3385 1398 su-

1805 1441 1950 1480 mus.
1977 1424 2151 1481 Porro
2165 1425 2362 1484 Petrus
2393 1427 2628 1486 Domino
2657 1434 2949 1503 respondet
2973 1449 3074 1504 pro
3104 1435 3383 1501 (nauibus,

1805 1509 2066 1581 quoniam
2096 1512 2429 1569 conveniens
2467 1523 2571 1581 est,
2610 1525 2674 1570 ut
2724 1518 2879 1588 prior
2923 1516 3194 1587 omnium,
3231 1521 3386 1590 prius

1806 1601 2075 1670 omnium,
2129 1611 2183 1659 et
2212 1617 2312 1674 pro
2343 1605 2599 1661 omnibus
2643 1607 2901 1680 loquatur
2933 1626 2951 1664 τ
2994 1609 3072 1665 Tu
3099 1628 3174 1679 es,
3209 1611 3388 1682 inquit

153 1688 373 1748 lunatum
400 1691 598 1764 quippe
630 1702 712 1748 est
743 1693 893 1749 omni
929 1692 1171 1766 ingenio,
1203 1704 1265 1750 ut
1292 1694 1491 1752 melius
1523 1697 1707 1754 aliena
1793 1690 2052 1774 Christus
2099 1693 2278 1750 Filius
2329 1695 2428 1751 Dei
2485 1697 2608 1753 uiui.
2657 1696 2776 1754 Sub
2811 1701 3152 1773 breviloqui'o
3201 1695 3386 1758 omnia

149 1800 292 1856 quam
331 1800 424 1840 sua
473 1783 753 1855 dijudicet.
805 1783 865 1840 ln
905 1786 1112 1842 nostris
1151 1785 1297 1843 enim
1341 1787 1706 1859 dijudicandis
1809 1785 2189 1856 complectitur
2236 1785 2452 1844 Petrus.
2503 1788 2811 1845 Confltetur
2853 1799 3038 1848 autem
3069 1809 3177 1849 non
3206 1794 3384 1850 solum

151 1877 299 1932 nimio
319 1877 506 1956 affectu
529 1875 882 1950 impedimur.
905 1875 1094 1936 Piacct
1118 1879 1392 1950 siquidem
1418 1879 1594 1937 simia
1621 1881 1705 1938 εἱ-
1739 1865 1786 1929 Β
1812 1874 2032 1946 Filium,
2061 1878 2156 1935 sed
2193 1879 2358 1936 etiam
2385 1879 2603 1937 Patrem
2625 1889 2680 1937 et
2705 1882 2969 1954 Spiritum
2991 1895 3265 1952 sanctum,
3296 1887 3384 1942 di-

147 1970 322 2026 miolus
345 1986 494 2037 suus,
514 1970 766 2042 quamvis
797 1970 870 2027 sit
898 1971 1105 2042 turpis;
1137 1971 1316 2042 placet
1337 1979 1393 2028 et
1413 1986 1578 2029 corvo
1597 1987 1707 2029 vox

141 2077 252 2130 sua,
265 2061 506 2133 quamvis
530 2061 602 2118 sit
629 2077 817 2117 rauca.
841 2059 1064 2118 Placent
1081 2061 1310 2119 etnobis
1335 2061 1467 2119 vitia
1487 2071 1702 2133 nostra,

139 2153 370 2225 quamvis
397 2153 508 2209 sint
527 2152 674 2210 fmda
699 2162 755 2209 et
776 2154 903 2210 aliis
923 2153 1270 2225 displiceant.
1301 2153 1559 2224 Proinde,
1586 2151 1706 2211 fra-

139 2256 241 2302 tres
277 2246 402 2314 mei,
455 2246 846 2303 submittamus
871 2247 1145 2319 judicium
1186 2248 1314 2305 vitae
1342 2257 1544 2306 nostra;
1589 2264 1706 2306 non

137 2338 508 2406 adulatoribus,
553 2337 650 2412 qui
696 2341 950 2397 nesciunt
981 2340 1165 2398 dicere
1204 2356 1358 2411 vera,
1398 2343 1495 2400 sed
1524 2351 1703 2416 grata,

135 2431 222 2488 sed
264 2431 621 2490 familiaribus
656 2450 872 2490 morum
915 2435 1262 2504 censoribus,
1301 2444 1358 2499 et
1381 2437 1704 2510 adjuremua

131 2539 242 2592 eos,
266 2536 320 2580 ut
351 2526 542 2597 quales
571 2526 659 2583 vel
680 2527 749 2582 ab
790 2527 1130 2596 hominibus,
1160 2528 1248 2585 vel
1267 2529 1348 2586 ab
1360 2529 1442 2586 eis
1466 2530 1706 2587 aestime-

133 2633 265 2684 mur,
290 2618 443 2675 nobis
487 2634 597 2674 non
639 2626 877 2687 taceant,
904 2627 959 2675 et
993 2619 1038 2676 si
1081 2617 1242 2677 fama
1263 2620 1423 2677 bonae
1453 2635 1558 2677 nos
1580 2634 1705 2677 esse

128 2708 473 2777 audierimus,
521 2718 700 2766 totum
731 2709 825 2766 Dei
859 2711 1068 2782 gratiae,
1109 2727 1220 2768 non
1260 2711 1422 2768 nobis
1456 2711 1701 2782 depute-

130 2816 267 2868 mus,
295 2809 346 2857 et
368 2816 494 2858 esse
520 2802 658 2859 tales
677 2803 868 2873 quales
891 2803 1129 2860 dicimur
1155 2803 1488 2861 laboremus.
1520 2804 1580 2860 Si
1602 2820 1704 2860 au-

125 2905 229 2951 tem
251 2895 305 2951 in
323 2895 512 2968 aliquo
533 2912 638 2953 nos
659 2897 837 2952 notari
861 2896 1222 2965 audierimus,
1254 2896 1422 2952 vitam
1452 2906 1698 2954 nostram

124 2990 176 3044 in
201 2992 390 3049 melius
411 2992 790 3059 emendemus,
807 3001 995 3048 etnon
1018 2993 1197 3049 solum
1229 2993 1382 3060 vitia,
1415 2992 1511 3049 sed
1533 2993 1700 3049 etiam

122 3080 364 3138 vitiorum
393 3084 622 3140 umbras
652 3082 949 3156 fugiamus,
974 3091 1035 3140 ut
1059 3082 1270 3142 scilicet
1300 3092 1454 3142 tanta
1489 3084 1698 3140 sancti-

125 3183 204 3229 tas
226 3175 282 3230 in
308 3176 468 3233 nobis
481 3175 764 3248 eﬂulgeat,
791 3193 915 3248 qua:
943 3193 1165 3236 omnem
1196 3177 1481 3234 infamiam
1508 3181 1694 3236 deter-

116 3275 224 3338 gat,
249 3277 304 3323 et
322 3284 420 3325 ora
449 3264 892 3326 maledicentiam
917 3270 1155 3328 claudat.
1180 3269 1347 3338 Quem
1376 3271 1582 3338 dicunt,
1607 3272 1697 3328 in~

112 3361 252 3432 quit,
288 3363 522 3417 homines
553 3379 666 3418 esse
694 3362 899 3418 Filium
939 3364 1205 3420 hominis?
1229 3363 1288 3419 ln
1315 3381 1426 3436 quo
1445 3382 1698 3437 quaeren-

117 3455 242 3511 dum
268 3465 372 3524 est,
387 3455 587 3513 fratres
608 3457 921 3528 mei,quare
951 3457 1280 3530 Redemptor
1302 3467 1487 3514 noster
1509 3475 1568 3515 se
1588 3474 1699 3515 non

112 3543 412 3616 Christum,
431 3562 538 3602 non
562 3545 770 3616 Jcsum,
785 3548 878 3606 sed
899 3551 1081 3620 potius
1103 3551 1297 3606 Filiqu
1320 3551 1559 3608 hominis
1586 3551 1698 3609 frc-

109 3648 340 3708 quenter
364 3641 620 3711 appellet.
647 3640 805 3708 Quod
833 3639 962 3698 facit
978 3643 1168 3714 utique
1189 3644 1388 3715 triplici
1414 3643 1482 3700 de
1505 3660 1697 3713 causa,

109 3738 166 3783 ut
182 3740 456 3801 quantum
481 3722 583 3803 pro
609 3734 769 3789 nobis
793 3750 852 3789 se
884 3732 1279 3802 humiliaverit,
1308 3735 1469 3792 nobis
1492 3735 1546 3792 in
1579 3752 1698 3792 mc-

107 3824 340 3880 moriam
364 3825 612 3895 reducat,
639 3836 696 3882 ut
716 3837 907 3882 contra
938 3827 1272 3886 Manichmos
1297 3845 1356 3886 se
1379 3845 1566 3886 veram
1590 3831 1698 3887 hu-

102 3906 426 3973 manitatem
457 3919 662 3975 habere
690 3919 1007 3992 frequenter
1035 3922 1201 3986 dicat,
1227 3932 1288 3979 ut
1318 3939 1421 3980 nos
1450 3925 1700 3996 exemplo

99 4005 186 4060 sui
205 4005 278 4062 de
302 4008 467 4064 nobis
482 3997 776 4065 humiliora
791 4020 845 4065 et
867 4011 1069 4068 sentire
1089 4021 1144 4067 et
1166 4011 1316 4084 loqui
1328 4026 1695 4072 commoneat.

98 4096 237 4154 Ecce
268 4098 449 4157 Filius
471 4099 565 4156 Dei
589 4118 650 4157 se
681 4118 804 4159 esse
826 4101 1026 4159 Filium
1061 4100 1159 4160 Dei
1185 4112 1347 4174 tacet,
1373 4107 1467 4162 sed
1497 4122 1556 4164 se
1575 4123 1700 4166 esse

96 4187 299 4246 Filium
326 4193 569 4250 hominis
593 4192 921 4266 frequentat.
949 4193 1008 4250 In
1030 4210 1162 4268 quo,
1187 4196 1386 4254 fratres
1411 4199 1543 4268 mei,
1564 4213 1695 4256 con-

92 4281 277 4339 fundit
339 4284 656 4356 superbiam
711 4295 980 4354 nostram,
1013 4287 1108 4360 qui
1154 4288 1396 4346 minores
1439 4301 1696 4362 parentes

91 4387 323 4432 nostros
364 4375 525 4434 fateri
561 4379 962 4447 erubescimus,
1001 4388 1056 4436 et
1080 4380 1310 4438 ditiores
1338 4398 1554 4456 semper
1577 4397 1696 4440 me-

87 4468 431 4536 moramus,
468 4476 523 4524 et
561 4484 716 4526 more
765 4468 902 4526 muli
953 4473 1334 4544 proverbialis,
1369 4471 1694 4548 interrogati

1723 3230 1766 3290 C

1806 1969 1990 2026 vinam
2014 1985 2235 2043 quoque
2279 1979 2532 2029 naturam
2567 1983 2628 2030 et
2656 1990 2878 2032 nomen.
2914 1975 3132 2032 Patrem
3173 1978 3392 2034 confite-

1807 2068 1918 2130 tur,
1951 2061 2083 2118 dum
2110 2061 2309 2119 Filium
2340 2065 2606 2120 nominat.
2638 2063 2698 2120 ln
2718 2066 2940 2123 nomine
2963 2069 3133 2123 etiam
3157 2068 3386 2136 Christi,

1806 2154 1861 2211 id
1905 2164 1990 2211 est
2022 2157 2211 2226 uncti;
2249 2165 2304 2214 et
2345 2166 2640 2229 augentem
2675 2157 2916 2228 Patrem,
2962 2168 3022 2216 et
3071 2162 3389 2217 unctionem

1807 2243 2072 2318 Spiritum
2096 2257 2349 2306 sanctum
2378 2249 2669 2321 significat.
2707 2249 2960 2307 Divinam
2991 2251 3200 2308 Christi
3228 2262 3390 2308 natu-

1804 2353 1924 2394 ram
1967 2339 2187 2409 astruit,
2229 2340 2361 2397 dum
2388 2356 2514 2397 eum
2541 2341 2739 2398 Filium
2784 2342 2880 2400 Dei
2901 2343 3054 2401 dicit.
3079 2343 3387 2400 Humanam

1803 2444 2023 2503 quoque
2053 2432 2254 2501 innuit,
2290 2432 2425 2489 dum
2449 2447 2576 2490 eum
2598 2433 2908 2503 Christum,
2956 2437 3009 2492 id
3029 2445 3116 2492 est
3136 2446 3385 2503 unctum,

1775 2525 1778 2528 ’
1803 2523 2057 2596 appellat.
2093 2522 2410 2582 Secundum
2439 2526 2586 2582 enim
2607 2527 3001 2584 humanitatem
3034 2529 3162 2600 ungi
3186 2529 3383 2600 potuit.

1801 2610 2010 2670 Nomen
2032 2614 2200 2670 etiam
2226 2630 2336 2671 non
2361 2625 2524 2684 tacet,
2545 2616 2678 2672 dum
2700 2617 3001 2686 Christum,
3035 2619 3088 2675 id
3123 2629 3210 2675 est
3251 2621 3388 2676 lies-

1802 2705 2036 2774 siam,in
2058 2706 2178 2778 lege
2201 2708 2537 2778 promissum
2564 2723 2692 2765 eum
2721 2719 2902 2766 vocat.
2937 2710 3196 2783 Adjungit
3220 2711 3385 2766 etiam

1799 2797 1925 2865 uiui,
1959 2798 2028 2854 ad
2049 2798 2461 2856 distinctionem
2499 2815 2692 2857 eorum
2715 2817 2856 2873 quos
2888 2804 3119 2874 gentiles
3139 2819 3206 2860 ex
3230 2818 3383 2859 mor-

1798 2889 1911 2947 tuis
1956 2891 2091 2948 deos
2127 2891 2560 2961 aestimaverunt,
2602 2895 2686 2950 vel
2735 2894 2803 2950 de
2840 2895 3114 2952 insensata
3153 2895 3386 2954 materia

1799 2994 2246 3042 construxerunt.
2282 2985 2494 3044 Dicitur
2526 2988 2729 3059 quippe
2759 2986 2904 3045 Deus
2949 2990 3254 3061 tripliciter,
3285 3005 3385 3045 na-

1799 3087 1942 3146 tura,
1975 3087 2036 3134 ut
2055 3078 2347 3148 Christus;
2397 3080 2708 3151 adoptione,
2769 3089 2830 3137 ut
2884 3083 3092 3150 sancti;
3141 3083 3384 3139 aestima-

1799 3172 1970 3241 tione,
2009 3182 2070 3230 ut
2119 3171 2352 3246 Iupiter.
2413 3173 2526 3230 Nos
2570 3189 2724 3246 ergo,
2768 3173 2965 3232 fratres
3009 3177 3138 3244 mei,
3165 3193 3195 3233 a
3221 3172 3385 3234 Petro

1799 3265 2002 3333 cdocti,
2023 3263 2309 3322 Christum
2333 3263 2534 3320 Filium
2561 3264 2658 3322 Dei
2694 3266 2802 3321 vivi
2859 3266 3090 3323 firmiter
3122 3268 3385 3324 conﬁtea-

1799 3373 1946 3426 mur,
1966 3365 2028 3412 ut
2056 3371 2153 3428 per
2182 3357 2324 3414 hanc
2357 3356 2761 3414 confessionem
2795 3373 2922 3414 cum
2951 3359 3112 3414 Petro
3129 3359 3383 3429 adoptio-

1799 3465 1923 3505 nem
1947 3447 2250 3506 divinitatis
2273 3462 2604 3517 mereamur,
2631 3457 2686 3504 et
2724 3449 3102 3505 auctoritatem
3125 3449 3382 3506 divinita-

1799 3543 1870 3599 tis
1899 3548 2162 3598 creatura:
2184 3556 2532 3613 summopere
2551 3540 2846 3613 fugiamus.
2875 3541 3080 3609 Quarto
3105 3557 3384 3599 commea-

1799 3634 1894 3690 dat
1923 3633 2188 3691 Dominus
2219 3635 2628 3705 responsionem
2657 3633 2803 3690 Petri
2829 3648 2955 3694 cum
2975 3635 3108 3692 dicit
3140 3654 3152 3690 :
3183 3635 3382 3690 Beatus

1798 3741 1872 3794 es,
1891 3725 2076 3782 Simon
2095 3714 2400 3793 Bar—Jona,
2437 3724 2492 3781 id
2526 3733 2610 3782 est
2647 3725 2724 3782 fili
2762 3724 3012 3796 Joannis,
3037 3727 3298 3784 subaudis
3324 3727 3381 3783 in

1799 3818 1905 3876 hac
1932 3817 2300 3877 confessionis
2329 3817 2579 3886 veritate,
2626 3833 2731 3875 nec
2762 3827 2946 3876 tamen
2980 3820 3126 3877 hanc
3161 3818 3383 3877 confes-

1798 3914 2009 3972 sionem
2042 3913 2216 3970 hahes
2237 3927 2305 3968 ex
2331 3919 2403 3968 te.
2436 3910 2591 3969 Unde
2631 3920 2688 3969 et
2710 3913 2896 3970 subdit
2937 3930 2952 3968 :
2990 3912 3132 3981 Quia
3169 3930 3296 3969 caro
3326 3923 3380 3969 et

1797 4007 2015 4078 sanguis
2051 4021 2155 4060 non
2196 4003 2445 4062 reuelauit
2494 4003 2612 4073 tibi,
2655 4003 2712 4061 id
2743 4013 2850 4073 est,
2892 4013 3090 4061 natura
3117 4003 3303 4063 carnis
3324 4012 3382 4061 et

1798 4097 2108 4170 sanguinis,
2143 4099 2227 4155 vel
2257 4096 2518 4170 quislibet
2536 4097 2776 4154 carnalis
2813 4098 2999 4166 homo,
3034 4113 3148 4154 non
3171 4097 3381 4154 revela-

1797 4188 1876 4244 vit
1907 4189 2030 4245 tibi.
2061 4190 2141 4246 Ac
2163 4190 2213 4247 si
2236 4190 2414 4248 dicat:
2439 4185 2561 4244 Non
2587 4201 2656 4245 ex
2691 4198 2766 4258 te,
2808 4205 2912 4248 nec
2930 4205 2998 4247 ex
3025 4191 3135 4246 alio
3154 4190 3381 4248 homine

1797 4282 1903 4340 hoc
1948 4283 2226 4351 habuisti,
2265 4285 2358 4340 sed
2403 4283 2594 4348 Pater,
2633 4281 2833 4355 inquit,
2885 4299 3030 4340 meus
3068 4285 3161 4356 qui
3204 4295 3282 4340 est
3320 4286 3381 4339 in

1797 4372 1961 4442 striis,
1985 4373 2081 4428 hoc
2115 4373 2212 4428 tibi
2243 4373 2508 4430 reuelauit.
2538 4373 2596 4428 in
2627 4385 2760 4446 quo,
2800 4371 2998 4430 fratres
3032 4373 3160 4442 mei,
3187 4381 3369 4429 retun.

1795 4465 1944 4524 ditur
1972 4467 2337 4538 quorumdam
2381 4469 2758 4540 praesumptio,
2799 4467 2894 4538 qui
2920 4466 2989 4522 de
3032 4466 3252 4539 ingenio
3276 4483 3380 4523 suo

83 4559 210 4629 quis
239 4557 419 4616 fuerit
441 4569 597 4633 pater
623 4571 832 4631 noster,
857 4565 1076 4620 asinum
1104 4565 1263 4623 fateri
1288 4569 1687 4639 erubescimus,

1800 4569 2187 4630 praesumentes
2209 4602 2226 4627 ,
2283 4560 2529 4617 humano
2579 4577 2745 4618 sensu
2808 4558 3055 4619 cmlestia
3106 4566 3378 4615 conantur

77 4651 174 4706 sed
199 4667 430 4724 equum
473 4660 723 4708 nostrum
770 4653 942 4712 fuisse
973 4673 1137 4712 avum
1159 4657 1499 4729 jactitamus.
1523 4659 1696 4718 Porro

75 4744 132 4798 in
155 4747 319 4818 quod
370 4746 760 4818 respondetur,
798 4746 897 4803 alii
945 4749 1204 4806 Joannem
1236 4750 1562 4824 Baptistam,
1591 4755 1692 4810 alii

71 4854 190 4892 uero
220 4838 450 4906 Etiam,
483 4839 580 4892 alii
631 4854 749 4893 vero
779 4838 1094 4910 Jeremiam,
1128 4842 1226 4896 alii
1256 4861 1418 4898 unum
1474 4861 1540 4899 ea:
1573 4859 1696 4916 pro-

64 4929 268 5000 phetis,
299 4927 626 4988 ostenditur
653 4929 943 5003 opiniones
970 4935 1156 5004 populi
1193 4933 1304 4990 fere
1335 4951 1553 5007 semper
1578 4931 1696 4992 dis-

65 5040 300 5092 sonare,
349 5031 414 5080 et
444 5039 475 5078 a
496 5026 725 5079 veritate
751 5024 1078 5095 discrepare.
1133 5021 1306 5093 Unde,
1337 5025 1532 5086 fratres
1563 5030 1692 5097 mei,

65 5132 176 5172 non
207 5113 397 5172 facile
424 5114 743 5171 rumoribus
767 5115 952 5186 populi
983 5132 1170 5172 aurem
1196 5119 1536 5174 credulitatis
1563 5121 1696 5178 dare

61 5209 375 5276 debemus,
393 5222 466 5262 ne
480 5208 526 5263 si
543 5205 680 5263 forte
699 5221 973 5263 rumorem
998 5208 1311 5280 popularem
1331 5210 1691 5283 aflirmemus,

1799 4651 2149 4725 investigare,
2176 4653 2272 4709 sed
2301 4653 2392 4709 isti
2430 4653 2592 4722 tales,
2641 4663 2703 4708 ut
2734 4651 2996 4709 Salomon
3043 4650 3140 4717 ait,
3186 4651 3376 4721 oppri-

1751 4739 1756 4744 ’
1798 4753 2025 4800 muntur
2058 4761 2089 4800 a
2129 4746 2301 4817 gloria
2352 4745 2538 4816 (Prou.
2589 4744 2743 4816 xxv).
2773 4743 3067 4815 Propterea
3107 4755 3373 4811 errantes,

1797 4854 1909 4893 non
1955 4839 2100 4894 sicut
2155 4840 2385 4910 apostoli
2423 4854 2452 4894 a
2500 4853 2716 4893 summo
2759 4837 2922 4893 Patre
2978 4837 3264 4908 inspirati,
3317 4837 3374 4891 iu

1797 4946 1962 4986 unam
2009 4931 2344 4986 conveniunt
2387 4926 2809 4997 confessionem,
2866 4929 2962 4985 sed
3003 4945 3106 5000 pro
3142 4929 3374 4984 arbitrio

1741 5025 1746 5030 ’
1796 5036 1921 5090 suo,
1965 5023 2210 5079 diversas
2240 5023 2626 5093 Opiniunculas
2656 5017 2884 5089 faciunt,
2915 5021 3060 5078 sicut
3088 5022 3166 5076 illi
3195 5023 3374 5078 homi-

59 5314 119 5351 re
147 5299 328 5353 aliter
371 5306 617 5368 reperta,
664 5299 769 5369 ipsi
818 5301 1109 5356 mendaces
1156 5301 1524 5359 inveniamur.
1558 5302 1691 5361 Ter-
1734 5313 1736 5316 ’

1735 5397 1738 5400 '
1793 5380 2060 5436 Dominus
2101 5382 2512 5452 responsionem
2546 5382 2694 5438 Petri
2713 5392 2952 5454 quatuor
2972 5383 3175 5450 modis,
3198 5384 3374 5439 nomi-

59 5391 133 5446 tio
174 5408 324 5448 vero
387 5391 589 5461 quaerit
641 5389 908 5449 Dominus
943 5409 973 5448 a
1022 5391 1308 5464 discipulis
1352 5395 1469 5452 suis
1525 5413 1689 5467 quem

52 5501 183 5541 eum
216 5501 363 5541 esse
417 5482 623 5538 dicant.
649 5481 805 5550 Quod
830 5485 1052 5556 quidem
1085 5483 1216 5541 facit
1237 5486 1434 5557 triplici
1463 5488 1530 5543 de
1552 5505 1686 5544 cau-

49 5595 134 5646 sa,
168 5588 238 5636 ut
289 5578 358 5634 in
423 5575 511 5632 sui
543 5576 891 5633 confessione
921 5595 1018 5635 eos
1058 5580 1359 5648 promereri
1412 5581 1598 5649 faciat,
1627 5592 1687 5639 ut

49 5671 102 5724 in
169 5671 292 5725 fide
357 5682 468 5723 eos
526 5667 878 5733 corroboret,
937 5677 997 5722 ut
1045 5684 1236 5724 eorum
1283 5670 1682 5730 confessionem

47 5759 246 5818 laudet
293 5768 361 5814 et
411 5766 748 5824 remaneret,
784 5755 885 5828 Vos
931 5769 1129 5828 autem,
1182 5761 1379 5832 inquit,
1425 5781 1575 5835 quem
1602 5782 1683 5823 me

43 5873 158 5909 esse
173 5855 395 5909 dicitis
419 5850 512 5905 f’ln
535 5867 648 5922 quo
670 5851 965 5907 notandum
987 5862 1068 5908 est
1092 5869 1215 5909 cum
1234 5857 1486 5928 superius
1512 5857 1680 5916 dixis-

1797 5123 1895 5164 nes
1924 5107 2019 5178 qui
2051 5109 2118 5162 de
2146 5108 2369 5163 Christo
2410 5108 2706 5164 sentientes
2731 5107 2968 5175 diversa,
3003 5109 3093 5164 alii
3121 5109 3376 5166 dicebant

1793 5215 1920 5256 eum
1950 5217 2072 5256 esse
2101 5199 2364 5255 Joannem
2397 5197 2722 5272 Baptistain,
2755 5201 2848 5257 alii
2874 5201 3070 5270 Etiam,
3093 5203 3185 5258 alii
3214 5202 3370 5260 lere-

1794 5291 1983 5358 miam,
2031 5301 2126 5347 aut
2154 5305 2322 5347 unum
2353 5307 2419 5348 ex
2458 5293 2761 5364 prophetis;
2799 5292 3028 5361 Quinto,
3057 5302 3374 5350 remunerat

1794 5472 1882 5528 nis
1934 5473 2021 5528 sui
2059 5473 2523 5540 denominatione,
2559 5474 2895 5545 principatu,
2933 5476 3134 5531 virtute
3179 5489 3363 5544 perse-

1792 5547 2052 5617 verantiaa
2081 5571 2134 5617 et
2168 5561 2365 5617 officio.
2397 5561 2647 5619 Nominis
2685 5565 2774 5620 sui
2801 5563 3248 5620 denominatione
3266 5561 3371 5616 Pe-

1791 5662 1934 5710 trum
1961 5655 2217 5721 honorat,
2258 5654 2388 5710 dum
2431 5670 2462 5710 a
2493 5669 2554 5710 se
2588 5654 2746 5711 Petra
2774 5670 2901 5712 eum
2931 5654 3154 5710 Petrum
3184 5654 3371 5723 appclv-

1793 5748 1891 5802 lat.
1928 5747 2091 5803 Sicut
2117 5747 2264 5802 enim
2303 5755 2456 5818 petra
2492 5748 2650 5804 firma
2672 5757 2776 5816 est,
2812 5757 2868 5804 et
2890 5748 3119 5804 aedificio
3141 5755 3286 5817 apta,
3313 5755 3368 5801 et

1792 5839 2075 5908 scintillat,
2126 5848 2179 5894 et
2201 5855 2400 5911 aquam
2445 5842 2662 5909 emittit,
2699 5843 2774 5897 ita
2820 5841 3016 5896 Petrus
3054 5841 3112 5894 in
3151 5837 3368 5896 confes-
