3844 6318
227 351 338 412 nos

1245 338 1578 398 ιιοΜιωίΕ.
1611 373 1681 386 ~—-
1709 340 1748 395 l.
1795 341 1883 400 DE
1929 341 2279 399 TEMPORE.

3296 345 3451 426 tast-

222 463 347 535 sequi
371 455 724 514 humilitatem
755 454 877 510 Filii
900 453 1124 523 Dei,qui
1148 454 1216 510 ab
1241 454 1527 514 altitudine
1551 455 1748 538 divina:
1777 458 1820 522 ᾼ
1850 455 1932 526 ιι).
1979 475 1995 506 ι
2027 454 2378 528 Evangelium
2411 472 2537 510 vero
2567 472 2745 526 Ipsum
2779 457 2968 513 didicit
3013 473 3107 528 per
3147 458 3436 516 revelatio-

221 551 476 626 majestatis
499 557 714 604 tantum
753 564 820 604 se
858 547 1162 602 humiliavit
1191 555 1252 602 ut
1276 547 1344 602 de
1372 549 1601 608 muliere
1632 548 1744 605 for-

215 662 338 706 mam
375 641 499 700 servi
529 641 616 696 sui
644 640 938 710 acciperet,
965 639 1108 696 Deus
1137 639 1344 704 homini
1390 657 1448 703 se
1489 642 1746 697 subderct

217 739 324 798 etei
349 735 684 798 ministraret,
712 749 812 804 pro
853 748 1012 788 servo
1041 742 1094 789 et
1133 749 1165 792 a
1207 748 1366 789 servo
1409 750 1512 796 suo
1552 744 1746 793 contu-

215 832 402 896 melias,
465 826 690 896 injurias
750 835 1090 897 mortemque
1151 827 1463 883 sustineret.
1527 827 1747 884 Justitia

211 937 400 995 quoque
463 918 734 989 Evangelii
813 933 1030 974 omnem
1103 918 1400 984 humanam
1461 929 1515 975 et
1580 921 1745 978 etiam

208 1016 405 1086 legatam
457 1010 723 1079 justitiam
781 1011 1181 1080 superexccllit.
1219 1009 1336 1066 Non
1372 1013 1553 1068 solum
1596 1012 1744 1069 enim

214 1103 541 1167 homicidium,
572 1103 668 1158 sed
707 1102 873 1158 etiam
917 1104 1304 1160 contumeliam
1335 1116 1388 1160 et
1416 1105 1552 1160 iram
1592 1105 1746 1182 dam-

197 1208 304 1254 nat.
344 1196 443 1251 Nec
487 1196 663 1250 solum
716 1197 914 1252 malam
961 1197 1334 1266 operationem
1359 1239 1375 1262 ,
1427 1199 1524 1254 sed
1580 1200 1745 1256 etiam

209 1292 375 1347 malam
407 1288 734 1343 voluntatem
784 1289 1029 1344 damnat.
1072 1287 1189 1346 Non
1229 1289 1395 1345 etiam
1420 1290 1598 1347 solum
1623 1307 1747 1361 per-

202 1385 374 1455 jurium
415 1380 690 1452 prohibet,
737 1383 834 1437 sed
877 1383 1042 1438 etiam
1090 1383 1501 1453 jusjurandum.
1561 1383 1746 1457 inimi-

204 1492 284 1532 cos
311 1473 534 1547 praecipit
570 1489 682 1528 non
715 1475 896 1530 solum
932 1489 1038 1530 non
1075 1475 1201 1530 odio
1241 1475 1560 1546 haberi,sed
1581 1476 1745 1532 etiam

201 1571 343 1642 diligi.
373 1568 733 1624 Misericordia
764 1568 930 1624 etiam
975 1567 1254 1640 Evangelii
1283 1585 1502 1628 omnem
1551 1560 1748 1640 huma-

186 1681 305 1720 nam
328 1661 748 1718 misericordiam
769 1662 1000 1717 excedit.
1029 1661 1453 1733 Pmcipit-enim
1477 1661 1745 1731 misereri,

197 1756 482 1814 non—solum
511 1755 932 1821 miserabilium,
960 1755 1056 1810 sed
1083 1756 1249 1812 etiam
1291 1757 1661 1824 inimicorum,
1691 1765 1746 1812 et

1849 565 1970 606 nem
2001 549 2130 605 Jcsu
2161 543 2387 617 Christi,
2418 551 2500 606 vel
2528 551 2748 621 quando
2782 551 2835 606 in
2862 552 2948 607 via
2981 552 3233 610 Damasci
3261 569 3436 610 excae-

1848 651 2004 698 catus
2036 643 2259 709 mansit,
2290 643 2377 697 vel
2418 645 2473 698 in
2523 643 2790 699 Damasco
2810 644 2984 703 tribus
3015 645 3206 701 diebus
3229 646 3283 701 in
3311 662 3436 702 ora-

1850 735 1996 790 tione
2046 752 2154 790 non
2197 727 2753 808 manducans'neque
2783 737 2994 792 bibens.
3047 735 3200 792 Unde
3251 739 3435 794 statim

1848 827 2128 899 ingressus
2173 831 2227 894 in
2271 845 2572 901 synagogas
2609 828 2974 885 confundebat
3012 828 3260 897 Judmos,
3293 829 3437 886 amr-

1849 936 2006 975 maus
2037 921 2295 991 quoniam
2327 921 2413 976 hic
2446 931 2529 976 est
2555 920 2830 978 Christus.
2881 919 2971 976 Vel
3002 922 3222 993 quando
3249 931 3437 995 raptus

1843 1019 1933 1066 est
1959 1027 2129 1083 usque
2169 1013 2236 1066 ad
2270 1013 2486 1068 tertium
2512 1014 2732 1082 coelum,
2781 1014 2863 1068 vel
2893 1014 3114 1083 quando
3139 1023 3328 1084 raptus
3354 1023 3440 1070 est

1848 1101 1902 1156 in
1946 1105 2284 1174 paradisum,
2337 1113 2389 1158 et
2432 1105 2639 1160 audivit
2670 1103 2836 1160 verba
2879 1120 3002 1176 qua:
3044 1121 3152 1160 non
3177 1106 3305 1162 licet
3346 1106 3442 1161 ho-

1848 1196 1982 1250 mini
2024 1196 2194 1268 loqui.
2227 1194 2383 1253 Unde
2417 1208 2563 1254 eerte
2598 1198 2948 1254 beatissimus
2988 1207 3072 1254 est
3108 1197 3312 1254 Paulus
3342 1199 3438 1268 qui

1847 1290 2130 1346 veritatem
2156 1289 2430 1363 Evangelii
2460 1293 2659 1347 meruit
2702 1292 2998 1363 percipere,
3031 1307 3140 1346 non
3173 1291 3242 1346 ab
3263 1292 3437 1347 inter-

1845 1389 2019 1452 prete,
2054 1397 2153 1455 nec
2182 1382 2250 1436 ab
2277 1382 2460 1452 aliquo
2491 1383 2762 1438 mediante
2785 1426 2797 1450 ,
2828 1384 2921 1439 sed
2955 1384 3022 1438 ab
3047 1383 3166 1453 ipso
3193 1381 3438 1454 Evange—

1831 1471 1907 1550 lii
1943 1481 2186 1542 auctore,
2217 1474 2394 1529 factus
2422 1476 2603 1530 subito
2641 1475 2695 1529 in
2722 1490 2787 1530 eo
2813 1475 3085 1545 perfectus
3109 1476 3228 1531 sine
3257 1489 3437 1541 mora,

1850 1563 1968 1619 sine
2018 1563 2298 1631 exercitio,
2343 1566 2461 1621 sine
2489 1566 2692 1622 labore.
2735 1565 2848 1622 Nos
2879 1584 3033 1633 vero,
3083 1567 3302 1633 fratres,
3343 1568 3453 1638 qui-

1829 1649 2134 1711 veritatem
2203 1655 2482 1729 Evangelii
2542 1658 2612 1714 ab
2684 1659 2905 1714 homine
2967 1660 3230 1730 paulatim
3293 1658 3440 1716 didi-

1850 1747 2050 1816 cimus,
2084 1749 2135 1803 in
2168 1749 2272 1805 hoc.
2298 1748 2542 1821 profecto
2583 1751 2723 1806 beati
2766 1751 2994 1823 erimus,
3027 1752 3071 1806 si
3122 1766 3244 1806 eam
3273 1750 3439 1806 corde

183 1811 398 1919 ξάπιραιί
424 1811 530 1901 non
558 1846 737 1902 solum
766 1811 1076 1918 indigentiae
1095 1848 1442 1915 aﬂlictorum,
1466 1850 1558 1907 sed
1583 1811 1747 1907 etiam
1783 1811 1825 1870 Β
1855 1837 2082 1894 “imit-9"
2127 1811 2485 1907 [enmiimus'
2520 1841 2566 1896 Si
2608 1855 2728 1896 eam
2768 1822 2933 1894 θείνῃ
2982 1840 3122 1896 mer
3170 1848 3442 1896 mmet“:

198 1940 397 1995 insania:
431 1953 831 2008 perversurum,
863 1953 1026 1994 orare
1055 1955 1153 2009 pro
1199 1941 1642 2010 persecutoribus
1699 1952 1754 1998 et

195 2031 476 2087 benefacere
513 2029 776 2085 inimicis.
817 2029 886 2086 Et
925 2033 1072 2102 quod
1101 2031 1452 2103 Evangelium
1486 2035 1556 2090 sit
1587 2051 1752 2106 supra

194 2125 436 2180 imminent
465 2125 938 2181 exbis~constat.
976 2123 1134 2192 Quod
1181 2142 1312 2183 vero
1341 2144 1370 2182 a
1400 2127 1509 2183 Deo
1548 2127 1638 2196 sit,
1684 2146 1752 2185 ex

171 2218 282 2272 hoc
298 2218 848 2289 apparet,'quoniam.
876 2219 946 2274 ab
987 2229 1195 2275 ποι·ηο
1243 2220 1348 2279 fuit
1373 2237 1403 2278 a
1445 2221 1556 2284 Deo
1589 2221 1752 2280 Patre

191 2311 602 2379 pmordinatum,
625 2326 659 2366 a
682 2310 889 2382 Spiritu
907 2322 1103 2368 sancto
1129 2328 1226 2383 per
1249 2314 1588 2384 patriarchas
1615 2330 1756 2386 prae-

188 2401 470 2473 ﬁguratum,
518 2417 616 2474 per
660 2404 954 2474 prophetas
1002 2405 1354 2476 praedictum,
1397 2422 1494 2476 per
1530 2408 1751 2477 angelos

187 2494 489 2560 nuntiatum,
519 2511 552 2554 a
580 2494 718 2550 Filio
755 2495 1042 2567 impletum
1083 2507 1137 2553 et
1176 2499 1601 2568 promulgatum,
1636 2509 1689 2555 et
1719 2517 1749 2556 a

188 2583 366 2654 Spiritu
391 2595 582 2641 sancto
603 2602 700 2656 per
724 2588 1004 2658 apostolus
1021 2615 1026 2622 ι
1043 2590 1244 2660 ubique
1267 2590 1642 2662 pratdicatum.
1668 2592 1751 2648 Ad

185 2690 389 2746 quorum
419 2679 799 2748 probationem
824 2681 1090 2738 accedtmt
1131 2698 1295 2752 opera
1324 2683 1611 2742 virtutum.
1643 2683 1751 2740 Pro

186 2767 272 2823 hac
291 2768 427 2823 enim
455 2770 562 2825 fide
593 2771 768 2826 sancti
795 2779 968 2826 totum
989 2774 1252 2828 mundum
1275 2785 1747 2846 contempserunt,
1810 2829 1818 2834 .

184 2861 344 2915 omnia
366 2878 487 2932 quae
519 2863 794 2919 habebant
840 2866 1171 2936 pauperibus
1199 2877 1583 2938 erogaverunt,
1616 2869 1749 2924 nudi

184 2953 366 3008 nudum
389 2953 670 3012 Christum
695 2957 873 3014 secuti
895 2967 1043 3024 sunt,
1077 2975 1297 3016 carnem
1331 2977 1489 3021 suam
1515 2977 1640 3018 eum
1670 2963 1748 3018 vi-

184 3044 260 3099 tiis
282 3053 330 3100 et
355 3047 818 3118 concupiscentiis
841 3049 1251 3118 cruciﬁxerunt,
1274 3053 1546 3122 castitate,
1567 3053 1750 3110 chari—

181 3144 276 3192 tate
299 3139 620 3210 cmterisque
647 3140 943 3197 virtutibus
961 3140 1298 3208 enituerunt,
1334 3152 1448 3200 toto
1478 3144 1750 3202 desiderio

180 3229 237 3284 ad
261 3232 492 3289 caelestia
517 3234 892 3301 tetenderunt,
929 3237 1313 3303 contumelias,
1353 3237 1605 3308 injurias,
1633 3247 1749 3302 tor.-

179 3332 362 3392 menta,
405 3334 614 3381 mortes
664 3325 996 3383 inhumanas
1039 3336 1093 3383 et
1142 3329 1516 3400 importabiles
1539 3329 1752 3404 fortiter

180 3424 540 3484 portaverant,
583 3426 638 3473 et
669 3434 764 3488 per
795 3419 898 3480 hoc
925 3419 993 3475 ad
1020 3420 1264 3478 ccclestia
1301 3421 1541 3492 gloriose
1561 3439 1752 3494 perve-

176 3516 373 3563 nerunt.
401 3509 684 3575 Accedunt
701 3510 898 3566 iterum
919 3512 987 3568 ad
1014 3512 1118 3568 hoc
1139 3528 1303 3583 opera
1335 3515 1746 3572 miraculorum.

176 3593 266 3650 Per
291 3597 426 3655 hanc
464 3599 616 3658 enim
667 3601 827 3656 ﬁdem
856 3603 984 3658 cmci
1012 3603 1302 3660 illuminati
1352 3614 1501 3673 sunt,
1543 3606 1751 3664 (ιωωο-

175 3689 300 3746 niaci
338 3692 556 3749 liberati
600 3704 748 3762 sunt,
771 3696 839 3750 de
868 3696 1058 3766 paucis
1087 3697 1342 3767 panibus,
1367 3699 1540 3755 multa
1571 3699 1752 3758 homi-

175 3796 290 3836 nm
333 3785 505 3841 millia
535 3795 691 3856 pasta
723 3797 872 3854 sunt,
911 3787 1114 3845 inﬁrmi
1145 3791 1322 3846 sanati
1357 3800 1506 3858 sunt,
1548 3794 1750 3850 mortui

172 3875 400 3932 suseitati
425 3888 576 3946 sunt,
606 3895 774 3950 super
798 3891 972 3952 aquas
997 3881 1336 3944 ambulatum
1378 3893 1482 3952 est,
1510 3885 1652 3958 ignis
1680 3901 1750 3942 ne

169 3971 359 4028 sanctis
384 3983 609 4030 noceret
629 3976 934 4033 exstinctus
957 3985 1060 4044 est,
1087 3992 1357 4036 venenum
1381 3980 1502 4036 sine
1528 3981 1751 4038 laesione

168 4061 383 4120 bibitum
408 4078 517 4124 est.
563 4067 670 4123 Per
699 4070 844 4125 hanc
870 4069 1054 4138 ﬁdem,
1077 4081 1378 4142 serpentes
1405 4087 1514 4128 non
1548 4088 1750 4130 nocue-
1785 4127 1790 4130 _

159 4163 300 4222 riunt,
313 4156 444 4215 ferae
472 4160 967 4227 obedicrunt,.aves
981 4163 1456 4232 .ministraverunt,
1483 4166 1748 4223 elementa

165 4259 471 4318 mmorant,
489 4251 718 4308 inferna
747 4262 1060 4323 patuerimt.
1090 4253 1196 4322 Qui
1229 4270 1363 4328 ergo
1392 4254 1746 4328 Evangelium
1789 4298 1791 4300 -

121 4371 125 4378 -
167 4353 262 4394 non
289 4343 463 4400 credit
493 4359 616 4401 esse
641 4360 672 4401 a
703 4345 835 4414 Deo,
867 4347 988 4404 sine
1011 4347 1122 4405 Deo
1143 4357 1246 4407 est.

229 4431 486 4509 Sequitur
536 4453 666 4509 pars
723 4439 984 4507 secunda,
1029 4441 1088 4496 in
1135 4457 1245 4513 qua
1289 4443 1582 4514 Apostolus
1617 4443 1750 4500 dicit
1791 4483 1793 4485 -

165 4521 502 4598 Erangelium
527 4546 636 4584 non
668 4531 738 4585 ab
764 4532 1008 4600 homine,
1041 4534 1136 4590 sed
1167 4550 1200 4591 a
1224 4533 1335 4590 lleo
1351 4535 1455 4592 sibi
1483 4537 1742 4593 traditum

1851 4538 1934 4585 est
1960 4528 2228 4584 abstraxit
2249 4528 2314 4582 ab
2342 4538 2490 4583 utero
2523 4529 2713 4582 matris
2745 4545 2891 4594 metu,
2922 4527 3005 4583 vel
3029 4526 3335 4597 segregavit
3369 4526 3439 4580 de

159 4631 292 4685 esse,
323 4635 454 4676 cum
486 4622 672 4678 subdit
707 4642 720 4678 :
753 4622 935 4695 Neque
954 4626 1094 4680 enim
1126 4643 1219 4697 ego
1249 4627 1314 4682 ab
1338 4628 1548 4684 homine
1569 4630 1746 4700 accepi

159 4710 307 4781 illud,
339 4731 503 4787 neque
524 4716 721 4783 didici,
747 4717 838 4772 sed
861 4733 953 4787 per
976 4717 1344 4776 reuelatione»:
1363 4719 1494 4776 Jesu
1518 4722 1738 4778 Christi.

162 4802 224 4860 Sc
263 4823 442 4879 neque
483 4810 848 4866 ministerium
899 4812 1231 4882 prmdicandi
1264 4811 1617 4886 Evangelium
1653 4830 1745 4871 ac-

159 4900 381 4968 cepisse,
414 4919 591 4974 neque
619 4902 784 4960 etiam
815 4903 946 4959 illud
987 4903 1250 4960 didicisse
1276 4905 1346 4959 ab
1376 4905 1597 4961 homine
1615 4906 1748 4962 dicit

157 4991 465 5062 Apostolus,
503 4995 596 5052 sed
627 5011 724 5066 per
745 4995 1130 5051 revelatiouem
1153 4995 1283 5052 Jcsu
1303 4997 1532 5053 Christi.
1560 4998 1641 5053 Ad
1663 4997 1749 5053 of-

158 5083 332 5139 ficium
371 5088 576 5158 quippe
609 5087 943 5158 praedicandi
973 5088 1177 5144 missus
1198 5097 1301 5155 est,
1326 5104 1450 5143 cum
1475 5088 1745 5157 Barnaba,

155 5189 181 5229 a
213 5177 420 5248 Spiritu
451 5188 642 5236 sancto
678 5181 914 5248 dicente,
945 5189 1004 5236 ut
1029 5182 1262 5238 habetur
1281 5181 1338 5237 in
1365 5183 1594 5240 Actibus
1615 5200 1772 5256 apo-1

153 5269 420 5324 stolorum
452 5289 464 5325 :
499 5290 518 5322 ‹
543 5270 844 5343 ιὸθςτθεειῑθ
892 5273 1027 5327 mihi
1075 5272 1307 5330 Paulum
1340 5283 1396 5330 et
1437 5275 1743 5332 Barnabam

154 5358 203 5414 in
231 5375 372 5431 opus
409 5365 475 5418 ad
515 5366 661 5436 quod
689 5367 966 5436 assumpsi
992 5381 1087 5422 eos
1114 5367 1258 5437 (Act.
1289 5369 1468 5438 xm)”
1498 5369 1550 5425 id
1570 5379 1656 5426 est
1674 5370 1744 5426 ad

153 5454 559 5519 pra-dicandum
589 5457 864 5527 gentibus.
899 5455 1056 5513 Unde
1093 5468 1147 5514 et
1192 5459 1424 5529 apostoli
1459 5459 1588 5516 dicti
1625 5470 1754 5517 sunt

91 5545 94 5548 ί
152 5551 261 5613 gest.
300 5562 396 5601 um
449 5547 649 5622 Paulus
674 5559 729 5605 et
756 5549 1069 5618 Barnabas,
1099 5551 1248 5622 quod
1299 5551 1415 5622 ipse
1447 5552 1746 5624 Apostolus
1803 5617 1805 5620 ,

151 5645 384 5693 tenetur
413 5655 427 5692 :
459 5660 475 5692 ι
505 5639 611 5708 Qui
653 5651 914 5712 operatus
952 5651 1057 5710 est,
1088 5641 1286 5712 inquit,
1318 5642 1479 5701 Petro
1523 5644 1575 5700 in
1613 5660 1746 5716 apo-

154 5729 722 5804 stolatnm,-0peratus
753 5744 838 5791 est
865 5745 919 5790 et
949 5735 1085 5790 mihi
1118 5735 1261 5790 inter
1298 5745 1510 5808 gentes,
1551 5747 1607 5794 et
1647 5752 1744 5792 co-
1786 5773 1788 5776 -

153 5830 463 5887 gnoverunt
486 5824 711 5896 gratiam
737 5842 857 5897 qua:
881 5827 1010 5882 data
1029 5835 1106 5882 est
1141 5825 1273 5880 mihi
1299 5843 1327 5880 a
1349 5826 1582 5883 Christo.
1601 5826 1744 5897 (Gul.
1787 5879 1789 5882 .

1854 1942 2168 1988 constanter
2188 1932 2428 1989 confessi
2449 1933 2738 1988 fuerimus.
2765 1932 2823 1987 Si
2849 1947 2999 1999 vero,
3023 1932 3196 2002 (quod
3217 1930 3438 2002 absitl),

1853 2025 2036 2082 verbis
2062 2025 2416 2102 Evangelium
2451 2029 2796 2094 confitemur,
2847 2035 2902 2082 ct
2947 2025 3106 2082 factis
3152 2039 3440 2098 negamus,

1853 2118 1985 2192 quid
2013 2119 2157 2173 aliud
2182 2135 2346 2190 quam
2390 2134 2523 2174 voce
2555 2135 2656 2176 nos
2698 2121 3047 2187 damnamus,
3080 2118 3288 2175 similes
3313 2119 3444 2176 facti

1853 2207 2006 2264 Iuda:
2029 2210 2316 2280 proditori,
2343 2211 2437 2280 qui
2458 2209 2739 2266 Christum
2767 2226 2933 2280 quem
2956 2209 3282 2281 magistrum
3304 2225 3441 2266 con-

1849 2300 2108 2358 ﬁtebatur
2129 2310 2184 2357 et
2209 2303 2500 2369 salutabat,
2519 2317 2682 2374 opere
2703 2302 3004 2374 prodebat?
3031 2303 3294 2374 Sequitur
3313 2319 3442 2374 pars

1855 2395 2034 2462 tertia,
2052 2394 2105 2449 in
2129 2411 2235 2472 qua
2266 2383 2562 2467 Apostolus
2584 2397 2930 2452 demonstrat
2957 2413 3015 2453 se
3043 2413 3152 2452 non
3183 2397 3444 2453 didicisse

1809 2480 1820 2490 “’
1854 2484 2208 2558 Evangelium
2263 2488 2332 2543 ab
2387 2487 2626 2543 homine.
2683 2487 2798 2544 lloc
2864 2497 3047 2544 autem
3103 2489 3445 2545 demonstrat

1853 2579 2069 2636 duobus
2104 2579 2304 2636 modis.
2339 2579 2527 2635 Primo
2556 2597 2652 2652 per
2677 2589 2922 2652 tempora
2953 2590 3008 2637 et
3037 2598 3134 2654 per
3164 2581 3330 2650 facta,
3356 2597 3446 2639 se-

1854 2673 2034 2729 cundo
2070 2689 2166 2745 per
2193 2673 2603 2744 jusjurandum.
2641 2672 2744 2729 Per
2785 2683 3032 2745 tempora
3067 2683 3123 2730 et
3164 2691 3261 2746 per
3299 2673 3444 2731 facta

1854 2764 1956 2820 hoc
1987 2767 2329 2822 demonstrat
2356 2783 2481 2822 cum
2513 2767 2645 2822 dicit
2678 2785 2691 2821 :
2723 2768 2968 2822 Audistis
2999 2770 3138 2822 enim
3162 2785 3442 2823 conversa-

1855 2857 2050 2911 tionem
2087 2873 2256 2912 mcam
2284 2858 2340 2912 in
2387 2856 2698 2926 Judaismo,
2726 2859 2978 2930 quoniam
3025 2875 3187 2930 supra
3226 2859 3443 2913 modum

1851 2950 2199 3021 persequebar
2226 2949 2518 3004 Ecclesium
2552 2951 2671 3017 Dei,
2706 2961 2755 3006 et
2789 2951 3161 3023 expugnabam
3194 2950 3370 3020 illam,
3393 2961 3442 3005 et

1851 3042 2192 3114 proﬁciebam
2214 3043 2266 3096 in
2284 3042 2566 3097 Judaismo
2595 3059 2753 3114 super
2775 3042 2969 3097 multos
2987 3051 3278 3098 coaetaneos
3300 3059 3442 3096 uicos

1776 3171 1820 3230 C
1854 3134 1908 3188 in
1931 3152 2115 3206 genere
2137 3151 2270 3202 meo,
2295 3135 2524 3206 amplius
2549 3135 2832 3192 temulator
2852 3136 3080 3191 existens
3096 3145 3444 3206 paternarum

1852 3246 2089 3283 mearum
2118 3229 2489 3297 traditiouum,
2517 3238 2620 3285 etc.
2647 3230 2724 3285 Ac
2747 3229 2793 3285 si
2815 3238 3000 3301 aperte
3025 3229 3171 3285 dicat
3197 3249 3211 3284 :
3237 3228 3316 3283 Ex
3340 3229 3445 3284 hoc

1851 3332 1997 3393 patet
2025 3323 2170 3395 quod
2199 3341 2298 3395 ego
2337 3338 2446 3378 non
2493 3323 2658 3378 didici
2689 3322 3044 3394 Evangelinm
3091 3324 3160 3377 ab
3198 3322 3440 3387 homine,

1852 3433 1952 3471 nec
1995 3425 2120 3472 ante
2146 3417 2562 3474 conversionem
2611 3433 2809 3484 meam,
2851 3432 2953 3472 nec
2977 3425 3120 3487 post.
3149 3415 3307 3483 Quod
3339 3431 3442 3471 nec

1852 3519 1976 3565 ante
2006 3513 2423 3566 conversionem
2450 3518 2812 3581 meam,patet
2834 3526 2899 3566 ex
2931 3510 3275 3566 factis-Ante
3291 3511 3440 3564 enim

1851 3604 2267 3658 conversionem
2289 3620 2465 3660 meam
2493 3619 2600 3659 non
2625 3605 2896 3675 sequebar
2925 3603 3301 3674 Evangelium,
3329 3603 3442 3657 imo

1849 3696 2246 3766 persequebar;
2279 3712 2380 3752 nec
2406 3696 2761 3769 Evangelium
2801 3696 3102 3764 discebam,
3133 3695 3244 3751 imo
3271 3711 3443 3766 expu-

1850 3789 2106 3858 gnabam.
2151 3787 2308 3856 Quod
2348 3805 2479 3848 vero
2509 3807 2609 3847 nec
2653 3799 2779 3860 post
2807 3789 3221 3845 conversionem
3258 3803 3440 3844 meam

1850 3880 2134 3938 didicerim
2160 3879 2519 3954 Evangelium
2549 3881 2620 3936 ab
2647 3880 2889 3948 homine,
2919 3880 3172 3935 similiter
3191 3894 3259 3935 ex
3281 3877 3441 3934 factis

1850 3983 2095 4046 apparet,
2119 3975 2380 4046 quoniam
2405 3986 2527 4046 post
2551 3974 2967 4030 conversionem
2994 3988 3172 4028 meam
3198 3987 3306 4027 non
3328 3971 3440 4026 abii

1849 4068 1916 4123 ad
1949 4069 2228 4139 apostolos
2258 4068 2463 4124 Christi
2494 4085 2659 4124 causa
2691 4067 2938 4123 discendi
2985 4065 3339 4139 Evangelium
3369 4065 3440 4119 ab

1829 4162 1948 4228 ,eis,
1987 4163 2097 4217 imo
2121 4164 2307 4220 statim
2349 4163 2456 4218 abii
2484 4163 2538 4217 in
2568 4161 2824 4218 Arabiam
2855 4161 3154 4232 prmdicare
3187 4159 3439 4228 Evange-

1850 4254 2004 4327 lium,
2035 4264 2091 4310 et
2135 4266 2430 4328 postquam
2484 4269 2608 4310 eum
2649 4253 2722 4309 ibi
2773 4253 3085 4324 prmdicavi,
3134 4251 3270 4307 redii
3329 4249 3440 4304 Da-

1851 4363 2122 4415 mascum,
2153 4356 2207 4402 et
2241 4347 2312 4401 ibi
2343 4346 2656 4418 przcdieavi.
2697 4344 2814 4402 lloc
2845 4354 3026 4401 autem
3054 4344 3186 4400 dicit
3209 4345 3293 4399 his
3318 4357 3442 4397 ver-

1850 4438 1937 4493 bis
1965 4456 1979 4492 :
2010 4436 2142 4492 Cum
2181 4447 2358 4492 autem
2379 4437 2696 4508 complacuit
2720 4437 2804 4492 illi
2827 4438 2917 4508 qui
2950 4454 3029 4490 me
3051 4434 3362 4507 segregavit,
3386 4434 3442 4489 id

1854 4624 2009 4678 fovea
2051 4622 2248 4678 nativae
2297 4621 2716 4688 incredulitatis,
2769 4630 2818 4676 et
2855 4621 3056 4675 vocavit
3087 4637 3179 4690 per
3208 4621 3440 4690 gratiam

1850 4730 2026 4780 suam,
2067 4721 2123 4767 ut
2155 4712 2402 4767 reuelaret
2435 4710 2643 4766 Filium
2672 4727 2826 4766 suum
2865 4712 2920 4764 in
2951 4727 3051 4776 me,
3078 4718 3134 4764 ut
3173 4709 3436 4780 evangeli-

1853 4822 2031 4860 sarem
2061 4822 2179 4861 cum
2203 4807 2257 4860 in
2289 4804 2812 4877 gentibus,continuo
2834 4820 2934 4858 non
2961 4804 3196 4875 acquievi
3219 4805 3368 4858 carni
3390 4813 3441 4859 et

1851 4899 2120 4968 sanguini,
2157 4897 2208 4951 id
2235 4906 2321 4952 est
2347 4896 2580 4953 consilio
2618 4896 2832 4968 generis
2864 4896 2971 4954 mei
3005 4897 3307 4952 carnalium
3341 4897 3443 4952 ho-

1855 4991 2086 5046 minum.
2137 4989 2194 5044 In
2223 4991 2418 5046 Grmco
2443 4989 2686 5060 apertius
2727 4989 2980 5059 habetur,
3023 4990 3299 5059 videlicet,
3337 5007 3442 5046 non

1857 5083 2058 5138 contuli
2103 5100 2223 5138 cum
2277 5101 2435 5137 carne
2481 5092 2531 5137 et
2562 5083 2840 5154 sanguine,
2877 5083 2931 5139 id
2960 5091 3046 5138 est
3070 5085 3444 5140 cumhomiue

1853 5175 2229 5247 Evangelium.
2263 5175 2419 5244 Quod
2453 5176 2697 5247 apertius
2732 5175 2936 5232 dicitur
2981 5193 3107 5232 cum
3137 5177 3392 5233 subditur
3427 5197 3439 5232 :

1854 5267 1966 5323 Nec
1988 5268 2096 5323 abii
2125 5269 2194 5323 ad
2231 5278 2583 5324 antecessores
2614 5285 2754 5324 meos
2799 5268 3089 5339 apostolos,
3114 5269 3204 5324 sed
3239 5269 3348 5324 abii
3388 5271 3444 5324 in

1849 5361 2126 5429 Arabiam,
2155 5371 2203 5415 et
2226 5361 2348 5416 inde
2376 5377 2608 5416 reversus
2635 5377 2752 5426 sum
2789 5359 3136 5416 Damascum.
3174 5361 3348 5416 Porro
3388 5362 3443 5416 in

1852 5456 1938 5512 his
1981 5457 2164 5512 verbis
2209 5457 2365 5527 ponit
2416 5455 2714 5527 Apostolus
2747 5463 2857 5511 tres
2888 5471 3088 5512 causas
3133 5455 3444 5512 vocationis

1851 5565 1987 5608 sum.
2020 5548 2260 5604 Primam
2290 5549 2462 5620 ponit,
2488 5565 2613 5605 cum
2645 5548 2798 5616 dicit,
2824 5566 2944 5604 cum
2990 5558 3165 5603 autem
3207 5547 3443 5617 compla-

1853 5644 1962 5696 cuit
2004 5642 2108 5711 illi,
2151 5650 2358 5698 etcum
2395 5641 2696 5714 subjungit,
2733 5651 2785 5697 et
2814 5642 3016 5697 vocavit
3065 5657 3158 5713 per
3206 5641 3441 5711 gratiam

1855 5752 2028 5791 suant.
2073 5735 2151 5790 Ac
2176 5735 2224 5791 ei
2249 5745 2432 5807 aperte
2458 5734 2604 5791 dicat
2637 5753 2650 5790 :
2679 5733 2800 5790 Non
2845 5741 3066 5806 propter
3093 5732 3288 5788 merita
3320 5748 3444 5791 mea

1857 5845 1979 5902 qua:
2002 5846 2109 5886 non
2140 5838 2295 5885 erant
2326 5828 2432 5886 nisi
2451 5827 2628 5903 mala,
2663 5828 2757 5886 sed
2789 5835 2999 5886 tantum
3027 5832 3247 5893 propter
3275 5824 3445 5881 bene-
