3844 6318
430 285 572 396 ᾆδθέ

1595 315 1600 319 ’
1699 309 2048 368 RADULPHI
2087 309 2429 369 ABDENTIS

3543 317 3644 377 l3“

427 434 694 506 placitum
720 450 882 490 suum
913 440 968 489 et
985 432 1212 504 gratiam
1245 446 1403 487 suam
1429 428 1640 486 vocavit
1666 443 1773 494 me,
1803 427 1857 481 in
1879 443 2010 497 quo,
2043 432 2090 492 Α
2120 442 2361 493 scamus,
2407 434 2462 480 et
2509 423 2772 496 quidquid
2825 423 2954 479 boni
2999 425 3254 494 rae-mins,
3307 442 3430 483 cum
3484 443 3648 502 magna

425 525 630 581 fratres
653 525 788 592 mei,
808 525 904 580 dat
924 525 1233 594 exemplum
1257 521 1437 589 nobis,
1467 529 1524 575 ut
1548 521 1688 575 idem
1714 518 2018 576 sentiamus

427 618 496 673 de
509 616 691 674 nobis.
707 617 1022 673 Secundam
1035 615 1189 686 ponit
1213 629 1461 679 causam,
1485 628 1609 668 cum
1633 611 1709 666 ait
1736 629 1749 664 :
1779 609 1846 666 Ut
1870 625 2016 664 reve-

427 710 564 766 laret
589 709 799 765 Filium
821 726 976 766 suum
1018 710 1073 763 in
1114 725 1214 774 me,
1240 708 1291 763 id
1314 715 1398 762 est
1429 705 1553 761 Filii
1578 704 1662 761 sui
1697 701 2015 759 misericor-

427 804 600 860 diam.
645 802 882 875 Propter
923 803 1030 858 hoc
1056 801 1203 856 enim
1234 801 1455 856 vocavit
1480 798 1748 854 Dominus
1781 796 2014 852 Paulum

426 905 484 952 et
503 895 900 968 Magdalenam,
925 901 978 948 et
1010 892 1325 963 hujusmodi
1366 890 1698 946 criminosas
1722 903 2012 961 personas,

430 997 492 1044 ut
529 987 587 1043 in
617 987 702 1043 his
730 987 1137 1043 demonstraret
1184 983 1706 1055 superemellentem
1750 981 1872 1037 Filii
1926 979 2014 1036 sui

427 1079 886 1146 misericordiam,
934 1077 1027 1147 qui
1072 1077 1221 1132 venit
1266 1076 1325 1132 in
1377 1076 1484 1132 hoc
1532 1076 1740 1132 mundo
1768 1090 2014 1146 quaerere

425 1181 740 1242 peceatores
767 1186 907 1242 quos
951 1170 1215 1226 salvaret.
1239 1172 1318 1227 Ae
1345 1171 1390 1226 si
1417 1171 1566 1226 dicat
1593 1190 1606 1225 :
1629 1170 1859 1242 Propter
1884 1156 2010 1240 hoc,

423 1279 511 1319 me
541 1279 802 1335 magnum
846 1271 1192 1334 peecatorem
1227 1263 1449 1319 vocavit
1503 1262 1670 1332 Deus,
1721 1273 1780 1319 ut
1816 1263 1871 1317 in
1923 1277 2012 1318 me

419 1355 828 1412 demonstraret
865 1355 1016 1427 quod
1061 1355 1246 1412 nullus
1267 1365 1730 1428 quantuscunque
1755 1364 2012 1428 peccator

397 1446 488 1516 _de
516 1446 898 1504 misericordia
948 1446 1050 1503 Dei
1076 1447 1273 1506 debeat
1303 1449 1616 1520 desperare.
1656 1447 1716 1504 ln
1744 1464 1874 1521 quo,
1900 1448 2012 1504 fra-

395 1545 532 1594 .tres
552 1538 682 1606 mei,
716 1539 876 1596 nobis
903 1540 1289 1610 peccatoribus
1336 1542 1431 1598 dat
1469 1543 1777 1613 exemplum
1815 1544 2008 1614 culpas

415 1638 636 1688 nostras
655 1645 874 1702 semper
888 1633 1188 1689 accusandi
1204 1643 1261 1690 et
1276 1633 1370 1690 Dei
1389 1634 1826 1692 misericordiam
1857 1652 2006 1693 sem-

416 1736 515 1792 per
542 1723 896 1793 pradicandi.
921 1723 1164 1782 Tertiam
1179 1741 1405 1782 causam
1428 1726 1601 1798 ponit,
1623 1741 1749 1782 cum
1776 1727 1962 1783 subdit
1987 1747 2001 1784 :

2119 517 2427 574 dilectionis
2453 515 2665 573 fervore
2688 517 2976 574 faciamus.
3021 517 3158 574 Nam
3175 519 3332 590 juxta
3360 521 3650 592 prophetam,

2124 627 2145 662 ι
2177 607 2499 664 maledictns
2549 617 2633 663 est
2686 608 2784 679 qui
2834 623 2977 680 Opus
3030 609 3126 666 Dei
3186 610 3321 667 facit
3371 613 3653 684 negligenter

2118 700 2254 772 (Jer.
2287 702 2500 772 XLVIII).
2536 720 2554 754 ι
2605 700 2830 769 Deinde,
2875 702 3076 773 inquit,
3124 712 3244 773 post
3289 714 3390 758 tres
3433 707 3653 764 amsivi

2117 793 2547 865 Hierosolymam
2601 795 2778 850 cidere
2809 794 3052 862 Petrum,
3095 804 3148 850 et
3195 799 3370 852 mansi
3417 800 3652 869 apudeuat

2114 882 2298 940 diebus
2320 885 2642 956 quindecim,
2675 901 2784 940 non
2809 895 2930 940 tam
2962 887 3173 942 scilicet
3192 887 3502 955 disciturus,
3524 905 3652 960 quam

2114 993 2240 1033 cum
2294 992 2360 1033 eo
2426 977 2728 1033 collaturus
2788 977 3165 1050 Evangelium.
3232 979 3537 1051 Exemplum
3585 982 3654 1037 dat

2112 1069 2331 1126 Paulus
2351 1070 2568 1126 visendi
2603 1069 2793 1127 Patres
2841 1081 2897 1127 et
2947 1070 3150 1128 fratres
3181 1083 3425 1138 nostros,
3462 1075 3655 1129 maxime

2113 1163 2455 1234 spi‘rituales,
2491 1179 2602 1219 non
2633 1171 2695 1219 ut
2721 1164 2936 1232 vultus,
2961 1165 3302 1235 quantitates
3330 1176 3384 1220 et
3409 1167 3654 1236 qualitates

2111 1269 2300 1310 eorum
2325 1255 2632 1323 videamus,
2663 1256 2758 1312 sed
2787 1265 2849 1312 ut
2869 1257 3103 1313 invicem
3128 1273 3342 1326 mores,
3367 1259 3544 1326 vitam,
3569 1261 3654 1314 vir-

2097 1356 2275 1413 ‘tutes,
2297 1364 2461 1420 opera
2491 1357 2546 1404 et
2593 1349 2773 1406 studia
2800 1351 3241 1418 consideremus,
3275 1351 3371 1407 sed
3401 1361 3456 1406 ut
3473 1352 3533 1407 de
3553 1353 3653 1407 reli-

2111 1439 2272 1509 gione
2302 1449 2358 1496 et
2396 1440 2648 1496 doctrina
2681 1440 2886 1498 Christi
2922 1440 3277 1497 conferamus
3299 1483 3319 1509 ,
3353 1450 3408 1497 et
3442 1451 3497 1496 ut
3527 1443 3655 1498 alter-

2109 1538 2294 1586 utrum
2323 1531 2376 1586 in
2402 1531 2598 1588 melius
2635 1531 2972 1588 azdillcemus
3019 1540 3077 1588 et
3116 1532 3488 1602 proficiamus,
3528 1542 3577 1589 et
3609 1535 3653 1589 ia

2107 1623 2378 1694 spirituali
2409 1624 2610 1695 gaudio
2639 1624 2805 1680 simul
2832 1624 3192 1680 collaetemur.
3227 1625 3468 1679 Aliorum
3492 1636 3653 1692 autem,

2105 1715 2305 1787 inquit,
2323 1715 2429 1770 vidi
2440 1716 2797 1786 apostolorum
2811 1717 3201 1782 neminem,nisi
3209 1715 3652 1787 Jacobumfratm

393 1877 396 1880 ,
421 1813 490 1870 Ut
498 1817 912 1888 euangelizarent
921 1836 1041 1874 eum
1056 1820 1111 1874 in
1124 1820 1385 1892 gentibus.
1400 1819 1627 1891 Propter
1639 1820 1744 1876 hoc
1757 1821 1903 1876 enim
1917 1836 1996 1877 vo-

2108 1807 2346 1862 Domini.
2373 1809 2452 1863 Ac
2480 1808 2526 1863 si
2563 1807 2740 1864 dicat:
2779 1806 2838 1864 Si
2867 1809 2938 1864 ab
2975 1808 3085 1864 illis
3107 1808 3373 1878 apostolis
3398 1825 3529 1880 quos
3546 1812 3652 1879 vidi,

389 1907 700 1980 Icaviteum
729 1909 975 1983 Deus(ut
997 1913 1115 1983 ipse
1142 1913 1222 1969 ait
1241 1913 1517 1984 Ananiae),
1541 1923 1601 1969 ut
1623 1914 1738 1984 ipse
1763 1922 2009 1986 portaret

414 2015 617 2058 nomen
628 2002 748 2072 ejus
769 2019 954 2068 coram
978 2005 1259 2077 gentibus,
1269 2015 1324 2061 et
1347 2007 1586 2078 regibus,
1601 2006 1795 2063 etliliis
1815 2005 2002 2064 Israel.

385 2091 560 2148 .Saue
591 2105 813 2167 propter
844 2097 947 2155 has
993 2107 1106 2155 tres
1136 2114 1354 2167 causas,
1399 2115 1510 2155 non
1539 2099 1718 2156 solum
1748 2098 2004 2168 Paulum,

411 2184 691 2241 sedetiam
741 2202 844 2244 nos
889 2189 1168 2261 quoslibet
1213 2199 1532 2262 peccatores
1570 2191 1818 2263 quotidie
1862 2191 2007 2250 Deus

411 2285 590 2332 vocat.
639 2275 812 2336 Vocat
856 2281 1005 2338 enim
1057 2298 1160 2338 nos
1201 2281 1367 2350 Deus,
1429 2283 1627 2340 fratres
1667 2283 2004 2351 charissimi,

410 2375 633 2436 propter
666 2367 1068 2448 beneplacilum
1110 2389 1273 2430 suum
1307 2382 1549 2441 tantum;
1591 2383 1754 2431 vocat
1790 2391 1911 2441 nos,
1945 2384 2006 2431 ut

308 2500 313 2505 .
370 2513 374 2516 ,
409 2472 667 2530 magnam
695 2462 1134 2523 misericordiam
1166 2483 1325 2524 suam
1369 2468 1424 2523 in
1458 2467 1620 2531 nobis
1649 2470 1879 2537 revelet;
1909 2484 2005 2524 vo—

405 2562 498 2608 cat
525 2570 649 2623 uos,
669 2567 730 2611 ut
757 2556 1086 2616 immensam
1111 2561 1232 2632 ejus
1262 2576 1479 2632 semper
1504 2572 1559 2618 et
1581 2562 1781 2634 ubique
1807 2562 2004 2634 praedi-

407 2658 598 2700 oemus
621 2645 942 2704 bonitatem.

477 2735 532 2791 ln
568 2738 674 2796 hoc
703 2748 894 2798 autem
918 2743 1069 2815 quod
1104 2744 1181 2798 ait
1222 2743 1522 2814 Apostolus
1551 2766 1566 2803 :
1597 2746 1864 2804 Continuo
1896 2763 2001 2802 non

402 2831 640 2901 acquievi
669 2835 821 2891 carni
841 2844 893 2889 et
913 2837 1186 2907 sanguini,
1208 2841 1450 2896 ostendit
1471 2841 1675 2896 divinae
1699 2841 2000 2896 vocationis

403 2921 552 2978 Circa
581 2939 642 2979 δε
683 2926 924 2993 Velocem.
955 2928 1258 2992 efﬁcaciam
1279 2976 1294 3000 ,
1333 2950 1456 3004 qua:
1497 2943 1606 2988 tam
1640 2933 1750 2988 cito
1771 2948 1898 2988 eum
1931 2932 2000 2989 de

409 3025 558 3081 malo
586 3026 790 3083 bonum
812 3067 834 3094 ,
855 3028 923 3083 de
966 3027 1177 3084 carnali
1204 3026 1544 3099 spiritualem
1566 3069 1582 3093 ,
1612 3026 1678 3081 de
1706 3025 1999 3096 insipiente

406 3117 538 3175 fecit
557 3119 879 3190 sapientem.
901 3119 1083 3177 Nescit
1105 3121 1253 3177 enim
1277 3137 1488 3187 moras,
1511 3120 1605 3176 sed
1629 3119 1813 3176 subito
1839 3135 1995 3175 men-

2108 1899 2464 1973 Evaugelium
2510 1915 2620 1955 non
2658 1901 2848 1968 didici,
2898 1901 3265 1957 multominus
3305 1901 3375 1956 ab
3413 1902 3512 1959 illis
3541 1919 3652 1965 «nios

2108 2009 2217 2073 non
2233 1994 2364 2050 vidi.
2383 1993 2557 2049 Porro
2571 1992 2832 2062 Jacobus,
2858 1992 3026 2049 frater
3043 1993 3264 2071 Domini
3279 1993 3458 2051 dictus
3471 2003 3562 2060 est,
3587 1997 3652 2051 vel

2079 2086 2236 2158 quia
2264 2086 2578 2158 expressius
2596 2087 2814 2142 ueteris
2834 2088 3187 2143 sanctitatem
3210 2087 3333 2157 ejus
3357 2087 3651 2153 imitabatur,

2107 2177 2252 2232 unde
2289 2187 2342 2233 et
2377 2178 2429 2233 ei
2473 2178 2745 2234 successit
2774 2179 3126 2249 episcopatus
3167 2178 3652 2250 Hierosolymam,

2068 2289 2078 2294 ·
2104 2268 2193 2324 vel
2213 2268 2340 2339 quia
2364 2277 2632 2342 cognatus
2657 2269 2779 2340 ejus
2802 2279 2942 2336 erat,
2969 2279 3025 2326 et
3045 2286 3112 2326 ex
3135 2280 3290 2341 parte
3314 2273 3515 2336 matris,
3534 2281 3580 2326 et
3600 2288 3654 2326 ex

2106 2371 2260 2433 parte
2282 2362 2456 2433 patris
2471 2363 2696 2434 putativi
2714 2361 2936 2436 Ioseph.
2952 2363 3438 2432 Perjusjuranrlun
3470 2365 3657 2420 demou-

2106 2465 2247 2514 strat
2267 2459 2566 2530 Apostolus
2605 2474 2664 2514 se
2687 2473 2801 2513 non
2835 2457 3098 2513 didicisse
3119 2457 3468 2530 Evango-lium
3494 2459 3556 2513 ab
3575 2459 3654 2512 ho-

2103 2551 2252 2606 mine
2295 2567 2423 2606 cnm
2465 2551 2682 2607 subdit:
2713 2550 2847 2618 Qua:
2887 2549 3070 2604 scribo
3129 2551 3298 2617 vobis,
3351 2567 3463 2605 ecce
3505 2567 3655 2604 coram

2103 2642 2234 2711 Deo,
2266 2644 2392 2714 quia
2419 2660 2524 2698 non
2543 2643 2789 2697 mentior.
2820 2640 2918 2697 Est
2946 2639 3093 2696 enim
3130 2640 3346 2711 species
3374 2639 3652 2710 juramenti.

2101 2734 2296 2803 Quasi,
2320 2751 2436 2789 ecce
2455 2751 2636 2788 coram
2674 2732 2806 2801 Deo,
2838 2733 2892 2788 id
2917 2740 3025 2798 est,
3055 2740 3184 2786 teste
3217 2730 3353 2797 Deo,
3384 2730 3554 2801 loqur
3577 2746 3652 2783 ro-

2061 2853 2068 2859 ·
2101 2829 2213 2896 bis,
2259 2829 2386 2900 quia
2419 2844 2522 2881 non
2554 2827 2782 2880 mentior
2810 2827 2868 2880 in
2909 2825 2992 2879 his
3024 2840 3145 2895 qua:
3179 2823 3326 2878 vobis
3358 2823 3538 2876 scribo.
3563 2820 3654 2875 Sed

2061 2937 2068 2940 ·
2101 2933 2228 2974 cum
2263 2917 2530 2974 Dominus
2562 2918 2853 2989 prohibeat
2886 2915 3116 2972 omnino
3156 2914 3371 2985 jurare,
3396 2929 3556 2984 neque
3573 2927 3657 2983 per

2055 3027 2062 3032 ’
2102 3012 2324 3078 εωιυιη,
2352 3027 2531 3084 neque
2555 3026 2654 3082 per
2683 3019 2910 3077 terram,
2937 3023 3118 3080 neque
3146 3023 3246 3078 per
3276 3008 3506 3079 aliquam
3533 3021 3657 3062 erea-

2101 3113 2304 3172 turam,
2337 3104 2454 3172 sed,
2482 3104 2681 3175 inquit,
2709 3103 2783 3160 sit
2807 3117 2992 3158 sermo
3016 3108 3197 3158 vester
3217 3120 3235 3155 ι
3260 3100 3376 3168 Est,
3407 3108 3509 3164 est;
3537 3099 3656 3160 Non,

359 3269 364 3272 _
407 3218 520 3266 tem
545 3209 698 3280 Deus,
711 3220 912 3279 mutat,
937 3213 1120 3277 subito
1147 3214 1358 3280 erudit,
1385 3212 1570 3270 subito
1599 3220 1776 3268 sanat.
1805 3209 1862 3267 lu
1885 3227 1996 3283 quo

2101 3214 2246 3266 non;
2303 3199 2571 3270 quidquid
2601 3197 2751 3252 enim
2800 3195 3175 3254 abundantius
3219 3197 3316 3251 his
3349 3204 3452 3262 est,
3479 3211 3510 3250 a
3533 3195 3659 3248 malo

404 3298 763 3360 confutantur
783 3302 860 3357 illi
881 3302 996 3376 qui,
1022 3302 1245 3374 quando
1267 3303 1453 3359 vident
1472 3303 1709 3376 aliquem
1732 3302 1996 3359 crimino-

406 3409 553 3461 sum,
604 3393 673 3450 de
716 3393 837 3464 ejus
887 3383 1271 3451 emendatione
1315 3395 1608 3468 desperant
1657 3403 1712 3451 et
1760 3395 1990 3451 dicunt:

405 3485 696 3553 Quomodo
730 3485 823 3544 fiet
862 3486 964 3543 iste
993 3487 1205 3554 bonus,
1233 3488 1329 3560 qui
1359 3497 1472 3545 tam
1509 3488 1686 3545 malus
1714 3487 1841 3544 est?
1872 3485 1992 3544 Non

347 3628 352 3632 .
404 3577 748 3634 attendentes
800 3594 966 3649 quam
1016 3578 1320 3646 cito_Deus
1362 3579 1616 3648 Paulum,
1669 3596 1836 3651 quam
1882 3579 1992 3635 cito

404 3661 800 3741 Magdalenen),
822 3687 989 3743 quam
1035 3672 1145 3728 cito
1194 3672 1461 3729 latronem
1491 3673 1802 3741 mutaverit,
1841 3682 1897 3729 et
1924 3673 1994 3730 de

405 3767 516 3816 tam
546 3760 706 3816 malis
744 3768 853 3817 tam
901 3761 1076 3818 bonos
1121 3760 1379 3816 effecerit.
1418 3759 1477 3816 In
1518 3761 1624 3818 hoc
1668 3778 1799 3818 vero
1842 3762 1992 3833 quod

402 3847 608 3905 Paulus
634 3849 798 3905 modo
814 3864 1124 3922 conversus
1145 3849 1327 3904 statim
1361 3860 1470 3905 tam
1493 3855 1716 3905 strenue
1747 3847 1989 3918 festinat,

401 3949 458 3995 et
492 3940 639 3996 vadit
663 3949 719 3997 et
743 3941 892 3998 venit
911 3943 977 3997 ad
1012 3943 1482 4014 praedicationem,
1510 3943 1852 3999 demonstrat
1877 3957 1993 3999 sua:

403 4030 838 4086 conversationis
867 4029 1164 4087 fervorem.
1197 4031 1301 4098 Qui
1325 4032 1469 4089 sicut
1498 4031 1676 4088 fuerat
1701 4034 1855 4105 prius
1882 4033 1991 4090 fer-

337 4179 344 4184 _
404 4121 564 4198 vidus
589 4122 643 4178 in
687 4123 1068 4194 persecutione
1109 4122 1406 4195 Evangelii,
1441 4132 1498 4181 et
1542 4125 1598 4179 in
1639 4125 1992 4182 damnatione

401 4215 744 4283 animarum,
791 4215 867 4271 ita
916 4215 1028 4272 imo
1064 4217 1240 4287 magis
1276 4226 1464 4287 postea
1508 4216 1562 4271 in
1600 4217 1990 4288 praedicatione

404 4305 712 4380 Evangelii,
749 4317 806 4363 et
845 4308 898 4362 in
947 4309 1099 4364 lucro
1140 4310 1449 4364 animarum
1487 4307 1730 4364 fervidus
1763 4310 1989 4366 effectus

398 4409 504 4456 est.
533 4399 739 4473 lnquo,
765 4399 983 4468 fratres,
1010 4401 1136 4456 inde
1158 4416 1314 4456 meus
1337 4409 1390 4456 et
1412 4400 1518 4454 mei
1548 4399 1810 4454 similium
1834 4411 1990 4471 tepor
2029 4429 2031 4431 ι

401 4493 781 4561 confunditur,
807 4493 924 4564 qui,
948 4493 1093 4548 sicut
1121 4508 1402 4562 nunquam
1442 4490 1521 4545 fui
1560 4491 1714 4548 valde
1741 4491 1986 4548 fervidus

401 4586 460 4642 in
487 4601 686 4658 magna
709 4587 945 4652 malitia,
962 4585 1035 4639 ita
1061 4601 1162 4640 nec
1183 4585 1235 4639 in
1261 4601 1454 4655 magna
1481 4586 1722 4641 bonitate
1744 4585 1985 4641 fervidus
2016 4585 2032 4621 '-

399 4679 600 4746 existo,
632 4696 738 4735 non
772 4670 1056 4734 attendens
1095 4677 1240 4748 quod
1280 4677 1355 4732 ait
1385 4676 1647 4733 Dominus
1675 4677 1728 4732 in
1771 4678 1986 4749 Apoca-
2026 4708 2031 4711 —

400 4771 540 4843 lypsi
570 4771 884 4828 hominibus
908 4768 1284 4839 hujuscemodi
1309 4787 1320 4820 :
1355 4788 1372 4820 ι
1395 4767 1851 4840 Utinam,inquit,
1882 4769 1981 4824 fri-

399 4864 558 4936 gidus
583 4872 683 4919 aut
719 4862 930 4918 calidus
965 4877 1153 4926 esses;
1194 4861 1288 4916 sed
1314 4863 1443 4932 quia
1468 4880 1569 4918 nec
1613 4863 1842 4935 frigidus
1883 4880 1984 4918 nec

398 4956 609 5012 calidus
649 4971 740 5020 es,
783 4955 907 5008 ideo
957 4952 1159 5023 incipio
1205 4963 1256 5010 te
1299 4971 1553 5011 evomere
1597 4955 1664 5011 de
1712 4972 1808 5011 ore
1859 4972 1983 5013 meo

400 5047 586 5118 (Apoc.
621 5046 722 5116 III).
739 5065 759 5098 ι
785 5042 987 5100 Natura
1009 5045 1209 5118 quippe
1234 5048 1518 5103 hominum
1541 5047 1763 5103 fervidae
1784 5047 1985 5104 mentis

398 5150 504 5205 est,
526 5139 675 5210 quod
700 5137 967 5209 quidquid
991 5136 1217 5206 faciunt,
1243 5141 1356 5196 sive
1377 5142 1581 5196 bonum
1611 5141 1726 5195 sive
1753 5140 1983 5209 malum,
2007 5157 2016 5161 ·

310 5303 311 5306 η
400 5229 532 5282 illud
582 5227 789 5282 fervide
834 5226 1061 5283 faciunt.
1111 5228 1178 5284 Et
1214 5239 1435 5286 econtra
1479 5231 1733 5288 homines
1787 5232 1982 5303 tepidae

399 5319 600 5376 mentis
633 5320 896 5391 quidquid
929 5319 1160 5388 faciunt,
1199 5321 1313 5378 sive
1350 5323 1554 5377 bonum
1598 5323 1715 5380 sive
1750 5324 1977 5394 malum,

400 5411 533 5466 illud
559 5409 739 5481 tepide
765 5410 991 5467 faciunt.
1027 5411 1092 5466 Et
1121 5413 1374 5484 quamvis
1401 5412 1556 5483 pejor
1587 5413 1658 5469 sit
1693 5431 1848 5472 mens
1877 5415 1978 5472 fri-

398 5502 520 5572 gida
548 5518 714 5575 quam
749 5503 951 5575 tepida,
980 5512 1160 5559 tamen
1198 5505 1398 5576 saepius
1425 5513 1481 5560 et
1500 5505 1664 5563 citius
1690 5522 1847 5563 mens
1875 5507 2002 5562 fri-\

303 5671 307 5676 I
397 5594 520 5666 gida
544 5609 710 5664 quam
732 5595 914 5666 tepida
934 5595 1081 5650 venit
1099 5597 1166 5652 ad
1194 5595 1482 5652 fervorem.
1504 5595 1756 5666 Proinde,
1786 5599 1980 5656 fratres

398 5687 524 5753 Inei,
572 5694 815 5756 teporem
867 5695 1157 5754 nostrum,
1209 5704 1275 5743 ne
1325 5703 1583 5745 nauseam
1626 5690 1736 5744 Dio
1792 5689 1976 5760 faciat,

399 5778 765 5847 excutiamus,
801 5789 854 5834 et
883 5779 939 5834 in
981 5778 1266 5840 dilectione
1298 5780 1394 5837 Dei
1422 5792 1476 5838 et
1497 5783 1730 5854 proximi
1750 5783 1978 5842 inarde-

1902 5952 1957 5968 -

2055 3317 2062 3322 -
2095 3302 2178 3348 est
2199 3290 2419 3364 (Matth.
2452 3293 2508 3362 γ)
2537 3308 2549 3343 :
2583 3290 2716 3362 quid
2745 3299 2832 3345 est
2859 3290 3010 3361 quod
3043 3288 3344 3361 Apostolus
3365 3289 3542 3360 jurat?
3563 3286 3657 3339 Do-

2045 3397 2054 3402 ·
2096 3385 2301 3451 minus,
2328 3384 2527 3439 fratres
2559 3384 2688 3450 mei,
2720 3382 2870 3453 quod
2925 3381 3223 3454 perfectius
3249 3391 3360 3448 est,
3388 3380 3659 3441 consuluit,

2047 3503 2050 3507 λ
2094 3480 2392 3552 prohibens
2409 3495 2478 3534 ne
2506 3478 2632 3550 quis
2655 3478 2814 3550 quasi
2835 3478 3039 3532 bonum
3065 3477 3665 3548 appetatjuramentun,

2093 3580 2148 3628 et
2169 3571 2490 3627 assiduitate
2519 3569 2742 3642 jurandi
2765 3567 2983 3624 labatur
3006 3568 3062 3623 in
3089 3566 3416 3638 perjurium.
3447 3564 3663 3636 Aposto—

2094 3665 2180 3721 l'us
2210 3663 2556 3735 tamenjurat
2569 3679 2675 3735 qua
2683 3663 2730 3719 si
2755 3670 2982 3718 coactus
3001 3669 3226 3732 propter
3247 3659 3669 3716 incredulitatem

2095 3757 2406 3814 hominum.
2440 3743 2686 3813 Ecclesia
2724 3755 2890 3811 etiam
2942 3769 3042 3812 pro
3074 3751 3283 3822 foedere
3303 3753 3452 3824 pacis
3469 3760 3521 3807 et
3546 3749 3668 3805 fidei

2093 3866 2226 3907 suos
2247 3851 2437 3922 jurare
2467 3848 2758 3920 permittit.
2813 3846 2934 3904 Non
2965 3855 3053 3904 est
3099 3856 3287 3902 tamen
3313 3846 3670 3917 juramentum

2092 3945 2319 4013 bonum,
2351 3945 2403 4001 id
2438 3955 2543 4013 est,
2573 3960 2684 4000 non
2713 3951 2799 4001 est
2840 3942 3204 4015 appetendum
3253 3941 3414 4013 quasi
3455 3942 3672 4004 bonum,

2094 4045 2276 4092 tamen
2339 4045 2558 4092 nonest
2603 4035 2832 4104 malum,
2877 4033 3099 4106 quando
3140 4041 3230 4089 est
3289 4033 3673 4089 necessaria.

2093 4127 2484 4186 Verumtamen
2529 4119 2748 4199 semper
2766 4144 2797 4183 a
2829 4127 2977 4182 malo
2997 4135 3104 4191 est,
3128 4126 3184 4180 id
3215 4134 3306 4182 est
3331 4126 3401 4180 ab
3424 4123 3678 4180 incredu-

2091 4219 2242 4274 litate
2263 4235 2464 4275 eorum
2493 4219 2589 4290 qui
2615 4220 2806 4290 jurare
2861 4217 3094 4274 faciunt.
3127 4215 3302 4272 Debet
3325 4225 3498 4272 autem
3516 4215 3684 4285 jun-

2091 4321 2336 4368 mentum
2381 4328 2508 4369 cum
2553 4313 2647 4377 sit,
2677 4311 2880 4367 habere
2913 4319 3026 4366 tres
3061 4309 3298 4365 comites
3332 4327 3348 4364 :
3379 4307 3686 4370 veritatem,

2086 4406 2354 4477 judicium
2377 4414 2433 4460 et
2452 4405 2745 4476 justitiam.
2804 4401 3126 4468 Veritatem,
3153 4410 3215 4455 ut
3237 4401 3314 4456 ita
3334 4399 3491 4456 corde
3533 4413 3686 4454 sen-

2093 4500 2191 4554 tiat
2241 4499 2385 4555 sicut
2431 4498 2602 4568 jurat.
2647 4497 2948 4564 Iudicium,
2974 4506 3035 4552 ut
3069 4513 3196 4552 eum
3219 4496 3570 4560 discretione,
3632 4502 3695 4548 et

2088 4607 2189 4663 pro
2224 4591 2427 4663 quibus
2455 4590 2829 4646 necessarium
2861 4598 2948 4646 est
2965 4590 3177 4660 jurare,
3198 4588 3693 4659 juretlustitiasn,

2088 4693 2149 4738 ut
2182 4692 2402 4755 propter
2450 4683 2622 4738 Deum
2657 4693 2710 4738 et
2727 4683 3000 4754 justitiam
3050 4682 3222 4752 juret.
3251 4680 3312 4735 Si
3342 4682 3540 4736 veritas
3571 4698 3696 4736 non

2086 4783 2172 4832 est
2202 4777 2254 4830 in
2283 4776 2621 4847 iuramento,
2680 4775 2984 4847 perjurium
3014 4782 3121 4840 est,
3153 4783 3216 4828 ut
3245 4774 3468 4844 quando.
3517 4774 3698 4827 aliter

2081 4868 2232 4939 jurat
2253 4884 2348 4923 ore
2374 4883 2538 4939 quem
2568 4868 2769 4924 sentiat
2814 4868 2999 4933 corde,
3044 4867 3128 4922 vel
3167 4867 3390 4937 quando
3413 4866 3578 4934 jurat
3639 4867 3698 4920 in

2086 4959 2378 5014 verborum
2411 4957 2726 5013 calliditate.
2759 4957 2904 5012 Deus
2947 4957 3104 5012 enim
3140 4957 3224 5020 sic
3257 4956 3473 5026 accipit,
3535 4957 3704 5010 sicut

2084 5051 2178 5106 ille
2198 5051 2288 5107 cui
2314 5051 2537 5121 juratur
2586 5051 2857 5120 intelligit.
2904 5049 2962 5106 Si
3000 5067 3134 5106 vero
3169 5051 3462 5122 judicium,
3510 5051 3578 5106 id
3613 5061 3706 5106 est

2082 5143 2346 5199 discretio
2367 5160 2478 5198 non
2530 5143 2603 5198 sit
2643 5143 2698 5197 in
2727 5143 3065 5214 juramento,
3107 5145 3336 5200 stultum
3387 5153 3471 5198 est
3519 5145 3704 5212 ᾔδη-³-

2080 5243 2348 5290 mentum.
2398 5231 2464 5288 Et
2513 5233 2561 5287 si
2615 5232 2748 5287 illud
2779 5233 2926 5303 quod
2963 5233 3210 5302 jnratum
3237 5241 3328 5288 est
3357 5231 3582 5300 facem,
3627 5235 3709 5290 sit

2080 5334 2368 5399 peccatum
2390 5324 2697 5392 criminale,
2732 5340 2842 5379 non
2877 5333 2962 5380 est
2989 5324 3326 5391 faciendum,
3361 5325 3452 5380 sed
3489 5329 3708 5395 potius

2081 5420 2309 5477 stultum
2331 5417 2714 5489 juramentum
2735 5433 2835 5488 per
2854 5417 3234 5487 paenitentiam
3257 5419 3705 5488 corrigendum.

2087 5509 2241 5566 Unde
2291 5509 2556 5579 scriptum
2590 5515 2719 5563 est:
2757 5526 2778 5558 ι
2809 5506 2868 5562 ln
2905 5508 3048 5564 male
3084 5509 3382 5589 pgomissis
3415 5512 3712 5568 rescindo

2079 5601 2330 5668 fidem,in
2353 5599 2495 5671 turpi
2523 5615 2654 5654 vero
2681 5607 2834 5655 muta
2857 5599 3155 5657 decretum.
3177 5597 3268 5654 oSi
3281 5614 3412 5655 vero
3426 5599 3706 5674 iustitia,

2081 5693 2133 5748 id
2162 5703 2246 5751 est
2267 5695 2446 5751 bonus
2477 5692 2624 5759 linis,
2654 5708 2762 5747 non
2784 5690 2856 5749 sit
2877 5691 2933 5746 in
2955 5691 3297 5761 juramento,
3324 5691 3708 5761 deiet-amen-

2081 5792 2195 5842 tum
2269 5787 2322 5843 id
2370 5795 2454 5844 est
2498 5801 2730 5859 pravum
2780 5783 3155 5856 juramentum
3215 5792 3391 5855 potest
3436 5785 3612 5861 diei,
3644 5802 3709 5850 It
