3844 6318
143 335 256 397 tibi
1242 327 1574 387 ΗΟΜΙῙᾸΛΕ.
1601 359 1674 370 -

1802 328 1865 386 Ἐ
1889 328 2236 389 ΤΕΜΡΟΗΕ.
3227 337 3368 396 1398

141 448 325 528 quando
357 443 553 517 aliquis
601 451 823 516 propter
867 440 1081 498 lucrum
1133 441 1218 498 vel
1263 451 1484 514 propter
1519 441 1673 498 favo—
1700 445 1750 506 A
1849 443 2124 514 Secundo,
2156 445 2437 504 inducitur
2461 447 2736 518 peccatrix
2767 448 3040 519 penitens
3067 465 3196 508 cum
3234 455 3368 511 sub-

140 558 248 606 rem,
274 539 351 594 vel
374 537 581 606 odium,
606 536 690 592 vel
716 534 956 606 aliquam
979 535 1142 591 al'am
1162 536 1517 608 temporalem
1538 552 1676 594 cau-
1777 534 1926 592 ditur
1953 556 1967 593 :
2000 537 2072 592 Et
2095 555 2209 594 ecce
2230 539 2440 606 mulier,
2469 555 2590 611 qua:
2616 548 2733 594 erat
2763 539 2818 594 in
2841 541 3055 597 civitate
3073 544 3366 613 peccatrix,

139 649 229 693 sam
246 631 401 702 iurat.
451 628 666 700 ltaque,
692 627 892 684 fratres
915 627 1042 690 mei,
1069 644 1232 696 grave
1271 638 1556 698 peccatum
1587 637 1674 683 est
1777 638 1833 682 ut
1868 630 2130 700 cognovit,
2147 639 2250 686 etc.
2277 629 2335 685 In
2366 645 2479 702 quo
2505 631 2904 688 consideranda
2935 641 3066 689 sunt
3092 644 3365 706 quatuor:

137 723 540 797 deiemmcntum,
591 720 720 792 quia
773 728 924 777 caret
947 728 1096 776 recto
1118 719 1245 777 line.
1275 719 1508 779 Gravius
1545 734 1676 778 vero

136 829 205 878 est
226 816 432 876 stultum
465 814 866 886 iuramentum,
922 814 1052 885 quia
1099 813 1252 886 iurat
1306 830 1370 871 ea
1397 831 1520 888 quae
1560 830 1672 871 non

134 911 316 972 (bberct
351 907 556 980 iurare.
601 907 1004 964 Gravissimum
1054 924 1185 964 vero
1228 917 1316 964 est
1344 909 1672 980 periurium,

136 1003 237 1078 quia
252 999 387 1071 iurat
429 997 630 1062 falsum
662 1013 762 1069 pro
790 998 1040 1065 veritate,
1091 1008 1147 1056 et
1193 998 1454 1056 falsitatis
1500 999 1673 1056 Deum

135 1103 288 1152 testem
313 1091 534 1147 inducit.
577 1088 756 1161 Super
780 1090 966 1147 omnia
992 1091 1159 1148 etiam
1188 1093 1314 1160 ista,
1346 1093 1674 1166 gravissima

131 1197 201 1244 est
231 1184 432 1258 iurandi
475 1185 844 1240 consuetudo.
889 1183 996 1252 Qui
1025 1185 1174 1242 enim
1220 1185 1469 1258 quotidie
1501 1185 1671 1258 iurat,

133 1278 399 1348 frequenter
446 1275 674 1346 peierat.
733 1274 801 1330 Et
845 1275 891 1331 si
960 1284 1175 1332 tantum
1230 1286 1518 1349 peccatum
1589 1287 1674 1335 est

127 1370 264 1429 etiam
282 1367 440 1424 semel
462 1367 730 1438 peierare,
752 1375 1020 1438 quantum
1051 1368 1260 1423 crimen
1305 1377 1391 1424 est
1419 1368 1675 1441 frequen-

126 1469 198 1522 ter
215 1459 469 1532 peierare?
495 1457 683 1531 Igitur,
710 1457 934 1527 fratres,
953 1460 1409 1516 consuetudinem
1450 1462 1674 1534 iurandi

125 1554 257 1628 quasi
279 1543 500 1608 mortem
521 1551 831 1623 fugiamus;
878 1568 979 1610 nec
1015 1552 1183 1609 etiam
1220 1555 1539 1627 aliquando,
1565 1556 1674 1612 nisi

125 1661 208 1719 pro
231 1660 412 1716 magna
441 1645 787 1714 necessitate,
817 1654 874 1702 et
904 1655 1034 1703 tunc
1053 1663 1183 1703 cum
1217 1647 1417 1704 timore
1442 1659 1497 1705 et
1522 1665 1675 1705 reve—

125 1738 272 1795 rentia
292 1737 557 1807 iuremus.
590 1737 754 1811 Alios
794 1739 862 1795 ad
909 1740 1206 1810 iurandum
1239 1757 1350 1797 non
1369 1743 1671 1813 compella-

124 1844 244 1894 IIIS,
258 1828 518 1899 praecipue
539 1828 664 1885 illos
687 1810 831 1900 quos
855 1829 1055 1888 falsum
1079 1829 1455 1902 iuramentum
1502 1810 1676 1888 habe-
1709 1810 1750 1866 Β
1777 1824 2006 1880 sidetur.
2055 1823 2123 1880 Et
2157 1825 2239 1882 sic
2269 1825 2338 1881 de
2363 1825 2510 1881 aliis.
2544 1824 2690 1893 Quot
2733 1840 2864 1898 ergo
2893 1825 3221 1902 criminibus
3249 1826 3378 1897 quis

122 1936 174 1976 rc
197 1919 432 1974 novimus
456 1959 472 1986 ,
525 1933 594 1974 ne
627 1933 729 1976 eos
779 1919 834 1976 in
882 1919 1072 1976 anima
1115 1921 1456 1977 occidamus.
1493 1919 1562 1977 Et
1607 1937 1676 1977 ne
1773 1915 1966 1982 servit,
1999 1923 2080 1971 tot
2106 1916 2451 1972 (immanibus
2486 1917 2676 1973 servit.
2707 1915 2810 1973 Sed
2843 1927 3050 1988 quanto
3083 1916 3188 1972 fuit
3212 1917 3380 1988 huius

121 2013 207 2082 ipsi
235 2011 296 2068 ad
329 2011 702 2083 iuraruentum
750 2013 1050 2084 aliquando
1096 2015 1513 2086 compellamur,
1567 2025 1676 2072 tam
1777 2007 2099 2078 peccatricis
2131 2007 2392 2079 iniquitas
2438 2008 2635 2079 maior,
2663 2016 2818 2064 tanto
2846 2006 3212 2064 sanctiﬁcatio
3253 2007 3377 2078 eius

1776 717 2103 777 Peccatricis
2146 722 2487 794 magnitudo,
2534 722 2748 778 occulta
2780 725 3118 794 provocatio,
3155 727 3367 784 accele-

1775 818 1894 865 rata
1921 811 2228 878 conversio,
2275 811 2493 868 fervens
2533 813 2834 884 pomitudo.
2877 812 3167 872 Peccatrix.
3193 817 3370 889 siqui-

1773 900 1899 957 dem
1929 901 2047 958 haec
2074 918 2270 974 magna
2304 913 2443 972 erat,
2479 920 2602 976 qua:
2626 905 3064 962 antonomasrice
3092 909 3370 977 peccatrix

1774 994 1921 1050 dicta
1949 1003 2052 1050 est.
2088 993 2246 1051 Unde
2273 1005 2328 1051 et
2355 997 2445 1052 hic
2472 997 2677 1052 dicitur
2704 1015 2719 1052 :
2749 995 2966 1065 Mulier,
3006 1013 3126 1070 qua:
3155 1007 3272 1054 erat
3311 999 3371 1054 iu

1773 1087 1987 1142 civitate
2029 1089 2317 1158 peccatrix.
2346 1086 2465 1144 Non
2504 1089 2652 1160 quod
2684 1088 2834 1145 nulla
2874 1089 2982 1145 alia
3003 1098 3150 1146 esset
3177 1105 3372 1162 pecca-

1774 1177 1904 1245 trix,
1946 1177 2041 1234 sed
2086 1178 2215 1250 quia
2245 1181 2499 1251 quaelibet
2542 1180 2840 1252 peccatrix,
2871 1180 2929 1236 in
2958 1181 3373 1252 comparatione

1773 1273 1896 1344 eius
1923 1284 2114 1331 sancta
2146 1285 2309 1332 esset.
2355 1275 2510 1334 Unde
2538 1286 2593 1334 et
2615 1277 2831 1336 Marcus
2859 1287 3065 1350 septem
3100 1279 3374 1339 dmonia

1773 1366 1842 1421 de
1868 1365 1972 1422 ista
2001 1382 2029 1422 a
2069 1365 2302 1424 Domino
2343 1368 2517 1427 fuisse
2542 1370 2716 1442 cycta
2755 1370 3208 1442 testaturUIat-o,
3245 1388 3370 1443 In;

1772 1455 1906 1512 Luc.
1938 1459 2079 1530 vm).
2099 1457 2326 1532 Septem
2361 1461 2508 1516 enim
2531 1460 2804 1518 daemonia
2830 1460 3002 1518 Maria
3029 1463 3225 1520 habuit
3246 1480 3374 1536 qua

1775 1551 2049 1609 universis
2068 1553 2218 1610 vitiis
2241 1554 2400 1624 plena
2426 1553 2551 1610 fuit.
2575 1554 2682 1622 Qui
2706 1555 2854 1610 enim
2875 1571 2910 1611 a
2939 1555 3168 1613 libidine
3189 1557 3374 1628 possi-

1772 1641 1954 1710 detur,
1982 1659 2012 1698 a
2049 1644 2251 1715 spiritu
2288 1643 2672 1702 fornicationis
2701 1645 3042 1716 possidetur;
3076 1655 3132 1703 et
3167 1646 3265 1718 qui
3301 1647 3378 1704 ab

1772 1733 2006 1788 avaritia
2029 1733 2358 1804 possidetur,
2375 1749 2410 1788 a
2434 1748 2746 1788 mammona
2768 1732 2962 1805 spiritu
2983 1734 3228 1791 avaritiae
3248 1749 3378 1805 pou-

123 2121 312 2162 veraces
346 2106 606 2163 omnibus
632 2121 735 2164 nos
756 2106 1117 2178 exbibeamus
1151 2109 1300 2180 quod
1323 2119 1514 2166 nostro
1536 2111 1676 2167 sim-

118 2196 225 2267 plici
250 2196 389 2252 dicto
418 2198 677 2253 credatur
706 2205 967 2270 tanquam
986 2199 1327 2271 iuramento.
1371 2201 1454 2258 Sit
1474 2203 1679 2260 veritas

119 2289 166 2343 in
179 2286 612 2360 ore,fsimplicitas
629 2289 688 2346 in
709 2291 894 2357 corde,
910 2290 1222 2348 innocentia
1245 2293 1300 2348 in
1320 2308 1504 2365 opere,
1520 2293 1680 2365 iusti-

101 2381 179 2439 ω
200 2381 254 2440 in
279 2382 596 2451 intentione,
619 2383 876 2443 Christus
898 2385 955 2442 in
980 2387 1249 2444 mercede.
1264 2386 1425 2456 Quod
1441 2389 1558 2460 ipse
1580 2404 1680 2445 no-

118 2475 190 2530 bis
213 2475 466 2532 concedat
497 2479 594 2546 qui
631 2490 760 2532 cum
792 2475 957 2532 Patre
979 2487 1036 2534 et
1055 2475 1267 2549 Spiritu
1323 2489 1515 2537 sancto
1544 2480 1681 2538 vivit

110 2576 159 2622 et
186 2565 636 2639 regnatDcusper
659 2567 845 2624 omnia
874 2569 1072 2625 smeula
1096 2569 1444 2627 saeculorum.
1482 2572 1674 2628 Amen.

327 2719 332 2724 ,
796 2658 967 2718 XXV.
1047 2718 1053 2724 _
1437 2715 1442 2722 ,

335 2767 386 2807 12
421 2767 592 2808 ΠίεΪο
629 2767 820 2808 REATE
858 2769 1038 2809 ιωιιιέις
1078 2770 1430 2812 ιλευιειὲω.

169 2843 399 2916 Rogabat
431 2843 618 2901 letum
639 2845 859 2916 quidam
889 2843 1203 2901 Pharium:
1244 2856 1300 2902 ut
1334 2847 1682 2905 manducent

106 2954 211 2992 cum
232 2937 326 2992 illo
348 2936 502 3010 (Luc.
538 2938 660 3009 vu),
682 2947 738 2995 et
778 2937 1008 3010 reliqua.
1038 2927 1169 2997 Hec
1195 2940 1371 2998 sancti
1401 2939 1683 3014 Evangelii

105 3030 251 3086 lectio
276 3031 522 3102 quinque
551 3031 753 3102 pertita
780 3039 885 3087 est.
935 3030 1146 3099 Primo,
1174 3031 1437 3089 invitatus
1457 3031 1620 3090 Iesus
1646 3050 1681 3090 a

104 3120 364 3180 Pharismo
384 3122 674 3180 recumbit.
707 3123 981 3191 Secundo,
1000 3123 1281 3195 peccatrix
1307 3125 1586 3196 paenitens
1613 3125 1683 3182 ad

103 3217 465 3274 cumaccedit.
505 3216 712 3286 Tertio,
743 3227 1055 3275 murmurat
1089 3205 1421 3276 Pbarisaéus.
1450 3218 1680 3289 Quarto,

102 3309 146 3364 ei
177 3310 465 3382 respondet
508 3308 691 3366 Iesus.
735 3309 962 3378 Quinto,
1013 3311 1237 3382 ponitur
1280 3311 1685 3368 Pltarisazorum

83 3400 540 3473 .temurmuratio,
563 3409 619 3456 et
641 3400 964 3472 peccatricis
983 3401 1254 3458 dimissio.
1283 3401 1470 3459 Primo
1498 3403 1684 3475 igitur,

104 3502 316 3564 rogatus
339 3492 608 3550 Dominus
638 3509 670 3549 a
698 3492 999 3562 Pbarismo,
1031 3493 1200 3550 intrat
1231 3495 1456 3551 domum
1485 3495 1606 3566 eius
1635 3504 1689 3552 et

104 3586 380 3644 recumbit.
411 3585 685 3643 Carterum
711 3586 840 3644 alibi
867 3589 1124 3662 pracepit
1153 3587 1422 3645 Dominus
1447 3588 1690 3660 discipu-

99 3675 181 3746 lis,
211 3688 271 3735 ut
310 3681 597 3737 venientes
621 3679 676 3736 in
708 3682 948 3754 aliquam
978 3681 1254 3739 civitatem
1293 3682 1691 3754 interrogarent

97 3771 218 3843 quis
240 3772 295 3828 in
319 3788 386 3828 ea
415 3772 618 3844 dignus
641 3772 734 3840 sit,
765 3783 819 3829 et
853 3773 928 3828 ibi
959 3781 1218 3829 maneant
1245 3771 1398 3846 (Luc.
1436 3775 1512 3845 χ),
1549 3771 1689 3828 Cum

97 3873 218 3932 ergo
241 3860 349 3941 iste
375 3858 692 3918 Pharisaaus
720 3861 926 3933 legatur
960 3878 1341 3919 murmur-asse
1362 3871 1550 3919 contra
1578 3861 1690 3918 Do-

96 3952 324 4022 minum,
351 3953 635 4026 quomodo
655 3963 774 4010 erat
795 3954 995 4025 dignus
1019 3964 1079 4011 ut
1102 3953 1369 4012 Dominus
1402 3955 1691 4012 recumbe-

65 4054 172 4117 ret
193 4045 344 4117 apud
374 4047 539 4103 eum?
576 4045 698 4102 Non
723 4053 862 4115 erat,
890 4045 1107 4116 fratres,
1154 4045 1300 4104 unde
1339 4045 1559 4120 dignus,
1597 4046 1692 4103 sed

65 4136 212 4198 .ideo
241 4138 516 4218 Dominus
539 4139 810 4196 recumbit
835 4140 978 4212 apud
999 4155 1148 4210 eum,
1173 4150 1232 4198 ut
1254 4157 1380 4197 eum
1411 4139 1577 4198 faciat
1604 4140 1693 4196 di-

92 4245 278 4302 gnum.
328 4233 543 4306 itaque,
592 4233 813 4303 fratres,
861 4232 1129 4292 Dominus
1173 4249 1282 4290 non
1314 4233 1419 4291 nisi
1469 4241 1694 4307 rogatus

88 4327 232 4396 apud
279 4325 629 4404 Pharisaeum
671 4325 962 4394 recumbit,
991 4335 1047 4382 et
1089 4325 1194 4383 hac
1220 4325 1289 4383 de
1330 4341 1520 4396 causa,
1563 4325 1694 4398 quia

89 4417 423 4486 pneviderat
444 4434 508 4476 se
533 4418 782 4490 pluribus
825 4418 899 4475 ibi
924 4417 1300 4490 profuturum,
1331 4427 1387 4474 et
1405 4419 1691 4490 peccatrici

1778 2098 1882 2156 fuit
1905 2099 2230 2167 mirabilior,
2260 2108 2320 2156 ut
2343 2099 2411 2156 de
2435 2115 2500 2156 ea
2526 2099 2836 2172 specialiter
2857 2100 3066 2156 dictum
3091 2099 3378 2159 videatur:

1785 2209 1805 2245 ‹
1861 2189 1964 2247 Ubi
2007 2191 2307 2247 abundavit
2363 2191 2623 2248 delictum
2679 2191 3146 2264 superabundavit
3200 2191 3411 2266 gratia.

1780 2283 1956 2355 (Rom.
1990 2284 2068 2356 v).
2107 2305 2127 2338 ι
2170 2283 2298 2342 Haec
2340 2284 2724 2357 peccatoribus
2750 2284 2806 2340 in
2834 2285 3145 2357 exemplum
3179 2300 3383 2358 propo-

1780 2381 1950 2450 nitur,
1996 2396 2066 2438 ne
2114 2391 2335 2454 propter
2380 2382 2620 2453 aliquam
2650 2381 2946 2438 criminum
2993 2381 3380 2438 enormitatem

1777 2476 2089 2548 desperent,
2126 2476 2222 2534 sed
2241 2477 2315 2533 ad
2341 2477 2650 2548 exemplum
2681 2475 2846 2546 huius
2879 2491 2978 2546 per
3001 2475 3380 2546 paenitentiam

1779 2576 2090 2640 resurgant.
2131 2567 2293 2636 Audi,
2318 2577 2573 2640 peccator
2599 2584 2613 2622 :
2642 2582 2752 2623 non
2783 2566 2880 2622 tibi
2910 2566 3236 2638 proponitur
3264 2563 3384 2622 lla-

1780 2660 2014 2734 gdalena
2046 2659 2101 2715 in
2127 2659 2478 2716 occasionem
2518 2671 2740 2731 peccata
2767 2667 2858 2715 tua
2889 2657 3220 2726 excusandi;
3261 2658 3382 2730 ipsa

1781 2752 1929 2809 enim
1973 2766 2082 2808 non
2121 2751 2407 2807 excusavit
2428 2768 2548 2820 sua,
2582 2751 2678 2808 sed
2707 2750 3004 2806 accusavit.
3051 2747 3110 2804 Si
3137 2764 3290 2822 ergo,
3322 2757 3381 2808 tu

1783 2855 2008 2904 secutus
2055 2861 2117 2902 es
2159 2855 2498 2917 peccantem,
2547 2861 2777 2917 sequere
2817 2845 3205 2916 corrigentem.
3255 2843 3384 2900 Fui:

1776 2955 2007 3012 quoque
2055 2939 2267 2995 vocatio
2286 2939 2415 3010 eius
2456 2939 2694 3005 occulta,
2732 2947 2787 2994 et
2815 2937 2938 2993 ideo
2977 2937 3154 3008 magis
3191 2935 3373 3008 digna.

1780 3031 1906 3091 Non
1927 3032 2072 3088 enim
2098 3048 2194 3103 per
2215 3047 2404 3088 vocem
2426 3031 2856 3102 praedicationis,
2879 3039 2938 3086 ut
2958 3029 3156 3086 Petrus
3183 3038 3240 3085 et
3267 3030 3383 3086 An-

1785 3125 1969 3194 dreas,
2004 3140 2107 3181 nec
2127 3139 2226 3197 per
2248 3125 2652 3191 necessitatem,
2685 3133 2744 3180 ut
2776 3123 3000 3191 Paulus,
3033 3123 3127 3180 sed
3155 3136 3382 3198 perso-

1787 3223 1895 3279 lam
1929 3221 2202 3278 internam
2246 3220 2660 3292 inspirationem
2701 3228 2893 3276 vocata
2933 3217 3054 3274 fuit.
3099 3216 3195 3274 llle
3231 3216 3382 3274 enim

1785 3314 1881 3386 qui
1903 3313 2261 3384 corporaliter
2282 3312 2426 3382 apud
2457 3309 2737 3367 Simonem
2763 3319 2902 3377 erat,
2931 3295 3160 3364 Mariam
3186 3309 3387 3366 absen-

1785 3416 1920 3475 tem,
1943 3415 2004 3462 ut
2021 3406 2089 3461 ad
2119 3421 2178 3462 se
2199 3405 2438 3472 veniret,
2470 3405 2817 3460 invisibiliter
2844 3404 3074 3473 vocabat
3100 3413 3154 3460 et
3188 3404 3380 3481 trahe-

1759 3498 1900 3558 .bat.
1933 3495 2088 3553 Unde
2117 3512 2227 3552 non
2259 3505 2343 3552 est
2369 3497 2570 3552 mirum
2603 3497 2651 3552 si
2691 3510 2813 3551 eam
2842 3495 3084 3550 exterius
3111 3493 3384 3565 suscipie-

1763 3661 1766 3663 λ
1787 3591 1901 3659 bat,
1915 3591 2012 3663 qui
2031 3607 2153 3647 eam
2172 3591 2402 3647 interius
2425 3589 2744 3646 advocabat.
2762 3587 2887 3644 Fuit
2906 3587 3386 3647 etiamconversio

1786 3685 1910 3757 eius
1929 3685 2249 3752 accelerata,
2266 3683 2395 3755 quia
2417 3698 2523 3739 nou
2548 3679 2994 3754 procrastinavit,
3014 3693 3125 3737 non
3145 3679 3383 3746 distulit,

1789 3792 1900 3833 non
1921 3775 2255 3848 exspectavit
2277 3783 2337 3831 ut
2366 3773 2659 3831 Dominum
2687 3773 2744 3828 in
2778 3772 2903 3828 loco
2925 3780 3140 3830 secreto
3161 3780 3216 3827 et
3241 3780 3382 3830 tem-

1788 3885 1922 3943 pore
1950 3869 2124 3926 libero
2163 3869 2458 3936 inveniret,
2481 3867 2578 3924 sed
2599 3882 2728 3926 mox
2762 3863 3032 3922 festinans
3066 3864 3122 3921 in
3147 3864 3380 3925 domum

1789 3962 2027 4020 alienam
2052 3962 2194 4018 inter
2220 3961 2498 4028 convivas,
2523 3959 2590 4015 ad
2619 3957 2913 4014 Dominum
2937 3957 3192 4014 convivio
3215 3971 3385 4017 occu-

1755 4111 1760 4115 .
1791 4064 1980 4129 patum
2021 4054 2292 4126 erumpit,
2324 4062 2379 4110 et
2417 4052 2682 4109 medelam
2729 4051 2945 4122 quierit.
2999 4047 3157 4117 Haec,
3189 4048 3387 4108 fratres

1793 4149 1938 4216 mei,
1981 4155 2228 4204 nostram
2269 4144 2598 4204 condemnat
2650 4141 3057 4214 negligentiam,
3110 4141 3229 4212 qui,
3261 4154 3389 4200 cum

1794 4239 1972 4297 simus
1996 4237 2209 4310 magnis
2238 4235 2482 4295 obvoluti
2512 4233 3100 4304 criminibus,.tempus
3119 4232 3392 4304 paeniten-

1757 4389 1764 4392 _
1798 4331 1887 4390 tia:
1925 4331 2423 4403 procrastinamus,
2462 4335 2850 4398 exspectamus
2884 4333 3111 4412 tempus
3143 4323 3394 4392 Quadra-

1795 4426 2038 4500 gesitnae,
2074 4425 2257 4480 locum
2299 4430 2606 4491 secretum,
2636 4419 2975 4479 sacerdotem
3025 4417 3349 4476 familiarem
3371 4455 3392 4485 ,

57 4577 60 4580 g
92 4523 185 4578 per
213 4511 466 4579 veniam,
507 4520 562 4588 et
602 4509 897 4569 Pbarismis
935 4528 1035 4585 per
1070 4512 1520 4584 increpationem,
1556 4512 1695 4571 dans
1724 4525 1773 4586 ι)
1797 4517 1958 4589 quasi
1983 4524 2158 4571 totum
2182 4525 2398 4585 tempus
2433 4513 2553 4568 vita:
2593 4519 2797 4568 nostra:
2828 4507 3159 4582 pumitentiaa
3190 4523 3300 4562 non
3322 4505 3397 4566 sit

90 4606 251 4663 nobis
275 4608 620 4680 exemplum,
647 4617 708 4665 ut
725 4624 834 4665 non
858 4611 1214 4678 comedamus
1235 4626 1360 4668 cum
1383 4610 1568 4683 aliquo
1590 4609 1697 4666 nisi

86 4701 288 4772 rogati,
304 4712 365 4758 et
385 4703 494 4759 nisi
516 4703 817 4761 intentione
840 4705 1180 4776 proficiendi.
1203 4704 1340 4763 Nam
1364 4716 1493 4764 sunt
1515 4721 1700 4777 repre-

88 4790 423 4863 licnsibilcs,
446 4796 531 4851 vel
558 4797 654 4867 qui
683 4811 795 4852 non
817 4798 992 4871 rogati
1021 4798 1266 4867 veniunt,
1289 4798 1374 4856 vel
1400 4797 1495 4870 qui
1519 4798 1698 4857 solum

82 4888 273 4945 cibum
302 4901 587 4962 quaerunt.
624 4890 762 4947 Cum
789 4892 914 4963 quis
936 4906 1068 4964 ergo
1089 4907 1194 4949 nos
1226 4900 1404 4964 rogat,
1432 4901 1490 4947 ut
1510 4906 1698 4948 secum
1753 4942 1763 4948 .

88 4981 484 5048 comedamus,
513 4981 562 5038 si
584 4981 716 5049 talis
753 4996 838 5039 est
864 4997 1097 5054 persona
1119 4982 1209 5039 cui
1235 4982 1496 5054 prodesse
1519 4981 1702 5037 valea-

85 5085 234 5140 γωδ,
265 5074 362 5130 vel
395 5089 520 5145 qua:
545 5073 727 5143 nobis,
761 5090 974 5132 eamus.
1013 5074 1168 5133 Alias
1210 5091 1321 5130 non
1349 5089 1561 5130 eamus.
1591 5071 1702 5128 lm-

87 5165 378 5236 perfectus
409 5183 541 5240 ergo
579 5176 636 5224 ct
671 5168 826 5226 rudis
868 5168 1117 5226 convivia
1139 5176 1195 5224 et
1223 5167 1503 5224 consortia
1531 5165 1706 5226 malo-

87 5271 210 5312 rum
235 5257 474 5328 penitus
495 5257 682 5324 evitet,
703 5258 831 5329 quia
854 5273 964 5314 non
988 5265 1328 5313 converteret
1347 5272 1466 5324 eos,
1490 5255 1584 5313 sed
1607 5271 1707 5328 po-

86 5347 199 5404 tius
245 5348 676 5405 subverteretur
711 5349 782 5404 ab
813 5349 916 5406 eis.
952 5347 1060 5417 Qui
1091 5365 1221 5406 vero
1265 5357 1350 5405 est
1382 5349 1437 5405 in
1481 5348 1706 5417 virtute,

85 5448 329 5511 rogatus
372 5454 406 5494 a
448 5439 894 5510 persecutoribus
932 5447 1043 5504 eat,
1074 5447 1157 5506 ut,
1182 5439 1312 5495 dum
1355 5438 1598 5511 pascitur
1637 5438 1709 5494 ab

85 5531 170 5586 eis
190 5531 810 5616 eorporaliternpascat
830 5546 927 5588 eos
950 5530 1324 5602 spiritualiter.
1351 5530 1411 5586 Si
1431 5530 1556 5602 quis
1576 5544 1709 5587 vero
1752 5604 1762 5614 ο

86 5625 517 5690 obmurmuret,
557 5624 884 5696 respondeat
912 5624 1043 5682 illud
1085 5623 1430 5682 Dominicum
1463 5642 1478 5682 :
1527 5644 1547 5680 ι
1587 5622 1710 5681 Νοη

81 5729 173 5768 εει
215 5729 400 5786 opus,
427 5714 736 5772 valentibus
777 5715 1012 5786 medico,
1049 5713 1144 5774 sed
1188 5715 1330 5772 male
1378 5714 1708 5784 habentibus

81 5802 325 5874 (Matth.
355 5806 464 5876 rx).
503 5824 524 5859 ι

1797 4607 2307 4677 accommodatum;
2332 4614 2388 4664 et
2407 4605 2657 4676 spatium.
2671 4604 2796 4659 vita:
2818 4601 2978 4658 nobis
2998 4599 3392 4672 promittimus.

1801 4716 1931 4758 cum
1968 4699 2036 4756 de
2078 4697 2332 4774 praesenti
2371 4698 2507 4753 hora
2548 4695 2730 4755 securi
2779 4709 2890 4749 non
2921 4681 3116 4747 simus.
3156 4689 3285 4746 Inde
3311 4697 3398 4748 est

1805 4791 1952 4867 quod
1974 4807 2126 4848 mors
2160 4790 2318 4862 quasi
2347 4789 2434 4844 fur
2456 4789 2512 4844 in
2536 4797 2695 4844 nocte
2718 4785 2943 4840 veniens
2964 4825 2980 4852 ,
3017 4782 3157 4838 heu!
3194 4781 3397 4855 multos

1805 4884 1949 4956 rapit
1975 4883 2382 4956 impmnitentes
2415 4888 2470 4934 et
2501 4878 2808 4934 intestatos.
2846 4872 3022 4945 Huius
3046 4888 3177 4946 ergo
3206 4885 3400 4943 pecea-

1807 4977 1964 5036 tricis
1995 4976 2355 5032 acceleratam
2393 4957 2810 5029 conversionem
2841 4967 3140 5022 imitemur.
3171 4959 3243 5020 Et
3270 4963 3401 5038 quia

1807 5069 2052 5144 quotidie
2087 5068 2352 5136 labimur,
2390 5063 2635 5138 quotidie
2671 5061 2741 5121 ad
2781 5059 3055 5117 medicum
3090 5058 3403 5119 animarum

1805 5172 2125 5221 nostrarum
2171 5174 2545 5221 recurramus.
2597 5156 2890 5230 Nunquam
2939 5155 3282 5213 dormiamus
3352 5154 3412 5209 in

1809 5264 2056 5328 peccato,
2097 5255 2194 5312 sed
2230 5269 2447 5326 semper
2483 5259 2717 5310 mortem
2753 5250 3051 5308 instantem
3087 5249 3407 5308 timeamus.
3459 5309 3470 5315 _

1809 5347 1938 5405 Fuit
1964 5349 2130 5406 etiam
2169 5348 2292 5421 eius
2313 5345 2637 5422 pmmtentia
2677 5343 2930 5414 fervens,
2961 5342 3111 5416 quod
3144 5341 3408 5407 ostendit,

1813 5443 1946 5500 dum
1996 5449 2144 5496 stans
2181 5447 2320 5494 retro
2373 5453 2520 5494 secus
2567 5435 2722 5508 pedes
2763 5435 2914 5505 Iesu,
2958 5435 3215 5506 lacrumis
3258 5433 3412 5504 carpit

1814 5538 1990 5608 rigare
2025 5532 2179 5605 pedes
2201 5531 2339 5603 ejus,
2375 5538 2426 5587 et
2461 5528 2678 5600 capillis
2713 5529 2905 5600 capitis
2941 5526 3028 5582 uti
3066 5522 3328 5596 tergebat,
3359 5530 3411 5576 et

1816 5622 2160 5681 osculabatur
2189 5621 2344 5694 pedes
2384 5619 2528 5690 ejus,
2575 5626 2627 5674 et
2677 5625 2942 5690 unguento
2979 5617 3226 5687 angebat.
3267 5610 3406 5668 Dum

1818 5723 1968 5770 retro
2010 5725 2170 5767 secus
2218 5709 2384 5781 pedes
2421 5707 2640 5764 Domini
2687 5714 2826 5774 stat,
2865 5720 2926 5762 se
2959 5703 3027 5760 de
3059 5711 3259 5760 extero
3286 5700 3410 5772 eius

1818 5803 2045 5876 vestigia
2091 5810 2409 5859 secuturam
2450 5795 2742 5874 signiﬁcat.
2778 5795 2919 5856 Dum
2953 5793 3215 5868 lacrymis
3240 5792 3410 5866 pedes
