3844 6318
457 323 606 382 ηπ

1747 316 2106 373 ΙίἈυΒιΡΙΙΙ
2143 315 2492 374 ARDENTIS
2563 343 2565 346 ⁴

3566 329 3680 388 uno

454 437 586 496 Iesu
624 435 784 507 rigat,
819 435 1303 504 cornpuuctiouem
1343 445 1401 493 et;
1427 435 1695 491 fervorem
1731 434 2051 490 interiorem
2076 440 2123 502 Α
2149 464 2179 474 ~~
2226 435 2437 502 Quarto
2467 435 2766 505 respondet
2792 434 3062 491 Dominus
3097 437 3164 492 ad
3192 437 3550 508 cogitationem
3573 443 3668 502 Plu

452 547 514 591 re
547 543 668 586 non
686 528 814 601 iam:
834 527 1065 584 ulterius
1097 543 1261 599 posse
1301 529 1480 585 celare
1506 527 1864 582 demonstrat.
1906 525 2044 581 Nam

452 629 702 694 pensato,
750 618 948 677 fratres
977 621 1117 687 mei,
1141 628 1349 690 quanto
1384 617 1580 674 ardore
1611 619 1759 673 intus
1787 618 2044 685 ardebat,

453 733 578 787 quae
607 716 751 772 inter
792 715 985 785 epulas
1023 713 1152 768 flere
1189 728 1298 768 non
1342 712 1723 778 erubescebat,
1752 712 1885 782 quae
1908 713 2050 766 inter

451 809 806 866 eomedentes
835 816 894 865 et
915 807 1164 862 lmtautes
1189 806 1662 878 compungebatur
1691 813 1752 860 et
1777 804 1955 859 ﬂebat.
1983 802 2050 858 Et

455 916 606 969 cum,
650 909 788 960 teste
835 899 1126 954 Salomone
1178 918 1207 948 ι·
1225 897 1428 953 melius
1467 898 1539 953 sit
1592 897 1670 952 ire
1713 896 1782 950 ad
1822 895 2048 950 domum

457 995 644 1050 luctus
707 1007 872 1064 quam
931 991 1000 1046 ad
1059 995 1283 1045 domum
1328 973 1564 1045 convivii
1635 987 1846 1059 (Eccfe.
1901 989 2046 1057 vn),

449 1095 726 1158 quantum
755 1087 870 1140 haec
893 1084 1042 1139 intus
1065 1082 1330 1148 fervebat,
1362 1099 1487 1153 quae
1512 1081 1567 1136 in
1596 1082 1819 1137 domum
1855 1079 2048 1135 convi-

452 1181 530 1234 vii
578 1180 784 1235 luctum
839 1175 1094 1232 faciebat.
1154 1175 1568 1233 Recordahatur
1622 1174 1826 1246 quippe
1882 1185 2049 1244 quam

452 1271 814 1328 immoderate
853 1277 1210 1341 peccaverat,
1234 1278 1290 1324 et
1326 1270 1458 1325 ideo
1485 1281 1595 1324 non
1629 1267 1846 1322 curavit
1882 1281 2048 1336 quam

453 1361 816 1418 immoderate
871 1362 1203 1434 paeniteret-
1237 1360 1441 1428 Quare,
1487 1359 1686 1415 fratres
1740 1357 1880 1424 mei,
1941 1373 2050 1412 non

445 1453 800 1510 confundunt
854 1453 1119 1526 lacrymar
1177 1453 1344 1524 hujus
1405 1451 1729 1523 peccatricis
1772 1449 2051 1518 duritiam

445 1553 656 1609 mentis
676 1561 900 1620 nosu'at,
915 1552 1009 1624 qui
1037 1565 1148 1607 non
1163 1551 1358 1607 flentes
1373 1549 1648 1612 venimus,
1667 1547 1762 1604 sed
1789 1548 2051 1614 ridentes,

453 1645 550 1716 qui
597 1645 664 1700 ad
693 1643 1003 1700 dedendum
1037 1643 1239 1699 damna
1271 1649 1506 1708 terrena;
1542 1642 1816 1712 lacrymas
1842 1637 2054 1694 inveni-

447 1755 615 1805 mus;
669 1738 736 1794 ad
798 1738 1107 1794 dedendum
1167 1751 1297 1792 vero
1355 1743 1579 1807 peccata
1629 1743 1684 1790 et
1747 1733 2054 1804 spiritualia

2145 527 2606 598 risaei,induee_ns
2629 529 2946 600 paradigma
2976 531 3257 602 decoqui
3283 533 3477 599 minus,
3500 525 3677 597 et'deet

2147 621 2242 692 qui
2271 621 2396 691 plus
2439 620 2692 676 debebat.
2723 619 2934 686 Quibus
2973 637 3102 676 cum
3146 623 3382 678 creditor
3407 625 3680 698 dimisisset,

2145 712 2452 783 interrogat
2478 711 2745 768 Dominus
2771 722 2892 767 uter
2917 727 3113 768 eorum
3139 715 3317 786 magis
3334 714 3542 788 diligere
3559 720 3682 778 del»

2150 814 2252 862 ret.
2286 804 2391 872 Qui
2413 804 2714 875 respondit.
2752 802 2992 859 .Estimo
3020 806 3149 875 quia
3179 807 3228 860 is
3255 807 3345 860 cui
3365 807 3476 877 plu
3498 809 3681 868 donarit.

2152 895 2252 952 Cui
2283 895 2544 950 Dominus
2581 911 2600 949 :
2623 895 2778 950 Recte
2809 895 3096 965 jadicasti.
3131 895 3272 952 Ecce
3313 896 3594 970 Pharisatus
3613 918 3684 959 sua

2149 990 2420 1045 sententia
2455 989 2869 1060 constringitur,
2900 998 2955 1044 et
2999 990 3159 1060 quasi
3205 990 3558 1060 phreneticus,
3589 995 3687 1052 fune

2151 1097 2314 1152 quem
2350 1091 2550 1152 portat,
2595 1082 2820 1153 ligatur.
2860 1079 3115 1138 Ostendit
3155 1084 3309 1138 enim
3354 1083 3590 1142 Dominus
3620 1104 3689 1158 per

2152 1175 2298 1231 hanc
2343 1176 2686 1246 parabolam,
2736 1177 3036 1246 peccatriei
3085 1193 3189 1233 sua
3236 1189 3458 1249 peccata
3493 1197 3598 1237 esse
3625 1184 3691 1238 di.

2149 1268 2348 1336 imissa,
2382 1278 2437 1324 et
2471 1285 2591 1329 eam
2651 1279 2805 1325 tanto
2849 1270 2976 1341 plus
3024 1270 3081 1325 in
3130 1287 3378 1327 amorem
3428 1272 3694 1343 ferventem,

2147 1371 2362 1433 quanto
2412 1363 2480 1418 de
2530 1362 2782 1433 pluribus
2833 1371 2888 1417 et
2945 1362 3250 1433 majoribus
3294 1374 3571 1419 consecuta
3609 1377 3694 1421 erat

2151 1454 2560 1510 remissionem.
2606 1453 2766 1523 Quod
2822 1456 3149 1527 plerumque
3199 1458 3501 1526 cernimus,
3543 1457 3695 1518 fratres

2153 1548 2285 1605 mei.
2319 1547 2582 1606 Videmus
2617 1563 2854 1621 namque
2884 1550 3138 1621 aliquos,
3185 1551 3281 1621 qui
3303 1561 3506 1621 quanto
3532 1551 3699 1611 fuerat

2156 1641 2482 1699 fervidiores
2508 1644 2564 1697 in
2588 1645 2888 1714 peccando,
2923 1653 3137 1699 tantum
3181 1645 3323 1699 ﬁunt
3352 1644 3697 1706 fervidioresia

2156 1737 2495 1808 paenitendo.
2536 1736 2603 1792 Et
2627 1737 2927 1809 aliquando
2963 1737 3183 1808 aliquos
3218 1739 3316 1808 qui
3343 1747 3542 1810 quanto
3561 1740 3703 1796 minus

443 1833 682 1898 damna,
736 1833 1015 1904 lacrymas
1061 1831 1310 1887 invenire
1377 1844 1486 1884 non
1541 1826 1881 1898 possumus?
1926 1823 2055 1880 Have
2083 1845 2128 1906 Β
2156 1839 2543 1901 peccaverunt,
2566 1839 2724 1886 tanto
2751 1831 2936 1886 minus
2971 1830 3027 1884 in
3056 1831 3204 1888 bono
3249 1829 3445 1886 fervidi
3472 1831 3700 1887 sunt.Sed

443 1923 681 1990 mulier,
726 1923 855 1994 quia
893 1938 992 1993 per
1029 1923 1222 1977 oculos
1265 1929 1484 1975 terrena
1519 1917 1892 1987 concupierat,
1931 1915 2053 1971 ideo

445 2029 608 2072 'nuuc
629 2030 818 2071 eorum
843 2015 1102 2087 lacrymis
1123 2014 1287 2084 pedes
1313 2010 1442 2066 Jesu
1464 2010 1698 2082 rigabat.
1727 2007 1965 2079 Capillos
1988 2007 2056 2064 ad

458 2113 712 2169 decorem
763 2111 1015 2183 corporis
1065 2109 1352 2173 nutrierat,
1408 2118 1462 2162 et
1501 2105 1626 2160 ideo
1681 2118 1836 2158 nunc
1868 2117 1964 2158 eos
2001 2102 2055 2156 in

449 2202 788 2275 "obsequium
820 2201 1075 2272 tergendi.
1105 2200 1281 2271 pedes
1299 2196 1509 2253 domini
1552 2195 1912 2267 expendebat.
1947 2196 2058 2249 Ure

455 2311 599 2353 vana
625 2305 682 2352 et
719 2293 859 2351 falsa
898 2295 1143 2359 dixerat,
1174 2300 1229 2348 et
1273 2291 1469 2347 illicita,
1504 2288 1692 2346 oscula
1721 2287 1966 2352 fecerat,
1999 2295 2056 2342 et

458 2387 583 2444 ideo
598 2403 745 2444 nunc
761 2402 857 2444 ore
867 2386 1096 2458 pedibus
1111 2384 1330 2439 Domini
1344 2383 1532 2438 oscula
1543 2381 1728 2438 dabat.
1751 2379 2057 2452 Unguento,

445 2488 522 2537 "ut
541 2481 678 2537 bene
701 2481 872 2535 oleret
895 2477 1235 2545 hominibus,
1263 2491 1386 2533 sese
1415 2489 1622 2548 ungere
1654 2474 1887 2542 solebat,
1914 2487 2060 2528 nunc

435 2580 745 2644 'unguento
794 2571 958 2642 pedes
996 2567 1215 2625 Domini
1243 2568 1500 2640 ungebat.
1528 2565 1674 2636 Quot
1695 2567 1887 2622 habuit
1911 2566 2060 2621 ohle-

459 2674 747 2723 ctarnenta*
777 2665 1090 2736 culpatum
1134 2663 1326 2719 habuit
1374 2677 1523 2718 nunc
1570 2661 1841 2718 sacriﬁcia
1880 2659 2058 2730 putui-

463 2767 666 2840 !;'tilim.
1496 2838 1501 2842 ἓ

435 2879 442 2886 ·
535 2855 721 2914 Tertio
755 2857 1036 2914 inducitur
1079 2855 1396 2911 Pharisaaus
1435 2869 1793 2910 murmurans
1817 2861 1873 2908 et
1915 2853 2060 2908 intra

462 2967 524 3009 se
548 2952 736 3008 dicens
757 2969 787 3005 :'
805 2948 908 3004 Hic
937 2950 984 3005 si
1025 2957 1157 3004 esset
1183 2949 1460 3020 propheta,
1489 2949 1648 3003 sciret
1675 2949 1910 3018 profecto
1944 2957 2062 3018 qua:

449 3052 516 3098 ‘ct
541 3041 716 3114 quatis
749 3052 824 3096 est
856 3041 1048 3096 mulier
1081 3058 1198 3112 qua:
1245 3041 1416 3112 tangit
1450 3057 1590 3107 eum,
1639 3041 1764 3111 quia
1792 3040 2062 3110 peccatrix

461 3145 564 3192 est.
595 3134 674 3192 Ac
705 3135 752 3191 si
782 3135 929 3192 dicat
953 3133 1112 3191 :‘Non
1134 3143 1223 3191 est
1238 3135 1506 3206 propheta
1550 3134 1654 3189 iste
1682 3134 1778 3204 qui
1823 3151 1881 3189 se
1911 3135 2072 3206 tangi

461 3227 735 3299 patitur'a
771 3227 1094 3298 peccatrice.
1143 3225 1456 3283 Phariszeus
1501 3227 1624 3293 iste,
1671 3225 1868 3282 fratres
1918 3220 2058 3295 'mei,

447 3327 571 3385 ’sibi
603 3327 874 3397 justitiam
916 3327 1243 3400 arrogabat,
1272 3336 1326 3383 et
1362 3337 1543 3382 tamen
1588 3341 1716 3382 vere
1737 3327 1921 3398 justus
1949 3343 2057 3382 non

441 3420 783 3477 ‘erat..Cumt
821 3421 967 3477 enim
1005 3436 1204 3477 omnes
1230 3420 1463 3476 virtutes
1491 3420 1632 3474 inter
1658 3435 1717 3476 se
1755 3419 2060 3492 conjuncue

449 3515 596 3583 aint,
631 3515 736 3572 iste
771 3531 954 3571 veram
975 3514 1245 3586 justitiam
1279 3529 1389 3569 non
1432 3513 1666 3569 habebat
1695 3513 1791 3584 qui
1834 3530 2060 3570 consor-

465 3609 614 3664 tibus
640 3606 769 3679 ‘ejus
800 3607 1109 3662 humilitate
1147 3615 1202 3662 ct
1237 3606 1518 3662 'charitate
1555 3606 1793 3661 carebat.
1825 3604 1882 3661 Si
1912 3607 2059 3662 enim

465 3700 832 3756 humilitatem
871 3700 1114 3766 haberet,
1146 3715 1257 3754 non
1288 3699 1522 3754 aliorum
1559 3706 1804 3769 peccata,
1834 3699 1927 3754 sed
1961 3714 2058 3754 sua

459 3791 753 3863 iudicaret,
777 3806 900 3847 cum
920 3792 1182 3862 scriptum
1213 3791 1313 3846 sit:
1353 3813 1369 3842 ι
1391 3789 1582 3848 Justus
1606 3791 1756 3862 prior
1775 3801 2062 3847 accusator

449 3895 552 3944 'est
586 3887 671 3943 sui
721 3887 904 3958 (Prov.
944 3885 1176 3955 ’xvm).'»
1207 3885 1317 3941 Iste
1357 3894 1538 3940 autem
1564 3885 1632 3941 de
1683 3884 1818 3940 falsa
1848 3883 2060 3955 justitia

431 3982 440 3989 '
467 3980 715 4051 superbit
742 3987 802 4035 et
823 3979 1123 4035 contemnit
1143 3977 1525 4050 peccatricem,
1568 3987 1620 4032 et
1642 3977 1853 4049 judicat
1877 3977 2062 4033 Domi-

433 4089 436 4092 ’
465 4089 601 4128 trum
631 4088 751 4128 eam
788 4069 1212 4143 suscipientem,
1243 4073 1300 4130 in
1336 4081 1568 4143 utroque
1589 4069 1905 4142 pervorsus,
1925 4086 2064 4141 pra:-

464 4165 660 4223 sertim
695 4180 822 4219 cum
859 4165 1067 4221 videret
1099 4164 1392 4221 Dominum
1426 4181 1538 4220 non
1573 4166 1680 4222 nisi
1717 4165 2062 4220 humiliatam

468 4265 524 4311 et
579 4256 882 4326 plorantem
936 4257 1264 4326 suscepisse.
1323 4256 1587 4319 Rursum,
1642 4257 1689 4311 si
1740 4256 2062 4310 charitatem

424 4347 434 4354 ’
469 4348 724 4417 haberet,
744 4357 798 4403 et
826 4350 1114 4420 peccatrici
1142 4366 1239 4419 per
1267 4349 1700 4405 misericordiam
1722 4356 2062 4418 compatcre-

427 4450 582 4507 "tur,
628 4451 682 4497 et
741 4440 1031 4498 Dominum
1091 4444 1511 4513 eompatientem
1565 4441 1892 4496 imitaretur.
1945 4440 2065 4512 Ipse

426 4549 428 4552 '
467 4542 649 4590 autem
675 4545 728 4590 et
754 4546 942 4592 contra
980 4535 1300 4607 patientem,
1340 4544 1395 4590 et
1420 4543 1608 4590 contra
1640 4535 2059 4604 compatientem
2089 4571 2140 4631 Β

427 4637 435 4648 ’
472 4627 808 4700 indignatur.
840 4627 1003 4683 Tales
1042 4637 1171 4683 sunt
1207 4627 1369 4682 hodie
1399 4625 1646 4697 quidam,
1674 4637 1726 4681 et
1759 4627 1902 4682 unde
1933 4643 2059 4698 gra-

468 4719 594 4775 vius
637 4720 933 4775 dolendum
970 4728 1073 4787 est,
1113 4720 1278 4774 etiam
1327 4718 1500 4773 nostri
1529 4718 1758 4786 ordinis,
1790 4720 1906 4789 qui,
1937 4734 2060 4772 cum

473 4811 681 4881 aliquid
733 4812 974 4867 exmrius
1011 4809 1140 4866 boni
1185 4808 1414 4877 iaciunt,
1445 4825 1571 4865 mox
1611 4811 1851 4866 minores
1877 4811 2062 4880 despi-

463 4904 648 4972 ciunt,
681 4913 768 4972 et,
819 4917 971 4960 ntere
1000 4903 1286 4971 Pharisaei,
1325 4919 1354 4958 a
1383 4903 1686 4974 peccatrice
1721 4905 1868 4976 tangi
1915 4902 2066 4958 refu-

475 4997 654 5070 giunt.
679 4995 823 5065 Qua:
840 4995 889 5053 s'.‘
919 4997 986 5052 ad
1012 4997 1176 5068 pedes
1196 4995 1459 5053 Pharisrei
1481 4997 1796 5065 resedisset,
1819 4997 2061 5054 calcibus

455 5091 692 5163 repulsa
716 5091 1011 5145 recederet.
1037 5089 1314 5161 inquinari
1345 5091 1490 5147 enim
1517 5106 1575 5148 se
1599 5091 1792 5147 alienis
1827 5092 2066 5162 peccatis

472 5185 794 5255 Opinantur,
820 5182 915 5252 qui
955 5198 1214 5239 non-vera
1239 5185 1477 5256 iustitia,
1506 5185 1601 5241 sed
1626 5190 1737 5240 sua
1765 5176 2064 5253 replentur.
2111 5190 2115 5196 '

2111 5283 2122 5292 ’
2167 5286 2400 5352 dimisit,
2430 5284 2519 5338 illa
2561 5280 2843 5335 Christum
2874 5277 3082 5343 dilexit,
3111 5284 3166 5330 et
3196 5275 3246 5329 ei
3295 5273 3558 5344 praedicta
3607 5285 3751 5339 Opera

472 5370 758 5435 debemus,
789 5368 895 5440 nisi
930 5377 990 5424 ut
1031 5369 1086 5425 in
1117 5369 1310 5426 alienis
1341 5368 1581 5440 peccatis
1607 5367 1892 5438 lugeamus
1931 5367 2066 5422 nos?
2108 5386 2118 5404 ι

475 5275 584 5332 Sed
607 5287 728 5341 nos,
776 5275 972 5330 fratres
1020 5276 1149 5343 mei,
1194 5278 1324 5333 haec
1379 5278 1680 5342 evitantes,
1719 5275 1852 5347 quid
1887 5275 2066 5331 facere

471 5458 772 5517 ln‘similla
814 5462 959 5516 enim
1002 5472 1224 5533 peccata
1251 5471 1347 5518 aut
1373 5461 1526 5532 lapsi
1560 5475 1774 5526 sumus,
1815 5469 1908 5514 aut
1956 5459 2063 5514 labi

408 5557 416 5562 ”
448 5552 788 5624 "possumus.
826 5543 897 5610 ‘Si
923 5555 1532 5627 ’lapsi'sumtts,'lapsos
1573 5568 1682 5607 non
1723 5551 2062 5622 judieemus,

411 5646 416 5716 Ῐ
469 5647 785 5717 ’se’d'potius
813 5656 940 5704 cu'm
967 5649 1048 5706 eis
1075 5651 1384 5720 lugeam'us.
1419 5646 1478 5700 Si
1500 5661 1627 5702 vero
1655 5645 1708 5700 in
1747 5645 2064 5715 hujusmodi

406 5731 415 5742 “
472 5727 611 5804 ιιιρεί
662 5755 769 5792 non
795 5731 1043 5805 ’fuimus,
1073 5739 1200 5810 quia
1242 5747 1423 5792 tamen
1463 5735 1568 5790 labi
1615 5751 1930 5807 possumus,
1959 5749 2063 5790 tto-

409 5829 418 5836 ”
477 5827 678 5885 hiemet
707 5834 1014 5888 timeamus.
1977 5841 1983 5851 '

2166 1925 2428 1997 quosdam
2452 1925 2678 1997 plango,
2699 1925 2768 1980 de
2794 1939 3036 1996 quorum
3069 1937 3311 1979 numero
3331 1924 3444 1994 ipse
3471 1940 3598 1990 sunt,
3613 1927 3704 1995 qui,

2152 2033 2284 2072 cum
2310 2017 2483 2073 multa
2506 2032 2816 2088 magnaque
2837 2017 3070 2074 erimina
3092 2016 3550 2087 perpetraret-int,
3565 2026 3705 2072 tamen

2160 2109 2215 2163 in
2258 2109 2574 2179 pmnitendo
2598 2109 2767 2180 tepidi
2796 2118 2960 2176 sunt,
2990 2118 3047 2164 et
3071 2109 3234 2179 quasi
3279 2107 3418 2163 nihil
3455 2109 3535 2163 vel
3555 2119 3708 2178 parum

2159 2201 2344 2258 delicti
2373 2203 2753 2259 commiserint
2774 2203 2951 2258 securi
2977 2211 3127 2259 sunt.
3158 2202 3267 2257 Sed
3291 2202 3590 2273 quicunque
3605 2201 3710 2256 ωδ

2138 2309 2386 2363 ⁴ειιιηιιςι,
2413 2295 2545 2367 quid
2571 2293 2718 2350 aliud
2750 2295 2932 2352 facere
2961 2293 3229 2351 debemus
3249 2338 3265 2362 ,
3298 2295 3409 2350 nisi
3433 2304 3491 2349 ut
3513 2296 3710 2366 quotidie

2138 2389 2495 2459 replie_emus
2535 2389 2942 2446 multitudinem
2982 2388 3530 2460 magnitudinemque
3563 2389 3710 2444 crimi-

2147 2486 2294 2537 ‘num
2319 2492 2634 2538 nostrorum
2661 2483 2715 2538 in
2741 2483 3000 2538 cordibus
3035 2483 3244 2538 nostris
3261 2525 3285 2550 ,
3301 2491 3359 2537 et
3393 2491 3636 2538 tormenta
3651 2481 3713 2537 eis

2145 2575 2492 2632 ulciscendis
2533 2575 2716 2630 debita
2765 2583 2822 2631 et
2874 2564 3086 2645 parata,
3137 2590 3362 2645 semper
3407 2583 3526 2629 ante
3561 2573 3716 2630 oculos

2162 2677 2384 2725 nostros
2434 2669 2774 2725 habeamus:
2804 2678 2864 2723 ut
2915 2667 3045 2723 hinc
3076 2669 3499 2735 erubescentes,
3541 2675 3589 2722 et
3614 2667 3716 2720 inde

2163 2761 2517 2818 timentes-in
2579 2761 2838 2833 lacrytnis
2895 2775 3360 2832 compungamur,
3411 2769 3464 2815 et
3513 2760 3718 2829 quandiu

2161 2854 2399 2911 vivimus
2438 2870 2723 2926 nunquam
2769 2853 2928 2909 nobis
2965 2854 3318 2909 sanctitatem
3359 2853 3715 2924 promittamus.

2165 2947 2442 3020 Scriptum
2453 2938 2546 3005 est
2561 2950 2708 3004 enim
2733 2965 2744 3001 :
2766 2967 2795 3001 ι
2815 2947 2888 3003 De
2907 2948 3216 3019 propitiato
3233 2958 3460 3018 peccato
3493 2947 3593 3002 noli
3622 2959 3722 3001 esse

2160 3043 2283 3099 sine
2325 3051 2472 3098 metu
2521 3041 2718 3114 (Eccli.
2771 3042 2890 3113 ν).›
2935 3043 3218 3112 Adaptans
3260 3050 3448 3096 autem
3497 3039 3726 3095 Dominus

2163 3136 2444 3191 inductam
2477 3135 2820 3206 parabolam,
2847 3134 3134 3206 subiungit
3160 3153 3173 3188 :
3221 3132 3379 3188 Vides
3408 3134 3537 3186 hanc
3564 3131 3725 3184 maiie-

2086 3215 2139 3276 (ἶ-
2165 3232 2313 3285 rem?
2343 3227 2543 3287 Probat
2570 3239 2751 3286 autem
2793 3229 3064 3286 Dominus
3092 3229 3376 3286 Pharisaeo
3400 3229 3541 3300 quod
3573 3228 3679 3299 plus
3700 3245 3728 3281 a

2159 3325 2487 3396 peccatrice,
2517 3325 2607 3380 cui
2635 3325 2806 3380 multa
2831 3323 3062 3402 diruissa
3083 3332 3260 3389 erant,
3288 3324 3566 3395 diligatur,
3588 3335 3727 3392 quam

2137 3453 2139 3456 ‹
2162 3420 2230 3475 ab
2257 3435 2324 3475 eo
2346 3418 2431 3474 eui
2463 3417 2647 3473 minus
2675 3418 2962 3473 dimissum
2989 3426 3133 3473 erat.
3155 3414 3222 3472 Et
3247 3418 3353 3473 hoc
3379 3432 3476 3487 per
3495 3415 3729 3471 exteriora

2162 3529 2348 3584 Opera,
2367 3529 2489 3584 qua:
2502 3513 2752 3586 probatio
2770 3521 2900 3568 sunt
2921 3503 3256 3577 dilectionis,
3287 3511 3482 3581 probat
3498 3553 3511 3576 ,
3532 3510 3733 3580 loquens

2161 3623 2258 3678 per
2283 3608 2621 3676 antithesim,
2646 3624 2794 3663 nunc
2823 3607 2902 3664 de
2920 3608 3043 3674 hoc,
3069 3621 3217 3662 nunc
3238 3592 3411 3660 deilla
3435 3606 3535 3660 hoc
3559 3604 3733 3661 modo:

2169 3701 2376 3758 Intraui
2413 3703 2468 3757 in
2509 3704 2724 3756 donum
2763 3711 2932 3769 tuam,
2971 3718 3164 3772 aquam
3221 3699 3441 3771 pedibus
3487 3699 3608 3752 meis
3635 3713 3734 3749 nos

2165 3796 2390 3864 dedisti,
2422 3797 2581 3868 quod
2611 3778 2805 3852 minus
2829 3805 2942 3862 est;
2988 3797 3103 3850 haec
3147 3804 3367 3860 autem,
3406 3791 3548 3864 quod
3584 3790 3736 3858 majus

2163 3900 2266 3957 est,
2291 3891 2544 3962 tacrymis
2567 3906 2668 3944 non
2695 3890 2921 3944 cessavit
2943 3889 3119 3961 rigare
3139 3887 3294 3957 pedes
3317 3899 3479 3940 meos.
3510 3882 3737 3940 Osculum

2129 3982 2132 3984 ’
2167 3987 2298 4040 mihi
2344 4003 2447 4040 non
2476 3985 2838 4053 dedisti,’luec
2871 3992 3068 4042 autem,
3109 3979 3258 4052 quod
3281 3978 3478 4049 ’majus
3517 3986 3618 4042 est,
3652 3990 3739 4028 non

2167 4080 2386 4133 cessarit
2405 4077 2639 4131 osculari
2659 4076 2813 4146 pedes
2839 4089 2998 4129 meos.
3013 4072 3207 4127 Potuit
3225 4072 3375 4127 enim
3399 4069 3738 4140 subiungere:

2163 4171 2249 4226 Tu
2280 4170 2634 4242 spiritualiter
2659 4183 2874 4223 menon
2907 4165 3136 4238 pa'visti;
3166 4164 3285 4219 hmo
3307 4170 3488 4218 autem
3511 4159 3740 4232 spiritu:-

2125 4269 2130 4276 '
2168 4265 2290 4319 liter
2317 4277 2402 4318 me
2425 4261 2592 4332 pavit.
2630 4260 2856 4328 Propter
2885 4258 3046 4330 quod,
3090 4255 3291 4327 inquit,
3317 4254 3540 4308 dimissa
3567 4259 3680 4306 sunt
3701 4264 3740 4302 tt

2126 4367 2128 4370 '
2167 4365 2382 4427 peccata
2411 4355 2600 4420 multa,
2629 4353 2880 4424 quoniam
2906 4351 3097 4405 dilexit
3122 4348 3372 4402 multum.
3405 4347 3482 4402 Ac
3510 4346 3554 4401 si
3582 4352 3748 4416 aperte

2167 4452 2312 4506 dicat
2340 4469 2352 4504 :
2379 4447 2483 4502 Per
2506 4461 2619 4503 suae
2642 4432 2952 4501 dilectionis
2977 4442 3251 4498 fervorem
3273 4439 3493 4495 decoxit
3514 4443 3745 4509 peccato-

2167 4561 2289 4600 rum
2323 4557 2549 4598 suorum
2578 4539 2882 4610 pristinam
2935 4535 3267 4607 rubiginem.
3305 4533 3522 4588 'Cavete
3556 4539 3743 4593 autem,

2169 4637 2364 4692 fratres
2407 4633 2538 4699 mei,
2573 4639 2638 4687 ne
2669 4631 2762 4687 hic
2797 4628 3112 4700 intelligatis
3142 4625 3266 4682 ideo
3313 4624 3606 4696 peccatrici
3633 4637 3744 4692 per-

2116 4733 2124 4738 ’
2169 4739 2290 4784 cata
2320 4743 2441 4782 esse
2469 4725 2718 4789 dimissa,
2743 4725 2890 4793 quod
2918 4721 3036 4791 ipsa
3069 4718 3326 4790 praedicta
3355 4733 3521 4788 opera
3547 4715 3750 4771 Christo

2127 4810 2129 4812 ’
2167 4820 2438 4885 exhibuit,
2464 4811 2549 4873 vel
2577 4815 2704 4887 quia
2741 4829 2866 4869 eum
2901 4811 3173 4868 dilexerit.
3215 4809 3338 4866 Non
3375 4809 3522 4865 enim
3553 4806 3748 4863 dilectio

2168 4913 2253 4967 vel
2279 4910 2544 4967 exhibitto
2577 4905 2895 4979 peeeatricis
2925 4904 3027 4959 fuit
3057 4919 3224 4959 causa
3259 4901 3489 4957 Christo
3517 4914 3684 4971 quare
3701 4896 3749 4950 ei

2114 5005 2126 5013 ”
2167 5012 2392 5074 peccata
2435 5001 2752 5066 dimitteret,
2785 4997 2880 5053 sed
2904 4994 3236 5051 eeontrario.
3289 4991 3414 5048 Non
3447 4993 3595 5047 enim
3643 4989 3749 5043 ideo

2116 5099 2126 5106 “
2168 5103 2297 5173 quia
2343 5097 2850 5154 mulier'Christum
2897 5091 3086 5150 dilexit
3119 5101 3171 5146 et
3216 5090 3475 5162 praedicta
3518 5103 3680 5159 Opera
3709 5087 3751 5140 ei

2167 5192 2436 5259 exhibuit,
2467 5191 2722 5245 Christus
2767 5204 2830 5243 ea
2857 5185 3086 5251 dimisit,
3117 5185 3229 5238 imo
3264 5185 3394 5255 quia
3439 5179 3750 5237 Christus‘ei

2167 5376 2439 5432 exhibuit.
2477 5373 2622 5428 Deus
2651 5372 2797 5427 enim
2827 5370 2944 5425 sola
2997 5368 3169 5440 gratia
3219 5364 3484 5437 praevenit
3513 5370 3750 5434 peccato.

2167 5452 2307 5536 rem,
2334 5463 2666 5521 conferendo
2695 5463 2745 5517 ei
2776 5461 2946 5534 gratis
2980 5469 3034 5514 ct
3055 5456 3444 5514 contritionem
3483 5465 3539 5510 et
3578 5467 3752 5524 pecca-

2169 5569 2349 5616 torum
2385 5556 2784 5612 remissionem.
2816 5550 2972 5618 Quod
3004 5565 3134 5620 ergo
3174 5545 3273 5612 ait,
3306 5556 3523 5616 propter
3546 5543 3684 5616 quod
3707 5550 3750 5594 et

2165 5653 2435 5725 quoniam,
2467 5665 2574 5705 non
2601 5655 2729 5703 sunt
2754 5643 2992 5712 essendi,
3025 5643 3120 5698 sed
3151 5641 3338 5712 potius
3359 5635 3751 5708 intelligendiet

2168 5741 2394 5800 sciendi.
2425 5739 2517 5796 Est
2543 5753 2670 5810 ergo
2697 5751 2892 5793 sensus
2928 5754 2939 5789 :
2990 5732 3066 5788 Ex
3089 5727 3379 5803 praedictis
3413 5730 3560 5786 enim
3588 5726 3748 5798 operi-
