3844 6318
511 318 653 416 nos

1790 348 2147 409 annuum
2179 347 2531 406 sanemus
3121 324 3128 329 ’
3587 351 3667 413 μω

510 467 746 525 Domino
768 451 944 523 mam
973 463 1212 522 ﬁliorum
1247 462 1529 531 Zehedaei;
1569 445 1832 529 secundo,
1861 475 2092 532 respon-
2119 469 2170 529 Α
2196 460 2400 532 glorias
2426 473 2600 517 vanas
2621 460 2918 531 postulent,
2948 476 3073 532 qua:
3116 459 3336 516 fuerunt
3376 459 3541 517 multis
3571 479 3673 524 causa

505 562 600 617 det
629 561 680 616 ei
702 558 972 616 Dominus
995 558 1357 630 increpando;
1403 555 1588 623 tertio,
1614 553 1936 611 erudiendo.
1968 551 2093 609 Filii

505 652 783 724 siquidem
820 650 1098 719 ,Zebedaai,
1136 649 1374 706 Jacobus
1401 658 1457 704 et
1501 645 1764 715 Joannes,
1806 645 2095 703 audierant

507 741 804 820 Dominum
833 751 1124 799 venturum
1159 741 1216 796 in
1248 755 1418 813 regno
1449 755 1573 808 suo,
1620 747 1676 795 et
1715 753 1998 796 sessurum
2035 736 2094 793 in

508 834 799 906 majestate
844 851 966 902 sua,
1022 843 1078 890 et
1129 833 1253 890 ideo
1296 841 1558 904 tanquam
1601 831 1783 888 adhuc
1821 830 2092 899 carnales,

506 927 654 998 capti
680 928 967 984 dulcedine
993 925 1276 998 regnandi,
1305 941 1402 997 per
1427 923 1878 981 intercessionem
1900 923 2095 980 matris

508 1033 643 1087 suat,
672 1034 838 1090 quam
872 1017 1089 1072 Domini
1114 1024 1465 1073 materteram
1493 1025 1550 1073 et
1571 1015 1899 1073 familiarem
1921 1031 2094 1073 nove-

506 1097 653 1178 rant,
675 1109 966 1164 voluerunt
995 1108 1100 1163 sibi
1132 1107 1432 1177 vindicare,
1465 1118 1526 1165 ut
1564 1107 1790 1165 Christo
1811 1109 1879 1164 ad
1906 1101 2095 1182 dexteé

504 1215 624 1256 ram
667 1208 725 1256 et
744 1200 813 1256 ad
845 1200 1128 1256 sinistram
1174 1187 1518 1258 collaterales
1566 1202 1837 1259 sederent.
1882 1201 1951 1258 Et
1988 1202 2095 1259 hoc

502 1307 616 1363 prae
650 1293 862 1350 caeteris
901 1310 961 1350 se
1007 1295 1271 1365 consequi
1297 1295 1670 1363 aestimabant,
1711 1296 1842 1366 quia
1887 1294 2094 1351 Christi

501 1393 664 1440 erant
695 1383 1104 1453 familiariores,
1135 1395 1191 1442 et
1211 1385 1340 1457 quia
1362 1387 1416 1440 in
1443 1387 1768 1457 quibusdam
1791 1394 1950 1442 erant
1965 1401 2093 1442 cum

500 1473 664 1531 Petro
685 1477 1047 1548 privilegiati,
1088 1487 1150 1533 ut
1190 1478 1245 1533 in
1278 1477 1762 1549 transﬁguratione
1792 1488 1850 1534 et
1884 1478 1940 1534 in
1963 1477 2093 1551 qui-

501 1568 734 1624 busdam
787 1569 909 1624 aliis
957 1569 1205 1626 secretis.
1267 1567 1516 1636 Quorum
1573 1569 1784 1640 petitio,
1841 1569 2094 1641 quamvis

500 1666 650 1714 esset
677 1657 995 1726 indiscreta,
1021 1671 1201 1714 tamen
1226 1659 1281 1713 in
1304 1659 1409 1714 hoc
1429 1659 1696 1715 dederunt
1720 1659 1882 1716 nobis
1907 1675 2095 1716 exem-

501 1749 675 1820 plum,
701 1759 783 1816 ut,
813 1750 1033 1820 quando
1061 1750 1269 1823 aliquid
1297 1767 1328 1807 a
1357 1750 1590 1808 Domino
1612 1752 1974 1824 postulamus,
1996 1770 2094 1825 per

501 1838 954 1895 intercessionem
998 1856 1192 1897 eorum
1233 1858 1372 1913 quos
1425 1842 1634 1898 scimus
1689 1842 1802 1900 Deo
1854 1815 2088 1915 placere,
2122 1815 2167 1877 Β

501 1929 866 2000 postulemus.
902 1929 1135 1998 Quando
1159 1931 1307 1988 enim
1333 1932 1628 2003 displicens
1653 1941 1708 1989 et
1729 1934 1940 2006 ingrata
1963 1950 2093 2007 per-

501 2036 641 2102 sena
671 2021 877 2092 aliquid
918 2023 1179 2094 postulat,
1211 2039 1323 2080 non
1349 2023 1503 2079 illum
1540 2024 1728 2095 ﬁectit,
1767 2026 1878 2082 imo
1909 2028 2092 2099 potius

500 2127 630 2170 eum
653 2113 966 2170 exacerbat.
1015 2113 1083 2168 Et
1118 2114 1164 2170 si
1192 2115 1318 2186 quis
1345 2131 1475 2172 reus
1507 2131 1610 2173 nos
1639 2126 1830 2173 exoret
1853 2127 1914 2173 ut
1946 2117 2093 2190 apud

496 2218 686 2276 regem
715 2221 816 2276 pro
845 2220 912 2261 eo
937 2206 1364 2276 intercedamus,
1401 2209 1585 2266 dicere
1607 2210 1848 2267 solemus
1876 2230 1890 2267 :
1925 2231 1945 2265 ε
1985 2211 2094 2269 Pro

499 2303 554 2353 te
611 2296 950 2354 intercedere
1007 2300 1152 2370 apud
1218 2315 1401 2373 regem
1461 2317 1713 2372 nequeo,
1786 2302 1914 2376 quia
1972 2303 2092 2376 ejus

497 2387 928 2447 familiaritatem
987 2408 1098 2447 non
1164 2392 1360 2449 habeo.
1417 2413 1436 2446 ι
1486 2393 1600 2452 Nos
1658 2411 1814 2467 ergo,
1869 2395 2091 2468 fratres,

496 2483 713 2538 veniam
753 2493 1104 2554 peccatorum
1144 2494 1461 2542 nostrorum
1510 2503 1607 2558 per
1641 2487 2093 2547 intercessionem

498 2573 612 2630 Deo
684 2575 1017 2646 placentium
1052 2619 1068 2644 ,
1140 2587 1252 2633 tam
1333 2579 1584 2634 vivorum
1661 2597 1828 2653 quam
1893 2579 2092 2637 defun-

497 2674 735 2733 ctorum,
779 2665 1143 2738 postulemus,
1199 2677 1259 2724 nt
1282 2669 1470 2745 quijde
1509 2672 1722 2728 meritis
1756 2673 1962 2730 nostris
1989 2673 2097 2730 dis-

497 2757 803 2827 plicemus,
843 2775 1037 2815 eorum
1099 2761 1314 2818 meritis
1370 2762 1715 2834 adjuvemur.
1769 2763 1920 2832 Quos
1961 2780 2094 2836 ergo

497 2849 754 2906 novimus
775 2867 871 2921 per
903 2853 1326 2909 sanctimoniam
1361 2856 1685 2912 meritorum
1717 2857 1830 2913 Deo
1853 2857 2092 2914 familia-

496 2939 698 3011 riores,
737 2941 860 2998 illos
893 2944 1074 3014 potius
1117 2945 1388 3015 colamus,
1419 2962 1748 3005 veneremur
1785 2958 1841 3006 et
1882 2949 2095 3024 ﬂagite-

499 3046 645 3088 tnus.
718 3031 840 3104 Ipsa
889 3045 1071 3091 autem
1109 3045 1318 3106 mater,
1379 3039 1723 3109 postulatura
1777 3053 1878 3110 pro
1922 3039 2091 3108 ﬁliis,

2194 551 2541 624 perditionis,
2571 552 2668 608 sed
2697 567 2928 624 regnum
2958 560 3249 622 aeternum.
3274 550 3393 607 Non
3413 552 3673 627 exheredem,

2193 651 2256 700 ut
2283 643 2438 698 multi
2468 643 2629 699 hodie
2651 642 2862 699 faciunt
2885 643 3046 710 alios,
3076 653 3138 698 ut
3165 643 3306 698 ﬁlios
3334 657 3461 698 suos
3480 643 3676 716 heredem,

2195 751 2308 792 non
2361 736 2625 792 damnant
2675 735 2892 793 animas
2943 751 3097 802 suas,
3145 742 3209 790 ut
3259 735 3400 790 ﬁlios
3427 751 3534 791 suos
3560 737 3595 792 in
3613 741 3677 797 hoc

2194 828 2404 885 mundo
2427 827 2793 900 locupletent,
2817 827 2914 884 sed
2955 828 3139 899 potius
3163 827 3511 893 orationibus,
3533 827 3682 886 oblatio-

2195 921 2360 977 nibus
2385 929 2442 976 et
2467 920 2854 993 eleemosynis,
2877 919 3007 976 ﬁliis
3045 920 3167 976 suis
3205 919 3444 992 divinam
3467 930 3681 977 mereantur

2195 1015 2596 1082 haereditatem;
2632 1014 2915 1070 imitantes
2949 1013 3101 1068 illam
3151 1013 3428 1086 egregiam
3471 1022 3684 1070 matronam

2194 1107 2444 1176 Paulam,
2475 1122 2620 1178 quae,
2636 1123 2764 1163 cum
2788 1106 2974 1164 omnia
2995 1106 3275 1176 erogando
3299 1105 3586 1176 pauperibus
3605 1123 3684 1178 spo-

2196 1199 2358 1256 liaret
2389 1199 2531 1256 ﬁlios
2564 1214 2722 1268 suos,
2753 1197 2972 1254 dicebat
3007 1215 3021 1252 :
3067 1217 3086 1250 ι
3114 1195 3236 1251 Non
3266 1211 3484 1267 possum
3507 1197 3689 1270 majorem

2195 1291 2568 1348 hereditatem
2597 1291 2884 1362 acquirere
2916 1288 3045 1362 ﬁliis
3074 1289 3214 1346 meis
3243 1303 3411 1360 quam
3447 1287 3526 1343 Dei
3546 1291 3688 1346 miseri-

2195 1384 2460 1442 cordiam.
2492 1404 2511 1437 ι
2546 1382 2820 1450 Secundo,
2845 1382 3136 1454 respondet
3159 1382 3240 1438 eis
3262 1380 3514 1436 Dominus
3538 1397 3610 1452 per
3635 1384 3692 1438 in-

2194 1477 2599 1548 crepationem,
2624 1491 2755 1533 eum
2789 1474 2975 1532 subdit
3027 1493 3041 1530 :
3104 1473 3348 1549 Nescitis
3400 1474 3513 1545 quid
3546 1477 3689 1545 petatis.

2194 1567 2510 1640 Respondet
2562 1575 2747 1624 autem
2800 1566 2894 1622 hic
2941 1564 3211 1627 Dominus
3265 1579 3378 1620 non
3436 1565 3698 1636 singulariter

2194 1659 2380 1728 matri,
2424 1659 2530 1723 sed
2571 1658 2702 1714 ﬁliis
2730 1672 2966 1730 quorum
2997 1656 3263 1712 instinctu
3319 1655 3607 1726 postulabat.
3645 1655 3699 1710 llli

2195 1760 2377 1808 autem
2404 1751 2609 1808 bonum
2637 1750 2918 1822 petebant,
2955 1747 3053 1805 sed
3081 1749 3406 1805 indiscrete.
3436 1747 3704 1805 indiscretio-

2193 1857 2320 1898 nem
2349 1841 2549 1913 quippe
2584 1840 2899 1910 habuerunt
2923 1839 2979 1895 in
3008 1839 3279 1911 quinque.
3313 1837 3511 1905 Primo,
3543 1839 3586 1894 in
3619 1854 3704 1910 per-

2193 1949 2380 1991 sonaa
2411 1949 2521 2004 qua
2570 1932 2944 2004 postulabant,
2998 1932 3264 2004 quoniam
3319 1929 3587 1985 Dominum
3621 1944 3710 1986 esse

2191 2040 2552 2097 personarum
2572 2034 2914 2097 aceeptorem
2937 2024 3222 2096 putabant.
3239 2022 3584 2078 Personarum
3601 2022 3708 2076 enim

2193 2125 2448 2189 acceptor
2469 2126 2635 2185 esset,
2668 2116 2715 2174 si
2746 2127 3013 2188 cognatos
3037 2132 3171 2174 suos
3212 2115 3286 2170 ob
3313 2115 3578 2187 sanguinis
3600 2130 3710 2170 amo-

2193 2225 2311 2266 rem
2343 2209 2684 2278 sublimaret,
2715 2217 2771 2266 et
2809 2217 3054 2266 remotos
3090 2209 3424 2280 despiceret,
3472 2208 3516 2263 si
3555 2205 3716 2263 Iudaeos

2195 2303 2267 2360 ob
2289 2303 2461 2360 solam
2488 2302 2958 2374 propinquitatem
2979 2302 3250 2374 diligeret,
3287 2309 3345 2356 et
3373 2300 3566 2356 alienas
3580 2308 3718 2371 gentes

2193 2395 2532 2468 reprobaret.
2567 2394 2673 2451 Sed
2693 2438 2708 2464 ,
2753 2404 2813 2451 ut
2840 2395 2919 2451 ait
2945 2394 3143 2452 Petrus
3168 2413 3183 2450 :
3219 2413 3242 2451 ι
3267 2392 3393 2448 Non
3418 2402 3497 2450 est
3520 2408 3721 2465 persona-

2195 2505 2319 2545 rum
2355 2497 2608 2560 acceptor
2636 2487 2812 2556 Deus,
2863 2488 2961 2546 sed
3012 2488 3069 2543 in
3113 2487 3266 2543 omni
3316 2496 3478 2559 gente
3505 2486 3586 2558 qui
3610 2485 3723 2540 timet

2193 2581 2368 2638 Deum
2397 2589 2455 2637 et
2487 2588 2748 2652 operatur
2785 2579 3083 2652 justitiam,
3132 2588 3400 2650 acceptus
3420 2586 3504 2633 est
3532 2577 3598 2632 illi
3620 2575 3724 2648 (Act.

2195 2671 2277 2742 ι).
2315 2689 2337 2724 ι
2384 2669 2640 2728 Secundo
2662 2710 2682 2738 ,
2735 2669 2793 2724 in
2835 2668 3029 2725 ordine
3069 2667 3290 2740 petendi
3342 2666 3727 2722 indiscretionem

2199 2763 2548 2829 habuerunt,
2582 2762 2715 2818 dum
2753 2761 3042 2832 praemium
3067 2767 3194 2814 ante
3229 2759 3524 2825 meritum,
3551 2771 3735 2812 messem
3828 2771 3829 2781 η

2195 2865 2324 2913 ante
2353 2855 2800 2922 seminationem,
2830 2853 3079 2924 requiem
3102 2861 3228 2908 ante
3253 2851 3531 2917 laborem,
3558 2863 3733 2921 regnum

2194 2958 2323 3006 ante
2379 2949 2671 3018 militiam,
2723 2946 3065 3018 triumphum
3102 2953 3228 3002 ante
3268 2945 3525 3017 praelium
3550 2941 3744 3015 postula-

2195 3041 2348 3100 bant.

500 3125 798 3196 prudenter
838 3129 967 3200 egit.
1008 3127 1193 3186 Primo
1229 3129 1400 3198 enim,
1440 3131 1707 3200 accessit;
1755 3140 1912 3203 post,
1957 3132 2092 3188 ado-
2119 3165 2167 3228 Β
2271 3134 2458 3191 Tertio
2482 3133 2537 3190 in
2571 3150 2632 3190 re
2657 3133 2933 3207 postulata
2970 3131 3429 3189 indiscretionem
3468 3129 3749 3194 habuerunt,

501 3220 674 3289 ravit;
705 3221 921 3291 deinde,
942 3223 1097 3295 petiit
1122 3224 1348 3295 aliquid.
1373 3223 1434 3280 In
1455 3240 1567 3296 quo
1586 3240 1689 3282 nos
1715 3225 1966 3296 exemplo
1989 3242 2094 3284 suo
2124 3217 2331 3286 “dum
2361 3228 2596 3284 alterum
2620 3227 2690 3283 ad
2729 3226 3011 3283 dexteram
3044 3225 3289 3292 Domini,
3331 3233 3396 3280 et
3449 3224 3659 3279 alterum
3696 3217 3749 3273 ad

500 3307 745 3384 instruit,
785 3323 865 3384 ut,
894 3317 1116 3388 quando
1143 3318 1400 3374 volumus
1439 3333 1470 3373 a
1496 3317 1610 3374 Deo
1643 3319 1942 3390 postulare,
1975 3321 2092 3392 pri-

499 3421 593 3462 mo
618 3407 722 3463 ﬁde
754 3417 809 3464 et
843 3409 1092 3464 moribus
1116 3407 1227 3464 Deo
1249 3408 1598 3479 accedamus,
1615 3418 1677 3465 ut
1698 3410 2088 3468 hemorroissa.

497 3494 775 3566 Secundo,
808 3499 1123 3568 adoremus,
1177 3515 1281 3557 nos
1335 3509 1596 3572 tanquam
1621 3501 1874 3575 indignos
1910 3503 2094 3559 humi-

497 3588 716 3656 liantes,
736 3598 792 3646 et
817 3590 884 3646 de
920 3591 1038 3646 sola
1067 3589 1162 3646 Dei
1186 3591 1359 3664 gratia
1381 3583 1797 3664 praesumentes,
1831 3602 1891 3649 ut
1912 3594 2094 3650 humi-

497 3680 566 3736 lis
586 3682 933 3751 publicanus.
960 3682 1165 3752 Tertio,
1181 3684 1388 3756 aliquid
1409 3694 1684 3757 petamus.
1702 3685 1822 3743 Non
1842 3697 2092 3758 petamus

496 3776 820 3846 temporalia
840 3817 856 3844 ,
887 3791 998 3832 non
1028 3785 1282 3848 petamus
1323 3789 1557 3836 mortem
1588 3781 1938 3838 inimicorum
1992 3797 2093 3839 no-

497 3875 764 3936 strorum,
795 3883 906 3924 non
935 3877 1187 3940 petamus
1210 3887 1380 3941 vana;
1410 3889 1533 3945 qua:
1554 3889 1680 3929 cum
1710 3876 1944 3946 apostoli
1994 3891 2093 3947 po-

495 3960 816 4030 stulassent,
858 3963 1151 4020 audierunt
1189 3984 1204 4021 ;
1251 3985 1271 4019 ‹
1321 3964 1506 4038 Usque
1542 3968 1708 4025 modo
1737 3983 1846 4024 non
1877 3969 2091 4040 petistis

495 4053 801 4127 quidquam
844 4055 899 4110 in
936 4057 1157 4114 neruine
1186 4074 1311 4115 meo
1351 4057 1536 4134 (Joan.
1565 4060 1706 4133 xvi),
1747 4079 1766 4113 ι
1807 4061 1903 4117 sed
1946 4069 2094 4132 peta-

496 4161 625 4204 mus
666 4148 721 4203 in
773 4149 997 4206 nomine
1025 4149 1155 4207 Jesu
1179 4193 1195 4220 ,
1245 4151 1298 4207 id
1322 4153 1417 4224 est!
1457 4151 1790 4222 Salvatoris,
1831 4153 2086 4210 salutem.

498 4235 652 4296 Hanc
673 4240 823 4296 enim
844 4250 1049 4312 petere,
1077 4251 1162 4298 est
1185 4243 1395 4315 aliquid
1423 4254 1626 4315 petere.
1643 4243 1902 4302 Petamus
1924 4245 2091 4317 igitur

503 4352 524 4386 ο
563 4333 802 4404 primum
827 4351 1056 4408 regnum
1086 4335 1183 4392 Dei
1205 4346 1261 4393 et
1281 4337 1554 4408 justitiam
1579 4338 1732 4408 ejus,
1783 4347 1840 4394 et
1892 4346 2088 4395 caetera

495 4427 827 4498 adjicientur
877 4429 1040 4486 nobis
1088 4428 1310 4501 (Matth.
1344 4430 1445 4502 vr).
1491 4448 1511 4483 ι
1552 4428 1857 4502 lnterrogat
1905 4441 2087 4486 autem

2195 3319 2480 3380 sinistram
2538 3334 2823 3376 sessurum
2859 3317 3236 3389 postulabant,
3285 3331 3426 3372 cum
3476 3330 3654 3372 omnes
3672 3313 3757 3369 ele-
3828 3339 3829 3346 η

2195 3415 2268 3471 cti
2307 3413 2377 3470 ad
2420 3413 2670 3469 dextram
2726 3412 2839 3468 sint
2903 3409 3200 3467 statuendi.
3273 3407 3530 3477 Quarto,
3583 3407 3636 3463 in
3689 3405 3755 3459 ni-
3828 3401 3829 3420 ‘

2194 3512 2415 3568 mietate
2498 3510 2653 3582 petiti
2738 3508 3189 3566 indiscretionem
3269 3505 3635 3584 habuerunt,
3688 3494 3760 3568 qui

2193 3611 2424 3660 ueteres
2460 3601 2776 3674 apostolos,
2841 3615 2984 3672 quos
3023 3613 3137 3654 non
3174 3596 3461 3669 praeibam
3493 3591 3758 3666 probitate,

2193 3697 2404 3751 honore
2453 3694 2764 3767 praecellere
2815 3691 3183 3765 satagebant;
3250 3689 3415 3760 quod
3467 3697 3524 3742 et
3575 3696 3768 3754 sequen-

2193 3788 2268 3844 tia
2296 3788 2621 3854 ostendunt,
2645 3786 2775 3841 dum
2803 3785 3088 3840 audientes
3117 3782 3308 3838 decem
3328 3822 3350 3850 ,
3385 3776 3650 3851 indignati
3671 3779 3768 3828 sunt

2191 3881 2260 3936 de
2279 3879 2495 3936 duobus
2525 3877 2806 3934 fratribus.
2840 3875 3080 3944 Quinto,
3111 3875 3169 3931 in
3200 3873 3382 3930 modo
3407 3869 3630 3944 petendi
3658 3864 3774 3921 indic

2193 3972 2522 4044 scretionem
2570 3969 2908 4036 habuerunt,
2948 3967 3080 4023 dum
3121 3954 3231 4022 non
3267 3981 3384 4038 per
3421 3961 3775 4020 humilitatem,

2193 4064 2288 4121 sed
2329 4079 2426 4134 per
2471 4062 2824 4128 ambitionem
2872 4075 3102 4132 regnum
3147 4058 3388 4114 cmleste
3442 4052 3780 4129 postulabam.

2193 4156 2350 4214 Unde
2382 4155 2513 4210 etin
2546 4155 2904 4226 sequentibus
2935 4151 3168 4209 audiunt
3201 4151 3426 4221 :Reges
3458 4150 3684 4223 gentium
3705 4144 3782 4198 do-
3828 4157 3829 4162 π

2192 4251 2468 4306 minantur
2493 4264 2693 4302 eorum.
2740 4245 2842 4302 Vos
2869 4255 3050 4302 autem
3083 4261 3188 4300 non
3225 4246 3335 4301 sic.
3366 4241 3501 4300 'Sed
3534 4242 3624 4316 qui
3652 4238 3788 4309 major

2189 4353 2296 4410 ⁸⁸⁸,
2327 4343 2426 4414 βαι
2452 4341 2590 4396 Sicut
2619 4340 2842 4412 junior;
2870 4349 2920 4395 et
2946 4340 3037 4412 qui
3069 4354 3383 4410 praecessor
3415 4345 3534 4406 est,
3566 4336 3694 4390 sicut
3720 4327 3788 4400 qui

2191 4434 2484 4488 ministrat.
2528 4445 2530 4447 ’

497 4519 767 4577 Dominus
795 4530 1027 4578 matrem
1049 4522 1182 4594 quid
1209 4521 1390 4590 vellet,
1416 4537 1526 4577 non
1549 4522 1682 4594 quin
1710 4523 1877 4591 sciat;
1913 4523 2008 4580 sed
2031 4530 2094 4578 ut
2123 4523 2169 4580 D
2263 4521 2378 4580 Nos
2405 4538 2536 4596 ergo
2554 4563 2570 4592 ,
2602 4521 2799 4580 fratres
2833 4523 2972 4592 mei,
3000 4539 3127 4580 cum
3153 4522 3543 4594 postulamus
3567 4513 3749 4588 aliquid
3767 4525 3792 4567 ι

495 4613 548 4667 ei
591 4623 993 4685 consequenter
1043 4614 1395 4685 respondeat.
1437 4612 1560 4681 Dic,
1601 4614 1798 4684 inquit,
1821 4623 1878 4668 ut
1902 4613 1956 4667 Ιιὶ
1981 4613 2088 4668 duo

495 4705 600 4776 ﬁlii
631 4707 732 4762 mei
762 4707 977 4761 sedeant
1005 4723 1142 4761 unus
1167 4705 1236 4760 ad
1259 4706 1553 4773 dexteram,
1578 4715 1628 4761 et
1659 4706 1801 4761 alius
1835 4706 1905 4760 ad
1948 4705 2088 4760 sini-

491 4809 665 4856 stram
686 4802 744 4856 in
774 4818 931 4874 regno
961 4810 1074 4856 tuo.
1100 4799 1228 4857 Haec
1252 4801 1480 4869 mulier,
1511 4799 1708 4857 fratres
1733 4800 1860 4870 mei,
1897 4801 2092 4860 habuit

493 4909 755 4967 magnam
807 4893 972 4949 ﬁdem
997 4934 1014 4959 ,
1072 4902 1129 4949 ct
1180 4893 1506 4966 prudentem
1566 4894 1843 4966 pietatem.
1897 4894 2088 4950 Fidem

499 4985 704 5060 quippe
730 5000 985 5060 magnam
1013 4985 1238 5054 habuit,
1269 5001 1394 5041 cum
1427 4986 1579 5041 illum
1610 5003 1774 5058 quem
1807 4988 1862 5042 in
1884 4987 2092 5044 mundo

503 5078 788 5152 possidere
808 5077 941 5132 nihil
975 5079 1252 5148 cernebat,
1285 5096 1465 5152 regem
1487 5082 1808 5138 mter-uitatis
1840 5081 2090 5137 credidit.

503 5167 695 5223 Fidem
725 5184 981 5240 magnam
1002 5170 1213 5240 habuit,
1233 5187 1360 5228 cum
1382 5173 1434 5230 ei
1465 5189 1578 5229 non
1599 5172 1707 5241 fac,
1740 5173 1836 5229 sed
1862 5173 1950 5229 dic
1979 5183 2096 5228 tan-

502 5269 622 5317 tum
653 5261 808 5332 dicit,
846 5264 1028 5320 sciens
1054 5267 1246 5336 procul
1271 5265 1442 5322 dubio
1463 5266 1612 5337 quod
1643 5266 1828 5323 dicere
1868 5265 1968 5322 Dei
2008 5275 2098 5323 est

500 5357 722 5427 facere,
767 5377 787 5412 ι
825 5360 1088 5431 quoniam
1128 5361 1245 5434 ipse
1294 5361 1452 5430 dixit,
1490 5370 1546 5418 et
1573 5359 1718 5417 facta
1753 5372 1880 5416 sunt
1909 5359 2087 5430 (Psal.

498 5452 695 5525 usu).
729 5471 748 5506 ι
787 5453 1120 5511 Prudentem
1161 5471 1384 5528 quoque
1415 5456 1671 5527 pietatem
1714 5454 1937 5523 habuit,
1965 5468 2090 5525 quas

499 5547 628 5605 ﬁliis
649 5562 759 5605 non
787 5562 920 5620 epes
937 5591 953 5616 ,
982 5561 1093 5605 non
1121 5550 1504 5621 possessiones
1535 5557 1784 5604 terrenas
1802 5589 1818 5616 ,
1868 5548 1965 5604 sed
1995 5563 2087 5605 re-

465 5675 470 5682 ι
497 5657 664 5714 gnum
687 5653 953 5698 aeternum
972 5643 1287 5713 postulavit.
1309 5641 1460 5713 lianc
1483 5651 1713 5698 matrem
1737 5649 1942 5698 nostrae
1964 5657 2088 5697 ma-

499 5735 846 5792 tresfamilias
875 5735 1180 5803 imitentur,
1210 5746 1271 5791 ut
1304 5734 1542 5807 perfecta
1591 5734 1696 5790 ﬁde
1737 5741 1792 5789 et
1827 5733 2084 5805 prudenti

468 5827 714 5906 pietate,
745 5828 876 5884 ﬁliis
922 5827 1060 5899 suis,
1108 5845 1214 5886 non
1264 5828 1504 5898 divitias,
1537 5844 1646 5885 non
1688 5827 1946 5896 honores,
1973 5844 2084 5886 non

2192 4615 2448 4685 Domino,
2479 4631 2606 4672 cum
2629 4615 2961 4672 discretione
2985 4615 3372 4686 postulemus.
3406 4613 3678 4670 Petamus
3696 4619 3796 4664 etn-
3828 4613 3829 4686 ξ

2191 4711 2450 4778 fidentes,
2486 4726 2598 4766 non
2633 4725 2702 4766 ex
2734 4709 2840 4767 hoc
2869 4710 3017 4782 quod
3049 4725 3250 4766 sumus
3289 4710 3570 4766 ministri
3597 4706 3709 4770 Dei.
3733 4695 3795 4754 νδ
3828 4695 3829 4771 ἦ

2192 4805 2343 4878 quod
2363 4805 2615 4862 videmur
2636 4804 2844 4876 aliquid
2869 4819 2993 4862 esse
3014 4805 3070 4860 in
3092 4804 3200 4860 hoc
3223 4805 3488 4874 seculo,
3517 4801 3616 4860 sed
3635 4816 3695 4858 ex
3713 4791 3798 4854 sol:
3828 4827 3829 4878 ξ

2193 4899 2291 4956 Dei
2317 4899 2721 4956 misericordia.
2757 4919 2777 4951 ι
2807 4897 2954 4955 Deus
2981 4899 3128 4954 enim
3149 4913 3565 4969 personarum
3589 4901 3801 4962 acceptor

2195 5009 2308 5050 non
2337 5001 2443 5050 est.
2475 5011 2494 5046 ι
2521 4991 2781 5049 Petamus
2817 4991 3090 5060 ordinate,
3117 4998 3181 5045 ut
3209 4992 3460 5048 scilicet
3492 4989 3652 5064 prius
3675 4985 3803 5040 donet

2191 5086 2354 5143 nobis
2387 5084 2856 5142 facere-mandata
2884 5100 3021 5152 sua,
3058 5092 3115 5139 et
3141 5092 3359 5155 postea
3397 5080 3678 5154 consequi
3702 5090 3804 5148 pr:-

2190 5176 2300 5233 mia
2332 5192 2454 5234 sua.
2500 5175 2761 5233 Petamus
2801 5176 2969 5232 etiam
3001 5174 3150 5246 quod
3195 5177 3588 5233 convmiens
3618 5181 3699 5231 est
3729 5176 3806 5225 ml

2188 5277 2402 5341 petere,
2425 5276 2481 5324 et
2503 5269 2650 5341 quod
2681 5283 2779 5341 per
2804 5266 3118 5340 Scripturas
3146 5267 3392 5325 scimus
3435 5269 3623 5324 Deum
3644 5257 3808 5322 sana?

2189 5362 2306 5420 suis
2346 5361 2628 5418 daturum.
2658 5359 2921 5417 Petamus
2955 5359 3288 5428 moderate,
3319 5371 3617 5435 rogantes
3645 5355 3810 5418 sdlid

2192 5452 2340 5524 quod
2365 5467 2466 5510 nos
2503 5451 2667 5508 faciat
2689 5451 2854 5520 Deus,
2880 5466 2992 5508 non
3013 5450 3262 5522 majores
3295 5451 3371 5507 in
3401 5469 3592 5526 regno
3613 5441 3810 5514 δυο,εέ

2193 5549 2278 5606 vel
2305 5549 2549 5606 ultimos.
2576 5547 2841 5604 Petamus
2861 5547 3026 5603 etiam
3054 5561 3166 5602 non
3193 5561 3350 5604 cum
3389 5533 3810 5608 ambitiosus!

2193 5658 2320 5700 cum
2345 5642 2673 5698 humilitate.
2711 5639 2832 5697 Non
2863 5639 3010 5697 enim
3037 5655 3136 5712 per
3169 5640 3611 5709 ambitionem,
3634 5638 3720 5696 sed
3741 5647 3812 5708 pﬂ'

2192 5737 2557 5793 humilitatem
2582 5727 2897 5808 pervenitur
2924 5732 2993 5788 ad
3016 5748 3255 5805 regnum
3289 5735 3626 5794 caelorum.
3645 5727 3810 5792 τεῖῧον

2193 5832 2371 5892 erudit
2395 5847 2496 5888 nos
2520 5827 2805 5899 Dominus,
2829 5828 3033 5902 quibus
3057 5843 3313 5902 regnum
3343 5829 3461 5889 Dei
3489 5833 3566 5890 sit
3588 5831 3622 5888 ιι
3639 5828 3812 5888 induat.

3828 4309 3829 4400 ι

3828 4843 3829 4931 l

3827 4986 3829 5087 l
