3850 6318
25 401 146 464 ιωε

1143 395 1552 454 ΠΟΜΙΙΑΙᾸΕ.-
1574 394 1614 451 l.
1647 394 1734 451 DE
1761 394 2110 455 TEMPORE.

3134 405 3274 464 1406

26 538 127 580 :um
153 518 344 576 subdit
371 535 388 573 :
414 515 646 574 Potestis
672 513 844 570 bibere
863 503 1090 569 calicem
1104 510 1257 584 quem
1281 528 1374 584 ego
1395 505 1592 566 bioita;
1618 513 1668 572 Α
1693 511 1958 581 laborem,
1988 513 2398 584 abstinentiam,
2416 518 2828 588 continentiam,
2851 520 3196 593 charitatem,
3219 535 3277 582 et

25 633 95 669 rus
118 628 257 668 sum.
285 610 390 666 Per
417 609 643 667 calicem
668 624 778 680 quo
799 603 1051 662 infirmus
1072 605 1256 661 bibere
1276 605 1416 661 solet
1435 621 1592 661 ama-

26 707 298 762 -itudinem
316 747 332 771 ,
363 702 636 776 significat
667 701 934 757 Dominus
960 715 1116 756 suam
1145 698 1476 770 passionem.
1514 698 1595 755 Ac

25 802 54 856 ,ἰ
96 805 283 870 aperte
317 795 467 852 dicat
496 813 510 849 :
543 792 721 850 Vultis
766 791 954 848 venire
1001 791 1069 846 ad
1104 791 1258 862 regni
1295 789 1596 846 honorem?

25 891 162 947 Prius
183 888 438 960 exemplo
456 887 564 944 mei
588 886 757 943 bibite
777 883 1108 957 passionem.
1130 880 1266 938 Nam
1291 897 1385 953 per
1403 889 1595 952 potum

26 982 390 1039 muritudinis
418 979 735 1051 pervenitur
758 978 827 1034 ad
856 976 1114 1050 gaudium
1147 975 1360 1032 salutis.
1389 973 1448 1029 Si
1469 974 1594 1029 vul-

26 1078 75 1132 .is
95 1075 285 1133 venire
296 1074 366 1129 ad
377 1073 614 1139 culmen,
635 1071 860 1127 honoris
871 1069 1025 1140 prius
1035 1083 1134 1125 vos
1149 1075 1404 1123 exerceat
1420 1067 1508 1122 via
1523 1067 1598 1122 la-

26 1166 175 1222 )oris.
206 1165 312 1234 Qui
337 1180 461 1220 cum
486 1161 809 1218 fiducialiter
831 1161 1259 1231 responderent:
1281 1157 1594 1227 Possumus,

23 1260 79 1314 ait
102 1259 217 1313 illis
243 1277 258 1313 :
287 1256 522 1314 Calicem
553 1255 766 1328 quidem
797 1269 970 1308 meum
999 1252 1214 1318 bibetis,
1245 1250 1507 1318 subaudi,
1542 1259 1600 1307 et

27 1352 154 1404 llum
184 1349 423 1405 bibendo
438 1363 665 1418 regnum
687 1344 1122 1416 consequemini.
1153 1343 1258 1399 Sed
1280 1358 1406 1400 cum
1425 1340 1596 1398 Joan-

24 1459 98 1498 nes
122 1442 186 1496 in
209 1455 340 1514 pace
367 1441 536 1496 vitam
559 1439 781 1506 finierit,
805 1445 952 1509 patet
969 1437 1100 1508 quia
1130 1450 1240 1491 non
1268 1435 1448 1490 solum
1470 1450 1599 1490 san-

23 1534 192 1604 guine,
225 1533 320 1590 sed
351 1533 517 1588 etiam
547 1531 899 1598 abstinentia,
927 1529 1295 1596 continentia,
1324 1527 1513 1582 labore
1543 1535 1600 1584 et

24 1625 391 1696 rnmpa'ssione
426 1624 751 1696 martyrium
785 1621 1083 1679 obtinetur.
1120 1619 1449 1692 Propterea,
1481 1615 1600 1673 fra-

25 1736 112 1776 res
141 1718 280 1786 mei,
305 1718 584 1774 discamus
603 1715 924 1788 cruciﬁgere
947 1729 1172 1771 carnem
1196 1722 1443 1768 nostram
1470 1725 1599 1768 cum

24 1814 148 1869 ritiis
177 1821 236 1868 et
260 1811 740 1882 concupiscentiis.
771 1807 876 1876 Qui
896 1806 1042 1864 enim
1065 1807 1305 1864 carnalia
1327 1803 1598 1862 desideria

1693 621 1792 678 per
1811 621 1976 677 opera
2002 608 2287 665 charitatis
2309 619 2364 665 et
2393 611 2802 670 misericordias.
2845 611 2968 669 Non
3010 616 3156 672 enim
3187 619 3274 688 pi-

1694 697 1808 768 gris
1829 706 1884 753 et
1919 701 2281 757 somnolentis
2303 702 2466 757 datur
2495 719 2722 774 regnum
2751 705 3037 775 caelorum,
3065 709 3159 764 sed
3190 713 3275 765 la-

1693 789 2035 849 borantibus.
2073 811 2091 846 ι
2125 791 2312 866 Neque
2331 795 2513 852 omnis
2540 797 2634 867 qui
2661 797 2831 855 dicit:
2865 798 3113 869 Domine,
3165 801 3279 858 Do-

1696 881 1867 951 mine,
1889 883 2112 941 intrabit
2131 885 2186 940 in
2213 902 2442 958 regnum
2470 889 2758 956 ctelorum,
2789 891 2884 947 sed
2905 893 3000 964 qui
3025 892 3156 949 facit
3179 909 3288 958 νος,

1695 974 1961 1032 luntatem
1990 975 2170 1034 Patris
2209 978 2317 1034 mei
2362 979 2456 1050 qui
2507 979 2562 1034 in
2585 981 2741 1038 ctelis
2775 991 2861 1038 est
2888 982 3114 1055 (Matth.
3162 1000 3275 1053 vn;

1695 1066 1828 1123 Luc.
1859 1069 1972 1140 ιιι).
2010 1087 2030 1122 ι
2074 1068 2386 1140 Propterea,
2409 1069 2630 1139 fratres,
2647 1075 2980 1150 voluntatem
3006 1075 3100 1132 Dei
3127 1092 3277 1134 sem-

1695 1175 1797 1231 per
1823 1161 2190 1232 inquiramus,‘
2217 1171 2271 1218 et
2287 1172 2417 1220 leam
2440 1179 2542 1234 pro
2559 1181 2721 1236 posse
2741 1175 2933 1224 nostro
2950 1185 3166 1239 semper
3188 1169 3276 1226 fa-

1697 1253 1932 1322 ciamus,
1970 1262 2215 1325 petentes
2262 1255 2443 1326 primo
2497 1264 2560 1313 ut
2608 1256 2753 1315 Deus
2786 1258 2880 1333 det
2911 1260 3071 1317 nobis
3097 1276 3277 1324 suam

1699 1343 1880 1400 facere
1900 1345 2258 1412 voluntatem,
2282 1345 2480 1402 deinde
2503 1355 2707 1405 statuat
2735 1365 2836 1406 nos
2859 1351 2940 1406 vel
2965 1351 3190 1408 ultimos
3219 1351 3278 1407 in

1698 1441 1869 1508 regno
1895 1451 2020 1492 suo.
2050 1435 2206 1504 Quod
2252 1437 2368 1508 ipse
2405 1448 2665 1509 praestare
2705 1441 2978 1514 dignetur,
3027 1443 3121 1514 qni
3150 1457 3278 1499 cum

1697 1525 1862 1583 Patre
1911 1537 1968 1583 et
2006 1526 2214 1598 Spiritu
2260 1539 2451 1585 sancto
2481 1531 2616 1587 vivit
2653 1539 2708 1588 et
2736 1549 2829 1604 reg
2850 1542 2927 1590 tat
2966 1532 3132 1603 Deus,
3181 1549 3282 1605 per

1699 1617 1885 1692 omnia
1908 1618 2108 1674 saecula
2135 1619 2484 1676 saeculorum.
2508 1621 2703 1678 Amen.

1711 1730 1834 1787 Vita
1857 1731 1968 1787 divi
1992 1731 2191 1810 Jacobi
2209 1732 2436 1810 apostoli
2463 1735 2652 1810 fratris
2672 1735 2896 1810 Joannis
2923 1738 3280 1810 evangelium,

1909 1820 2004 1875 per
2029 1802 2318 1859 Eusebittm
2345 1802 2722 1862 Cteshriensem
2740 1809 2936 1879 scripta
2966 1802 3064 1882 (9):

25 1922 56 1958 n
87 1920 152 1959 se
180 1869 475 1974 crucifigii,
502 1899 750 1974 martyrii
779 1869 985 1956 corona
1014 1914 1126 1954 non
1153 1898 1379 1956 carebit.
1409 1895 1600 1952 Sedere
1629 1869 1676 1930 Β
1764 1869 2039 1980 ,Τςωρρτθ
2057 1897 2272 1980 ῼμθψιίἰ
2311 1899 2676 1980 imperatoris,
2709 1869 2930 1980 quando
2950 1869 3124 1980 fames
3142 1909 3282 1980 erat,

23 2009 189 2053 ralem
209 2040 225 2066 ,
251 1997 456 2068 inquit,
489 1996 560 2050 ad
587 1995 861 2050 dexteram
889 2009 1061 2049 meam
1089 1992 1166 2048 rel
1197 1992 1267 2046 ad
1299 1991 1600 2057 sinistram,

21 2109 100 2145 mn
122 2099 212 2145 est
237 2106 408 2144 meum
431 2089 560 2143 dare
581 2089 746 2156 vobis,
767 2086 1054 2152 subaudis,
1073 2101 1223 2142 nunc
1244 2085 1452 2142 scilicet
1475 2091 1603 2140 ante

21 2183 274 2237 uberem.
314 2179 438 2248 Vel,
475 2197 583 2235 non
619 2189 698 2235 est
736 2196 910 2235 meum
935 2179 1065 2234 dare
1095 2179 1270 2245 vobis,
1307 2176 1600 2243 subaudis,

21 2275 240 2341 alibus,
286 2272 495 2329 scilicet
538 2269 848 2328 ambitiosis
894 2277 950 2326 et
998 2269 1174 2325 vanis.
1220 2267 1348 2335 Vel,
1389 2284 1493 2322 non
1524 2274 1604 2322 est

21 2383 184 2420 neum
209 2366 337 2420 dare
362 2365 507 2420 vobis
523 2407 538 2432 ,
566 2364 670 2420 hac
695 2353 906 2420 scilicet
939 2379 1007 2419 ex
1037 2363 1242 2428 causa,
1259 2359 1356 2432 qui
1385 2357 1604 2430 cognati

29 2467 48 2511 t
76 2455 371 2528 sanguinei
398 2454 508 2510 mei
531 2462 615 2510 est
635 2494 652 2521 ,
681 2467 808 2509 cum
844 2468 954 2508 non
983 2452 1089 2508 sim
1123 2459 1378 2520 acceptor
1405 2463 1602 2520 perso-

21 2566 226 2604 narum.
271 2546 328 2603 ln
374 2562 516 2618 quo,
561 2545 758 2602 fratres
796 2545 938 2613 mei,
980 2543 1311 2600 condemnat
1349 2541 1605 2612 praelatos

23 2653 212 2698 unctae
239 2639 517 2708 Ecclesize,
541 2640 637 2712 qui
672 2639 728 2694 in
750 2636 1142 2695 ecclesiasticis
1173 2633 1530 2706 dignitatibus
1550 2640 1606 2688 et
1685 2673 1689 2682 .

22 2732 578 2790 dministrationibus
619 2731 845 2798 dandis,
886 2746 996 2787 non
1043 2735 1278 2799 pensant
1321 2725 1601 2792 meritum,

23 2831 94 2885 ed
118 2827 471 2900 sanguinem.
502 2823 624 2881 Non
645 2831 901 2896 quaerunt
924 2821 1021 2878 Dei
1044 2823 1331 2886 honorem,
1359 2833 1461 2874 nec
1483 2817 1606 2872 ani-

21 2937 223 2979 narum
250 2920 562 2988 utilitatem,
591 2919 684 2975 sed
707 2920 981 2974 honorare
999 2931 1221 2973 carnem
1243 2928 1423 2970 suam.
1446 2911 1606 2980 Quod

19 3019 132 3089 (uia
173 3014 292 3072 llcli
323 3012 478 3080 fecit,
511 3012 888 3085 redarguitur,
912 3019 968 3067 et
995 3010 1290 3066 damnatur
1315 3023 1344 3062 a
1369 3005 1605 3061 Domino

20 3114 226 3170 licente
254 3130 268 3166 :
300 3130 320 3164 ι
358 3108 529 3177 Quia,
566 3107 772 3178 inquit,
805 3103 1088 3161 honorasti
1113 3102 1256 3158 filios
1277 3109 1408 3157 tuos
1429 3098 1606 3170 magis

1703 1967 1856 2041 misit
1900 1967 2118 2040 (inquit
2152 1967 2342 2026 .Lucas
2390 1967 2446 2024 in
2505 1970 2656 2026 Actis
2722 1967 3134 2041 apostolorum)
3183 1967 3286 2026 lle-

1703 2039 1865 2112 rudes
1914 2039 2013 2112 rex
2059 2055 2267 2112 manus
2309 2055 2440 2095 suas
2473 2041 2708 2112 affligere
2748 2039 2961 2112 aliquos
2999 2042 3066 2097 de
3097 2039 3285 2112 Eccle-

1705 2110 1809 2182 sia,
1853 2117 1908 2164 et
1943 2110 2215 2182 interfecit
2239 2109 2527 2182 Iacobum!
2559 2109 2784 2182 fratrem
2835 2109 3064 2168 Joannis
3106 2111 3286 2182 gladio

1704 2179 1857 2263 (Act.
1887 2181 2027 2263 ιιι).
2157 2183 2260 2263 hoc
2293 2190 2475 2263 utem
2499 2179 2702 2263 Jacobo
2753 2181 3005 2263 Clemens
3049 2179 3284 2237 Aléxan-

1703 2252 1898 2324 dit-inus
1931 2252 2096 2306 etiam
2119 2253 2405 2324 historiam
2431 2252 2770 2324 quamdam,
2811 2253 3033 2324 dignam
3075 2269 3285 2308 memo-

1704 2323 1815 2396 ria,
1837 2323 1891 2376 in
1925 2325 2156 2396 septimo
2178 2323 2610 2396 Dispositionum
2644 2323 3046 2396 suarumlibro
3071 2324 3283 2396 scribit,

1704 2393 2046 2468 perlatamad
2069 2411 2128 2450 se
2152 2393 2346 2468 usque,
2372 2411 2436 2451 ex
2451 2394 2750 2468 traditione
2767 2394 3057 2468 majorum.
3088 2413 3106 2445 ε
3122 2394 3286 2468 Δρυρτ

1707 2466 1854 2550 niam
1885 2465 2129 2550 quidem,
2155 2465 2350 2550 inquit,
2373 2477 2428 2524 et
2449 2466 2496 2523 is
2523 2467 2618 2550 qui
2648 2466 2919 2550 obtulerat
2947 2479 3078 2550 eum
3113 2465 3284 2548 judiei

1707 2536 1775 2591 ad
1809 2535 2156 2607 martyrium,
2191 2535 2458 2594 Iacobum
2487 2535 2721 2603 scilicet,
2751 2545 2934 2594 motus
2955 2535 3125 2592 etiam
3169 2537 3288 2607 ipse

1691 2605 2088 2668 ,confessusest
2102 2623 2161 2663 se
2183 2625 2304 2663 csse
2331 2608 2726 2677 Christianum,
2741 2607 2889 2664 ducti
2911 2615 3060 2674 sunt,
3087 2605 3286 2677 inquit,

1705 2678 1868 2750 ambo
1890 2678 2096 2750 parite;
2118 2679 2184 2733 ad
2209 2679 2556 2750 supplicium,
2588 2690 2642 2735 et
2671 2695 2796 2735 cum
2834 2677 3285 2750 ducerenturhin

1704 2748 1792 2802 via
1821 2745 2033 2818 rogavit
2056 2745 2328 2805 Iacobum
2347 2751 2478 2805 dare
2503 2745 2606 2806 sibi
2652 2750 3055 2805 remissionem.
3081 2747 3152 2802 At
3198 2747 3287 2802 ille

1741 2835 2000 2889 arumper
2023 2819 2364 2876 deliberans:
2393 2840 2412 2872 ι
2446 2819 2555 2875 Pax
2577 2821 2704 2886 tibi,
2737 2839 2757 2868 ι
2795 2820 3003 2890 inquit;
3038 2826 3095 2874 et
3125 2834 3288 2874 oscu-

1727 2899 1850 2946 atus
1870 2899 1955 2947 est
1980 2905 2130 2959 eum,
2155 2901 2212 2948 et
2239 2892 2312 2948 ita
2343 2892 2506 2948 ambo
2533 2891 2886 2961 simulcapite
2910 2890 3054 2962 plexi
3081 2896 3229 2946 sunt.
3261 2906 3282 2943 ι

2074 2981 2195 3038 Vita
2223 2983 2456 3050 eiusdem
2509 3000 2602 3054 per
2638 2981 2928 3038 Isidorum.

1777 3075 2039 3161 inachus,
2067 3077 2987 3161 qui‘interprctatur‘supplantator,
3013 3074 3164 3161 filius
3188 3073 3290 3158 Ze-

1706 3147 1898 3214 bedaei,
1935 3145 2105 3204 frater
2149 3145 2398 3214 Joannis,
2447 3145 2676 3219 quartus
2699 3145 2757 3203 in
2787 3147 2979 3204 ordine
2999 3145 3286 3202 duodecim

20 3223 175 3275 [nam
201 3221 290 3261 me
312 3203 364 3275 (1
379 3203 505 3276 Reg.
528 3201 616 3294 in),
641 3220 659 3252 ι
679 3209 786 3294 etc.
805 3198 951 3294 Ecce
976 3197 1138 3254 hodie
1165 3195 1373 3288 praelati
1389 3192 1602 3294 nostri,
1631 3220 1674 3280 ο

20 3298 278 3371 μυίᾶῳιὶει
303 3295 484 3352 locum
509 3292 716 3351 Christi
745 3281 953 3358 tenent,
976 3301 1032 3346 et
1057 3306 1166 3348 non
1193 3283 1526 3359 exemplum,
1553 3285 1603 3342 si

24 3395 194 3451 eniat
214 3399 389 3448 mater
411 3390 499 3446 vel
520 3395 814 3444 matertera
839 3401 964 3442 cum
986 3383 1202 3440 duobus
1221 3380 1465 3454 parvulis
1487 3378 1606 3436 suis

19 3497 203 3543 uetans
230 3483 313 3540 eis
339 3481 579 3538 honores
611 3475 1033 3542 ecclesiasticos,
1059 3490 1170 3529 non
1197 3471 1447 3527 dubitant
1469 3483 1606 3525 con-

19 3595 154 3635 erre
177 3575 275 3640 uni
298 3574 644 3639 decanatum,
666 3580 720 3627 et
739 3569 896 3626 alteri
917 3565 1607 3633 archidiaconatum,post—

20 3673 123 3730 osi
133 3671 203 3726 tis
219 3667 550 3734 senioribus,
565 3663 835 3736 religiosis
850 3670 905 3718 et
915 3659 1190 3725 discretis,
1204 3653 1313 3712 non
1327 3654 1607 3710 attenden-

20 3784 80 3822 es
93 3762 253 3836 quod
265 3760 555 3826 Dominus,
567 3773 678 3814 non
689 3755 976 3821 Jacobum,
989 3769 1100 3808 non
1113 3750 1403 3815 Joannem,
1415 3761 1608 3818 quam-

26 3857 85 3913 is
103 3855 290 3912 sancti
303 3851 659 3925 etprudentes
671 3855 874 3912 essent,
887 3844 1063 3900 noluit
1078 3851 1318 3897 statuere
1332 3837 1606 3910 principes
1674 3875 1678 3902 ς

1704 3287 2056 3362 Hispaniae}.
2078 3287 2522 3362 Occidentalibus
2543 3290 2681 3362 locis
2703 3287 3068 3362 Evangelium
3088 3287 3290 3362 prgdi-
3333 3333 3336 3336 .

1704 3357 1868 3427 cavit,
1894 3373 1949 3418 et
1974 3359 2027 3417 in
2054 3377 2254 3419 occasu
2300 3359 2510 3431 mundi,
2540 3361 2661 3418 luce
2701 3357 3106 3431 pragdicationis
3131 3357 3290 3431 eﬂ'nl-

1705 3432 1822 3505 sit._
1834 3432 1936 3505 llic
1969 3434 2023 3487 in
2060 3431 2387 3505 marinarica
2421 3430 2640 3505 Achaia:
2665 3427 2733 3485 ab
2775 3429 2988 3505 Herode
3013 3427 3287 3484 tetrarcba

1705 3503 1886 3576 gladio
1918 3519 2094 3560 caesus
2120 3503 2396 3570 occubuit,
2422 3501 2734 3574 ibidemque
2763 3501 3026 3572 sepultus.

2388 3591 2605 3649 XXVII.

1705 3704 1758 3744 IN
1823 3702 2352 3743 TRANSFIGURA‘I‘IONE
2413 3700 2622 3741 DOIllNl.
2679 3696 2851 3740 ΒΕΒΙΟ
2906 3697 2975 3738 DE
3027 3696 3284 3737 ενιετοιιλ

1821 3775 1982 3815 ΒΕΔΤΙ
2021 3773 2203 3826 PETRI,
2241 3773 2360 3822 ρυλε
2395 3772 2630 3812 ιεθιτιτιι
2665 3770 2717 3810 IN
2752 3769 2929 3810 ιονει
2963 3767 3155 3809 ηετο.

1773 3854 1924 3910 Dabo
1964 3869 2123 3924 opera
2166 3861 2218 3908 et
2244 3853 2560 3924 frequenter
2590 3850 2782 3906 habere
2809 3865 2896 3904 vos
2933 3857 3051 3920 post
3085 3847 3290 3902 obitum

20 3966 178 4022 uper
202 3947 500 4018 apostolos,
533 3959 600 4000 ne
627 3942 901 3998 videretur
924 3931 1203 4010 juniorem
1233 3931 1500 4006 pmferre'
1517 3946 1601 3986 se-

1706 3961 1896 4012 meum,
1923 3951 1981 3998 ut
2008 3944 2196 3998 horum
2227 3943 2534 3998 memoriam
2556 3942 2774 4013 faciatis
2797 3939 2887 4012 (II
2913 3939 3064 3994 Petr.
3098 3938 3160 4008 I),
3177 3945 3286 3994 etc.

25 4043 177 4107 iori,
207 4041 292 4096 vel
334 4046 623 4110 cognatum
676 4036 875 4091 alieno.
934 4031 1055 4102 Ipse
1099 4025 1322 4101 quoque
1349 4023 1598 4082 dicenti:

1706 4035 1888 4092 Lectio
1932 4036 2059 4104 ista,
2112 4033 2310 4092 fratres
2351 4033 2688 4102 charissimi,
2736 4030 3133 4104 quadripartita
3181 4036 3288 4085 est.

47 4136 212 4190 Ecce
239 4142 408 4188 mater
433 4142 548 4195 tua.
574 4138 628 4185 et
659 4127 857 4182 fratres
883 4125 960 4180 ιιιί
985 4121 1120 4178 foris
1145 4128 1322 4187 sum,
1351 4115 1603 4190 (ιιιεετθῆ-
1669 4165 1674 4168 -
1698 4127 1888 4184 Primo
1910 4128 2079 4197 enim,
2105 4129 2343 4184 ostendit
2367 4127 2562 4184 Petrus
2588 4134 2848 4198 quantam
2873 4124 3038 4180 habet
3066 4136 3291 4194 operam

19 4245 78 4284 35
116 4224 327 4295 all0‘1lli
366 4229 420 4278 ιθ
460 4218 699 4292 ("Who
735 4215 871 4284 ιιι),
908 4233 928 4266 ⁸
953 4213 1062 4269 ait:
1099 4231 1117 4263 '
1149 4210 1284 4278 Qum
1311 4218 1396 4266 εει
1425 4215 1601 4264 mam
1669 4221 1756 4277 'in
1797 4220 2046 4293 profectu
2088 4221 2348 4276 filiorum.
2398 4219 2671 4286 Secundo,
2708 4217 2947 4274 ostendit
2981 4215 3289 4272 doctrinam

20 4336 156 4385 sea,
183 4325 239 4373 et
270 4316 362 4387 qui
391 4321 521 4369 sunt
553 4311 752 4367 fratres
802 4308 947 4363 mci?
999 4305 1346 4374 Quicunque,
1397 4299 1597 4371 inquit,

1706 4301 1858 4371 suam
1881 4317 2043 4372 talem
2071 4323 2128 4372 et
2158 4321 2362 4370 tantam
2387 4330 2531 4382 esse,
2565 4313 2725 4384 cujus
2755 4327 3026 4367 memores
3051 4325 3176 4366 esse
3193 4309 3292 4364 de-

20 4409 204 4469 :cerit
236 4395 569 4463 voluntatem
597 4401 775 4458 Patris
798 4398 905 4455 mei
932 4397 1027 4468 qui
1052 4395 1109 4451 in
1147 4393 1304 4451 ctelis
1351 4400 1458 4457 est,
1483 4391 1600 4462 ipse

1706 4405 1884 4460 beant.
1910 4405 2115 4472 Tertio,
2141 4405 2264 4476 ejus
2300 4405 2582 4460 veritatem
2624 4403 2846 4470 astruit,
2885 4411 2942 4456 et
2988 4399 3290 4472 apostolico

20 4503 145 4561 libi
177 4501 368 4567 frater,
397 4513 554 4554 soror
570 4503 627 4552 et
651 4502 826 4550 mater
844 4499 930 4546 est
953 4487 1161 4560 (ibid.).
1185 4505 1204 4538 ι
1243 4483 1390 4540 Dans
1410 4498 1598 4538 exem-

1706 4505 1756 4553 et
1790 4499 2106 4568 prophetico
2140 4494 2475 4553 testimonio.
2515 4495 2743 4564 Quarto,
2773 4492 3125 4552 commendat
3148 4491 3289 4547 scri-

19 4597 161 4651 lum
205 4607 274 4646 ne
303 4590 430 4662 quis
475 4588 530 4643 in
559 4601 729 4643 causa
772 4580 1054 4638 Dominica
1078 4581 1343 4649 agnoscat
1385 4575 1596 4630 vultum

1706 4600 1918 4662 pturam
1961 4591 2374 4660 prophetarum.
2420 4587 2671 4645 Ostendit
2699 4589 2864 4659 igitur
2903 4587 3084 4659 primo
3121 4599 3293 4655 quan-

19 4687 174 4744 mici
197 4685 284 4740 vel
313 4681 550 4754 cognati,
575 4679 670 4736 sed
697 4686 910 4734 tantum
935 4673 1026 4730 Dei
1053 4673 1386 4728 voluntatem
1416 4677 1472 4726 et
1493 4667 1598 4726 Ec-

1706 4693 1812 4738 tam
1843 4681 2268 4737 sollicitudinem
2291 4681 2488 4737 habeat
2508 4681 2562 4735 in
2584 4679 2831 4751 profectu
2851 4679 3161 4733 animarum
3183 4673 3290 4729 sibi

19 4781 191 4837 lesitc
215 4777 524 4833 utilitatem.
553 4773 692 4829 Ecce
715 4771 808 4826 hic
825 4769 1093 4824 Dominus
1118 4766 1337 4822 duobus
1364 4777 1602 4819 consau-
1701 4774 2146 4841 commissarum,
2171 4774 2392 4845 quando
2423 4773 2558 4829 dicit
2585 4789 2646 4828 se
2676 4773 2934 4828 datm-um
2979 4783 3202 4841 operam
3236 4777 3292 4822 ει

19 4869 229 4926 uineis
249 4877 304 4923 et
336 4864 687 4921 amicissimis
716 4863 832 4919 suis
863 4861 940 4917 ait
965 4880 977 4915 :
1005 4859 1195 4916 Sedere
1233 4856 1302 4910 ad
1324 4855 1600 4911 dexteram
1663 4907 1666 4910 .
1701 4865 2037 4938 frequenter,
2065 4875 2126 4922 ιιι
2145 4867 2226 4923 δίο
2244 4866 2555 4922 θίείηιίιηοι
2573 4864 2938 4936 evangelica.“
2959 4861 3288 4925 doctrinam,

19 4981 184 5020 ream
212 4961 290 5016 vel
312 4960 381 5014 ad
410 4959 686 5014 sinistram
720 4973 824 5012 non
853 4963 932 5010 est
974 4969 1148 5008 meum
1182 4949 1306 5022 (qui
1347 4955 1602 5017 acceptor

20 5054 376 5114 ersoriarum
400 5067 506 5107 non
534 5050 703 5121 sum),
728 5043 857 5102 dare
887 5046 1030 5106 vobis
1060 5043 1310 5116 cognatis
1332 5050 1389 5097 et
1406 5039 1601 5095 amicis

21 5149 173 5215 seis,
203 5144 507 5218 praesertim
543 5142 722 5197 adhuc
741 5140 901 5198 elatis
921 5147 976 5194 et
1001 5134 1331 5202 ambitiosis,
1356 5133 1448 5188 sed
1476 5132 1600 5203 qai-
1645 5165 1658 5173 -

19 5262 104 5300 us
134 5247 390 5314 paratum
421 5247 499 5294 est
533 5255 567 5292 a
598 5236 764 5292 Patre
786 5249 918 5290 meo.
953 5231 1222 5286 Dominus
1255 5228 1404 5285 enim
1439 5226 1603 5282 Pater

19 5334 227 5394 aravit
261 5320 490 5406 regnum
520 5327 706 5396 suum,
737 5337 798 5384 ut
817 5329 1042 5384 daretur
1077 5341 1185 5380 non
1211 5321 1601 5388 familiaribus,

20 5447 118 5486 on
161 5425 417 5498 cognatis
463 5410 721 5494 indignis,
764 5420 859 5476 sed
906 5411 1244 5490 quibuslibet
1280 5415 1486 5487 dignis,
1532 5413 1602 5468 de

22 5533 343 5588 uacunque
366 5516 552 5587 lingua
578 5523 634 5570 et
669 5512 894 5568 natione
917 5511 1048 5568 sint.
1071 5508 1183 5565 Nos
1223 5523 1376 5580 ergo,
1405 5506 1604 5562 fratres

20 5613 152 5679 sei,
187 5625 300 5666 non
335 5623 432 5678 per
462 5605 818 5661 ambitionem
863 5611 918 5658 et
949 5601 1240 5657 elationem
1289 5611 1603 5670 queamus

20 5723 244 5780 agnum
271 5704 563 5770 caelorum,
601 5699 696 5757 sed
727 5715 826 5772 per
853 5696 1240 5763 humilitatem,
1258 5691 1600 5766 patientiam,

78 5908 160 5982 (9)
187 5907 395 5965 Euseb.
425 5906 518 5963 lib.
553 5921 614 5976 ιι,
643 5920 765 5978 cap.
797 5902 850 5972 9,
867 5871 1082 5956 illistor.
1111 5899 1308 5957 ccclcs.

1703 4968 1766 5015 ut
1791 4974 1914 5015 eam
1938 4968 2063 5031 post
2093 4959 2302 5016 obitum
2332 4973 2493 5015 suum
2524 4957 2578 5011 in
2621 4956 2884 5011 memoria
2915 4953 3169 5010 habeant.
3196 4949 3289 5006 lno

1700 5053 1905 5110 struxit
1932 5053 2133 5124 quippe
2164 5067 2261 5108 eos
2285 5051 2407 5106 viva
2429 5065 2591 5117 voce;
2620 5048 2880 5104 instruxit
2898 5061 2994 5103 eos
3019 5044 3290 5117 Epistola-

1703 5163 1825 5202 rum
1855 5146 2227 5219 delegatione;
2267 5143 2530 5199 instruxit
2563 5157 2661 5198 eos
2703 5140 2848 5196 bono
2876 5137 3127 5208 exemplo
3164 5137 3292 5192 vite

1703 5255 1840 5295 suae.
1865 5237 1936 5294 Et
1960 5237 2060 5304 illi,
2089 5250 2150 5294 ut
2170 5237 2328 5292 bonas
2355 5250 2506 5302 oves,
2531 5233 2844 5289 auditorum
2874 5244 3147 5286 memores
3187 5243 3289 5283 cx-

1663 5363 1666 5366 ~
1700 5334 1978 5388 stiterunt.
2005 5331 2118 5388 Nos
2140 5345 2380 5404 quoque,
2401 5328 2601 5384 fratres
2629 5327 2759 5395 mei,
2785 5325 2881 5398 qui
2922 5326 3106 5394 vicem,
3133 5321 3292 5380 Petri

1701 5419 1758 5477 in
1781 5421 2022 5478 Ecclesia
2049 5422 2310 5493 gerimus,
2339 5419 2519 5492 quoad
2546 5433 2866 5489 possumus,
2896 5416 3125 5489 vestigia
3164 5413 3294 5488 eis

1705 5513 1864 5584 sequi
1897 5513 2181 5580 debemus,
2213 5521 2274 5568 ut
2295 5511 2508 5567 scilicet
2532 5509 2750 5567 solliciti
2773 5508 2947 5566 simus
2973 5506 3294 5564 instructio-

1706 5621 1776 5662 ne
1799 5605 2109 5661 animarum
2139 5603 2298 5660 nobis
2317 5602 2762 5668 commissarum,
2779 5609 2836 5658 et
2863 5600 2944 5656 eis
2972 5598 3294 5656 intimean

1705 5698 2075 5779 exangelicam
2104 5697 2440 5764 doctrinam;
2479 5703 2532 5752 et
2573 5693 2625 5751 si
2661 5709 2772 5750 non
2813 5703 3107 5764 possumus
3151 5703 3290 5746 sau-
