3844 6318
581 332 726 403 iter

1834 333 2186 392 RADULPHJ
2227 331 2579 392 ARDENTIS

3641 352 3717 414 ιιῡε

577 463 744 532 guine
767 469 820 514 et
845 458 1124 530 martyrio,
1159 463 1218 512 ut
1239 455 1455 523 Petrus,
1485 462 1667 509 tamen
1691 452 1944 522 exemplo
1964 458 2179 508 et~ver~
2206 457 2254 517 Λ
2282 451 2441 510 Cet-te
2469 469 2584 513 non
2604 461 2690 510 est
2718 452 2940 520 mirum,
2991 453 3038 508 si
3067 453 3306 526 dolente
3333 455 3500 526 capite
3537 457 3668 524 doleam
3693 478 3721 525 et

575 556 670 610 ho.
701 552 829 608 Haec
866 551 1156 607 enim~duo
1185 563 1411 605 necesse
1441 555 1528 602 est
1576 546 1778 601 habere
1813 553 2036 600 Omnem
2073 561 2173 614 pa~

577 656 816 713 storem;
845 652 904 700 et
927 643 1023 715 qui
1050 657 1158 698 non
1183 641 1365 707 habet,
1393 640 1558 694 verus
1583 646 1773 708 pastor
1795 652 1906 692 non
1935 646 2039 692 est.
2064 635 2174 696 Nec

575 731 724 796 enim
779 737 979 794 sullicit
1024 732 1330 806 exemplum
1383 733 1502 788 sine
1553 732 1742 787 verbo.
1800 729 1956 786 Unde
2011 729 2170 796 Heli,

576 831 854 902 quamvis,
883 837 1149 900 quantum
1173 827 1240 881 ad
1267 841 1347 892 se,
1381 832 1530 880 recte
1558 822 1783 889 viveret,
1817 829 2019 888 tamen,
2042 821 2172 893 quia

577 937 688 978 non
713 925 851 978 bene
881 921 1121 978 correxit
1149 920 1290 974 lilios
1317 933 1470 983 suos,
1497 918 1828 989 reprobatur
1854 915 1912 988 (Ι
1931 916 2060 988 Reg.
2079 917 2166 986 ιι).

578 1012 735 1070 Unde
757 1007 1024 1068 Dominus
1051 1028 1148 1083 per
1181 1013 1505 1083 prophetam
1534 1029 1548 1065 :
1589 1030 1607 1062 (
1647 1010 1705 1064 Si
1738 1009 1928 1065 fecerit
1947 1010 2034 1064 vir
2059 1010 2162 1064 ini4

575 1106 859 1178 quitatem,
885 1114 937 1160 et
967 1113 1024 1160 tu
1054 1119 1164 1159 non
1197 1103 1709 1170 annuntiaveris'ei,
1735 1112 1796 1158 ut
1820 1109 2170 1159 convertatur

575 1212 605 1251 a
634 1197 724 1252 via
756 1212 854 1251 sua
886 1197 1053 1263 mala,
1086 1197 1202 1267 ipse
1231 1196 1454 1267 quidem
1499 1197 1556 1251 in
1595 1195 1884 1266 iniquitate
1921 1211 2021 1254 sua
2050 1209 2170 1249 mo-

572 1289 766 1354 rietur,
801 1291 1124 1360 sanguinem
1157 1299 1338 1344 autem
1364 1289 1484 1360 ejus
1510 1289 1578 1344 de
1627 1304 1793 1344 manu
1837 1298 1929 1344 tua
1980 1287 2158 1358 requi'o

573 1398 688 1436 ram
716 1383 932 1454 (Ezech.
963 1383 1068 1452 ιιι).
1107 1403 1124 1434 ι
1163 1385 1375 1439 liursus
1399 1400 1506 1438 non
1538 1383 1735 1440 suilicit
1783 1384 2007 1438 verbum
2049 1383 2169 1438 sine

569 1477 841 1546 exemplo.
902 1475 1054 1532 Unde
1113 1477 1380 1532 Dominus
1434 1492 1531 1547 per
1577 1477 1894 1547 prophetam
1922 1518 1936 1543 ,
1981 1495 2001 1527 ‹
2041 1491 2164 1532 cum

569 1568 674 1638 ipsi
701 1570 1144 1639 limpidissimam
1175 1585 1373 1640 aquam
1401 1570 1686 1635 :hiberetis,
1719 1569 1985 1640 reliquam
2013 1569 2167 1638 pedi-

568 1659 676 1716 lms
701 1661 901 1716 nostris
925 1661 1358 1726 conculcabatis,
1401 1669 1456 1716 et
1481 1677 1611 1717 oves
1643 1670 1856 1726 vestrae,
1888 1661 2164 1724 turbatam

569 1767 769 1822 aquam
821 1751 1049 1822 pedibus
1090 1753 1285 1807 vestris
1315 1752 1579 1807 bibebant
1611 1750 1830 1822 (Ezech.
1885 1754 2096 1820 xxxrv).
2138 1772 2156 1804 ι

569 1842 741 1898 Porro
770 1852 1016 1914 pastores
1040 1861 1236 1914 aquam
1269 1845 1548 1914 limpidam
1583 1845 1798 1911 bibunt,
1824 1856 1950 1900 cum
1971 1860 2164 1900 sanam

570 1936 874 1997 doctrinam
912 1945 966 1992 et
987 1937 1301 2008 intelligunt
1325 1947 1379 1992 et
1407 1936 1723 2009 praedicant.
1763 1937 2042 2008 Reliquam
2069 1952 2162 2008 pe-

566 2025 730 2084 dibus
758 2029 1100 2095 conculcant,
1125 2045 1252 2084 cum
1287 2030 1430 2085 male
1444 2029 1684 2085 .vivendo
1721 2029 2162 2101 praedicationem

569 2137 729 2175 suam
761 2119 986 2176 findant.
1005 2119 1145 2176 Oves
1175 2137 1374 2191 aquam
1400 2121 1672 2175 turbatam
1699 2121 1911 2188 bibunt,
1943 2113 2164 2193 quando

568 2228 675 2266 non
699 2213 940 2267 auditam
976 2212 1442 2284 przedicationem,
1491 2213 1584 2269 sed
1629 2216 1787 2270 malre
1828 2215 1953 2270 vitae
1980 2229 2164 2270 exem-

563 2304 714 2374 plum
736 2291 996 2359 trahunt.
1025 2303 1373 2373 Sed,.l'ratres
1397 2307 1526 2373 mei,
1550 2307 1680 2363 dum
1709 2307 1874 2362 vitam
1916 2301 2162 2384 nostram

562 2403 621 2448 et
647 2396 814 2450 vitam
839 2397 1185 2452 subditorum
1223 2400 1526 2471 conspicio,
1575 2416 1730 2456 raros
1767 2400 1936 2472 (unde
1969 2400 2162 2458 dolen-

565 2487 696 2542 dum
729 2480 834 2559 est)
866 2505 1026 2547 veros
1052 2491 1437 2561 praedicatores
1460 2503 1514 2549 et
1540 2509 1694 2549 raras
1737 2501 1894 2549 varas
1921 2509 2051 2550 oves
2079 2495 2163 2549 in—

558 2577 744 2638 venio.
785 2581 1048 2639 Hodierni
1089 2585 1235 2641 enim
1282 2595 1560 2657 pastores,
1612 2603 1715 2644 nec
1748 2585 2158 2658 Scripturarum

565 2674 672 2744 ipsi
704 2691 976 2732 memores
1001 2686 1150 2744 sunt,
1170 2695 1271 2734 nec
1295 2680 1435 2734 alios
1456 2695 1730 2736 memores
1757 2679 1984 2736 faciunt.
2007 2682 2158 2742 Con-

551 2770 772 2838 tempta
804 2769 959 2823 enim
1009 2785 1140 2825 cura
1178 2771 1508 2837 animarum,
1557 2772 1952 2842 temporalibus
1992 2773 2161 2828 lueris

565 2856 874 2928 intendunt,
889 2872 942 2917 et
966 2879 1022 2918 se
1051 2881 1153 2919 nec
1177 2865 1282 2919 line
1305 2880 1405 2919 nec
1427 2881 1592 2936 opere
1614 2874 1884 2936 pastores,
1899 2865 1993 2921 sed
2017 2881 2162 2922 mer-

551 2951 814 3028 pecuarios
849 2969 969 3009 esse
1013 2955 1346 3024 ostendunt;
1400 2937 1507 3011 line
1551 2965 1798 3027 pastores
1838 2973 1946 3012 non
1993 2966 2157 3026 sunt,

561 3043 694 3113 quia
717 3061 840 3116 qua:
867 3063 966 3102 sua
997 3056 1144 3113 sunt,
1174 3065 1284 3103 non
1322 3065 1444 3120 quae
1473 3047 1600 3104 Jrsu
1632 3049 1837 3105 Christi
1885 3058 2156 3121 quaerunt.

547 3135 704 3192 Num
743 3139 889 3194 enim
939 3141 1099 3197 hodie
1137 3142 1482 3212 praelationes
1528 3143 1582 3198 in
1625 3142 1892 3211 Ecclesia,
1939 3161 2048 3200 non
2099 3153 2160 3201 ut

563 3232 774 3302 prosint
795 3235 1103 3303 animabus,
1130 3238 1223 3294 sed
1255 3247 1314 3293 ut
1334 3239 1438 3310 ipsi
1462 3239 1850 3308 sublimentur,
1880 3241 2156 3296 honoren-

562 3331 652 3378 tnr
684 3333 740 3380 et
786 3325 1168 3384 delectentur?
1203 3329 1321 3386 Non
1365 3340 1617 3401 quaerunt
1658 3332 1711 3386 in
1756 3348 1862 3402 qua
1913 3331 2156 3390 Ecclesia

561 3417 941 3489 possintplus
995 3422 1287 3479 animabus
1325 3425 1612 3494 prolicere,
1637 3426 1732 3480 sed
1780 3426 1834 3482 in
1875 3444 1983 3498 qua
2035 3427 2156 3499 plus
2233 3449 2236 3451 λ

560 3509 774 3577 possint
797 3527 1112 3583 aggregare,
1149 3524 1203 3568 et
1227 3530 1392 3584 quam
1431 3516 1606 3588 magis
1645 3517 1862 3587 possint
1901 3520 2152 3573 vendere.

545 3597 736 3669 Opere
758 3611 1007 3672 pastores
1029 3620 1090 3661 se
1117 3622 1226 3662 non
1265 3622 1388 3663 esse
1423 3607 1842 3676 demonstrant,
1884 3609 2015 3665 dum
2055 3626 2157 3668 nec

559 3692 827 3763 exemplo,
880 3711 978 3752 nec
1027 3698 1194 3754 verbo
1240 3715 1371 3756 oves
1421 3715 1646 3772 pascere
1689 3712 1906 3768 curant,
1957 3703 2050 3758 sed
2096 3719 2155 3759 se

559 3785 930 3845 oblationibus
975 3805 1167 3847 eorum
1215 3792 1580 3864 impinguant.
1627 3793 1786 3851 Unde
1837 3797 2151 3866 propheta:

567 3899 586 3930 ι
620 3879 710 3936 Vae
757 3883 1070 3954 pastoribus
1122 3883 1310 3952 Israel,
1359 3885 1470 3956 qui
1501 3896 1737 3957 pascunt
1790 3890 2150 3960 semetipsos!

537 3968 752 4032 :Nonnc
788 3965 976 4049 greges
1004 3987 1300 4049 pascuntur
1335 3990 1366 4034 a
1406 3980 1757 4050 pastoribus?
1790 3982 1878 4038 lac
1904 3983 2156 4038 comede-

535 4068 739 4136 batis;
768 4078 820 4123 et
847 4070 968 4124 lana
991 4071 1406 4141 operiebamtm.
1434 4071 1596 4139 Quod
1619 4087 1871 4128 crassum
1915 4082 2036 4127 erat
2056 4073 2152 4130 oc-

561 4159 792 4224 cidistis,
827 4160 972 4229 quod
1011 4161 1288 4216 infirmum
1315 4160 1416 4216 fuit
1445 4177 1552 4216 non
1577 4163 1981 4228 consolidastis,
2005 4165 2151 4248 quod

561 4260 822 4324 mgrotum
849 4268 956 4306 non
986 4255 1243 4321 sanastis,
1269 4255 1414 4325 quod
1449 4254 1685 4309 fractum
1725 4270 1832 4309 non
1856 4255 2149 4328 alligastis;

525 4343 705 4414 'quod
736 4344 1006 4414 abiectum
1047 4352 1164 4401 non
1209 4347 1527 4413 reduxistis,
1559 4347 1710 4417 quod
1757 4347 1992 4416 perierat
2040 4364 2153 4404 non

559 4437 890 4508 requisistis,
923 4441 1017 4494 sed
1049 4457 1174 4495 eum
1207 4440 1525 4494 austeritate
1559 4440 1910 4510 impcrabatis
1941 4451 1993 4497 et
2027 4458 2150 4498 cum

560 4533 823 4602 potentia.
861 4531 926 4587 Et
955 4534 1216 4603 dispersae
1244 4541 1374 4587 sunt
1403 4548 1532 4588 oves
1565 4548 1717 4602 metu,
1757 4550 1822 4590 eo
1857 4538 2001 4606 quod
2041 4553 2150 4594 non
2184 4553 2231 4612 ι)
2257 4534 2342 4604 gis
2394 4532 2664 4588 damonis
2703 4547 2870 4602 quam
2914 4533 3180 4600 numina,
3226 4537 3467 4604 poterit
3515 4535 3679 4589 Deum
3717 4534 3830 4586 hexe-

560 4634 703 4680 esset
724 4635 929 4695 pastor,
963 4635 1016 4681 et
1058 4627 1212 4680 facta:
1249 4633 1378 4679 sunt
1427 4625 1478 4679 in
1507 4627 1908 4684 devorationem
1953 4631 2152 4686 bestia-

559 4735 682 4773 rum
716 4719 853 4791 agri.
879 4719 1193 4788 Propterea,
1245 4728 1514 4788 pastores,
1557 4722 1738 4777 audite
1777 4723 2002 4778 verbum
2040 4723 2149 4780 Do-

523 4828 526 4832 '
558 4810 692 4865 mini
731 4830 743 4865 :
775 4833 792 4863 ι
817 4807 967 4868 Ecce
988 4826 1088 4881 ego
1120 4812 1233 4880 ipse
1263 4827 1426 4881 super
1456 4821 1702 4882 pastores
1717 4815 1996 4886 requiram
2029 4831 2149 4887 gre-

559 4918 679 4973 gem
704 4917 886 4956 meum
910 4903 976 4957 de
1008 4919 1171 4956 manu
1199 4919 1386 4958 eorum
1426 4905 1640 4976 (Ezeclt.
1683 4907 1894 4978 xxxrv).
1933 4928 1950 4960 ι
1987 4908 2145 4975 Ecce,

559 4993 781 5058 fratres,
840 4993 985 5048 sicut
1031 4993 1286 5064 legimus,
1334 4995 1408 5051 ita
1458 4997 1620 5054 hodie
1666 4999 1936 5054 videmus.
1989 4998 2146 5067 Quod

560 5101 810 5141 crassum
834 5093 937 5153 est,
970 5087 1113 5141 malo
1147 5089 1395 5158 exemplo
1440 5092 1736 5161 perdimus.
1785 5091 1943 5158 Quod
1989 5091 2160 5148 iniir-t

559 5191 711 5229 mum
733 5185 817 5231 est
841 5178 1096 5247 peccatis,
1119 5179 1352 5235 consilio
1382 5197 1489 5236 non
1520 5198 1801 5237 sauamus.
1832 5183 1990 5250 Quod
2030 5184 2144 5240 fra-

559 5273 708 5318 etum
738 5275 822 5321 est
853 5268 1316 5337 tribulationibus,
1361 5271 1732 5326 admonitione
1765 5287 1874 5327 non
1901 5275 2144 5329 consoli-

537 5356 775 5411 damus.
802 5357 959 5425 Quod
989 5375 1302 5428 erroneum,
1349 5377 1456 5416 non
1489 5379 1831 5420 revocamus.
1851 5364 2021 5433 Quod
2049 5367 2146 5422 de.

557 5449 868 5516 spiratione
915 5453 1187 5522 perditum
1238 5463 1359 5520 est,
1406 5471 1514 5510 non
1571 5457 1925 5526 requirimus.
1979 5459 2145 5517 Cadit

558 5540 768 5610 asinus,
801 5552 958 5598 etest
981 5546 1075 5615 qui
1112 5547 1386 5612 sublevet;
1419 5547 1560 5616 perit
1585 5549 1762 5603 anima
1811 5557 1868 5604 et
1910 5565 2020 5604 non
2041 5561 2145 5607 .est

558 5631 652 5699 qui
681 5629 856 5689 euret.
888 5637 1180 5701 Quomodo
1197 5643 1282 5691 est
1315 5646 1504 5706 pastor
1523 5653 1688 5708 quem
1709 5641 1832 5709 plus
1857 5640 2140 5713 tangitin-

557 5723 788 5781 ﬁrmitas
809 5727 981 5797 porci,
1005 5729 1088 5783 vel
1120 5729 1288 5785 asinae
1314 5745 1446 5796 suae,
1464 5746 1626 5800 quam
1655 5732 1849 5788 anima:
1877 5733 2142 5790 Christia-

558 5813 677 5867 nm?
708 5813 765 5870 Si
819 5817 922 5873 hoc
971 5816 1177 5874 faciunt
1228 5829 1494 5889 pastores,
1539 5821 1668 5892 quid
1711 5820 1916 5880 faciunt
1968 5827 2141 5882 oves?

2225 4161 2346 4218 'vi's
2374 4162 2430 4216 in
2461 4159 2648 4232 pueris
2695 4159 3106 4224 excusationem
3151 4160 3379 4217 habent
3435 4158 3824 4232 nemssiuusin

2221 4287 2230 4308 τ
2254 4247 2378 4310 aliis
2438 4262 2622 4310 tamen
2691 4253 2896 4308 crimen
2930 4286 2932 4288 τ
2962 4234 3546 4316 liabet-voluntatis.
3607 4236 3832 4322 Quomoiti

2279 544 2544 608 membra.
2570 542 2767 602 Ovium
2807 554 2895 602 est
2919 545 3114 604 audire
3158 555 3211 601 et
3258 546 3489 602 obedire.
3537 550 3602 608 Sed
3631 556 3719 616 hodie

2275 637 2434 695 malae
2455 652 2612 703 oves,
2642 644 2891 707 pastores
2927 652 3061 695 suos
3105 637 3296 694 audire
3330 639 3542 702 uolunt;
3571 652 3605 697 et
3631 655 3723 704 modo

2274 731 2470 786 aiunt:
2499 729 2769 790 Praedicat
2807 731 3090 798 sacerdos,
3118 739 3177 787 ut
3224 746 3475 787 nummos
3512 745 3719 808 extorqueat

2275 823 2385 880 Sed
2413 832 2468 879 et
2511 823 2559 880 si
2591 823 2842 889 audiunt,
2890 823 3204 880 auditorum
3249 833 3396 880 certe
3437 841 3636 886 memores
3664 850 3726 890 ιοι

2273 925 2434 983 sunt;
2467 929 2567 972 nee
2587 916 2782 976 volunt
2801 915 3025 972 obedire
3043 917 3254 986 pastori
3273 932 3401 984 suo,
3435 919 3521 974 sed
3542 936 3625 976 eum
3639 925 3724 995 judi-

2266 1024 2419 1066 care.
2448 1008 2650 1076 Quare,
2688 1009 2968 1080 inquiunt,
3007 1010 3153 1080 quod
3201 1009 3321 1080 ipse
3361 1010 3597 1082 praedicas,
3626 1019 3729 1089 tuipse

2269 1117 2384 1164 non
2428 1101 2612 1158 facis?
2651 1121 2672 1156 ι
2707 1101 2790 1158 Tu
2839 1103 2934 1173 qui
2986 1103 3254 1172 praedicas
3300 1120 3410 1158 non
3455 1107 3725 1179 mit-chariton,

2265 1195 2599 1262 mmcliaris;
2624 1210 2734 1250 non
2755 1194 3074 1262 furandum,
3101 1195 3304 1252 iuraris
3327 1195 3494 1267 (Rom.
3515 1199 3577 1267 ιι).
3592 1221 3604 1251 ι
3621 1201 3732 1269 Qum.

2267 1289 2342 1344 do
2368 1289 2479 1343 duo
2507 1288 2590 1344 vel
2623 1297 2735 1344 tres
2761 1289 2967 1345 vadunt
2996 1288 3064 1345 ad
3088 1288 3269 1344 forum
3303 1289 3388 1344 vel
3413 1290 3477 1346 ad
3501 1291 3731 1362 villam,tunc

2261 1390 2555 1452 pastorem
2580 1397 2741 1438 suum
2764 1381 3036 1452 iudicant,
3069 1383 3325 1446 mordent
3348 1392 3400 1439 et
3425 1382 3644 1453 damnant,
3672 1407 3736 1446 non

2269 1479 2504 1527 attentes
2529 1471 2663 1527 illud
2681 1473 2832 1542 quod
2863 1471 3130 1530 Dominus
3155 1473 3274 1530 ait:
3311 1493 3330 1524 ι
3366 1472 3480 1528 Non
3502 1485 3564 1531 est
3582 1476 3736 1549 discipu-

2263 1562 2357 1618 lus
2387 1578 2550 1632 super
2574 1563 2900 1634 magistrum
2924 1563 3077 1635 (Luc.
3107 1565 3208 1636 vi).
3253 1585 3270 1616 ι
3319 1564 3389 1619 Et
3418 1565 3532 1622 illud
3557 1586 3566 1620 :
3599 1586 3612 1619 t
3642 1569 3743 1636 Qua-

2263 1671 2487 1726 eunque
2509 1655 2751 1712 dixerint
2769 1657 2929 1713 vobis
2955 1666 3171 1714 servate
3199 1667 3257 1716 et
3307 1657 3499 1724 facite;
3542 1663 3739 1716 secundum

2263 1763 2400 1804 vero
2433 1764 2600 1818 opera
2629 1764 2826 1805 eorum
2852 1749 3030 1808 nolite
3060 1748 3240 1806 facere
3269 1749 3489 1821 (Matth.
3517 1754 3651 1822 mn).
3674 1751 3748 1808 illi

2199 1821 2400 1897 Bmali
2446 1842 2542 1896 lilii
2569 1883 2586 1909 ,
2641 1843 3080 1904 maledictionem
3133 1844 3310 1900 Citam
3371 1821 3629 1900 incurrunt.
3660 1845 3746 1902 Cum

2254 1933 2414 1990 enim
2433 1931 2549 1991 Noe
2581 1933 2834 1992 inebriati
2861 1945 3189 2005 apparerent
3217 1935 3486 2005 pudenda,
3511 1934 3647 1991 Cll-ain
3673 1952 3754 1992 eum

2247 2032 2479 2114 περι-ἰδίῃ
2507 2030 2634 2089 Sem
2663 2046 2795 2088 vero
2814 2039 2867 2090 et
2893 2029 3473 2101 Japhetli,avertentes
3498 2031 3752 2097 oculos,eum

2248 2125 2602 2184 .vetaverunt.
2637 2122 2916 2194 Evigilans
2960 2120 3075 2178 Noe
3101 2122 3388 2178 maledixit
3427 2139 3589 2180 semen
3615 2123 3758 2184 Elian:

2245 2214 2394 2270 'Sem
2417 2229 2549 2270 vero
2569 2221 2627 2270 et
2654 2212 2852 2284 laphet
2873 2213 3154 2270 benedixit
3177 2211 3334 2281 (Gen.
3367 2216 3461 2284 ix).
3485 2212 3585 2270 Non
3601 2225 3678 2280 est,
3693 2213 3760 2268 ira-

2247 2305 2380 2362 tres
2406 2305 2536 2372 mei,
2559 2304 2760 2374 aliquis
2788 2312 2988 2376 pastor.
3025 2306 3101 2362 ita
3144 2304 3428 2376 perlectus
3475 2306 3592 2376 quin
3623 2306 3761 2376 aliquit

2241 2397 2580 2469 pudendum
2603 2397 2773 2455 faciat
2796 2399 3156 2468 quandoque.
3187 2396 3295 2454 Sed
3331 2399 3505 2454 malus
3543 2399 3659 2454 ﬁlius
3682 2415 3762 2454 eum

2255 2492 2476 2548 deridet
2503 2501 2558 2548 et
2591 2492 2860 2550 diffamat.
2893 2492 3240 2550 Bonusvero
3283 2493 3532 2550 subditus
3565 2501 3766 2564 malum

2263 2584 2514 2655 magistri
2544 2585 2632 2640 sui
2655 2585 2988 2652 dissimulat,
3032 2585 3165 2657 tegit
3194 2594 3252 2640 et
3286 2596 3530 2640 excusat.
3562 2583 3770 2654 Proptem

2240 2677 2355 2731 .liic
2382 2676 2842 2745 benedictionem,
2871 2678 2963 2733 ille
2994 2676 3229 2734 sortitur
3263 2675 3772 2746 maledictioneni.Sic.

2243 2767 2468 2824 ~l‘ratres
2504 2768 2633 2834 mei,
2667 2768 2798 2839 quia
2840 2769 3058 2840 utrique
3083 2768 3464 2839 peccavimus,
3497 2768 3679 2838 utrique
3715 2767 3778 2819 de-

2233 2860 2514 2928 .ﬂeamus,
2548 2860 2766 2933 utrique
2809 2862 2879 2917 ad
2931 2861 3315 2932 pmnitentiam
3377 2877 3702 2918 recurrantns.
3738 2860 3780 2912 Et

2233 2979 2237 2992 ι
2263 2969 2365 3009 nos
2387 2961 2448 3008 ut
2474 2953 2604 3010 boni
2635 2961 2888 3025 pastores
2913 2955 3109 3026 demus
3156 2955 3367 3012 amodo
3403 2971 3611 3027 operam
3639 2965 3685 3008 et
3715 2952 3784 3006 ire-

2263 3055 2519 3116 queater,
2545 3055 2610 3103 ut
2631 3049 3002 3120 evangelieam
3047 3049 3362 3106 doctrinam
3394 3050 3556 3106 verbo
3588 3059 3636 3105 et
3664 3063 3787 3103 exem-

2261 3138 2356 3207 plo
2381 3139 2538 3196 vobis
2587 3139 2927 3198 intimemus.
2961 3139 3070 3206 Vos
3112 3155 3366 3214 quoque,
3422 3153 3482 3197 ut
3524 3143 3661 3197 bona:
3689 3156 3792 3201 oves,

2259 3229 2384 3286 date
2423 3230 2622 3287 amodo
2652 3247 2877 3303 operam
2920 3242 2977 3289 et
3005 3232 3354 3305 frequenter,
3396 3246 3480 3304 ut,
3503 3235 3729 3292 audiendo
3759 3243 3793 3286 et

2259 3322 2586 3391 obediendo,
2611 3326 2931 3382 auditorum
2962 3344 2995 3382 a
3016 3328 3178 3384 vobis
3203 3332 3540 3386 memoriam
3561 3329 3749 3385 faciatis.
3830 3312 3831 3382 Ῠ

2332 3413 2595 3484 Sequitur
2625 3433 2753 3486 pars
2777 3419 3038 3486 secunda,
3075 3419 3129 3474 in
3152 3435 3266 3491 qua
3291 3423 3544 3478 ostendit
3563 3421 3797 3478 doctrinam

2255 3520 2417 3562 suam
2446 3516 2649 3564 tantam
2673 3519 2728 3566 et
2749 3511 2916 3573 talem
2952 3528 3096 3580 esse,
3129 3515 3294 3584 cujus
3327 3532 3609 3584 memores
3631 3529 3729 3570 esse
3742 3514 3806 3566 ὼε-

2257 3597 2444 3665 beant,
2469 3601 2712 3660 subdens
2741 3623 2753 3658 :
2783 3603 2908 3660 Non
2928 3607 3068 3662 enim
3091 3609 3305 3677 ineptas
3333 3608 3560 3678 fabulas
3585 3607 3804 3672 sectuse-
3830 3658 3831 3680 ξ

2260 3699 2373 3745 tam
2403 3693 2632 3761 facimus
2662 3696 2806 3751 vobis
2829 3696 3045 3753 Domini
3077 3700 3249 3754 nostri
3297 3700 3336 3754 .1
3341 3719 3445 3756 esu
3475 3700 3667 3758 Christi
3695 3687 3831 3752 sine?

2260 3792 2426 3838 temet
2443 3787 2790 3855 sapientiam.
2815 3788 2893 3846 Ac
2916 3790 2962 3847 si
2992 3791 3172 3853 dicat:
3197 3790 3326 3858 Non
3357 3793 3601 3856 fabulas,
3617 3790 3698 3848 sed
3716 3791 3831 3872 Terr1

2255 3882 2424 3930 tatem
2443 3879 2846 3950 etsapientiam
2857 3891 3046 3938 notam
3057 3882 3299 3946 iecimus
3329 3886 3524 3942 vobis.
3545 3883 3604 3939 In
3625 3899 3717 3956 quo
3732 3877 3831 3959 ωηοξ

2253 3963 2477 4022 demnat
2492 3983 2587 4024 eos
2605 3971 2725 4040 qui,
2739 3973 2962 4038 omissis
2977 3973 3323 4045 Evangeliis,
3344 3977 3548 4048 legunt
3559 3973 3820 4047 poeticasiz-

2254 4056 2436 4126 bulas,
2473 4061 2725 4122 bucolica
2763 4066 3013 4135 carmina
3053 4070 3497 4126 etemmelias.
3525 4070 3672 4138 Quod
3693 4081 3828 4138 quam-

2255 4355 2439 4403 autem
2494 4361 2592 4401 ore
2646 4345 2740 4400 illo
2783 4359 2896 4414 quo
2928 4345 3178 4414 quotidie
3230 4347 3469 4403 clamat
3512 4347 3710 4417 Jupiter
3746 4359 3828 4398 os-

2255 4440 2540 4509 nipotens,
2585 4446 2747 4495 vocat
2794 4439 2976 4494 divam
3027 4437 3312 4496 Venerem
3339 4485 3359 4508 ,
3425 4453 3487 4498 et
3541 4453 3720 4498 caetera
3757 4439 3832 4508 nui,

2254 4625 2460 4691 dicere,
2481 4641 2617 4694 pure
2631 4623 2852 4678 laudare
2881 4633 2936 4680 et
2958 4625 3152 4680 orare?
3171 4624 3412 4683 Notam
3432 4629 3680 4699 fecimus,
3694 4621 3832 4699 inquiti

2253 4718 2398 4772 vobis
2414 4717 2631 4772 Domini
2657 4717 2826 4772 nostri
2843 4716 2880 4770 J
2883 4735 2974 4772 esu
2992 4718 3194 4774 Christi
3206 4721 3546 4777 salvatoris
3561 4733 3610 4777 et
3633 4715 3744 4790 regis
3761 4715 3832 4770 εὶς-ι

2254 4820 2419 4866 tutem
2448 4820 2499 4866 et
2520 4812 2861 4878 sapientiam.
2879 4809 3013 4866 .Non
3035 4813 3115 4867 ait
3140 4813 3597 4874 humanitatem
3626 4815 3702 4871 vel
3731 4813 3818 4868 ini:

2254 4905 2522 4970 mitatem,
2551 4919 2676 4974 qum
2696 4903 2954 4960 omnibus
2979 4914 3108 4960 nota
3133 4917 3308 4975 sunt,
3326 4911 3440 4966 sed
3476 4909 3751 4967 incredulis
3771 4889 3832 4958 ai

2251 4995 2420 5060 biam,
2453 4995 2704 5051 ﬁdelibus
2729 5004 2932 5050 certam
2966 4995 3229 5052 virtutem
3265 5009 3337 5054 et
3369 5003 3722 5072 sapientiam.
3749 4995 3832 5052 frti

2249 5098 2385 5153 tres,
2415 5104 2541 5143 cum
2574 5087 2842 5144 Dominus
2874 5097 3060 5158 posset
3089 5105 3191 5144 nos
3219 5091 3474 5149 virtute
3503 5104 3685 5165 aperta
3718 5101 3760 5146 et
3779 5105 3828 5142 9-

2249 5179 2455 5250 pientia
2505 5177 2795 5245 redimere,
2865 5179 3062 5247 noluit,
3109 5180 3206 5237 sed
3275 5181 3349 5238 in
3382 5186 3734 5242 'inlirmitate
3773 5183 3829 5236 lit

2251 5289 2412 5327 mana
2425 5271 2971 5328 occultavitdivinam
2983 5273 3252 5331 virtutem
3263 5321 3285 5343 ,
3301 5289 3372 5334 et
3401 5283 3466 5336 in
3484 5278 3767 5350 insipienti-1
3781 5289 3822 5329 ει

2249 5363 2532 5433 pientiam.
2557 5361 2875 5432 lnsipientia
2891 5365 3040 5419 enim
3067 5366 3186 5438 visa
3216 5366 3352 5426 fuit
3408 5373 3825 5440 hominibusqu

2252 5455 2396 5511 Deus
2419 5455 2573 5522 ﬁeret
2594 5456 2780 5520 homo,
2803 5457 2950 5526 quod
2977 5456 3380 5526 impassibilis
3421 5477 3718 5536 pateretur.
3740 5473 3823 5531 qu

2233 5548 2317 5603 im
2325 5548 2852 5604 mortalismoreretu
2861 5547 3102 5605 r.V’irtus
3112 5565 3260 5621 ergo
3275 5553 3397 5612 Dei
3418 5575 3524 5629 per
3537 5558 3820 5616 inlumina

2243 5639 2444 5695 devicit
2479 5639 2805 5696 diabolicam
2831 5640 3108 5699 virtutem.
3139 5642 3477 5716 Sapientia
3493 5652 3612 5719 Dei,
3638 5668 3720 5724 per
3747 5643 3819 5702 id

2243 5731 2501 5802 pientiam
2523 5731 2652 5787 vicit
2667 5732 3040 5789 calliditatem.
3071 5753 3090 5786 ι
3115 5734 3245 5793 Nos
3265 5737 3820 5812 przndieamusjnqd

2242 5824 2520 5881 Christum
2541 5824 2882 5895 cruciﬁxum,
2905 5824 3108 5884 Judmis
3125 5831 3395 5900 quidem
3417 5840 3814 5902 scandalum?!

3827 4439 3832 4567 ι

3827 4818 3832 4900 ς
