3844 6318
563 336 696 393 “is

1807 329 2159 422 RADULPHI
2225 329 2576 390 ARDENTIS

3645 348 3731 406 liii

564 466 656 507 se:
681 447 974 520 assumpsit
1002 446 1224 504 Petrum
1245 485 1263 514 ,
1302 453 1354 502 et
1383 442 1644 500 Iacobum
1666 452 1715 500 et
1750 442 2014 499 Joannem
2041 444 2158 514 fra-
2183 448 2235 510 Α
2260 446 2522 516 perficere
2545 443 2715 518 (Phil.
2744 447 2837 526 ri).
2860 445 3020 516 Quod
3053 449 3301 507 sentiens
3338 467 3546 524 sponsa,
3578 459 3620 514 in
3643 462 3734 521 can.

565 551 696 595 mm
739 540 880 610 ejus,
933 548 1042 595 etc.
1104 537 1287 593 Voluit
1318 537 1520 608 quippe
1565 534 1834 590 Dominus
1868 535 2157 592 ostendere
2259 535 2384 592 ticis
2422 536 2763 592 canticorum
2793 537 2994 595 clamat
3025 556 3290 612 sponsum
3324 559 3338 597 :
3367 541 3560 602 «Trahc
3581 566 3735 623 mem

560 631 850 704 discipulis
897 631 1020 687 suis
1057 628 1287 701 gloriam
1311 643 1469 684 suam
1489 667 1505 695 ,
1537 633 1664 681 ante
1696 634 1927 681 mortem
1956 640 2151 693 suam;

2217 695 2220 698 ἢ
2257 634 2330 693 te,
2353 643 2640 684 curremus
2661 627 2715 683 in
2729 629 2898 686 odore
2914 641 3320 702 unguentorum
3342 643 3539 692 tuorum
3554 637 3734 715 (Cauta).

562 724 863 796 potentiam
916 738 1096 790 suam,
1147 729 1276 790 ante
1308 719 1621 790 passionem
1651 734 1811 776 suam
1839 735 1856 786 ;
1888 718 2152 774 honorem
2254 716 2394 776 Hinc
2414 731 2468 778 et
2491 721 2815 800 Psalmista:
2848 743 2868 776 ι
2891 724 3092 782 Beatus
3117 724 3203 782 vir
3223 727 3380 798 cujus
3405 738 3480 785 est
3505 735 3735 795 auxilium:

562 829 749 881 suum,
785 821 913 869 ante
939 801 1194 883 injuriam
1221 826 1399 866 suam.
1418 808 1485 865 Et
1510 809 1615 866 hoc
1640 808 1838 881 triplici
1865 809 1933 866 de
1962 824 2148 865 causa.

2253 821 2308 870 te
2335 813 2510 886 (Psal.
2537 816 2828 887 sxum)»
2864 816 3082 884 Quare?
3101 815 3241 884 Quia
3268 827 3321 874 te
3345 819 3391 874 ei
3420 819 3589 878 bonam
3609 829 3738 883 volun-

560 904 746 961 Prima
778 913 882 974 est,
910 904 1172 976 quoniam
1206 902 1271 957 in
1298 903 1405 959 ﬁde
1439 887 1744 958 divinitatis
1791 911 1848 959 et
1896 902 2153 974 potentiae
2251 913 2418 961 tatem
2438 906 2761 978 inspirante,
2784 927 2802 960 ι
2827 909 3181 966 ascensiones
3204 909 3260 965 in
3278 911 3434 967 corde
3453 916 3739 987 suodisposuit

561 1017 677 1058 sua:
711 1015 807 1056 eos
845 999 1258 1069 corroboraret,
1287 1007 1346 1052 ut
1373 997 1622 1053 videlicet
1659 997 1878 1069 quando
1905 996 2153 1074 viderent
2255 997 2460 1072 (ibid.),
2497 1020 2539 1072 ι¹
2571 1013 2844 1072 quatenus
2882 1004 3242 1074 corporaliter
3268 1004 3441 1084 adhuc
3474 1022 3650 1065 maneat
3675 1014 3740 1068 tiu

558 1111 684 1150 eum
716 1094 864 1166 pati,
901 1093 1105 1150 scirent
1134 1091 1284 1163 quod
1321 1107 1431 1147 non
1473 1090 1542 1146 de
1581 1091 1909 1147 necessitate
1934 1100 2150 1162 patere-

558 1198 683 1254 tur,
715 1186 810 1242 sed
841 1185 911 1241 de
938 1186 1237 1241 voluntate.
1293 1182 1548 1240 Secunda
1597 1193 1706 1252 est,
1765 1193 2040 1256 quatenus
2091 1184 2148 1240 in

553 1277 942 1332 demonstratae
975 1276 1167 1347 gloria:
1206 1275 1540 1332 desiderium
1571 1264 1788 1332 animos
1818 1290 2012 1331 eorum
2051 1271 2148 1331 ac?

553 1366 830 1422 cenderet.
858 1365 1072 1434 ,Tertia,
1097 1374 1211 1434 est,
1242 1375 1516 1437 quatenus
1551 1365 1618 1421 de
1663 1365 1783 1421 visa
1833 1365 2007 1437 gloria
2045 1380 2148 1422 sua

550 1475 647 1515 eos
688 1471 801 1525 tam
835 1459 1027 1516 ﬁrmos
1074 1474 1241 1530 quam
1280 1466 1653 1534 verostestes
1686 1458 1944 1514 efﬁceret.
1992 1456 2147 1516 Unde

553 1552 730 1608 tribus
756 1568 878 1608 eam
903 1552 1182 1620 ostendit,
1219 1551 1481 1622 quoniam
1505 1551 1663 1623 juxta
1707 1552 1881 1624 legem
1903 1595 1918 1620 ,
1949 1552 2004 1608 in
2049 1567 2146 1610 ore

551 1645 789 1699 duorum
838 1645 926 1699 vel
985 1645 1155 1700 trium
1213 1645 1437 1702 testium
1467 1685 1484 1711 ,
1544 1653 1654 1700 stat
1699 1659 1863 1700 omne
1914 1644 2144 1700 verbum

554 1733 746 1804 (Deut.
800 1750 894 1789 xix
913 1733 956 1806 ).
1023 1733 1092 1789 Et
1149 1733 1238 1790 his
1292 1734 1622 1806 sibiemagis
1671 1732 2036 1797 familiaribus
2087 1743 2144 1790 et

2250 1093 2389 1149 valle
2430 1094 2829 1166 lacrymarum,
2869 1094 2925 1150 in
2970 1096 3095 1152 loco
3124 1097 3309 1168 [quem
3346 1099 3737 1174 posuit(ibid.).r

2250 1184 2316 1241 Et
2335 1201 2432 1257 per
2455 1203 2618 1257 quem
2648 1188 2794 1258 quod
2815 1187 3090 1258 disposuit
3111 1188 3293 1245 facere
3331 1193 3544 1261 poterit?
3569 1193 3742 1251 «Etenim

2247 1275 2652 1332 benedictiones
2681 1278 2982 1349 gratiarum
3037 1279 3190 1334 dabit
3230 1280 3528 1353 legistator;
3559 1284 3676 1338 ibqu
3703 1287 3743 1342 de

2247 1365 2448 1424 virtute
2474 1369 2529 1424 in
2561 1369 2840 1438 virtutem,
2868 1369 3143 1449 videbitur
3176 1370 3324 1428 Deus
3359 1373 3568 1429 deorum
3595 1376 3636 1429 in
3663 1376 3744 1432 Sion

2249 1460 2450 1534 (ibid.).
2473 1482 2491 1514 ι
2533 1459 2671 1517 Ubi?
2712 1461 2770 1516 ln
2802 1471 2990 1518 monte
3020 1477 3294 1519 seorsum.
3335 1465 3436 1541 Qui
3475 1467 3602 1521 enim
3634 1485 3746 1525 merr-

2247 1553 2453 1609 buntur
2502 1553 2610 1609 frui
2672 1555 2856 1611 divina
2912 1555 3144 1622 visione,
3177 1556 3599 1629 sublimabuntur
3643 1578 3750 1632 supra

2247 1661 2442 1703 omnes
2492 1646 2775 1718 rcprobos.
2827 1645 2991 1703 Juxta
3037 1648 3174 1703 illud
3205 1667 3219 1703 :
3255 1668 3274 1700 ‹
3312 1648 3379 1704 Et
3411 1650 3748 1708 dominabuntur

2245 1751 2436 1792 eorum
2461 1737 2599 1808 justi
2624 1737 2679 1791 in
2722 1737 2994 1792 matutino
3033 1735 3208 1809 (Psal.
3235 1740 3448 1810 vam),
3482 1758 3500 1790 ι
3525 1750 3572 1795 et
3602 1757 3754 1812 separa-

552 1797 810 1898 perfectis
832 1831 863 1896 ξ,
913 1797 982 1884 ut
1039 1827 1356 1885 ostenderet
1405 1797 1709 1885 divinitatis
1759 1843 1964 1884 arcana
2019 1837 2142 1884 tan-
2171 1797 2219 1860 Β
2247 1797 2548 1906 buntur'in
2585 1837 2848 1884 internum
2892 1829 2962 1884 ab
2987 1797 3088 1885 eis.
3142 1826 3296 1884 Unde
3317 1797 3752 1902 .etls'criptum'ext:

553 1929 672 1976 tum
718 1919 1085 1984 familiaribus
1126 1931 1182 1978 et
1210 1920 1492 1992 perfectis
1539 1937 1662 1977 esse
1688 1921 2001 1977 revelauda.
2045 1919 2142 1978 Est

552 2018 737 2068 autem
792 2011 910 2067 haec
977 2011 1142 2077 lectio
1209 2011 1629 2083 quadripartita.
1693 2011 1880 2069 Primo
1939 2013 2143 2085 quippe

552 2102 884 2160 describitur
932 2101 1202 2160 Dominus
1246 2112 1383 2175 tres
1438 2104 1739 2176 discipulos
1797 2105 2024 2164 duxisse
2083 2106 2140 2160 in

551 2203 796 2252 montem
834 2213 851 2264 ;
907 2197 1188 2266 secundo,
1241 2197 1574 2268 promissam
1626 2198 1898 2256 visionem
1936 2199 2020 2256 eis
2040 2197 2140 2255 de-

549 2297 915 2356 monstrasse;
949 2290 1132 2370 tertio,
1157 2305 1254 2348 eos
1283 2297 1591 2361 prostratos
1616 2290 1891 2361 erexisse,
1917 2300 2138 2363 quarto,

551 2397 621 2438 ne
644 2382 761 2438 visa
781 2382 889 2439 nisi
915 2391 1041 2454 post
1065 2383 1524 2441 resurrectionem
1549 2400 1707 2441 suam
1731 2385 2035 2442 revelarent
2055 2379 2140 2440 iri-'-

549 2475 820 2532 hibuisse.
1001 2509 1007 2515 -
2125 2544 2127 2548 .

545 2625 547 2628 g
624 2566 813 2644 Primo
847 2567 1016 2640 igitur
1037 2567 1372 2625 describitur
1401 2568 1669 2626 Dominus
1695 2579 1807 2627 tres
1840 2568 2140 2650 discipulos

545 2658 794 2728 duxisse,
823 2674 949 2715 cum
978 2659 1180 2716 dicitur
1205 2679 1218 2715 :
1250 2658 1381 2715 Post
1414 2661 1526 2717 dies
1548 2678 1640 2716 sea:
1663 2663 1952 2734 assumpsit
1978 2661 2137 2719 Iesus

544 2753 788 2824 Petrum,
810 2766 860 2813 et
881 2757 1142 2813 Iacobum
1163 2768 1213 2814 et
1238 2757 1502 2814 Joannem
1526 2760 1769 2830 fratrem,
1787 2769 1894 2816 etc.
1922 2759 1980 2815 In
2003 2775 2137 2832 quo,

545 2845 746 2905 fratres
767 2849 898 2917 mei,
919 2849 1098 2906 innuit
1118 2851 1279 2908 nobis
1303 2865 1420 2920 sex,
1445 2850 1698 2907 videlicet
1717 2851 1964 2923 quando,
1980 2860 2136 2923 quot,

545 2939 666 3010 qui,
697 2942 994 3012 quomodo,
1025 2959 1120 3014 per
1141 2959 1306 3014 quem
1330 2952 1386 3000 et
1409 2944 1502 3000 ubi
1527 2944 1598 3000 ad
1624 2944 2137 3016 contemplationem

545 3033 748 3091 divinae
799 3036 987 3108 gloria!
1027 3037 1140 3093 sint
1186 3039 1524 3110 perventuri.
1579 3037 1844 3105 Quando?
1891 3036 2023 3093 Post
2045 3053 2139 3092 sea:

2249 1940 2268 1994 ᾳ
2292 1920 2538 1977 Tollatur
2559 1922 2762 1994 impius
2785 1938 2853 1978 ne
2871 1922 3056 1979 videat
3075 1921 3310 1995 gloriam
3324 1922 3417 1979 Dei
3455 1922 3582 1992 (ha.
3610 1931 3750 1994 κω..

2316 2012 2594 2083 Secundo,
2670 2014 3004 2070 des‘cribitur
3062 2013 3330 2071 Dominus
3389 2018 3677 2087 promissam
3705 2019 3758 2072 ri-

2241 2107 2454 2164 sionem
2494 2108 2760 2180 apostolis
2802 2108 3099 2176 revelasse,
3125 2124 3251 2165 cum
3289 2109 3520 2164 dicitur:
3555 2109 3615 2163 Et
3638 2121 3755 2164 trau-

2239 2201 2503 2273 ﬁguratus
2533 2210 2613 2256 est
2644 2210 2767 2257 ante
2791 2218 2901 2270 eos,
2949 2210 3055 2258 etc.
3102 2190 3256 2269 Tria,
3279 2199 3475 2258 fratres
3508 2203 3620 2270 mei,
3654 2219 3757 2258 rere-

2239 2291 2426 2372 lantur
2447 2295 2509 2350 in
2531 2295 2635 2351 hac
2657 2294 2867 2350 visione
2892 2295 3179 2366 apostolis,
3204 2295 3456 2351 videlicet
3503 2296 3670 2367 gloria,
3693 2312 3759 2350 au-

2240 2388 2466 2444 ctoritas
2488 2395 2541 2443 et
2570 2396 2764 2442 natura
2787 2387 2972 2444 divina
2999 2385 3132 2444 Jesu
3154 2386 3383 2444 Christi.
3409 2387 3582 2443 Gloria
3601 2388 3761 2460 quippe,

2239 2497 2406 2553 quam
2447 2481 2736 2538 habiturus
2762 2482 2859 2554 ,vel
2897 2481 3129 2538 daturus
3157 2491 3279 2538 erat
3318 2483 3434 2539 suis
3483 2483 3536 2538 in
3569 2499 3762 2538 resurre-

2237 2573 2425 2651 Actione
2449 2574 2879 2642 demonstratur,
2901 2591 3027 2632 cum
3053 2571 3286 2631 dicitur:
3316 2574 3766 2647 Transﬁgitur-sat

2240 2676 2363 2722 ante
2412 2682 2521 2735 eos,
2574 2675 2623 2720 et
2675 2666 2999 2737 resplendut't
3037 2667 3202 2738 facies
3243 2667 3378 2738 ejus.
3409 2667 3558 2725 Tune
3609 2669 3769 2740 mor-rio

2239 2759 2620 2832 transﬁgurari
2653 2759 2872 2828 dicitur,
2905 2775 3032 2816 cum
3068 2769 3330 2817 manente
3355 2761 3540 2817 eadem
3568 2762 3769 2817 substan-

2230 2835 2338 2920 itia,
2369 2859 2581 2905 tantum
2605 2849 2842 2920 qualitas
2871 2858 2926 2905 et
2961 2858 3139 2907 status
3186 2851 3336 2908 circa
3379 2866 3502 2906 eum
3547 2861 3771 2906 transmu-

2240 2951 2412 2998 tatur.
2445 2940 2649 2998 Volens
2690 2957 2821 3015 ergo
2858 2940 3127 2999 Dominus
3178 2943 3554 3000 demonstrare
3596 2943 3776 3015 gloriam

2239 3036 2685 3104 resurrectionis,
2724 3036 3090 3092 substantiam
3123 3053 3282 3093 suam
3341 3052 3452 3092 non
3497 3045 3672 3104 mutat,
3707 3034 3777 3089 sed

545 3124 688 3193 dies,
718 3124 770 3180 id
795 3134 881 3181 est
908 3135 1032 3197 post
1058 3142 1150 3183 sex
1178 3137 1368 3185 aetates
1390 3128 1684 3184 mundana:
1709 3128 1867 3196 vitm;
1897 3127 1954 3183 in
1972 3127 2140 3199 pietate
2167 3153 2214 3216 ο
2241 3137 2454 3186 tantum
2487 3144 2546 3184 se
2576 3129 2950 3200 transﬁgurat,
2981 3128 3220 3184 innuens
3258 3129 3418 3184 nobis
3445 3128 3587 3199 quod
3634 3128 3681 3182 in
3718 3139 3783 3180 re-

547 3217 822 3289 septima,
861 3235 984 3290 quae
1024 3217 1410 3276 defunctorum
1464 3228 1585 3289 est,
1640 3219 1907 3292 incipient
1957 3220 2134 3277 sancti

440 3373 442 3375 ,
547 3309 605 3364 in
633 3311 822 3366 anima
851 3310 958 3365 frui
1007 3311 1176 3383 gloria
1227 3311 1347 3368 Dei.
1390 3311 1617 3368 Fruitur
1645 3312 1836 3368 eadem
1863 3312 1920 3368 in
1951 3313 2135 3368 anima

539 3409 857 3474 etcorpore
905 3405 960 3459 in
999 3414 1226 3472 octava,
1263 3405 1317 3462 id
1359 3415 1444 3462 est
1489 3406 1546 3461 in
1595 3407 2016 3463 resurrectione.
2070 3407 2137 3463 Et

542 3496 692 3551 unde
738 3505 794 3552 et
843 3497 991 3554 hunc.
1042 3498 1226 3554 locum
1257 3498 1578 3558 describens
1622 3501 1764 3557 alius
1805 3502 2134 3573 evangelista

542 3585 704 3644 dicit:
741 3608 760 3640 ι
787 3587 920 3644 Post
962 3598 1090 3646 octo
1135 3587 1319 3661 (Joan.
1357 3592 1532 3662 xx),-i
1569 3592 1855 3649 includens
1895 3594 2134 3664 primum

541 3687 600 3736 et
638 3690 947 3738 extremum
973 3683 1142 3739 diem.
1174 3683 1355 3752 Quot?
1384 3695 1496 3742 tres
1524 3691 1774 3755 tantumj,
1822 3685 1877 3742 id
1907 3695 1990 3743 est
2025 3696 2137 3742 tres

543 3772 767 3829 ordines
820 3785 1024 3832 sancta:
1072 3775 1364 3844 Ecclesiae,
1420 3777 1631 3834 scilicet
1683 3777 2134 3851 conjugatorum,

543 3864 944 3939 continentium
1002 3877 1059 3924 et
1120 3869 1396 3941 virginum
1429 3911 1446 3938 ,
1503 3870 1599 3942 qui
1657 3870 1816 3942 juxta
1885 3871 2134 3926 ordinem

545 3973 708 4014 suum
739 3969 886 4018 recte
916 3960 1125 4018 vivunt.
1172 3961 1479 4022 Fornicarii
1530 3964 1734 4036 quippe
1777 3973 1833 4020 et
1869 3964 2135 4033 adulteri,

525 4052 770 4120 moechi,
810 4051 1111 4112 Sodomita;
1144 4057 1437 4128 ceterique
1457 4056 1652 4128 polluti
1683 4057 1752 4114 ad
1792 4057 1991 4114 divinae
2017 4058 2138 4130 glo-

545 4141 644 4200 ria:
685 4143 953 4204 visionem
1007 4149 1319 4206 nullatenus
1361 4159 1492 4208 sunt
1530 4151 1847 4222 perventuri
1881 4149 1946 4222 (Ι
1997 4150 2133 4208 Cor.

544 4249 638 4304 vr;
679 4235 714 4296 1
771 4236 908 4294 Tim.
952 4240 1036 4310 ι).
1104 4240 1248 4310 Qui?
1317 4241 1511 4300 Simon
1570 4242 1805 4312 Petrus,
1872 4243 2136 4311 Jacobus,

542 4325 804 4397 Joannes,
825 4329 880 4387 id
905 4340 991 4389 est
1020 4333 1370 4402 obedientes,
1405 4334 1664 4390 vitiorum
1701 4335 2140 4406 supplantatorcs

544 4429 600 4476 et
619 4421 868 4491 gratiosi.
899 4422 1004 4490 Qui
1047 4425 1194 4482 enim
1246 4425 1359 4481 Deo
1409 4435 1466 4482 et
1511 4426 1815 4497 majoribus
1861 4427 1980 4482 suis
2027 4441 2139 4482 non

2235 3214 2575 3282 surrectione
2598 3220 2902 3278 substantia
2935 3221 3226 3278 hominum
3258 3238 3369 3279 non
3409 3224 3690 3288 auferetur,
3712 3221 3782 3275 sed

2235 3325 2447 3372 tantum
2495 3315 2734 3384 qualitas
2771 3314 3096 3382 mutabitur,
3134 3315 3406 3370 malorum
3445 3316 3498 3370 in
3530 3313 3786 3386 pejus,bo-

2237 3423 2436 3465 norum
2469 3407 2524 3463 in
2553 3407 2770 3463 melius.
2804 3407 2962 3474 Quod
2983 3408 3303 3478 expressius
3355 3407 3666 3472 ostenditur,
3690 3421 3783 3460 cum

2237 3499 2516 3557 subditur:
2552 3499 2623 3554 Et
2649 3499 2970 3571 resplenduit
3005 3500 3170 3570 facies
3201 3487 3317 3570 ejus
3365 3502 3502 3554 sicut
3543 3500 3638 3564 sol,
3664 3497 3790 3551 resti-

2237 3597 2411 3643 menta
2435 3596 2612 3642 autem
2633 3587 2746 3658 ejus
2771 3589 2917 3659 facta
2938 3597 3061 3642 sunt
3101 3588 3226 3643 alba
3267 3585 3409 3642 sicut
3454 3590 3567 3654 nix,
3599 3595 3788 3642 testante

2236 3680 2364 3736 alibi
2398 3678 2649 3735 Domino.
2685 3699 2703 3733 ι
2732 3679 3040 3752 Fulgebunt
3065 3680 3202 3751 justi
3225 3681 3370 3736 sicut
3418 3680 3499 3735 sol
3556 3680 3610 3733 in
3657 3691 3792 3748 regno

2237 3773 2500 3830 cmlorum
2525 3771 2746 3844 (Matth.
2771 3773 2916 3843 xm).
2945 3792 2963 3824 ι
2993 3771 3162 3828 Multo
3190 3773 3371 3844 major
3398 3788 3528 3845 ergo
3546 3781 3629 3827 est
3655 3770 3795 3842 glori:

2235 3864 2466 3932 Christi,
2493 3873 2548 3921 et
2569 3865 2734 3921 etiam
2759 3875 3078 3921 sanctorum
3105 3865 3406 3920 multorum
3431 3867 3512 3938 (ut
3535 3864 3797 3928 eratiratus)

2239 3976 2406 4032 quam
2467 3960 2622 4016 solis.
2680 3957 2787 4015 Sed
2836 3958 2882 4015 si
2927 3959 3132 4015 clarius
3171 3958 3482 4029 exemplum
3510 3957 3800 4016 invenisset.

2239 4053 2372 4108 illud
2393 4053 2690 4124 posuisset.
2721 4050 2828 4108 Sed
2858 4067 2979 4119 nec,
3007 4052 3174 4107 etiam
3226 4050 3496 4106 Dominus
3536 4049 3800 4116 Jesus,es—

2239 4144 2414 4200 tendit
2439 4143 2671 4216 gloriam
2700 4143 2784 4198 vel
2816 4158 2973 4198 suam
3001 4142 3085 4197 vel
3122 4149 3463 4208 sanctorum,
3498 4140 3605 4196 nisi
3656 4153 3809 4210 quan—

2239 4247 2356 4294 tum
2385 4237 2604 4292 inﬁrma
2638 4235 3037 4307 discipulorum
3067 4235 3214 4290 acies
3245 4233 3336 4289 hic
3370 4243 3586 4305 poterat
3619 4232 3806 4301 aliquo-

2239 4333 2404 4387 modo
2447 4329 2669 4386 intueri.
2731 4327 2888 4386 Unde
2950 4337 3006 4384 et
3052 4324 3382 4385 vestimenta
3429 4327 3552 4399 ejus
3602 4324 3810 4383 madida

2242 4426 2386 4482 sicut
2418 4425 2599 4481 nivem
2622 4422 3040 4490 demonstravit,
3068 4438 3196 4478 cum
3228 4422 3370 4478 stola
3401 4421 3581 4478 beata
3609 4421 3811 4476 immer-

545 4514 839 4584 obediunt,
875 4519 1082 4590 quique
1109 4520 1242 4576 vitia
1265 4519 1528 4575 certando
1560 4534 1671 4575 non
1703 4519 1959 4586 vincunt,
2009 4517 2136 4590 qui-
2162 4508 2212 4570 D
2239 4517 2464 4572 talitatis
2495 4516 2694 4585 induti,
2732 4515 2979 4571 vestibus
3032 4529 3143 4569 nou
3192 4514 3478 4586 indigeant
3503 4513 3717 4580 vestiri,
3744 4523 3812 4565 ul-

545 4622 653 4677 que
681 4623 712 4664 a
733 4610 906 4680 gratia
937 4610 1035 4667 Dei
1065 4611 1224 4668 vacui
1246 4620 1397 4679 sunt,
1419 4611 1489 4667 ad
1522 4611 1940 4690 divintegloria:
1966 4612 2133 4668 visio-

543 4713 672 4754 nem
712 4702 999 4771 pervenire
1031 4718 1142 4762 non
1186 4711 1442 4773 possunt.
1471 4702 1800 4772 Quomodo?
1840 4705 2135 4760 ascenden-

543 4790 648 4860 do,
677 4793 981 4850 laborando
1002 4836 1018 4863 ,
1057 4803 1112 4850 et
1131 4796 1198 4852 de
1221 4795 1420 4851 virtute
1459 4796 1515 4852 in
1545 4796 1802 4853 virtutem
1836 4796 2131 4868 prolicien-

545 4883 637 4941 do.
661 4883 764 4953 Qui
796 4887 944 4943 enim
976 4887 1032 4941 in
1058 4887 1170 4944 imo
1193 4887 1532 4959 voluptatum
1554 4889 1925 4959 vitiorumque
1951 4903 2127 4944 rema-

546 4987 698 5048 nent,
742 4994 1090 5053 nequaquam
1122 4983 1192 5038 ad
1234 4980 1331 5038 Dei
1376 4983 1890 5054 contemplationem
1936 4997 2128 5053 perve-

521 5075 668 5133 nire
695 5076 913 5145 valent,
959 5077 1056 5135 sed
1109 5078 1295 5150 potius
1331 5079 1724 5136 sub‘vertuutur
1765 5087 1823 5134 et
1864 5077 2133 5132 damnan-

509 5174 659 5224 tur.
727 5165 884 5225 Unde
945 5177 1022 5232 et
1081 5168 1186 5226 Lot
1213 5212 1230 5240 ,
1279 5171 1719 5228 subversionem
1785 5170 2135 5226 Sodomiticze

545 5247 845 5330 voluptatis
900 5261 1240 5335 luxuriaeque
1299 5261 1573 5336 fugienti,
1645 5263 1874 5335 angelus
1934 5277 2136 5319 consu-

545 5348 672 5420 luit,
704 5352 894 5410 dieens
948 5374 987 5411 :-
1015 5373 1036 5410 ι
1078 5355 1192 5413 Nec
1235 5357 1509 5414 manseris
1559 5356 1692 5424 hic,
1749 5371 1852 5412 nec
1903 5355 1960 5410 in
2010 5370 2135 5410 om.

502 5445 608 5501 -ni
645 5444 1121 5520 circumregione,
1182 5449 1279 5506 sed
1330 5449 1388 5505 in
1438 5458 1625 5504 monte
1672 5447 1885 5502 salvum
1943 5455 1997 5526 te
2045 5444 2132 5501 fac

549 5535 702 5609 (Gen.
719 5539 858 5611 xix).
883 5559 902 5594 ι
924 5539 1027 5598 Per
1051 5542 1248 5614 quem?
1267 5540 1370 5597 Per
1389 5540 1691 5597 Christum.
1717 5536 1911 5594 Nullus
1931 5537 2132 5609 quippe

549 5630 762 5688 viribus
783 5633 867 5688 vel
905 5634 1119 5691 meritis
1155 5634 1272 5691 suis
1307 5632 1606 5691 ascendere
1638 5631 1804 5699 valet,
1830 5630 1938 5686 nisi
1970 5629 2135 5685 fuerit
2190 5696 2194 5700 δ

503 5765 505 5768 ‹
549 5731 870 5794 assumptus
891 5739 988 5794 per
1011 5725 1295 5781 electionis
1323 5724 1574 5797 gratiam,
1591 5731 1647 5778 et
1668 5722 1867 5778 ductus
1888 5736 1984 5793 per
2008 5735 2134 5790 gra-

549 5815 680 5873 tiam
733 5825 1120 5904 cooperantem
1164 5818 1236 5874 ab
1279 5833 1346 5874 eo
1390 5817 1484 5888 qui
1521 5815 1674 5873 solus
1706 5815 1800 5871 dat
1842 5825 1899 5871 et
1916 5813 2053 5870 velle
2079 5821 2134 5871 et

2239 4617 2364 4682 pote
2385 4610 2478 4681 qui
2503 4609 2571 4665 de
2597 4617 2795 4665 caetero
2832 4623 2932 4663 nec
2948 4606 3122 4679 frigus
3148 4622 3250 4662 nec
3275 4606 3546 4678 pudorem
3573 4608 3685 4662 sint
3711 4619 3810 4676 per

2237 4703 2472 4774 pessuri.
2506 4702 2611 4757 Sed
2641 4717 2736 4774 per
2759 4699 2979 4768 faciem,
3003 4701 3277 4768 animam;
3303 4716 3402 4772 per
3421 4701 3814 4759 vestimentum.

2237 4811 2438 4867 corpus
2464 4795 2786 4868 designavit.
2820 4793 3222 4850 Convenienter
3255 4794 3460 4865 quippe
3504 4794 3688 4849 anima
3717 4809 3831 4860 qua:

2236 4889 2308 4946 ad
2332 4889 2627 4960 imaginem
2655 4897 2709 4944 et
2739 4887 3152 4943 similitudinem
3182 4885 3281 4942 Dei
3314 4896 3499 4942 creata
3530 4895 3636 4954 est,
3672 4886 3822 4939 facies

2237 4977 2454 5035 Domini
2483 4979 2706 5046 dicitur,
2729 4977 2989 5048 quoniam
3019 4992 3116 5049 per
3135 4991 3258 5032 eam
3297 4974 3576 5032 Dominus
3606 4993 3638 5031 δ
3681 4976 3831 5056 notisi

2237 5077 2291 5124 et
2312 5069 2367 5123 in
2387 5069 2544 5124 nobis
2567 5067 2937 5140 cognoscitur.
2960 5065 3113 5122 Unde
3135 5060 3431 5124 Psalmista
3455 5085 3471 5123 :
3508 5086 3530 5120 ι
3551 5065 3679 5124 Tibi
3704 5065 3831 5122 dixit:

2231 5177 2328 5218 cor
2361 5178 2542 5216 meum
2573 5179 2586 5215 :
2628 5159 2937 5232 Exquisivit
2965 5169 3017 5215 te
3054 5159 3222 5216 facies
3247 5176 3402 5226 mea,
3431 5158 3633 5216 faciem
3666 5171 3831 5218 tuam,

2205 5317 2208 5320 ,
2232 5255 2484 5323 Domine,
2515 5255 2795 5326 requiram
2826 5253 3002 5326 (Psal.
3033 5252 3204 5325 xxvi).
3232 5272 3252 5306 ι
3275 5251 3558 5326 Quoniam
3580 5253 3738 5309 enin
3766 5251 3832 5306 εἰς

2231 5351 2386 5407 milia
2408 5349 2678 5406 similibus
2700 5349 2954 5421 gaudent,
2984 5347 3151 5402 facies
3172 5347 3371 5401 anima:
3387 5355 3620 5423 nostra,
3641 5344 3831 5418 facium

2237 5443 2355 5512 Dei,
2383 5443 2450 5498 ad
2477 5442 2637 5514 cujus
2675 5440 2966 5512 imaginem
3022 5447 3205 5494 creata
3242 5436 3356 5504 est,
3402 5452 3630 5508 semper

2238 5533 2570 5590 desiderare.
2630 5529 2819 5586 Facies
2866 5529 3031 5601 igitur
3080 5527 3210 5583 Jesu
3256 5526 3492 5594 Christi,
3521 5527 3607 5581 vel
3675 5527 3832 5582 etiam

2234 5634 2575 5693 sanctorum,
2607 5625 2660 5679 in
2692 5622 3093 5679 resurrectione
3114 5621 3402 5691 fulgebunt
3435 5620 3586 5676 sicut
3640 5620 3756 5684 sol,

2233 5715 2603 5792 esttanquam
2662 5718 2826 5786 Deus,
2874 5733 2984 5772 non
3041 5725 3308 5787 quantum
3365 5713 3832 5786 Deus,qnonia!i

2190 5801 2194 5806 ’
2235 5815 2417 5872 anima
2457 5812 2892 5882 uniuscujusque
2937 5812 2991 5866 in
3026 5809 3467 5876 resurrectione,
3497 5810 3674 5880 juxta
3729 5827 3832 5864 me
