3844 6318
135 413 242 470 iii!»

1211 395 1544 454 HOMILUE.
1584 425 1652 437 -ο
1683 395 1723 452 1.
1756 395 2221 455 DETEMPORE.

3223 407 3364 468 μη

130 530 231 588 dum
261 505 435 589 suum,
491 497 598 577 erit
649 517 851 575 munda
896 517 1039 572 sicut
1085 513 1229 571 Deus
1271 513 1510 568 mundus
1557 493 1664 576 est,
1695 515 1740 571 Α
1768 509 1979 581 peteret
2001 505 2296 580 nesciebat,
2328 510 2422 583 qui
2451 523 2578 570 ante
2604 516 2830 573 humani
2859 520 3073 592 generis
3111 537 3209 594 per
3233 541 3364 580 san-

129 633 245 684 recta
268 622 403 678 sicut
430 618 574 673 Deus
597 624 779 672 rectus
805 621 919 681 est,
963 618 1152 668 sancta
1181 609 1323 666 sicut
1355 607 1500 664 Deus
1541 623 1670 663 san-

130 728 225 776 ctus
245 724 340 781 est,
365 712 565 768 ardens
597 711 741 765 sicut
768 706 910 763 Deus
947 704 1147 760 ardens
1183 711 1286 759 est.
1334 699 1673 757 Vestimch

120 803 247 875 vero,
274 807 322 861 id
351 814 431 860 est
459 818 715 874 corpora,
740 807 901 856 erunt
928 796 1160 853 candida
1210 795 1354 851 sicut
1398 793 1513 849 nix.
1565 791 1674 848 Nix

129 905 180 959 de
203 895 391 956 ctelesti
427 894 611 966 pluvia
655 908 751 964 per
793 890 1012 963 frigoris
1059 886 1492 961 magnitudinem
1541 899 1674 941 con-

131 991 373 1063 stringitur
396 997 449 1042 et
477 987 816 1042 candidatur.
848 981 953 1038 Per
981 983 1161 1037 nivem
1180 995 1330 1052 ergo,
1348 977 1673 1035 castimonia

131 1083 444 1157 significatur,
467 1095 591 1150 quae
612 1092 721 1132 non
752 1076 858 1132 nisi
881 1073 948 1130 de
965 1073 1173 1130 cmlesti
1192 1074 1362 1145 gratia
1381 1087 1476 1142 per
1490 1069 1674 1126 carnis

130 1173 558 1248 refrigerationem
600 1179 655 1226 et
694 1168 1110 1240 castigationem
1175 1166 1473 1221 obtinetur.
1518 1163 1675 1219 Unde

129 1269 295 1343 pariter
316 1274 530 1331 errant,
563 1263 645 1319 vel
687 1261 781 1335 qui
806 1261 926 1317 sine
959 1258 1055 1315 Dei
1091 1260 1286 1331 gratia,
1312 1259 1394 1313 vel
1434 1257 1530 1329 qui
1555 1257 1675 1314 sine

129 1360 278 1419 carnis
305 1357 678 1428 castigatione,
705 1361 903 1426 putant
938 1368 997 1408 se
1030 1351 1409 1407 castimoniam
1445 1348 1675 1420 adipisci

125 1469 278 1526 posse.
317 1450 555 1521 Corpora
600 1449 764 1520 igitur
807 1453 1122 1502 sanctorum
1170 1443 1225 1498 in
1273 1443 1676 1499 resurrectione

125 1555 258 1603 erunt
285 1546 420 1602 sicut
443 1544 535 1597 nix
561 1540 814 1607 candida,
847 1539 902 1595 id
927 1546 1011 1594 est
1041 1537 1292 1594 castitate
1316 1534 1674 1606 splendentia,

125 1630 352 1709 quoniam
393 1634 459 1690 de
486 1640 686 1689 caetero
725 1647 836 1687 non
881 1630 1110 1697 nubent,
1156 1644 1334 1699 neque
1377 1628 1674 1695 nubentur,

123 1729 202 1787 sed
226 1737 374 1784 erunt
407 1727 651 1798 virgines
671 1734 726 1780 et
760 1723 898 1781 casti
939 1724 1082 1779 sicut
1118 1723 1296 1794 angeli
1336 1721 1430 1777 Dei
1458 1721 1513 1776 in
1537 1721 1701 1777 caelo

126 1820 316 1891 (Matth.
341 1819 500 1892 xxn).
547 1817 861 1874 Auctoritas
886 1832 1017 1872 vero
1045 1814 1171 1872 Iesu
1198 1815 1405 1871 Christi
1443 1815 1674 1870 demon-

1772 601 1993 674 guinem
2034 602 2163 660 Iesu
2205 603 2411 662 Christi
2455 608 2908 680 redemptionem,
2945 623 3000 668 et
3025 625 3150 671 ante
3176 616 3360 672 Evan-

1771 693 1898 766 gelii
1948 694 2414 765 praedicationem,
2446 697 2674 769 gloriam
2726 702 3055 771 postulabat.
3096 705 3238 770 Quid
3267 722 3364 777 πιθα

1765 788 1910 842 teret
1954 787 2252 856 nesciebat,
2281 789 2376 861 qui
2425 790 2482 846 in
2528 793 2936 849 constructione
2979 797 3364 854 tabernaculo-

1769 895 1918 946 rum,
1951 878 2181 936 Domino
2210 897 2397 939 servos
2421 883 2762 956 adaquabat.
2797 885 2858 941 ιη
2887 885 2991 944 hoc
3015 897 3199 944 tamen
3225 891 3366 947 bene

1771 971 2037 1050 sapiebat,
2067 974 2215 1044 quod
2259 990 2386 1031 cum
2432 975 2666 1033 Domino
2711 993 2930 1050 semper
2976 995 3098 1036 esse
3149 980 3368 1038 desid&

1773 1065 1951 1133 rabat,
1994 1073 2050 1121 et
2095 1067 2245 1138 quod
2292 1068 2534 1125 divinam
2563 1071 2900 1127 voluntatem
2941 1089 3056 1128 sua:
3084 1086 3369 1144 praepone-

1774 1153 1888 1222 bat,
1915 1169 2039 1210 cum
2070 1155 2210 1211 dixit
2243 1174 2258 1212 :
2291 1155 2350 1213 Si
2376 1159 2476 1226 vis,
2503 1159 2785 1230 faciamus.
2831 1161 2910 1218 Ac
2949 1162 2994 1217 si
3019 1161 3166 1219 dicat
3194 1179 3210 1218 :
3241 1161 3366 1218 Non

1773 1262 1896 1302 mea
1917 1248 2193 1317 voluntas,
2220 1252 2313 1306 sed
2343 1261 2436 1307 tua
2459 1252 2570 1308 fiat.
2598 1252 2772 1321 Quem
2801 1271 2904 1311 nos
2930 1239 3231 1325 imitantes,
3256 1255 3370 1312 fra-

1774 1346 1888 1394 tres
1913 1339 2043 1407 mei,
2066 1356 2282 1412 semper
2309 1357 2434 1398 cum
2464 1343 2695 1401 Domino
2722 1362 2947 1404 manere
2967 1349 3368 1416 desideremus,

1775 1446 1991 1502 semper
2018 1448 2072 1486 tn
2101 1433 2455 1503 petitionibus
2504 1438 2708 1495 nostris
2747 1440 2988 1496 divinam
3035 1443 3368 1498 voluntatem

1775 1532 1980 1579 nostra}
2007 1539 2408 1596 praeponcmus.
2443 1527 2633 1585 Divina
2680 1547 2813 1588 vero
2853 1542 3047 1591 natura
3096 1537 3370 1593 revelatur

1776 1627 1902 1668 cum
1934 1614 2188 1670 subditur
2218 1634 2232 1671 :
2265 1618 2453 1672 Adhuc
2479 1636 2539 1674 eo
2563 1621 2825 1692 loquente,
2856 1641 2972 1681 ecce
3001 1627 3162 1682 nubes
3186 1628 3370 1683 lucida

1775 1704 2104 1761 obumbravit
2130 1724 2253 1775 eos;
2286 1719 2335 1764 et
2357 1727 2473 1766 ecce
2499 1727 2599 1767 vos:
2629 1713 2694 1768 de
2731 1715 2865 1771 nube
2887 1717 3088 1787 dicens,
3110 1728 3215 1776 etc.
3243 1719 3372 1778 Sive

1781 1797 1884 1852 hoc
1911 1811 2236 1868 pronomen,
2285 1819 2392 1870 eos,
2430 1802 2700 1860 referatur
2725 1807 2793 1862 ad
2823 1807 3044 1882 Moysen
3089 1819 3144 1866 et
3173 1809 3371 1879 Eliam,

122 1888 302 1971 strator
323 1888 676 1970 cumvdicitur
710 1929 725 1967 :
761 1909 832 1966 Et
864 1917 1225 1982 apparuerunt
1269 1910 1344 1964 eis
1386 1909 1590 1980 Moyses
1627 1918 1677 1964 et

1795 1888 1900 1944 sive
1926 1889 1993 1944 ad
2020 1889 2266 1960 Petrum,
2291 1903 2345 1949 et
2383 1893 2670 1966 Iacobum,
2703 1906 2758 1954 et
2792 1897 3081 1969 Joannem,
3128 1902 3270 1959 idem
3292 1914 3378 1960 est

123 2005 256 2060 Elius
281 2023 395 2060 cum
422 2021 482 2060 eo
517 2005 806 2077 loquentes.
843 2001 905 2058 ιιι
929 2002 1034 2058 hoc
1060 2002 1260 2073 quippe
1285 1999 1683 2058 demonstravit

122 2097 426 2170 Redemptor
467 2106 657 2154 noster
687 2111 747 2152 se
780 2109 904 2152 esse
933 2093 1227 2150 Dominum
1275 2094 1415 2165 legis
1462 2100 1519 2149 et
1549 2107 1682 2164 pro-

119 2191 404 2264 phetarum,
433 2189 724 2246 Dominum
744 2189 996 2244 vivorum
1028 2195 1081 2243 et
1111 2196 1479 2255 mortuorum,
1504 2185 1686 2241 Domi-

119 2300 233 2340 num
259 2272 377 2339 cmli
407 2292 463 2339 et
493 2291 670 2338 ten-aa.
702 2279 877 2335 Porro
929 2278 1222 2334 Dominum
1274 2277 1411 2350 legis
1457 2287 1513 2334 et
1556 2293 1686 2349 pro-

116 2377 382 2448 phetarum
409 2391 470 2431 se
494 2390 618 2431 esse
647 2373 904 2440 ostendit,
923 2388 1048 2428 cum
1083 2371 1447 2443 legislatorem
1477 2379 1531 2427 et
1559 2385 1688 2443 pro-

116 2469 382 2540 phetarum
413 2466 700 2534 eximium,
728 2463 951 2536 quando
995 2471 1050 2518 et
1094 2463 1186 2518 ubi
1236 2463 1429 2529 voluit,
1461 2462 1566 2518 sibi
1591 2477 1684 2518 as-

114 2561 349 2618 sistentes
379 2559 792 2617 demonstravit.
845 2557 1136 2613 Dominum
1163 2557 1412 2612 vivorum
1450 2563 1505 2612 et
1533 2569 1686 2611 mor-

113 2663 316 2710 tuorum
345 2670 405 2710 se
429 2669 554 2709 esse
582 2652 841 2719 ostendit,
871 2649 1092 2721 quando
1136 2659 1410 2704 mortuum
1443 2647 1687 2720 Moysen,

111 2756 160 2803 et
202 2745 370 2802 Eliam
422 2747 478 2802 in
529 2746 786 2819 paradiso
813 2745 1108 2809 viventem,
1145 2743 1366 2814 quando
1393 2752 1448 2799 et
1472 2742 1568 2799 ubi
1594 2757 1691 2798 vo—

109 2842 224 2910 luit,
252 2841 353 2897 sibi
378 2841 702 2898 assistentes
726 2847 780 2895 et
805 2839 1179 2910 colloquentes
1203 2836 1471 2892 exhibuit.
1500 2835 1690 2892 Domi-

110 2949 234 2988 num
258 2934 380 2990 caeli
406 2942 462 2989 et
487 2941 648 2989 teme
691 2948 750 2988 se
775 2945 898 2990 esse
938 2921 1296 2998 demonstrat,
1325 2945 1450 2985 cum
1479 2929 1561 2986 sic
1587 2943 1691 3000 po-

108 3027 350 3083 testative
388 3027 499 3083 illis
541 3026 848 3098 imperavit,
877 3025 1022 3097 quod
1043 3021 1240 3080 'statim
1268 3030 1412 3078 terra
1443 3020 1690 3093 Moysen,

108 3125 160 3174 et
188 3119 385 3175 caelum
415 3117 591 3173 Eliam
630 3116 704 3172 ibi
734 3115 1098 3188 praesentavit.
1129 3113 1332 3182 Quales
1377 3119 1559 3168 autem
1590 3111 1692 3168 visi

107 3220 252 3280 sunt,
283 3221 335 3267 et
363 3211 498 3282 quid
525 3226 651 3266 cum
678 3225 744 3265 eo
777 3206 943 3264 locuti
971 3216 1122 3274 sunt,
1150 3205 1329 3262 Lucas
1357 3204 1584 3276 exponit
1608 3204 1694 3261 dl-

81 3313 234 3359 ‘cens
266 3320 280 3357 :
318 3322 336 3355 ι
368 3300 485 3358 Visi
517 3309 647 3357 sunt
681 3301 735 3355 in
767 3299 1088 3371 majestate,
1117 3297 1360 3354 dicentes
1403 3312 1693 3354 excessum

105 3409 266 3465 quem
311 3394 686 3465 completurus
741 3399 862 3447 erat
899 3391 953 3445 in
983 3389 1321 3445 Hierusalem
1351 3387 1504 3460 (Luc.
1538 3387 1637 3458 rx).
1668 3405 1688 3441 ι

105 3487 249 3544 Sane
277 3487 332 3542 in
361 3487 470 3541 hoc
499 3484 646 3558 quod
675 3484 943 3539 Dominus
971 3482 1339 3554 legislatorem
1371 3489 1425 3536 et
1454 3480 1694 3552 prophe-

99 3588 280 3633 tarum
311 3579 598 3644 eximium,
639 3591 826 3632 secum
874 3575 929 3629 in
979 3573 1282 3644 maiestatis
1307 3573 1478 3642 gloria
1508 3580 1694 3627 osten-

98 3668 195 3737 dit,
233 3669 587 3726 demonstrat
615 3683 674 3724 se
703 3667 1016 3738 spirituales
1062 3666 1198 3737 legis
1245 3673 1598 3719 exsecutores
1643 3672 1697 3718 et

93 3762 494 3834 [s'opbetarum
521 3775 708 3817 secum
741 3758 997 3829 ingloria
1025 3757 1475 3828 gloritlcaturum.
1507 3753 1566 3810 ln
1593 3754 1698 3810 hoc

93 3870 224 3913 vero
249 3855 408 3928 quod
437 3869 747 3920 excessum,
770 3867 934 3924 quem
961 3851 1338 3922 completurus
1366 3858 1484 3904 erat
1511 3849 1699 3919 loque-

89 3949 324 4018 bantur,
375 3958 564 4020 aperte
601 3949 1010 4004 demonstratur
1034 3945 1180 4016 quod
1210 3945 1296 4001 lex
1342 3951 1397 3999 et
1422 3943 1699 4014 propheta:

88 4043 514 4098 consentientes
557 4041 1084 4112 praenuntiaverunt,
1131 4047 1184 4092 et
1231 4037 1286 4092 in
1337 4051 1404 4092 eo
1431 4039 1700 4093 veraciter

85 4132 382 4204 adimpleti
439 4140 590 4187 sunt.
641 4131 814 4186 Porro
859 4129 1160 4185 delectatus
1206 4126 1399 4184 Petrus
1444 4128 1499 4182 in
1529 4127 1699 4183 divini

83 4225 420 4297 splendoris
441 4234 493 4279 et
515 4224 701 4296 gloriae
722 4223 1205 4293 contemplatione,
1228 4221 1368 4277 dixit
1382 4221 1449 4276 ad
1472 4219 1658 4276 Iesum
1682 4238 1696 4276 :

78 4321 304 4376 Bonum
343 4327 428 4374 est
456 4335 550 4372 nos
573 4317 658 4371 hic
690 4333 821 4371 esse.
868 4315 975 4371 Sed
1006 4331 1130 4370 cum
1162 4314 1358 4370 Petrus
1386 4313 1443 4368 in
1472 4312 1700 4368 umbra-

76 4415 196 4471 tilis
243 4413 561 4484 brevisque
589 4410 773 4483 gloria:
800 4408 1032 4475 visione,
1064 4409 1333 4478 tantisper
1381 4405 1604 4479 gavisus
1646 4412 1702 4461 et

71 4507 412 4564 delectatus
461 4504 552 4572 sit,
581 4513 642 4559 ut
673 4518 889 4574 semper
934 4502 1009 4557 ibi
1059 4501 1217 4555 vellet
1249 4516 1491 4567 manere,
1525 4515 1702 4571 quan-

1790 1995 2023 2049 sensus,
2062 1984 2323 2054 quoniam
2364 1988 2587 2058 utrique
2621 1989 2934 2046 obumbrati
2995 2001 3145 2049 sunt.
3175 1991 3258 2048 Illi
3301 2011 3373 2051 ne

1783 2072 2101 2154 viderentur
2144 2076 2215 2132 ab
2249 2077 2405 2146 istis;
2438 2087 2493 2135 et
2520 2080 2611 2136 isti
2642 2096 2712 2138 ne
2737 2080 2990 2140 viderent
3011 2099 3126 2142 eos.
3155 2084 3336 2154 Quare
3355 2088 3382 2142 τ

1761 2175 1844 2220 Διιι
1874 2153 1996 2222 istis
2030 2177 2242 2224 certum
2273 2181 2418 2227 esset
2444 2172 2591 2245 quod
2633 2173 2842 2244 Iesum,
2872 2175 2969 2248 qui
3016 2178 3168 2236 solus
3207 2194 3380 2250 appa-

1785 2258 1960 2326 rebat,
1989 2275 2090 2314 vox
2133 2260 2313 2319 Patris
2352 2262 2421 2319 de
2465 2266 2611 2322 nube
2633 2268 3010 2324 testimonium
3046 2270 3379 2341 perhiberet.

1757 2348 1926 2406 ‘Ecce
1972 2353 2294 2424 mysterium
2339 2354 2646 2415 Trinitatis.
2711 2358 2885 2417 Filius
2937 2361 3380 2435 transﬁguntur,

1790 2442 2028 2514 Spiritus
2075 2455 2301 2504 sanctus
2340 2465 2436 2519 per
2469 2452 2669 2508 nubem
2707 2467 2834 2509 eum
2866 2454 2936 2510 ab
2972 2454 3094 2512 aliis
3124 2457 3380 2522 secernit,

1789 2535 1953 2593 Pater
1978 2554 2076 2610 per
2105 2555 2294 2596 vocem
2327 2543 2579 2600 eumdem
2619 2547 2875 2602 ostendit.
2914 2546 3069 2603 Sicut
3105 2548 3251 2603 enim
3283 2548 3382 2604 ba-

1788 2628 1995 2699 ptizato
2018 2629 2272 2700 Domino,
2297 2631 2456 2688 Pater
2494 2634 2549 2688 in
2593 2649 2749 2703 voce,
2780 2634 3017 2707 Spiritus
3040 2645 3286 2705 sanctus,
3325 2638 3382 2694 in

1765 2757 1768 2760 η
1790 2723 2044 2779 columba
2067 2724 2439 2781 testimonium
2456 2726 2878 2798 perhibuerunt,
2900 2729 2980 2784 sic
3001 2729 3177 2785 eidem
3203 2737 3390 2784 trans-

1791 2815 2026 2889 figurato
2057 2815 2219 2874 Pater
2248 2819 2503 2876 similiter
2537 2822 2592 2876 in
2630 2837 2784 2890 voce,
2811 2820 3052 2893 Spiritus
3088 2837 3219 2878 vero
3253 2837 3381 2878 sane

1791 2916 1914 2965 ctus
1940 2909 1996 2964 in
2023 2909 2169 2965 nube
2210 2911 2388 2967 lucida
2426 2913 2798 2968 testimonium
2843 2913 2990 2971 fecit.
3030 2913 3176 2970 Bene
3203 2923 3386 2970 autem

1792 3017 1960 3072 super
2017 3003 2352 3074 baptizatum
2400 3004 2695 3061 Dominum
2743 3005 2982 3078 Spiritus
3051 3016 3276 3063 sanctus
3332 3006 3388 3062 in

1793 3093 2048 3149 columba
2117 3095 2400 3166 apparuit,
2463 3098 2686 3167 quando
2745 3098 2952 3154 Christi
3012 3098 3387 3155 innocentiam

1795 3185 2315 3259 simplicitatennlue
2362 3189 2794 3258 demonstrabat,
2843 3207 2941 3263 per
3002 3208 3169 3263 quam
3230 3202 3285 3248 et
3319 3193 3389 3248 ad

1796 3295 1963 3350 quam
1992 3279 2249 3337 Christus
2279 3281 2530 3338 homines
2570 3299 2666 3354 per
2694 3284 3028 3354 baptismum
3066 3285 3388 3341 advocabat.

1796 3369 1943 3427 Bene
1973 3388 2104 3428 vero
2132 3390 2296 3444 super
2333 3375 2784 3446 transfiguratum
2833 3376 2890 3431 in
2939 3376 3085 3431 nube
3117 3377 3390 3446 apparuit,

1797 3465 2060 3535 quoniam
2107 3481 2233 3520 eum
2267 3465 2445 3520 solum
2475 3482 2598 3523 esse
2655 3467 2711 3522 in
2757 3467 2863 3522 alia
2907 3467 3016 3522 vita
3063 3468 3296 3539 tegimen
3337 3476 3394 3522 et

1797 3556 1982 3612 lumen
2032 3566 2348 3613 sanctorum
2393 3557 2844 3625 demonstrabat,
2890 3557 3392 3632 tabernaculorum,

1795 3665 1922 3721 quae
1970 3649 2168 3705 Petrus
2225 3651 2558 3721 postulabat,
2590 3660 2645 3706 et
2705 3651 2840 3706 solis
2893 3665 2998 3706 usu
3051 3650 3280 3721 pariter,
3329 3659 3394 3706 ut

1765 3773 1770 3776 -
1797 3741 2042 3798 Ioannes
2057 3741 2112 3797 in
2146 3741 2469 3815 Apocalypsi
2497 3741 2777 3813 perhibet,
2801 3750 3070 3798 cessante.
3101 3760 3123 3796 ι
3159 3741 3224 3798 Et
3253 3751 3394 3798 tem-

1759 3867 1762 3869 λ
1799 3835 1979 3906 plum,
2006 3834 2204 3905 inquit,
2230 3850 2339 3890 non
2362 3835 2472 3891 vidi
2496 3836 2550 3890 in
2572 3850 2636 3890 ea
2659 3853 2674 3890 :
2699 3834 2844 3892 Deus
2867 3836 3015 3891 enim
3045 3835 3394 3908 omnipotens

1765 3975 1768 3978 .
1801 3927 2068 3999 templum
2089 3927 2239 3984 illius
2259 3936 2364 3996 est,
2403 3936 2458 3983 et
2477 3927 2688 4000 Agnus.
2717 3926 2785 3983 Et
2805 3928 3002 3985 civitas
3021 3928 3112 3984 illa
3135 3945 3244 3984 non
3270 3937 3396 4002 eget

1761 4053 1766 4057 ι
1797 4019 1916 4074 sole
1939 4028 1994 4075 et
2028 4019 2192 4087 luna;
2219 4035 2348 4074 nam
2392 4019 2614 4076 claritas
2665 4019 2761 4076 Dei
2817 4019 3092 4077 illuminat
3127 4022 3300 4090 illam,
3337 4029 3396 4078 et

1799 4109 2023 4166 lucerna
2037 4110 2158 4181 ejus
2169 4118 2254 4166 est
2265 4109 2456 4182 Agnus
2477 4111 2663 4182 (Apoc.
2684 4111 2824 4185 xxi).
2837 4131 2859 4166 ι
2890 4111 3024 4169 Ecce
3043 4129 3163 4181 uox,
3187 4113 3391 4184 inquit,

1799 4203 1864 4257 de
1886 4203 2020 4258 nube
2042 4203 2244 4258 dicens.
2276 4201 2384 4258 Hic
2407 4212 2463 4258 et
2493 4219 2605 4260 non
2630 4205 2794 4272 alius,
2809 4214 2889 4260 est
2917 4206 3186 4262 naturalis
3211 4204 3393 4260 Filius

1801 4312 1946 4351 meus
1975 4295 2222 4365 dilectus,
2245 4296 2455 4354 scilicet
2480 4297 2536 4352 in
2565 4313 2678 4369 quo
2707 4298 2845 4353 nihil
2863 4306 2950 4354 est
2967 4299 3073 4353 nisi
3096 4298 3388 4370 diligibilc;

1765 4427 1768 4432 -
1799 4389 1859 4444 in
1893 4407 2017 4461 quo,
2059 4389 2114 4446 id
2140 4399 2245 4458 est,
2277 4391 2333 4446 in
2371 4389 2534 4462 cujus
2573 4391 2944 4463 generatione,
2973 4391 3268 4462 complacui
3292 4391 3396 4444 mi-

1762 4523 1768 4526 .
1801 4481 1888 4545 hi;
1911 4483 2073 4553 quiin
2087 4481 2416 4538 formatione
2439 4483 2968 4556 bominisquondam
2987 4482 3395 4556 quodammodo

71 4610 193 4656 tum
247 4597 504 4672 putatis,
551 4595 749 4651 fratres
791 4596 920 4663 mei,
951 4593 1232 4666 gaudium,
1275 4601 1589 4664 quantaque
1619 4593 1703 4648 di-
1733 4602 1778 4658 ι)
1805 4574 2367 4672 ιξξίίξίάίδβιίξυίνρθυω
2389 4575 2766 4672 ωυιξίρμίεειιίε
2787 4576 3394 4672 ἥο-ωὶηυΨ-εοείθιῆὺυε

65 4697 240 4754 lectio
266 4696 396 4752 erit
429 4693 483 4748 in
507 4693 597 4748 illa
623 4707 752 4748 vera
773 4699 997 4759 aeterna,
1025 4690 1291 4760 beataque
1315 4690 1485 4761 gloria
1507 4689 1705 4745 divina:

63 4791 350 4854 visionis,
415 4806 437 4840 ‹
474 4786 531 4842 in
560 4801 727 4858 quam
775 4784 950 4857 angeli
995 4799 1210 4855 semper
1239 4783 1551 4840 desiderant
1576 4799 1706 4854 pro-

63 4885 299 4956 spicere
333 4879 406 4952 (I
434 4878 582 4934 Patr.
612 4879 675 4950 ι).
706 4897 726 4931 ι
768 4876 828 4932 Si
857 4882 955 4943 vis,
979 4875 1175 4948 inquit,
1201 4875 1466 4946 faciamus
1489 4874 1575 4928 hic
1597 4875 1704 4929 tria

63 4971 483 5039 tabernacula,
520 4971 617 5024 tibi
649 4986 835 5037 unum,
869 4968 1042 5039 Moysi
1064 4983 1247 5034 unum,
1280 4975 1332 5021 et
1355 4965 1493 5021 Elite
1516 4983 1702 5022 unum.

58 5067 208 5123 Cum
267 5065 501 5121 Petrus
545 5061 725 5117 adhuc
751 5061 804 5115 in
834 5074 999 5116 carne
1028 5059 1240 5130 positus
1290 5058 1347 5112 in
1393 5058 1706 5113 ostensione

59 5157 424 5216 umbratilis
469 5163 527 5210 et
570 5154 720 5210 brevi
767 5152 973 5226 glorise,
1005 5150 1228 5223 Moysen
1273 5159 1329 5205 et
1355 5148 1530 5204 Eliam
1558 5166 1704 5206 nun-

55 5267 240 5324 quam
279 5245 554 5318 amplius
582 5244 731 5299 visos
757 5240 1092 5314 cognoverit,
1127 5253 1293 5310 quam
1325 5247 1511 5310 aperta
1544 5248 1706 5309 puta-

55 5345 153 5412 tis,
193 5342 440 5398 fratres
470 5337 602 5403 mei,
631 5334 824 5390 notitia
857 5333 964 5388 erit
991 5331 1259 5400 omnium,
1295 5332 1352 5388 in
1382 5332 1473 5387 illa
1501 5347 1628 5388 vera
1650 5339 1708 5386 et

52 5445 278 5494 aeterna
313 5427 718 5489 beatitudine?
743 5426 1013 5482 Caeterum
1058 5425 1247 5492 etiam,
1275 5423 1536 5496 petitione
1566 5438 1704 5480 con-

50 5528 508 5585 struendorum
536 5521 1010 5576 tabernaculorum
1033 5518 1230 5575 Petrus
1255 5527 1422 5585 errat,
1444 5517 1704 5588 quoniam
1768 5555 1773 5562 .

47 5637 119 5679 ex
153 5621 378 5678 subito
411 5613 707 5683 nimioque
748 5613 948 5684 gaudio
993 5611 1364 5683 perturbatus,
1413 5618 1553 5666 teste
1597 5607 1706 5664 alio

48 5697 474 5786 evangelista,
499 5705 634 5776 quid
678 5713 883 5776 peteret
910 5704 1190 5760 nesciebat
1237 5702 1393 5774 (Luc.
1423 5703 1522 5789 tx).
1562 5700 1705 5768 Quid

47 5815 290 5882 peteret
315 5849 334 5872 ,
377 5797 680 5856 nesciebat
729 5797 824 5868 qui
868 5797 922 5852 in
973 5804 1174 5851 aeterna
1219 5793 1580 5861 beatitudine,
1612 5793 1708 5848 ubi

47 5907 214 5961 nulla
257 5894 666 5968 intemperies
690 5904 794 5965 est,
825 5892 1177 5952 tabernacula
1203 5891 1538 5966 postulabat.
1560 5888 1704 5952 Quid

1804 4666 1918 4723 dixi
1960 4683 1974 4720 :
2025 4687 2045 4720 ι
2094 4666 2330 4724 Ρωηὶιει
2379 4682 2470 4724 me
2497 4668 2693 4734 fecisse
2722 4669 2998 4724 hominem
3027 4667 3178 4739 (Gen.
3210 4669 3311 4739 vi).
3365 4685 3397 4721 »-

1761 4799 1774 4804 -
1803 4757 2013 4829 Ipsum,
2071 4757 2269 4829 inquit,
2322 4758 2525 4830 audite.
2557 4757 2728 4824 Quasi
2775 4759 2982 4814 diceret
3021 4776 3036 4813 :
3070 4755 3170 4812 llic
3195 4765 3283 4813 est
3325 4757 3394 4813 de

1803 4865 1916 4922 quo
1953 4849 2166 4922 Moyses
2217 4850 2296 4905 ait
2330 4866 2345 4903 :
2383 4869 2400 4903 ‹
2431 4848 2762 4920 Prophetam
2807 4850 3095 4906 suscitabit
3141 4850 3286 4906 Deus
3325 4851 3395 4906 de

1767 4939 2070 5002 ,fratribus
2117 4941 2338 5007 vestris,
2389 4941 2568 5011 ipsum
2614 4948 2873 5009 tanquam
2917 4956 3006 4995 me
3047 4941 3279 4996 audietis
3336 4941 3394 4995 in

1804 5033 2062 5089 omnibus
2088 5048 2212 5103 quae
2267 5033 2490 5087 locutus
2553 5031 2720 5086 fuerit
2759 5031 2938 5087 vobis.
2968 5029 3034 5086 Et
3063 5031 3246 5091 anima
3268 5047 3394 5102 qua:

1805 5139 1914 5178 non
1940 5123 2173 5178 audierit
2196 5139 2346 5190 cum,
2379 5122 2461 5178 vel
2491 5122 2545 5176 in
2587 5138 2669 5190 se,
2698 5121 2784 5177 vel
2813 5121 2869 5177 in
2915 5122 3033 5179 suis
3071 5122 3394 5193 praedicato—

1805 5216 1980 5283 ribus,
2001 5215 2197 5286 peribit
2221 5216 2288 5271 de
2314 5215 2514 5285 populo
2535 5231 2637 5276 suo
2661 5212 2843 5286 (Deut.
2869 5215 3048 5285 xvtu).
3084 5233 3104 5267 ι

1878 5306 2140 5377 Sequitur
2167 5323 2297 5377 pars
2327 5308 2508 5377 tertia,
2542 5308 2598 5363 in
2638 5324 2750 5380 qua
2785 5307 3050 5364 Dominus
3092 5316 3395 5378 prostratos

1805 5399 2106 5470 discipulos
2127 5400 2320 5472 erigit:
2343 5399 2487 5456 Nam
2514 5419 2635 5456 cum
2665 5401 2911 5457 audirent
2943 5400 3192 5471 discipuli
3221 5415 3395 5456 uocem

1804 5493 1997 5564 patris,
2021 5492 2319 5548 ceciderunt
2344 5494 2400 5548 in
2424 5494 2616 5564 faciem
2635 5511 2810 5562 suam,
2827 5504 2877 5548 et
2908 5495 3197 5554 timuerunt
3219 5489 3392 5548 ualde.

1807 5585 1952 5642 Ordo
1998 5594 2387 5656 praeposterus.
2432 5585 2511 5652 Ex
2560 5587 2838 5643 auditione
2891 5569 3092 5657 quippe
3145 5582 3298 5638 vocis
3327 5580 3398 5637 ti-

1806 5686 2084 5744 muerunt,
2109 5687 2164 5746 et
2185 5695 2249 5733 ex
2281 5679 2476 5735 timore
2516 5680 2845 5736 ceciderunt.
2880 5677 2986 5757 Ubi
3034 5677 3179 5732 enim
3211 5673 3396 5729 divina

1807 5770 2127 5844 magnitudo
2167 5771 2443 5842 panditur,
2475 5773 2715 5828 humana
2751 5772 3042 5827 inﬁrmitas
3081 5765 3401 5824 concutitur

1807 5876 1862 5923 et
1886 5863 2272 5936 prosternitur.
2302 5863 2406 5922 Sed
2433 5863 2592 5921 Iesus
2622 5865 2875 5920 humana:
2912 5859 3220 5935 fragilitatis
3249 5870 3399 5929 sem-

1823 6022 1826 6024 .
1852 6027 1904 6046 ,γ’
