3844 6318
151 391 256 459 id”

1167 369 1496 428 llOMlLlA'Z.
1525 399 1592 413 -ο
1618 368 1658 425 Ι.
1690 368 1780 422 DE
1808 365 2154 424 TEMPORE.

3188 365 3328 423 “18

147 509 254 586 quod
275 504 440 560 dicitur
467 509 616 568 parce
646 503 820 560 metet,
855 492 921 548 ad
957 489 1422 562 comparationem
1458 487 1631 557 majo-
1658 491 1704 550 Α
1735 484 1840 586 bis,
1883 483 2047 541 dicite
2073 501 2086 536 :
2108 481 2278 586 .Servi
2329 480 2549 586 inti-tiles
2593 479 3003 586 sunrusuquod
3033 481 3329 586 debuimus

144 582 232 660 rum
274 592 573 666 praemiorum
635 588 863 653 dicitur,
908 585 1198 656 quoniam,
1238 582 1500 654 Apostolo
1549 589 1630 635 te-

141 699 288 753 stante,
305 706 319 738 ι
336 683 467 740 stella
485 677 662 734 diKert
688 694 719 733 a
747 678 900 734 stella
923 677 978 731 in
997 675 1244 732 claritate
1266 673 1320 745 (1
1335 672 1460 730 Cor.
1475 671 1588 743 xv).
1603 690 1622 723 ι

139 781 350 842 Secundo,
391 775 712 831 demonstrat
744 771 1038 842 Apostolus
1077 768 1355 840 quomodo
1385 767 1626 823 eleemoo

137 890 234 948 syna
266 871 324 927 sit
355 865 612 933 facienda,
658 879 784 920 cum
819 863 1024 932 subdit,
1063 861 1420 933 unusquisque
1459 859 1624 925 enim,

132 963 325 1028 subaudi,
352 959 534 1015 tribuat
564 956 988 1027 elcemosynam,
1033 962 1188 1026 prout
1233 951 1535 1017 destinavit,
1571 949 1626 1005 id

131 1067 205 1123 est,
222 1049 464 1125 pr0posuit
497 1049 547 1104 in
573 1049 739 1105 corde
769 1063 893 1117 suo,
918 1047 1128 1105 scilicet
1159 1048 1353 1104 libero.
1388 1043 1456 1102 Et
1485 1060 1628 1117 quo-

127 1149 237 1203 niam
261 1144 452 1200 tristitia
481 1150 534 1198 et
563 1142 865 1198 necessitas
903 1141 1083 1197 solent
1131 1139 1316 1197 cordis
1369 1137 1625 1196 devotio~

126 1255 215 1295 netu
241 1236 520 1293 obnubilare
546 1243 599 1289 et
621 1233 904 1304 impedire,
934 1233 1137 1300 subdit,
1170 1248 1272 1287 non
1291 1248 1358 1287 ea;
1379 1233 1626 1298 tristitia,

122 1339 257 1383 astes
273 1327 566 1389 necessitate,
601 1322 652 1379 id
673 1333 775 1392 est,
800 1339 866 1379 ex
897 1325 1119 1380 tristitia
1146 1339 1268 1396 quae
1287 1323 1537 1394 provenit
1559 1337 1627 1379 ex

120 1421 392 1478 necessitate.
421 1417 585 1475 Porro
619 1435 682 1475 ex
715 1419 933 1475 tristitia
959 1419 1128 1475 donat
1159 1418 1252 1490 qui
1280 1415 1336 1472 in
1368 1417 1626 1490 ambiguo

117 1513 300 1569 donandi
326 1512 401 1567 vel
432 1525 535 1566 non
572 1512 812 1566 donandi
848 1511 1080 1582 positus,
1120 1525 1261 1581 pene
1305 1518 1488 1581 negat.
1529 1509 1627 1564 sed

115 1606 295 1676 quadam
325 1603 635 1659 necessitate
656 1603 974 1674 compulsus
1001 1602 1191 1658 donat.
1221 1599 1394 1657 Vocat
1435 1610 1624 1656 autem

113 1694 343 1766 Apostolus
404 1695 779 1750 necessitatem
811 1738 826 1763 ,
883 1695 1181 1766 quamdam
1233 1693 1576 1750 coactionem
1605 1733 1622 1759 ,

109 1803 233 1856 quam
255 1786 368 1842 facit
389 1787 709 1858 quibusdam
729 1787 922 1858 tepidis
939 1787 1023 1844 vel
1048 1785 1261 1858 frigidis
1283 1787 1600 1842 mandatum

110 1877 170 1930 vel
187 1877 552 1947 importunitas,
577 1877 662 1933 vel
688 1879 884 1948 pudor,
917 1880 999 1935 vel
1022 1879 1336 1950 promissio,
1360 1879 1443 1934 vel
1469 1892 1619 1944 caro,

104 1971 164 2024 vel
181 1969 478 2040 hujusmodi.
517 1968 752 2037 Quidam
784 1971 930 2028 enim
967 1987 1078 2027 non
1107 1987 1172 2027 ex
1205 1971 1614 2042 compassionc,

104 2060 173 2116 sed
194 2061 326 2132 quasi
356 2077 417 2118 ex
449 2059 693 2117 mandati
718 2062 1024 2130 coactione,
1061 2061 1320 2133 inopibus
1351 2061 1620 2130 tribuunt,

101 2156 140 2209 in
157 2171 245 2224 quo
271 2155 346 2210 vel
368 2155 521 2221 nihil,
548 2155 636 2210 vel
670 2170 864 2226 parum
888 2164 1186 2211 merentur.
1217 2155 1324 2209 Alii
1349 2170 1497 2223 vero,
1517 2155 1622 2209 imo-

102 2245 377 2314 pmtunitate
405 2244 764 2319 indigentium
791 2247 1082 2318 compulsi,
1109 2257 1169 2303 ut
1204 2247 1363 2303 taedio
1402 2256 1626 2302 careant

98 2338 316 2405 tribuunt;
339 2337 431 2410 qui
456 2341 650 2411 procul
675 2339 840 2396 dubio
872 2356 984 2397 rem
1007 2351 1062 2396 et
1089 2340 1344 2396 meritum
1367 2338 1619 2410 perdunt.

97 2431 174 2485 Alii
199 2448 327 2500 vero,
355 2433 599 2490 videntes
628 2434 783 2504 juxta
822 2447 882 2490 se
925 2433 1128 2489 multos
1159 2432 1362 2488 multas
1388 2431 1625 2487 elcemo-

93 2535 220 2592 spias
241 2523 443 2589 dantes,
471 2524 685 2595 pudore
708 2524 1000 2596 compulsi,
1032 2535 1140 2578 non
1170 2522 1354 2593 aliqua
1379 2537 1626 2594 compas-

93 2613 214 2669 sione
238 2615 511 2685 tribuum;
545 2615 642 2688 qui
675 2615 920 2688 profecto
942 2615 1078 2672 nihil
1106 2625 1388 2670 merentur
1423 2614 1506 2670 vel
1529 2629 1627 2685 pa-

89 2722 198 2761 rum.
225 2708 322 2764 Alii
346 2726 572 2781 quoque
600 2726 711 2766 non
740 2727 808 2766 ex
832 2711 1014 2781 aliqua
1039 2709 1259 2780 pietate,
1290 2709 1384 2765 sed
1407 2725 1474 2765 ex
1496 2725 1625 2780 pro-

90 2802 298 2857 missione
309 2819 472 2874 quam
485 2803 735 2860 fecerunt
749 2803 1044 2875 compulsi,
1061 2804 1310 2858 tribuunt
1328 2821 1342 2870 ;
1368 2804 1460 2874 qui
1479 2802 1626 2858 simi-

85 2894 176 2950 liter
193 2897 263 2952 vel
286 2911 500 2969 parum,
536 2897 625 2953 vel
652 2897 787 2952 nihil
812 2905 1110 2965 merentur,
1125 2897 1219 2953 sed
1242 2895 1445 2952 dictum
1463 2911 1622 2952 suum

84 2988 432 3042 redimunt.Alii
443 2983 1212 3058 vero,carnispropinquitate
1222 2987 1626 3057 rompulsi,non

77 3079 648 3152 ciraritateparentibus
669 3091 723 3136 et
751 3081 999 3152 cognatis
1015 3081 1133 3136 suis
1145 3081 1414 3148 tribuunt,
1431 3096 1502 3136 ex
1513 3095 1626 3151 quo

79 3170 180 3226 nihil
206 3157 473 3230 merentur
497 3217 514 3244 ,
541 3174 641 3230 sed
672 3181 886 3230 tantum
904 3173 1088 3229 carnis
1102 3189 1265 3229 usum
1293 3184 1617 3245 sequuntur.

123 3261 213 3322 llas
235 3267 615 3336 necessitates,
658 3264 856 3325 fratres
903 3265 1238 3334 charissimi,
1270 3266 1532 3335 vitamus,
1571 3267 1619 3322 si

72 3372 168 3411 vere
187 3357 342 3416 Deum
373 3370 431 3416 et
457 3361 780 3433 proximum
807 3359 1108 3430 diligimus.
1143 3358 1300 3416 Tunc
1322 3360 1471 3416 enim
1503 3360 1622 3416 nul-

69 3447 154 3503 lum
175 3449 258 3507 Dei
287 3454 640 3521 mandatum,
685 3453 830 3508 nulla
865 3466 1167 3522 pauperum
1214 3451 1619 3524 importunitas,

69 3542 181 3598 nulla
211 3545 309 3600 alia
339 3547 486 3603 ratio
511 3546 783 3618 largiendi
814 3546 921 3602 erit
963 3546 1119 3604 nobis
1155 3541 1356 3618 gravis,
1400 3543 1496 3602 sed
1523 3561 1622 3616 po-

63 3634 147 3690 tius
188 3639 461 3696 amabilis.
521 3638 921 3696 Necessitatem
970 3639 1172 3711 quippe
1216 3645 1476 3708 superat,
1527 3637 1624 3707 qui

61 3729 149 3782 vult
169 3732 305 3800 quod
346 3739 616 3789 coactum
643 3741 746 3790 est.
794 3731 895 3789 Per
928 3747 1116 3788 veram
1155 3731 1322 3804 igitur
1371 3728 1622 3784 dilectio-

57 3836 172 3888 nem,
205 3823 347 3896 ipsas
390 3825 646 3882 donandi
684 3825 1041 3882 necessitates
1085 3821 1488 3894 amplectenda,
1528 3822 1621 3878 tri-

55 3913 226 3970 stitiam
250 3933 282 3971 a
307 3917 481 3975 nobis
502 3917 790 3990 fugemus,
817 3926 872 3973 et
895 3917 1066 3974 libera
1096 3916 1402 3984 devotaque
1431 3913 1626 3970 volun-

52 4011 138 4061 tate
161 4007 456 4081 largientes
511 4012 611 4067 illa
641 4011 808 4066 etiam
838 4011 984 4066 dona
1014 4023 1138 4081 quae
1165 4010 1508 4079 parentibus,
1532 4022 1624 4064 co-

50 4101 215 4169 gnatis,
251 4104 642 4162 familiaribus
697 4113 751 4162 et
802 4104 997 4161 amicis
1048 4104 1255 4160 nostris
1275 4104 1621 4172 exhibemus,

46 4199 88 4246 et
110 4193 167 4249 ad
191 4211 312 4267 quae
350 4197 582 4255 astricti
609 4197 876 4265 videmur,
917 4197 1087 4252 libera
1130 4194 1475 4266 multumque
1507 4211 1625 4251 mc—

42 4286 202 4343 ritoria
238 4290 551 4347 faciamus.
614 4288 858 4344 Hilarem
899 4287 1074 4355 enim,
1115 4287 1323 4358 inquit,
1383 4287 1625 4341 datorem

42 4379 190 4451 diligit
241 4382 414 4440 Deus.
490 4382 655 4438 Sicut
715 4381 861 4438 enim
943 4380 1099 4436 inviti
1162 4379 1447 4451 coactique
1509 4378 1624 4434 ani-

41 4475 111 4542 :ni,
132 4488 210 4533 est
234 4480 419 4547 triste,
464 4477 633 4534 tarde
657 4485 713 4533 ct
730 4471 1113 4546 exprobrando
1145 4474 1298 4541 dare,
1323 4481 1377 4528 et
1419 4473 1496 4528 ita
1524 4472 1624 4529 do-

1647 3225 1694 3291 C

1729 576 1911 634 facere
1947 593 2060 632 non
2105 575 2336 632 fecimus
2385 574 2540 647 (Luc.
2579 575 2736 646 xvn).
2773 594 2795 630 ι
2825 569 3011 633 'i‘et'iio
3037 589 3190 643 vero,
3231 576 3327 634 de-

1730 679 2003 726 monstrat
2053 669 2351 740 Apostolus
2398 669 2470 724 ob
2513 684 2682 739 quam
2712 683 2941 726 causam
2976 671 3326 741 eleemosyna

1730 763 1802 820 sit
1823 763 2235 830 facienda,cum
2263 762 2450 818 subdit
2481 781 2494 816 :
2520 761 2716 818 Potens
2742 772 2922 818 autem
2945 773 3023 820 est
3046 764 3188 820 Deus
3209 777 3324 821 em—

1729 871 1848 910 nem
1876 856 2106 927 gratiam
2125 855 2398 910 abundare
2431 855 2604 925 facere
2624 856 2681 910 in
2709 855 2874 924 uobis,
2905 865 2964 912 ut
2998 857 3054 912 in
3075 859 3323 912 omnibus

1728 949 2096 1019 suﬁicientiaut
2119 947 2387 1015 habentes,
2414 948 2692 1004 abundetis
2709 965 2912 1021 semper
2934 951 2992 1004 in
3014 965 3167 1006 omne
3189 967 3320 1023 opus

1728 1042 1942 1097 bonum.
1975 1044 2058 1098 Ac
2102 1041 2152 1098 si
2201 1050 2386 1114 aperte
2423 1042 3051 1118 dicat:Eleemosynam
3098 1061 3318 1118 semper

1725 1134 1938 1192 debetis
1961 1134 2163 1205 facere,
2199 1153 2310 1194 non
2355 1137 2426 1194 ob
2470 1140 2702 1212 gratiam
2750 1141 2836 1198 vel
2883 1142 3100 1198 laudem
3139 1143 3318 1200 homin-

1726 1243 1882 1296 num,
1917 1227 2014 1299 qui
2037 1229 2123 1284 vel
2147 1229 2366 1301 ingrati,
2401 1231 2489 1286 vel
2527 1231 2874 1303 impotentes,
2910 1235 2996 1290 vel
3027 1235 3319 1292 mendaces

1727 1331 1858 1380 sunt
1899 1323 1968 1379 ad
1998 1323 2481 1393 remunerandum,
2528 1325 2624 1381 sed
2646 1335 2866 1397 propter
2905 1325 3078 1383 Deum
3114 1329 3315 1396 solum,

1727 1417 1824 1488 qui
1848 1417 1999 1474 solus
2016 1421 2211 1488 potens
2229 1426 2313 1474 est
2332 1418 2498 1474 etiam
2519 1435 2734 1490 semper
2750 1421 2909 1478 nobis
2937 1422 3070 1478 dare
3101 1423 3319 1494 copiam

1727 1507 2133 1580 eleemosynam
2171 1507 2430 1576 faciendi,
2457 1517 2513 1566 et
2548 1525 2899 1567 remunerare
2931 1511 3155 1570 factam.
3201 1513 3323 1584 Ipse

1723 1601 1872 1657 enim
1887 1610 1974 1658 est
1993 1601 2348 1674 eleemosyna:
2367 1610 2422 1658 et
2449 1616 2619 1658 causa
2631 1603 2810 1660 tinalis
2820 1613 3047 1662 etcausa
3058 1606 3318 1662 alliciens.

1725 1691 2204 1767 Namquepropter
2225 1695 2406 1767 ipsum
2433 1696 2613 1752 solum
2635 1705 2692 1752 et
2711 1697 3114 1771 eleemosynam
3140 1698 3322 1755 facere

1728 1799 2046 1858 possumus,
2081 1796 2134 1842 et
2159 1797 2386 1859 propter
2413 1802 2540 1844 eum
2577 1788 2756 1844 solum
2791 1803 2915 1845 eam
2945 1788 3127 1846 facere
3157 1791 3323 1846 debe-

1727 1897 1872 1936 nlns.
1905 1879 2026 1951 lpse
2048 1881 2194 1938 enim
2234 1881 2330 1938 dat
2350 1881 2511 1938 nobis
2533 1891 2588 1938 et
2620 1884 2961 1940 voluntatem
2996 1893 3052 1941 et
3081 1892 3323 1949 potesta-

1727 1981 1857 2039 tem,
1897 1982 1954 2029 et
1987 1974 2276 2030 materiam
2319 1982 2376 2030 et
2422 1973 2678 2031 allectum
2729 1977 2900 2034 totius
2931 1977 3072 2034 boni
3117 1993 3318 2048 operis,

1723 2074 1780 2121 et
1801 2064 2031 2121 istorum
2062 2066 2311 2122 omnium
2351 2075 2611 2125 aeternam
2643 2069 3162 2127 remunerationem.
3186 2069 3321 2126 Pro-

1725 2165 1847 2227 pter
1873 2157 2020 2227 quod
2043 2157 2140 2224 ait,
2178 2173 2385 2214 omnem
2413 2161 2666 2231 gratiam,
2698 2161 2753 2217 id
2793 2170 2879 2218 est
2905 2171 3315 2234 cooperantem,

1725 2258 2064 2320 operantem,
2105 2250 2478 2320 perﬁcientem
2506 2261 2560 2308 et
2594 2261 3059 2309 remunerantem.
3106 2253 3174 2309 Et
3211 2255 3318 2310 hoc

1725 2343 1922 2413 probat
1971 2343 2298 2399 auctoritate
2334 2342 2666 2413 Psalmista,
2694 2345 2975 2402 subdens:
3007 2345 3162 2402 Sicut
3189 2349 3320 2402 scri—

1725 2443 1874 2504 ptum
1899 2444 2016 2489 est:
2047 2434 2334 2508 Dispersit,
2361 2437 2536 2504 idest,
2552 2438 2935 2510 dispergendo,
2953 2439 3097 2494 dedit
3122 2456 3322 2510 paupe-

1728 2525 1872 2581 ribus
1903 2525 2078 2598 (Psal.
2102 2529 2238 2600 CXI).
2270 2527 2396 2585 Non
2433 2529 2583 2586 enim
2615 2530 2710 2586 uni
2754 2531 2941 2586 omnia
2987 2541 3119 2587 sunt
3139 2531 3320 2587 danda
3423 2528 3428 2531 ’

1728 2617 1823 2673 sed
1869 2617 2139 2688 pluribus,
2173 2619 2331 2691 juxta
2371 2621 2518 2693 quod
2561 2637 2880 2692 possumus,
2915 2631 2970 2679 et
3011 2624 3318 2680 secundum

1727 2711 1875 2781 quod
1895 2711 1973 2766 illi
2003 2712 2264 2784 indigent,
2278 2713 2674 2782 distribuenda,
2693 2723 2753 2771 ut
2770 2716 2956 2786 plures
2975 2716 3120 2787 apud
3143 2715 3319 2771 Deum

1729 2815 2040 2860 mereamur
2063 2805 2265 2862 habere
2286 2805 2581 2862 advocatos
2603 2816 2659 2863 et
2689 2807 3104 2865 intercessores.
3131 2807 3319 2880 Neque

1713 2903 1860 2952 sunt
1885 2896 2262 2953 distribuenda
2286 2913 2396 2954 non
2424 2900 2777 2970 pauperibus,
2811 2917 2879 2956 ne
2919 2901 3222 2958 liberalitas
3256 2903 3321 2956 li-

1731 2985 2018 3044 beralitate
2041 2997 2249 3060 pereat.
2287 2987 2426 3046 Pars
2447 2990 2594 3046 enim
2623 2992 2895 3064 sacrilegii
2917 3001 3023 3061 est,
3050 3008 3140 3049 res
3184 3007 3322 3062 pau-

1729 3096 1922 3151 perum
1963 3081 2097 3138 dare
2138 3097 2250 3138 non
2293 3084 2647 3155 pauperibus.
2693 3083 2761 3140 Et
2811 3085 2944 3156 quid
2995 3087 3196 3143 meruit
3224 3086 3318 3157 ju-

1730 3181 1850 3229 stus
1873 3173 2252 3232 distribuendo
2293 3177 2656 3248 pauperibus?
2693 3177 2921 3233 Iustitia
2971 3179 3107 3250 ejus,
3139 3179 3323 3236 idest

1723 3279 1934 3322 merces
1960 3282 2127 3336 quam
2145 3283 2240 3338 per
2254 3266 2526 3340 justitiam
2542 3271 2760 3336 meruit,
2791 3280 2964 3326 manet
2987 3273 3044 3326 in
3063 3271 3319 3327 sarculum

1721 3359 1926 3427 seculi,
1955 3359 2010 3415 id
2046 3369 2129 3418 est
2157 3361 2213 3417 in
2235 3370 2521 3418 aeternum.
2575 3363 2684 3418 Sed
2706 3364 2939 3420 sollicite
2967 3365 3318 3421 consideran-

1717 3451 1853 3508 dum
1862 3459 1967 3519 est,
1985 3450 2180 3510 fratres
2192 3453 2320 3521 mei,
2335 3455 2595 3525 quoniam
2607 3470 2733 3511 cum
2763 3457 2994 3514 dixisset
3005 3456 3316 3523 Psalmista,

1722 3543 2012 3616 Dispersit,
2043 3545 2190 3602 dedit
2237 3548 2588 3619 pauperibus,
2634 3558 2690 3605 et
2736 3549 2863 3606 inde
2914 3559 3317 3621 consequenter

1721 3638 1944 3695 deberet
1991 3638 2362 3711 subjungere,
2414 3641 2794 3698 misericordia
2839 3641 3309 3715 eleemosynarum

1721 3730 1846 3802 ejus
1875 3740 2060 3788 manet
2095 3731 2152 3787 in
2187 3732 2448 3788 saxulum
2498 3733 2713 3801 steculi,
2760 3734 2838 3790 ait
2878 3753 2893 3790 :
2939 3733 3167 3790 Iustitia
3199 3734 3316 3805 ejus

1724 3831 1902 3877 manet
1947 3823 2005 3877 in
2057 3822 2313 3878 secutum
2363 3823 2569 3878 saeculi.
2624 3822 2891 3881 Similiter
2939 3824 3207 3882 Dominus
3255 3826 3315 3882 in

1726 3909 2020 3984 Evangelia
2053 3928 2179 3968 cum
2225 3921 2475 3970 moneret
2521 3914 2591 3970 ad
2615 3914 3044 3988 eleemosynam,
3074 3924 3131 3972 et
3156 3931 3318 3987 aper-

1721 4003 1835 4060 tius
1852 4013 2038 4074 posset
2057 4005 2237 4061 dicere
2261 4021 2274 4059 :
2307 4003 2586 4062 Attendite
2608 4021 2676 4061 ne
2698 4006 3076 4078 eleemosynas
3099 4015 3318 4063 vestras

1725 4095 1944 4154 faciatis
1972 4113 2158 4154 coram
2201 4099 2540 4168 hominibus,
2578 4108 2638 4156 ut
2663 4100 2956 4156 videamini
2992 4100 3064 4156 ab
3089 4101 3191 4164 eis,
3222 4117 3317 4156 no-

1725 4187 1846 4255 luit,
1875 4188 1972 4245 sed
2002 4189 2120 4244 ait:
2157 4209 2175 4242 ι
2204 4189 2478 4246 Attendite
2525 4205 2596 4246 ne
2640 4191 2913 4262 justitiam
2962 4199 3203 4248 vestram
3233 4191 3318 4247 fa-

1724 4279 1887 4338 ciatis
1916 4296 2103 4337 coram
2130 4281 2449 4338 hominibus
2473 4281 2694 4354 (Matth.
2720 4283 2818 4354 vi).
2850 4303 2871 4336 ι
2914 4282 2986 4341 Ut
3016 4284 3152 4356 quid
3182 4284 3311 4350 hoc,

1723 4371 1834 4428 nisi
1863 4372 1995 4442 quia
2021 4372 2367 4446 eleemosyna
2389 4372 2604 4443 justitia
2635 4373 2755 4430 est?
2783 4371 2941 4430 Sicut
2963 4375 3112 4432 enim
3147 4375 3313 4431 debe-

1727 4479 1854 4520 mus
1886 4463 2000 4521 Deo
2027 4465 2368 4537 religionem,
2405 4467 2726 4536 parentibus
2769 4467 3059 4534 honorem,
3087 4467 3317 4538 majori-

45 4581 141 4621 tum
169 4583 335 4625 suum
361 4570 650 4634 vendere,
688 4567 763 4622 ita
797 4563 1172 4621 benevolentis
1199 4562 1494 4634 devotique
1515 4571 1620 4629 est,
1651 4585 1704 4650 υ
1728 4553 1832 4612 bus
1859 4557 2241 4650 reverentiam,
2271 4558 2508 4615 subditis
2552 4559 2924 4630 disciplinam,
2963 4558 3316 4629 peccantibus

45 4670 144 4724 :ete,
171 4661 282 4717 cito
321 4669 382 4717 et
429 4658 825 4716 benedicendo
855 4656 1008 4723 dare,
1034 4661 1091 4711 et
1125 4653 1201 4710 ita
1226 4653 1438 4710 donum
1460 4667 1623 4709 suum

46 4753 118 4808 leo
165 4764 216 4810 et
261 4755 614 4811 hominibus
659 4751 985 4824 gratiﬁcare.
1029 4747 1300 4805 Caeterum
1344 4764 1454 4804 non
1497 4749 1623 4804 vani

47 4845 292 4913 ujuslibet
325 4847 570 4904 datoris
599 4845 851 4901 hilaritas
875 4859 1016 4900 vana
1044 4842 1156 4899 Deo
1177 4843 1374 4914 placet,
1422 4841 1517 4898 sed
1557 4857 1622 4898 ea

47 4936 118 4992 ola
152 4954 274 5011 quae
299 4955 374 4995 ex
411 4953 564 4994 vera
615 4937 907 4992 dilectione
950 4934 1214 5006 procedit.
1267 4932 1374 4989 Sed
1401 4947 1466 4988 ea
1500 4933 1619 5004 ipsa

43 5033 407 5102 ompescenda
446 5039 570 5098 est,
595 5044 662 5084 ne
699 5029 840 5084 ultra
888 5027 1113 5084 modum
1165 5026 1456 5082 hilarescat
1503 5025 1624 5080 ani-

47 5137 140 5190 ius,
167 5135 222 5180 et
243 5126 316 5182 de
357 5131 698 5196 perpetrata
738 5121 1086 5193 cleemosyna
1131 5119 1236 5176 sibi
1273 5119 1440 5177 nimis
1469 5135 1622 5176 com-

44 5214 223 5285 laceat,
275 5218 445 5272 unde
501 5223 568 5269 et
625 5213 736 5269 Deo
782 5213 1072 5284 displicere
1109 5212 1355 5283 incipiat.
1401 5212 1617 5279 Quanto

48 5307 168 5379 regis
217 5309 382 5364 enim
442 5303 871 5376 nobismetipsis
915 5304 1215 5375 placemus,
1262 5312 1414 5359 tanto
1447 5303 1622 5376 magis

46 5417 105 5457 eo
145 5403 573 5474 displicemus.
617 5396 931 5470 Propterea,
971 5396 1173 5453 fratres
1220 5393 1348 5464 mei,
1401 5397 1621 5468 quando

49 5508 416 5568 eemwynam
449 5493 688 5559 damus,
739 5491 829 5546 vel
863 5490 1088 5562 aliquod
1125 5488 1273 5544 aliud
1299 5489 1506 5545 bonum
1535 5487 1621 5544 fa.-

48 5603 185 5656 mus,
224 5600 576 5660 pensemus
599 5584 863 5656 quoniam
907 5598 1019 5638 non
1067 5581 1406 5649 nostrng
1445 5580 1624 5637 aliena

51 5695 422 5750 spensamus,
456 5691 578 5734 nec
611 5677 852 5744 datores,
893 5674 986 5732 sed
1015 5669 1197 5746 potius
1221 5674 1624 5730 ministratores

47 5790 198 5830 imus.
237 5771 419 5830 Unde
477 5777 552 5824 et.
589 5767 840 5824 dicamus
887 5767 1019 5822 illud
1043 5766 1193 5838 quod
1243 5764 1511 5821 Dominus
1531 5764 1624 5835 ju-

52 5872 74 5915 t
103 5879 117 5916 :
155 5883 174 5916 ε
203 5863 363 5920 Cum
391 5856 664 5916 feceritis
686 5858 870 5913 omnia
897 5874 1020 5930 quze
1061 5866 1327 5930 praecepta
1372 5861 1503 5910 sunt
1525 5869 1623 5910 vo-

318 5955 638 6016 ΡΑτιιοι.
673 5951 852 6014 CLV.

1729 4649 2152 4719 correctionem,
2177 4650 2252 4706 ita
2289 4651 2555 4709 debemus
2594 4651 2814 4708 miseris
2853 4649 3311 4708 misericordiam.

1731 4739 1838 4798 Sed
1857 4751 1912 4798 et
1935 4741 2123 4810 etiam,
2151 4743 2283 4814 ipsas
2319 4759 2408 4801 res
2449 4745 2505 4800 in
2539 4744 2822 4801 communi
2844 4743 3095 4798 omnium
3115 4751 3317 4799 creatae

1728 4841 1877 4890 sunt.
1919 4831 2066 4890 Deus
2086 4849 2217 4890 vero
2236 4850 2330 4890 eas
2363 4834 2734 4891 abundantius
2759 4833 3110 4889 commendat
3138 4832 3316 4889 diviti-

1727 4924 1854 4993 bus,
1889 4925 2211 4998 praecipiens
2240 4927 2322 4983 eis
2352 4936 2411 4981 ut
2441 4927 2746 4997 intelligant
2787 4940 2847 4982 se
2887 4942 2996 4981 non
3035 4925 3312 4994 dominos,

1730 5017 1828 5075 sed
1854 5018 2260 5090 dispensatores
2287 5033 2477 5075 earum
2500 5019 2568 5074 ad
2592 5033 2880 5089 pauperes.
2920 5017 3076 5075 Unde
3096 5027 3318 5075 constat

1729 5112 2014 5183 quoniam,
2056 5112 2277 5183 quando
2314 5111 2510 5167 damus
2551 5111 2926 5184 eleemosynas
2961 5111 3314 5182 pauperibus,

1731 5221 1842 5261 non
1868 5217 2057 5260 nostra
2086 5205 2168 5260 eis
2187 5204 2403 5270 damus,
2435 5202 2533 5260 sed
2564 5219 2665 5260 sua
2702 5203 2786 5260 eis
2824 5204 3126 5262 reddimus.
3154 5203 3316 5271 Quod

1729 5298 1919 5368 utique
1959 5296 2193 5353 otllcium
2231 5296 2458 5367 justitia
2495 5306 2598 5354 est.
2651 5295 2756 5365 Qui
2815 5313 2947 5370 ergo
2983 5298 3317 5369 pauperibus

1731 5389 1918 5461 inopia
1943 5387 2299 5460 pereuntibus
2327 5388 2706 5445 communium
2751 5404 2937 5446 rerum
2967 5389 3315 5461 superabat»

1727 5481 1971 5538 dantiam
1994 5479 2230 5536 retinent
2267 5481 2413 5552 apud
2452 5496 2534 5548 se,
2559 5481 2692 5553 quid
2718 5481 2869 5538 aliud
2894 5480 3107 5539 faciunt
3143 5495 3309 5550 quam

1724 5575 1873 5646 quod
1910 5574 2245 5647 pauperibus
2289 5590 2391 5632 sua
2433 5575 2634 5632 tollunt
2659 5584 2716 5632 et
2749 5590 2848 5632 eos
2881 5573 3171 5632 occidunt?
3209 5571 3316 5627 Tot

1723 5665 1971 5739 profecto
1991 5682 2292 5739 pauperum
2317 5665 2447 5724 facti
2481 5677 2612 5726 sunt
2631 5668 2922 5725 homicidae
2943 5676 3080 5739 quot
3103 5673 3318 5721 susten-

1727 5769 1966 5816 tamcnta
1999 5775 2301 5832 pauperum
2329 5761 2568 5817 retinent
2597 5761 2742 5832 apud
2763 5776 2843 5818 se.

1797 5852 2025 5920 Quarto,
2057 5852 2395 5912 demonstrat
2417 5853 2713 5925 Apostolus
2735 5869 2844 5925 qua
2880 5850 3078 5908 ﬁducia
3115 5847 3320 5905 debea-

2937 5945 3016 6032 t5
