3850 6318
331 745 382 784 ibi
445 744 808 786 ASSUIPTIONE
862 746 1051 786 ΒεΑτίΕ
1109 746 1286 788 IARIE
1341 747 1592 804 YIBGINIS.

249 839 318 896 In
341 841 580 896 carnibus
612 843 840 913 requiem
867 843 1107 916 quaesivi,
1145 852 1196 898 et
1236 842 1291 897 in
1327 843 1638 899 haereditate
1666 841 1772 898 Do—

165 933 313 987 mini
340 931 590 989 morabor
620 930 814 1004 (Eccli.
841 935 1016 1005 inv),
1040 943 1147 991 etc.
1193 932 1319 992 Haec
1347 936 1532 1004 verba,
1573 935 1773 993 fratres

164 1023 514 1092 charissimi,
530 1025 696 1081 verba
726 1036 856 1081 sunt
882 1026 1184 1098 sapientiae,
1207 1042 1319 1084 non
1341 1029 1631 1085 mundanae
1649 1045 1773 1101 quae

163 1118 398 1174 inimica
431 1128 516 1174 est
552 1117 683 1187 Deo,
714 1119 808 1176 sed
833 1120 1116 1192 sapientia:
1137 1137 1260 1194 qua:
1283 1137 1349 1178 ex
1381 1139 1477 1179 ore
1502 1124 1770 1181 Altissimi

161 1210 401 1281 prodiit,
441 1211 650 1268 scilicet
692 1211 910 1269 Domini
944 1201 1119 1270 nostri
1139 1212 1271 1272 Jesu
1298 1214 1526 1284 Christi,
1575 1217 1631 1272 in
1660 1233 1772 1289 quo

158 1313 220 1358 et
249 1320 350 1375 per
379 1319 542 1376 quem
563 1303 706 1362 Deus
735 1306 920 1362 omnia
945 1305 1072 1363 fecit
1095 1317 1148 1365 et
1174 1306 1384 1364 refecit.
1410 1307 1584 1381 Cujus
1604 1311 1770 1368 verba

161 1397 325 1451 omni
349 1395 609 1453 aviditate
652 1399 933 1469 suscipere
950 1399 1234 1468 debemus,
1249 1400 1487 1457 scientes
1503 1402 1767 1473 quoniam

157 1489 322 1558 quod
346 1487 608 1558 loquitur,
648 1489 893 1560 loquitur
938 1491 1098 1546 nobis
1133 1500 1189 1546 et
1238 1506 1338 1562 pro
1393 1491 1572 1548 nobis.
1629 1490 1770 1550 Dicit

157 1591 359 1636 autem
389 1593 644 1653 quatuor.
668 1579 875 1649 Primo,
897 1582 1030 1641 dicit
1076 1600 1135 1640 se
1170 1585 1416 1656 requiem
1447 1585 1772 1656 quaesivisse

156 1685 217 1729 ct
251 1674 508 1745 elegisse,
535 1674 680 1745 quod
713 1675 1074 1740 demonstrat,
1099 1691 1226 1730 cum
1254 1675 1410 1743 dicit,
1436 1676 1492 1730 in
1525 1677 1768 1731 omnibus

156 1768 404 1838 requiem
441 1765 683 1838 quwsivi,
716 1767 850 1822 etin
892 1767 1198 1822 haereditate
1241 1767 1456 1822 Domini
1497 1768 1764 1824 morabor.

159 1857 283 1914 Sed
305 1857 436 1928 quid
457 1867 560 1924 est,
591 1856 819 1912 Domine
859 1856 934 1912 mi
966 1855 1096 1914 Jesu
1125 1856 1384 1913 Christe?
1425 1856 1508 1912 Tu
1541 1873 1600 1914 es
1649 1858 1766 1930 ipsa
1803 1891 1846 1946 Β

155 1951 414 2023 requies,
439 1961 494 2006 et
525 1951 842 2023 quicunque
861 1950 1177 2022 requiescit,
1224 1966 1314 2022 per
1348 1960 1400 2007 te
1449 1950 1765 2022 requiescit.

160 2043 328 2100 Unde
355 2045 522 2100 etiam
569 2045 684 2116 ipse
733 2046 972 2101 clamas:
1009 2063 1029 2096 r
1068 2042 1263 2102 Venite
1308 2043 1375 2099 ad
1419 2059 1528 2114 me,
1577 2060 1770 2100 omnes

137 2137 268 2209 qui
298 2136 561 2192 laboratis
593 2146 648 2191 et
701 2135 912 2191 onerati
935 2135 1090 2200 estis,
1129 2143 1184 2191 et
1233 2150 1336 2206 ego
1379 2135 1620 2192 reficiam
1670 2150 1769 2191 vos

156 2229 396 2302 (Matth.
431 2229 530 2300 xi),
562 2249 580 2282 ›
635 2228 814 2294 idest,
849 2228 1190 2300 requiescere
1233 2226 1451 2283 faciam.
1481 2226 1769 2294 Quomodo

152 2335 301 2392 ergo
333 2328 391 2374 tu
430 2319 564 2390 ipse,
598 2335 725 2375 cum
760 2318 836 2375 sis
867 2319 1107 2390 requies,
1141 2319 1386 2390 requiem
1431 2318 1770 2390 quasivisti?

156 2411 278 2469 Sed
303 2413 420 2469 scio
442 2413 590 2484 quod
624 2430 746 2480 nos,
779 2412 834 2468 in
873 2413 962 2468 his
1005 2429 1127 2484 quae
1175 2413 1333 2469 nobis
1378 2413 1768 2471 concordantia

151 2516 216 2562 et
243 2507 519 2578 placentia
568 2515 717 2574 sunt,
748 2507 990 2577 requiem
1028 2506 1330 2575 habemus;
1373 2508 1430 2564 in
1473 2507 1582 2564 illis
1613 2525 1765 2577 vero,

151 2616 292 2672 quae
327 2600 486 2657 nobis
515 2600 794 2656 contraria
827 2609 882 2655 et
923 2599 1267 2672 displicentia
1321 2610 1469 2670 sunt,
1523 2601 1767 2673 requiem

151 2693 374 2749 habere
412 2708 520 2749 non
569 2693 838 2748 valemus.
897 2691 978 2749 Tu
1026 2709 1278 2766 quoque,
1337 2693 1588 2760 Domine,
1639 2711 1766 2751 eum

151 2802 337 2858 penes
366 2795 416 2841 te
459 2786 708 2858 requiem
741 2801 960 2858 semper
1001 2795 1057 2842 et
1101 2801 1291 2857 pacem
1341 2787 1576 2853 habeas,
1621 2788 1766 2860 apud

151 2878 293 2934 illos
329 2887 510 2933 tamen
542 2877 636 2949 qui
667 2893 762 2948 per
787 2877 1195 2934 immunditiam
1216 2885 1272 2934 et
1301 2878 1640 2950 iniquitatem
1671 2879 1764 2934 tibi

149 2971 468 3027 dissimiles
495 2971 928 3042 etdisplicentes
963 2980 1113 3037 sunt,
1148 2972 1391 3043 requiem
1433 2988 1540 3028 non
1573 2973 1763 3040 habes,

159 3080 276 3120 nec
299 3064 378 3120 illi
407 3063 659 3120 similiter
682 3063 824 3134 apud
847 3071 918 3119 te.
953 3063 1107 3135 Apud
1144 3079 1277 3120 vero
1329 3064 1474 3130 illos,
1525 3065 1619 3136 qui
1670 3082 1766 3136 per

151 3154 498 3212 munditiam
518 3165 573 3210 et
592 3155 864 3227 justitiam
889 3155 984 3210 tibi
1011 3155 1219 3212 similes
1242 3164 1296 3211 et
1317 3156 1592 3226 placentes
1613 3165 1762 3224 sunt,

1319 399 1650 465 IIOMILIIE.
1671 439 1742 450 —
1777 410 1818 465 ι.
1846 408 1935 466 DE
1973 407 2319 469 TEMPORE.

1881 637 2221 694 invenientes
2263 639 2317 695 in
2347 640 2429 696 eis
2471 642 2747 712 requiem,
2776 643 2905 701 facit
2937 662 3034 704 eos
3068 649 3135 703 ad
3176 650 3467 708 haeredita-

1881 739 1988 787 tem
2017 731 2235 788 Domini
2265 734 2501 790 transire
2520 742 2573 790 et
2603 735 2680 791 ibi
2707 739 2932 796 morari.
3503 779 3514 809 ;
3547 793 3552 800 .

1951 821 2202 880 Secunda
2241 839 2370 896 pars
2411 826 2680 898 sequitur,
2711 828 2764 882 in
2791 846 2899 901 qua
2931 832 3197 903 sapientia
3230 834 3324 891 Dei
3364 833 3468 892 Pa-

1878 915 1978 972 tris
2015 917 2256 973 ostendit
2283 917 2464 989 ipsum
2493 917 2712 976 Patrem
2747 923 3065 980 mandatum
3086 967 3102 991 ,
3139 935 3193 982 et
3233 942 3469 984 consen-

1877 1021 2002 1065 sam
2035 1009 2142 1066 sibi
2184 1009 2241 1066 in
2289 1011 2607 1068 haereditate
2653 1013 2989 1085 ejus,'cum
3039 1017 3223 1075 subdit
3264 1039 3277 1075 :
3318 1019 3464 1078 Tune

1873 1102 2124 1173 prwcepit
2147 1111 2199 1157 et
2222 1101 2364 1158 dixit
2386 1104 2516 1158 mihi
2542 1103 2766 1161 Creator
2795 1109 3052 1176 omnium,
3087 1111 3374 1181 subaudis,
3402 1123 3470 1172 ut

1873 1194 2042 1250 etiam
2084 1209 2334 1251 morarer
2383 1196 2439 1250 in
2481 1196 2798 1255 haereditate
2848 1199 2989 1270 ejus.
3039 1199 3177 1257 Cum
3219 1200 3379 1258 Pater
3409 1213 3468 1260 et

1872 1285 2047 1344 Filius
2083 1287 2194 1344 sint
2223 1287 2467 1359 ejusdem
2493 1291 2833 1360 substantim,
2864 1293 3136 1360 essentia,
3164 1301 3326 1352 aucto
3358 1296 3468 1353 ita-

1872 1379 1979 1448 tis,
2030 1379 2328 1437 voluntatis
2365 1390 2420 1438 et
2466 1386 2750 1452 potentias;
2801 1394 2982 1442 tamen
3023 1384 3198 1443 Filius
3251 1404 3469 1460 semper

1857 1471 2196 1544 respiciens,
2220 1481 2336 1529 tum
2366 1473 2434 1528 ad
2465 1474 2572 1531 hoc
2596 1478 2742 1546 quod
2776 1477 2890 1550 ipse
2919 1494 2982 1533 ex
3029 1477 3189 1535 Patre
3213 1488 3315 1545 est,
3338 1495 3468 1536 cum

1869 1564 2033 1622 Pater
2059 1581 2125 1621 ex
2167 1566 2318 1621 nullo
2354 1567 2445 1634 sit,
2482 1576 2597 1623 tum
2629 1570 2695 1624 ad
2732 1569 2837 1625 hoc
2867 1570 3013 1641 quod
3044 1573 3347 1629 secundum
3375 1565 3468 1628 as-

1871 1667 2148 1731 sumptam
2183 1659 2580 1715 humanitatem
2631 1661 2938 1718 minor-atus
2983 1673 3107 1732 est,
3159 1664 3292 1722 dicit
3335 1666 3467 1736 quia

1878 1769 1896 1801 ς
1921 1766 2032 1805 non
2059 1749 2182 1804 veni
2215 1749 2396 1806 facere
2419 1751 2754 1807 voluntatem
2780 1755 2980 1820 meam,
3011 1756 3106 1811 sed
3127 1756 3466 1813 voluntatem

1872 1837 2052 1896 Patris
2082 1840 2188 1896 mei
2217 1841 2311 1912 qui
2344 1841 2495 1897 misit
2519 1858 2606 1897 me
2627 1841 2811 1913 (Joan.
2836 1847 2935 1914 vi).
2965 1864 2982 1894 ι
3011 1844 3078 1901 Εῑ
3099 1847 3228 1918 quia
3261 1868 3278 1899 ι
3306 1848 3468 1904 Pater

1873 1933 2051 2003 major
2073 1948 2160 1988 me
2183 1943 2285 2002 est,
2315 1943 2371 1990 et
2399 1933 2542 1990 sicut
2580 1935 2899 1992 mandatum
2929 1938 3078 1994 dedit
3111 1938 3248 1994 mihi
3278 1939 3462 2009 Pater,

1872 2026 1953 2082 sic
1993 2024 2136 2082 facio
2161 2024 2358 2097 (Joan.
2395 2026 2546 2096 xxv).
2585 2046 2603 2077 ι
2639 2025 2985 2084 Consensum
3027 2045 3159 2086 vero
3183 2046 3307 2086 cum
3335 2032 3468 2088 sub-

1866 2117 2048 2189 jungit
2072 2136 2085 2172 :
2117 2116 2187 2172 Et
2207 2118 2300 2189 qui
2322 2119 2520 2173 creavit
2551 2135 2651 2186 me,
2679 2119 2730 2174 id
2755 2129 2841 2176 est
2867 2122 3054 2192 genuit
3079 2137 3185 2187 me,
3210 2123 3294 2179 vel
3319 2132 3468 2180 certe

1871 2209 2174 2266 secundum
2209 2210 2604 2266 humanitatem
2629 2219 2970 2281 assumptam
2998 2213 3223 2278 creavit,
3261 2215 3466 2285 requie-

1871 2305 1944 2360 t'it
1983 2305 2038 2360 in
2064 2303 2403 2360 tabernaculo
2435 2320 2568 2358 meo.
2599 2302 2738 2358 Cum
2767 2303 2912 2360 enim
2942 2303 3088 2362 Deus
3107 2304 3288 2374 Pater,
3314 2316 3370 2363 et
3395 2323 3467 2364 ex

1869 2410 1937 2451 eo
1962 2395 2143 2467 genita
2169 2396 2455 2468 sapientia,
2486 2394 2590 2450 fuit
2619 2409 2834 2466 semper
2860 2395 3106 2467 ejusdem
3134 2408 3388 2456 essentne
3407 2410 3466 2457 et

1869 2487 2199 2555 voluntatis,
2239 2488 2294 2544 in
2332 2502 2662 2559 quocunque
2699 2486 2995 2552 requiescit
3031 2486 3129 2545 Dei
3157 2490 3463 2562 sapientia,

1869 2587 1923 2634 et
1951 2578 2098 2634 Deus
2121 2577 2302 2634 Pater.
2345 2577 2501 2634 Unde
2529 2586 2583 2634 et
2609 2579 2799 2634 eadem
2827 2579 3094 2650 sapientia
3128 2579 3184 2635 in
3217 2579 3462 2654 Evange-

1869 2671 1946 2726 lio
1968 2671 2136 2728 dicit:
2170 2689 2189 2722 ‹
2222 2669 2280 2726 Si
2309 2671 2435 2742 quis
2453 2670 2632 2741 diligit
2654 2685 2764 2737 me,
2796 2685 3106 2728 sermonem
3139 2687 3322 2730 meum
3351 2689 3464 2730 ser-

1868 2763 2014 2818 vabit
2030 2804 2045 2829 ,
2083 2770 2138 2817 et
2179 2759 2343 2816 Pater
2369 2776 2526 2816 meus
2546 2760 2735 2833 diliget
2755 2776 2906 2828 eum,
2929 2770 2986 2817 et
3032 2763 3100 2818 ad
3124 2779 3250 2819 eum
3273 2765 3462 2820 venie-

1868 2871 2013 2922 mus,
2035 2864 2089 2911 et
2110 2853 2454 2910 mansionem
2479 2853 2620 2925 apud
2647 2870 2771 2908 eum
2791 2852 3057 2910 faciemus
3076 2853 3259 2925 (Joau.
3279 2855 3417 2927 11v).
3437 2873 3458 2907 ι

1868 2947 2041 3004 Porro
2071 2946 2488 3004 tabernaculum
2517 2963 2680 3003 suum
2709 2957 2887 3014 vocat,
2919 2949 3002 3004 vel
3034 2948 3214 3019 ipsum
3244 2962 3463 3004 assum-

1867 3048 2021 3110 ptum
2051 3039 2330 3095 hominem
2363 3038 2418 3093 in
2448 3053 2560 3109 quo
2592 3037 2801 3092 habitat
2846 3037 3130 3109 plenitudo
3157 3037 3464 3094 divinitatis

1867 3131 2254 3202 corporaliter;
2282 3131 2364 3187 vel
2385 3131 2550 3187 etiam
2585 3131 3023 3188 sacratissimum
3052 3139 3268 3188 uterum
3290 3132 3465 3188 beata:

149 3249 416 3321 requiem
447 3223 637 3316 habes,
690 3257 744 3304 et
787 3248 862 3302 illi
920 3248 1174 3305 similiter
1218 3223 1364 3320 apud
1401 3257 1472 3304 te.
1512 3247 1666 3304 Unde
1711 3247 1837 3309 etC
1869 3223 2130 3321 δ’ίῗᾛίηίῗν
2171 3223 2228 3321 ἢ]
2273 3239 2385 3321 90°
2427 3223 2522 3278 Dei
2576 3224 2846 3321 famen)“
2899 3225 3202 3321 secundum
3240 3241 3465 3321 αξηέηι

148 3338 379 3395 dixisti:
419 3359 438 3390 ‹
469 3337 644 3410 Super
671 3353 835 3410 quem
869 3339 1174 3410 requiescet
1201 3340 1426 3412 spiritus
1449 3357 1635 3406 meus,
1660 3341 1764 3396 nisi

152 3447 339 3502 super
373 3431 632 3487 humilem
674 3440 729 3486 et
771 3441 1152 3498 mansuetum,
1190 3442 1244 3488 et
1277 3442 1601 3490 trementem
1651 3450 1768 3490 scr-

149 3539 367 3580 mones
410 3526 596 3582 meos?
643 3543 662 3576 »
709 3524 847 3597 (Ira.
888 3525 1210 3596 r.xvt.)-llic
1257 3543 1476 3598 quoque
1522 3527 1766 3584 ostendis

146 3617 315 3689 apud
347 3632 511 3688 quem
560 3617 804 3689 requiem
834 3619 1006 3692 eligas
1029 3661 1046 3688 ,
1084 3635 1207 3676 cum
1257 3619 1574 3691 subjungis,
1611 3629 1660 3674 et
1709 3619 1764 3672 in

148 3707 481 3763 hareditate
525 3706 745 3764 Domini
787 3710 1055 3765 morabor.
1106 3707 1281 3765 Porro
1322 3710 1615 3766 htereditas
1665 3707 1767 3766 Do-

151 3799 306 3856 mini
339 3799 597 3856 dicuntur
625 3800 680 3855 hi
707 3816 849 3872 quos
882 3801 1028 3858 Deus
1074 3801 1225 3873 regni
1249 3800 1336 3856 sui
1380 3801 1644 3868 haeredes,
1675 3799 1766 3855 Fi-

147 3893 341 3963 liique
366 3893 451 3948 sui
472 3893 787 3950 cohaeredes
810 3895 991 3966 elegit,
1019 3895 1136 3967 qui,
1160 3893 1487 3964 contemptis
1508 3893 1765 3950 omnibus

143 3983 535 4050 transitoriis,
576 3985 754 4040 solum
791 3985 960 4041 Deum
1006 3987 1060 4040 in
1111 3971 1479 4042 [nereditatem
1526 3985 1629 4042 sibi
1661 3985 1762 4040 eli-

135 4079 328 4148 gunt,
351 4073 594 4130 dicentes
624 4091 750 4131 cum
789 4075 1058 4147 Propheta
1087 4095 1099 4132 :
1135 4096 1152 4128 ι
1183 4073 1450 4132 Dominus
1490 4090 1619 4146 pars
1652 4075 1765 4131 lue-

143 4165 419 4224 reditatis
450 4183 586 4223 mea:
608 4167 783 4239 (Psal.
820 4169 933 4240 xv),
966 4187 985 4221 ι
1019 4167 1072 4224 id
1095 4177 1198 4235 est,
1223 4183 1353 4240 pars
1393 4176 1449 4223 et
1473 4168 1765 4225 haereditas

147 4276 312 4319 mea.
342 4259 475 4318 Hinc
499 4270 586 4318 est
607 4263 754 4334 quod
779 4263 937 4318 beata
958 4271 1014 4318 et
1032 4262 1361 4318 venerabilis
1377 4260 1543 4335 Virgo
1569 4261 1763 4332 Maria,

149 4355 334 4425 cujus
379 4355 541 4411 hodie
592 4356 1040 4428 Assumptionem
1095 4357 1457 4425 celebramus,
1493 4355 1622 4428 quia
1653 4373 1765 4428 pra:

151 4448 416 4514 cunctis,
444 4449 540 4519 qui
583 4450 654 4504 ab
700 4449 858 4505 initio
901 4465 1082 4521 usque
1125 4449 1182 4505 in
1215 4452 1380 4506 tinem
1420 4449 1646 4508 fuerunt
1681 4453 1765 4508 vel

153 4541 341 4596 futuri
366 4550 514 4608 sunt,
544 4540 834 4598 Dominum
857 4543 910 4598 in
943 4543 1229 4610 munditia,
1255 4543 1583 4610 humilitate,
1609 4560 1765 4600 man-

1869 3316 2152 3372 habitavit.
2195 3313 2303 3371 Sed
2337 3324 2392 3371 et
2417 3324 2528 3371 tam
2577 3315 2723 3372 Deus
2749 3316 2912 3373 Pater
2939 3333 3108 3389 quam
3141 3319 3262 3389 ejus
3291 3317 3466 3374 Filius

1868 3409 1922 3463 in
1971 3423 2035 3463 ea
2077 3416 2131 3463 et
2163 3422 2261 3478 per
2295 3408 2618 3474 essentiam,
2656 3417 2712 3463 et
2751 3423 2849 3479 per
2887 3410 3188 3481 gratiarum
3223 3410 3464 3481 plenitu-

1865 3501 2046 3557 dinem
2078 3498 2365 3571 requievit.
2401 3498 2506 3554 Sed
2541 3510 2596 3554 et
2629 3501 3011 3572 unusquisque
3043 3512 3315 3568 nostrum,
3351 3501 3465 3558 fra-

1866 3603 1976 3650 tres
2013 3593 2119 3648 mei
2145 3635 2160 3659 ,
2197 3592 2245 3649 si
2289 3607 2507 3649 omnem
2556 3592 2945 3671 spurcitiarum
2998 3593 3176 3649 labem
3220 3610 3251 3650 a
3303 3594 3464 3651 nobis

1864 3684 2246 3752 elimiuamus,
2297 3684 2347 3741 si
2411 3699 2510 3740 nos
2545 3683 2842 3738 virtutibus
2886 3693 2941 3740 et
2995 3685 3156 3741 bonis
3205 3683 3464 3756 operibus

1863 3792 2215 3845 exornamus,
2246 3777 2293 3834 si
2323 3791 2419 3848 per
2442 3791 2627 3832 veram
2650 3775 2970 3832 charitatem
3005 3776 3176 3833 Deum
3213 3777 3268 3833 in
3301 3777 3463 3834 nobis

1866 3870 2156 3936 habemus,
2184 3869 2375 3942 procul
2397 3869 2565 3925 dubio
2591 3867 2686 3924 Dei
2713 3866 2892 3925 Patris
2925 3869 3154 3940 ejusque
3177 3869 3463 3942 sapientiae

1864 3962 2279 4019 tabernaculum
2300 3971 2354 4018 et
2377 3961 2640 4032 templum
2682 3977 2897 4029 sumus,
2923 3961 3136 4017 dicente
3162 3963 3462 4034 Apostolo.

1872 4077 1891 4111 ε
1926 4055 2212 4128 Templum
2246 4055 2341 4112 Dei
2366 4064 2618 4112 sanctum
2650 4064 2757 4123 est,
2789 4054 2938 4128 quod
2961 4055 3096 4111 estis
3119 4071 3218 4113 vos
3253 4055 3308 4127 (1
3329 4055 3458 4114 Cor.

1865 4150 1976 4221 vr);
2014 4169 2032 4202 ι
2059 4158 2114 4205 et
2148 4148 2277 4204 alibi
2305 4167 2317 4203 :
2350 4167 2367 4199 ι
2398 4145 2633 4204 Nescitis
2658 4149 2785 4219 quia
2835 4148 3081 4205 membra
3104 4160 3284 4206 vestra
3319 4160 3462 4206 tem-

1866 4243 2014 4314 plum
2049 4250 2178 4297 sunt
2214 4240 2452 4312 Spiritus
2495 4241 2712 4297 sancti?
2743 4241 2800 4296 Si
2845 4242 2973 4313 quis
3000 4241 3149 4297 enim
3171 4243 3462 4300 violaverit

1865 4336 2129 4408 templum
2163 4334 2399 4401 Domini,
2423 4333 2700 4406 disperdet
2726 4334 2876 4390 illum
2903 4333 3049 4392 Deus
3072 4333 3126 4405 (I
3153 4334 3276 4392 Cor.
3304 4337 3408 4407 In).
3435 4355 3454 4388 ι

1868 4429 2154 4502 Templum
2183 4429 2274 4484 Dei
2307 4428 2492 4494 violat,
2529 4428 2624 4499 qui
2649 4443 2747 4498 per
2791 4436 2980 4500 turpes
3028 4436 3083 4484 et
3109 4429 3284 4485 malas
3310 4429 3462 4500 cogi-

1866 4523 2124 4589 tationes,
2172 4532 2227 4578 et
2253 4538 2350 4593 per
2390 4522 2679 4592 reprobam
2707 4523 2900 4588 vitam,
2945 4537 2976 4576 a
3007 4537 3067 4577 se
3097 4520 3190 4576 Dei
3239 4522 3460 4591 sapien-

153 4635 486 4703 suetudine,
533 4637 906 4708 simplicitate,
943 4638 1263 4706 sanctitate,
1293 4637 1615 4710 ueterisque
1647 4638 1762 4694 vir-
1795 4610 1840 4669 θ
1867 4615 1998 4710 tia?“
2028 4614 2333 4710 Ρωδθθμίς
2372 4611 2650 4710 δθῗξῐξωω
2679 4624 2764 4710 θξι
2785 4613 2968 4710 θ¹ξί¹¹¹²
3000 4631 3020 4663 ⁸
3052 4610 3109 4710 ¹¹ξ
3134 4611 3464 4710 ΠξῗιθΫῩιίίξλ

155 4727 380 4783 tutibus
419 4728 596 4801 magis
625 4730 834 4786 studuit
865 4731 1089 4798 imitari,
1115 4729 1444 4802 Dominique
1491 4731 1614 4787 fieri
1653 4731 1764 4786 ha:-

153 4820 378 4877 reditas
405 4822 663 4878 omnibus
706 4821 886 4877 modis
927 4822 1290 4893 desideravit;
1327 4823 1452 4880 ideo
1492 4838 1616 4879 eam
1658 4820 1764 4877 Do-

155 4913 356 4970 minus
400 4914 468 4969 de
517 4929 752 4970 numero
790 4915 1174 4971 universorum
1204 4917 1299 4988 qui
1346 4927 1476 4972 sunt
1511 4915 1597 4972 vel
1644 4913 1764 4970 fue-

154 5016 321 5075 runt,
342 5007 426 5064 vel
456 5006 627 5065 futuri
653 5016 803 5076 sunt,
835 5009 1190 5081 singulariter
1218 5011 1398 5082 elegit.
1428 5009 1487 5064 ln
1509 5025 1618 5082 qua
1649 5023 1761 5064 non

157 5109 380 5156 tantum
405 5102 782 5173 spiritualiter,
816 5102 912 5158 sed
942 5102 1109 5158 etiam
1139 5103 1432 5159 carnaliter
1459 5102 1764 5174 requiesce-

155 5201 280 5260 ret,
312 5203 365 5249 et
401 5195 703 5250 secundum
733 5204 1077 5266 assumptam
1108 5194 1503 5251 humanitatem
1549 5195 1762 5250 habita-

153 5294 271 5352 ret,
303 5285 684 5343 confoveretur
717 5296 771 5343 et
799 5294 1092 5344 cresceret.
1129 5286 1234 5343 Sed
1269 5295 1326 5342 et
1358 5287 1412 5342 in
1439 5288 1620 5355 nobis,
1649 5284 1762 5341 fra-

157 5389 281 5435 tres
309 5381 640 5448 charissimi,
677 5383 725 5438 si
746 5383 864 5439 vias
903 5381 1120 5438 Domini
1170 5381 1345 5437 nostri
1391 5379 1521 5437 Jesu
1550 5379 1759 5451 Christi

160 5487 268 5542 pro
298 5472 520 5528 modulo
562 5483 754 5531 nostro
800 5476 974 5531 secuti
1009 5473 1315 5540 fuerimus;
1363 5473 1409 5528 si
1443 5472 1674 5539 mundi,
1712 5473 1759 5528 si

163 5563 425 5631 humiles,
457 5566 503 5621 si
531 5568 826 5634 mansueti,
857 5568 900 5623 si
939 5566 1134 5634 sancti,
1176 5565 1222 5622 si
1253 5565 1408 5637 justi,
1457 5565 1600 5620 sicut
1643 5561 1759 5633 ipse

154 5657 349 5728 justus
362 5666 466 5725 est,
484 5657 770 5727 fuerimus,
785 5659 979 5732 procul
999 5659 1170 5716 dubio
1193 5659 1249 5716 in
1277 5657 1437 5713 nobis
1465 5657 1762 5724 habitabit,

159 5749 474 5820 requiescet
496 5760 549 5806 et
579 5751 958 5823 cumplacebit,
990 5753 1075 5809 vel
1109 5761 1258 5807 certe
1288 5749 1469 5805 divina
1494 5749 1760 5819 sapientia

159 5841 296 5896 dicit
321 5856 383 5896 se
423 5841 480 5896 in
519 5844 777 5901 omnibus
804 5843 1050 5916 requiem
1079 5841 1422 5915 quaesivisse,
1458 5849 1513 5896 et
1544 5849 1758 5896 tantum

161 5933 216 5988 in
249 5932 568 5990 haereditate
591 5933 808 5990 Domini
842 5936 1070 5994 morari.
1103 5935 1231 5995 auia
1263 5933 1514 5990 homines
1544 5911 1788 5991 saniem,

1867 4708 2108 4764 animam
2156 4721 2266 4762 non
2315 4705 2562 4762 introibit
2609 4701 2899 4777 sapientia,
2951 4717 3055 4759 nec
3094 4701 3363 4757 habitabit
3403 4701 3464 4759 in

1867 4815 2098 4870 corpore
2137 4798 2359 4855 subdito
2399 4797 2640 4870 peccatis
2671 4795 2826 4869 (Sep.
2861 4796 2922 4864 ι).
2960 4814 2978 4846 ι
3033 4792 3300 4865 Sequitur
3330 4807 3460 4865 pars

1867 4895 2050 4962 tertia,
2077 4894 2132 4948 in
2157 4909 2266 4964 qua
2287 4891 2581 4963 exponitur
2622 4890 2678 4945 in
2709 4888 2912 4960 quibus
2942 4887 3039 4944 Dei
3063 4886 3330 4958 sapientia
3372 4902 3462 4942 re-

1866 4987 2134 5060 quiescat,
2157 5001 2283 5043 cum
2308 4983 2696 5056 subjungitur:
2731 4981 2804 5036 Et
2837 4981 2978 5036 dixit
3003 4981 3132 5035 mihi
3156 4996 3174 5035 :
3201 4979 3268 5034 In
3289 4979 3460 5037 Iacob

1867 5079 2130 5146 inhabita,
2171 5088 2222 5134 et
2273 5079 2330 5133 in
2366 5076 2540 5132 Israel
2577 5075 2914 5140 Inereditare,
2944 5084 2997 5130 et
3032 5075 3088 5129 in
3113 5072 3295 5128 electis
3328 5075 3462 5130 meis

1867 5174 2023 5228 mitte
2052 5173 2274 5227 radices.
2327 5169 2592 5226 Voluntas
2622 5167 2717 5224 Dei
2764 5167 2945 5224 Patris
2997 5176 3081 5223 est
3115 5176 3178 5224 ut
3219 5168 3340 5240 ejus
3368 5182 3459 5224 sa-
3489 5201 3512 5242 ε,

1865 5262 2067 5334 pientia
2099 5261 2305 5316 habitet
2339 5260 2395 5314 in
2435 5258 2624 5324 Jacob,
2654 5256 2709 5312 id
2741 5265 2825 5313 est
2859 5257 2915 5312 in
2939 5257 3302 5315 luctatoribus
3325 5272 3462 5315 eon-

1863 5366 1948 5413 tra
1977 5354 2132 5422 vitia,
2156 5354 2439 5410 haereditet
2463 5352 2520 5407 in
2543 5350 2732 5417 Israel,
2767 5350 2822 5406 id
2851 5360 2936 5407 est
2968 5351 3025 5406 in
3059 5349 3296 5408 fortibus
3317 5366 3455 5409 cou-

1867 5456 1947 5504 tra
1978 5445 2132 5513 vitia,
2163 5432 2344 5500 mittat
2363 5444 2596 5511 radices,
2619 5451 2839 5498 tantum
2863 5442 2918 5497 in
2941 5443 3151 5499 electis.
3177 5441 3458 5500 Multoties

1867 5537 2074 5609 quippe
2097 5545 2152 5592 et
2169 5536 2466 5592 luctatores
2495 5534 2645 5591 vitiis
2673 5534 3062 5602 succumbunt,
3089 5543 3145 5591 et
3167 5533 3336 5590 fortes
3366 5551 3462 5590 ca-

1866 5631 2023 5696 dunt,
2051 5637 2104 5685 et
2126 5628 2223 5684 Dei
2249 5628 2596 5700 sapientiam,
2641 5643 2766 5700 quae
2798 5627 3086 5685 videbatur
3115 5627 3171 5683 in
3195 5627 3276 5683 eis
3301 5626 3463 5682 habi-

1865 5733 1984 5780 tare
2013 5723 2095 5778 vel
2125 5722 2464 5795 haereditare,
2491 5721 2744 5794 perdunt.
2771 5719 2878 5777 Sed
2905 5721 3080 5778 electi
3100 5718 3222 5786 soli,
3249 5721 3303 5774 in
3329 5719 3456 5789 quis

1868 5818 1973 5873 bus
1993 5816 2175 5873 divina
2202 5815 2470 5887 sapientia
2517 5813 2668 5870 misit
2691 5813 2924 5880 radices,
2957 5827 3078 5868 eam
3120 5825 3230 5866 non
3257 5808 3457 5864 admit-

1867 5918 2008 5966 tunt.
2041 5908 2110 5964 Et
2144 5910 2242 5977 sic,
2287 5907 2483 5980 inquit,
2531 5909 2588 5963 in
2622 5905 2774 5976 Sion,
2798 5905 2851 5962 id
2887 5913 2973 5961 est
2995 5905 3052 5959 in
3084 5900 3453 5975 speculativis,
