3844 6318
509 344 650 402 “23

1794 328 2145 394 RADULPHI
2186 331 2532 390 ARDENTIS

3613 345 3704 407 liii

501 464 724 532 ﬁrmata
753 473 891 525 sum,
931 455 1025 526 qui
1055 453 1264 512 scilicet
1306 452 1568 530 optimam
1612 460 1823 522 partem
1857 448 1960 508 sibi
1987 449 2098 509 ele-
2132 454 2178 516 Α
2204 450 2490 521 accipitur.
2513 447 2616 510 Per
2643 445 2841 513 Cades,
2879 461 3004 517 qua:
3033 457 3348 506 manuatus:
3383 454 3464 507 vel
3491 469 3641 516 sum.
3661 462 3708 521 ί..

508 561 726 628 gerunt,
772 566 897 622 qua:
941 565 1050 604 non
1077 547 1358 604 auferetur
1409 545 1479 600 ab
1525 543 1606 600 eis
1648 541 1801 617 (Luc.
1829 543 1904 612 κ).
1947 539 2014 598 Et
2041 542 2100 596 in

508 639 742 709 civitate,
772 643 826 697 id
855 650 941 696 est
987 639 1040 694 in
1071 635 1493 710 congregatione
1525 641 1864 700 sanctorum,
1899 632 2101 692 sancti-

487 737 674 808 ﬁcata
718 733 973 789 similiter
1011 729 1258 802 requievi.
1318 747 1336 781 ι
1375 724 1480 783 Ubi
1505 727 1653 783 enim
1702 724 1812 781 duo
1859 724 1946 786 vel
1990 735 2101 782 tres

488 826 826 900 congregati
852 833 981 882 sunt
1006 823 1060 878 in
1084 821 1304 878 nomine
1327 835 1473 887 meo,
1501 833 1604 891 ego
1625 818 1681 874 in
1710 817 1890 877 medio
1908 832 2100 878 eorum

508 938 633 982 sum
659 919 878 991 (Matth.
904 916 1082 984 xvnt).
1107 935 1126 967 ο
1161 913 1230 970 Ει
1248 914 1304 968 in
1338 910 1677 971 Hierusalem
1700 919 1933 981 potestas
1961 926 2097 977 mea,

493 1015 565 1074 -id
594 1021 679 1070 est
717 1012 771 1067 in
801 1009 1062 1082 paciﬁcis.
1101 1006 1356 1063 Potestas
1378 1006 1530 1064 enim
1569 1003 1771 1060 divinae
1793 1003 2098 1081 sapientiae,

493 1106 781 1178 praecipue
846 1103 900 1156 in
965 1100 1243 1172 paciﬁcis,
1296 1099 1390 1172 qui
1447 1097 1544 1154 ﬁlii
1616 1096 1712 1155 Dei
1760 1095 2102 1154 vocabuntur

507 1197 726 1270 (Matth.
752 1196 828 1265 v),
847 1202 1091 1264 apparet,
1119 1192 1380 1264 quoniam
1407 1207 1604 1248 omnes
1620 1189 1960 1246 inordinatos
1983 1203 2102 1244 mo—

484 1297 596 1344 .tus
619 1303 730 1343 non
758 1287 937 1344 solum
967 1285 1024 1341 in
1057 1300 1138 1353 se,
1175 1285 1271 1341 sed
1298 1285 1466 1341 etiam
1495 1283 1548 1338 in
1594 1282 1717 1339 aliis
1765 1280 1976 1338 sedant.
2008 1279 2101 1336 Di-

504 1381 632 1438 vina
653 1380 854 1452 quippe
881 1378 1152 1450 sapientia
1176 1377 1406 1448 paciﬁca
1431 1385 1535 1445 est,
1564 1375 1763 1435 similis
1789 1389 1947 1445 aqua:
1972 1388 2101 1444 pro-

484 1472 707 1537 fundae.
761 1471 1052 1528 Saecularis
1092 1485 1224 1525 vero
1278 1469 1520 1540 litigiosa
1562 1476 1667 1536 est,
1705 1467 1901 1524 similis
1945 1480 2101 1536 aqua:

491 1569 654 1626 tenui
682 1578 736 1624 et
765 1567 1018 1640 garrulae.
1049 1564 1119 1620 Et
1157 1564 1395 1620 radicavi
1418 1564 1475 1618 in
1506 1562 1699 1634 popqu
1729 1560 2097 1630 honoriﬁcam

501 1661 595 1720 cui
624 1659 757 1718 dicit
797 1657 1097 1716 Dominus:
1137 1675 1156 1710 ι
1194 1655 1276 1711 Tu
1309 1671 1368 1712 es
1417 1655 1656 1727 populus
1681 1669 1858 1722 meus,
1905 1661 1960 1708 et
1996 1666 2101 1723 ego

486 1751 650 1809 .Deus
675 1759 821 1809 tuus.
847 1769 860 1802 ι
883 1747 1042 1816 Quod,
1057 1762 1340 1818 exponens
1359 1746 1543 1802 subdit
1568 1767 1584 1802 :
1616 1744 1684 1799 Et
1714 1745 1770 1798 in
1798 1752 1976 1816 partes
1998 1742 2098 1798 Dei

2206 552 2556 614 terpretatur,
2579 540 2898 596 mandatum
2929 539 3024 596 Dei
3059 541 3399 613 intelligitur.
3429 542 3524 602 Per
3539 551 3706 619 palmam

2201 653 2354 704 vero,
2381 652 2504 708 qua:
2536 634 2758 707 gracilis
2779 641 2864 690 est
2892 634 3041 691 circa
3070 635 3336 705 radicem,
3363 645 3417 694 et
3441 638 3638 714 desuper
3655 648 3708 704 ιιί.

2203 727 2406 784 latatur
2447 742 2571 782 cum
2621 723 2796 797 gratia
2834 723 3094 780 foliorum
3142 742 3361 800 semper
3400 728 3647 794 virentium
3675 752 3708 797 et

2203 819 2454 878 suavium
2486 833 2798 891 pomorum,
2830 817 3094 885 Charitas,
3132 834 3257 888 quae
3283 820 3354 876 ab
3384 833 3594 894 angusto
3623 827 3709 887 inci-

2202 911 2302 983 pit,
2332 919 2388 966 et
2415 920 2600 982 postea
2626 925 2802 982 usque
2825 909 2890 966 ad
2917 909 3174 966 inimicos
3199 910 3539 982 dilatatur,et
3564 933 3709 993 semper

2203 1010 2342 1068 viret
2367 1026 2424 1069 es
2450 1007 2762 1076 fructilicat,
2783 1008 3144 1081 significatur.
3175 1008 3371 1065 Divina
3387 1011 3539 1083 igitur
3562 1019 3713 1089 sapies.

2204 1101 2279 1157 tia
2300 1103 2456 1174 quasi
2480 1102 2666 1158 cedrus
2697 1101 2753 1154 in
2784 1099 3011 1168 Libano,
3051 1101 3209 1173 quasi
3239 1119 3507 1172 cypressus
3533 1107 3582 1160 in
3602 1123 3713 1167 monte

2205 1192 2356 1262 Sion,
2392 1195 2547 1270 quasi
2569 1193 2749 1264 palma
2773 1193 2828 1246 in
2861 1191 3031 1252 Cades
3053 1193 3352 1260 exaltatur,
3382 1195 3508 1250 dum
3544 1213 3714 1269 peream

2204 1285 2381 1342 sancti
2432 1285 2488 1340 in
2548 1284 2861 1344 innocentia
2921 1283 3115 1351 ﬁdem,
3169 1285 3226 1337 in
3281 1287 3715 1357 contemplationem

2205 1393 2380 1450 spem,
2414 1377 2468 1432 in
2493 1376 2750 1431 mandato
2784 1374 3110 1430 cltaritatem
3136 1376 3514 1444 observantes,
3546 1382 3718 1437 exaltan-

2204 1479 2314 1527 tur.
2355 1470 2425 1526 Se
2448 1485 2582 1525 vero
2608 1469 2915 1540 speciosam
2945 1468 3185 1524 ostendit
3215 1485 3345 1526 cum
3372 1469 3580 1526 subdit:
3603 1476 3716 1539 Ωιιωέ

2201 1563 2466 1634 plautatio
2489 1579 2623 1618 rosa:
2643 1563 2700 1618 in
2719 1560 2954 1617 Jericlw.
2971 1561 3141 1630 Quasi
3163 1563 3303 1618 oliva
3319 1566 3545 1633 speciosa
3566 1568 3720 1621 ictam-

2202 1653 2307 1730 pis;
2330 1664 2382 1710 et
2426 1655 2579 1728 quasi
2614 1653 2865 1725 platanus
2913 1653 3154 1712 exaltata
3181 1671 3300 1708 sum
3320 1655 3484 1726 juxta
3519 1663 3720 1729 aquamiu

2203 1746 2416 1820 plateis.
2452 1746 2625 1804 Porro
2665 1745 2886 1802 Jericlio
2916 1747 3046 1802 odor
3081 1747 3164 1802 vel
3207 1746 3338 1800 luna
3386 1748 3721 1820 interpretatur.

503 1845 607 1903 mei
637 1843 922 1901 Ittereditas
969 1840 1142 1908 illius,
1173 1839 1227 1895 id
1247 1849 1352 1908 est,
1397 1838 1465 1893 in
1496 1838 1590 1894 illo
1620 1836 1820 1910 populo
1857 1833 2098 1892 radicavi
2133 1833 2174 1887 Β
2202 1841 2306 1898 Per
2329 1841 2727 1913 plantationcm
2755 1855 2896 1896 rosa:
2931 1840 2984 1897 in
3017 1839 3262 1907 Jericbo,
3295 1857 3498 1898 corona
3538 1847 3723 1917 martyrii

503 1951 670 2008 quem
704 1935 867 2007 elegit
908 1933 1053 1990 Deus
1102 1933 1157 1988 in
1194 1940 1426 2004 partem,
1449 1939 1504 1986 et
1531 1930 1626 2001 qui
1649 1929 1819 1986 Deum
1850 1928 2012 2002 elegit
2039 1928 2095 1986 in

489 2027 897 2086 ,baareditatcm.
945 2025 1016 2082 Et
1061 2027 1118 2080 in
1151 2023 1481 2097 plenitudine
1533 2022 2097 2080 sanctorumdetentio

501 2138 640 2176 mea.
677 2119 778 2176 Ubi
800 2121 948 2176 enim
980 2119 1158 2192 major
1185 2117 1572 2185 sanctimonia,
1603 2117 1676 2173 ibi
1707 2117 1892 2174 divina
1921 2116 2098 2188 magis

501 2212 764 2270 invitatur
791 2221 845 2268 et
870 2211 1144 2268 detinetur
1173 2210 1460 2282 sapientia.
1505 2207 1644 2266 Cum
1677 2219 1858 2266 autem
1889 2210 1943 2264 in
1973 2224 2096 2265 om-

499 2303 664 2360 nibus
711 2305 798 2360 his
822 2303 1009 2361 divina
1058 2303 1369 2376 requiescat
1415 2301 1709 2372 sapientia,
1741 2301 2014 2374 praecipue
2043 2309 2100 2358 et

487 2397 853 2478 isingularster
891 2395 1188 2469 requiescit
1243 2394 1297 2448 in
1340 2393 1530 2450 Maria.
1568 2392 1687 2468 Ipsa
1737 2393 1884 2452 enim
1910 2392 2096 2450 omnia

487 2489 638 2559 haec,
665 2499 721 2548 ct
771 2491 1062 2562 plusquam
1107 2489 1225 2546 haec
1271 2488 1454 2544 habet.
1510 2486 1647 2555 Quis
1695 2487 1838 2544 enim
1876 2487 1956 2543 sic
1994 2486 2096 2542 fuit

486 2577 688 2650 .Jacob,
717 2582 771 2638 id
798 2591 886 2640 est
926 2582 1160 2638 luctator
1207 2588 1399 2637 contra
1446 2578 1599 2647 vitia,
1634 2587 1693 2634 ut
1721 2578 1936 2642 Maria?
1960 2579 2094 2644 Quis

499 2672 606 2736 fuit
631 2675 712 2732 sic
733 2676 960 2741 electus,
990 2677 1102 2730 imo
1148 2674 1470 2745 praeelectus
1494 2683 1554 2728 ut
1579 2673 1749 2728 Maria
1773 2674 1796 2727 ?
1827 2673 1962 2742 Quis
1991 2672 2095 2726 l'.:it

489 2768 582 2826 sic
615 2767 772 2836 Sion,
805 2768 857 2824 id
881 2777 966 2828 est
994 2768 1387 2839 speculativus,
1415 2765 1707 2824 utMaria?
1736 2765 1870 2836 Quae
1897 2766 2092 2822 civitas

485 2861 580 2929 sic
608 2861 711 2918 fuit
733 2861 1099 2929 sanctiﬁcata,
1130 2870 1189 2916 ut
1211 2861 1408 2918 civitas
1432 2870 1488 2916 ct
1524 2861 1830 2918 claustrum
1860 2860 1953 2917 Dei
1978 2860 2094 2916 Ma-

484 2952 782 3020 ,ria‘tQuis
831 2952 936 3014 fuit
981 2953 1062 3010 sic
1090 2951 1458 3020 Hierusalem,
1500 2952 1555 3010 id
1591 2961 1677 3008 est
1723 2952 2008 3023 paciﬁcus,
2033 2961 2094 3008 ut

484 3046 788 3102 .mediatrix
818 3045 912 3109 Dei
937 3054 992 3106 et
1017 3046 1303 3103 hominum
1331 3045 1521 3104 Maria.
1560 3045 1695 3113 Quis
1725 3045 1828 3104 fuit
1857 3046 2092 3117 populus

486 3139 583 3208 ,sic
610 3139 1026 3207 ltonoriﬁcatus,
1052 3147 1113 3200 ut
1138 3155 1267 3210 pars
1289 3140 1373 3196 vel
1420 3139 1711 3200 hereditas
1736 3137 1855 3206 Dei,
1891 3147 1953 3192 ut
1975 3138 2092 3194 sin-

480 3199 707 3302 ,gularis
736 3230 829 3292 Dei
868 3199 1040 3292 Mater
1064 3245 1118 3290 et
1139 3199 1336 3302 Virgo,
1369 3239 1425 3286 et
1450 3230 1635 3301 regina
1675 3199 1942 3288 caelorum
1987 3228 2094 3288 Μει-
2120 3199 2164 3259 C

481 3326 580 3388 .ria
601 3326 624 3379 ἲ
645 3323 782 3394 Quis
808 3325 1000 3389 habuit
1028 3334 1240 3382 tantam
1265 3323 1647 3382 sanctimonia:
1677 3323 2091 3394 plenitudinem,

478 3428 765 3492 quantum
813 3418 1028 3478 Maria?
1059 3417 1424 3491 Singulariter
1470 3417 1636 3489 igitur
1660 3424 1716 3473 et
1745 3417 2090 3488 supcrexcel-

481 3515 670 3574 .lenter
695 3512 792 3570 Dei
817 3513 1088 3584 sapientia
1126 3512 1396 3584 requievit
1422 3512 1477 3572 in
1506 3510 1704 3568 Maria.

481 3650 488 3661 ,
569 3606 830 3680 Sequitur
869 3623 998 3678 pars
1039 3615 1262 3678 quarta,
1305 3606 1363 3666 iu
1406 3621 1515 3677 qua
1556 3603 1825 3675 sapientia
1854 3602 2093 3660 ostendit

483 3701 678 3773 Qualis
700 3701 818 3772 ipsa
853 3701 954 3759 sit:
989 3700 1123 3760 dicit
1147 3714 1206 3756 se
1226 3713 1348 3755 esse
1375 3698 1692 3764 exaltatam,
1728 3712 1789 3756 se
1814 3712 1939 3752 esse
1961 3688 2088 3767 sp'c-

481 3795 726 3862 sciosam,
755 3810 815 3850 se
837 3809 960 3850 esse
974 3792 1329 3850 odoriferam.
1350 3791 1422 3847 Se
1435 3807 1557 3848 esse
1577 3790 1871 3852 exaltatum
1899 3801 2088 3846 osten-

483 3887 596 3954 dit,
627 3902 753 3943 cum
794 3887 979 3944 subdit
1005 3905 1018 3944 :
1048 3884 1216 3951 Quasi
1257 3885 1442 3942 cedrus
1496 3883 1734 3943 excitata
1760 3900 1877 3942 sum
1917 3885 1974 3936 iu
1998 3882 2089 3936 Li-
2124 3890 2132 3896 ‘

487 3980 651 4038 bona.
694 3977 802 4036 Sed
831 3995 958 4036 cum
981 3978 1166 4038 divina
1195 3977 1467 4048 sapientia
1490 3991 1601 4032 non
1629 3976 1807 4046 possit
1826 3991 1947 4031 esse
1973 3992 2088 4034 Ina-

481 4072 578 4142 jor
603 4071 686 4128 vel
709 4071 871 4130 altior
896 4086 1061 4142 quam
1095 4085 1311 4141 semper
1342 4068 1528 4136 fuerit,
1559 4067 1840 4140 quomodo
1875 4067 2011 4124 dicit
2030 4083 2089 4122 se

482 4180 617 4224 esse
653 4164 988 4224 exaltatam?
1029 4162 1150 4220 Non
1188 4163 1323 4234 quia
1364 4163 1419 4218 in
1446 4178 1529 4229 se,
1558 4162 1654 4219 sed
1696 4161 1827 4232 quia
1864 4160 1918 4214 in
1947 4160 2086 4228 suis,

489 4255 626 4312 dum
653 4271 750 4314 eos
770 4255 994 4324 exaltat,
1027 4256 1324 4315 exaltatur.
1353 4252 1545 4312 Divina
1587 4252 1791 4323 quippe
1818 4251 2085 4322 sapientia

489 4346 624 4402 facit
651 4347 800 4418 quod
829 4348 1026 4414 sancti,
1043 4363 1075 4403 a
1097 4347 1247 4403 vitiis
1273 4353 1582 4417 surgentes,
1609 4343 1663 4398 in
1687 4343 1798 4398 alto
1820 4344 2085 4400 virtutum

483 4454 554 4494 se
581 4425 872 4507 collocant,
905 4449 959 4495 et
983 4440 1132 4511 quod
1160 4440 1422 4502 virtutem
1463 4435 1678 4504 virtuti,
1708 4437 1915 4494 bonum
1939 4437 2091 4493 bono

2200 1935 2536 2007 designatur.
2580 1933 2685 1990 Per
2731 1934 2954 2001 olivam,
2996 1934 3158 2004 cujus
3203 1935 3388 2008 liquor
3445 1949 3727 2008 superenatat

2201 2026 2459 2084 omnibus
2480 2027 2812 2100 liquoribus,
2844 2028 3221 2085 misericordia
3255 2046 3380 2101 quae
3429 2034 3725 2102 superexaltat

2194 2119 2486 2192 judicium,
2513 2119 2802 2191 accipitur.
2833 2119 2936 2175 Per
2963 2120 3272 2192 platanum,
3307 2123 3391 2179 sic
3430 2124 3609 2179 dictam
3632 2141 3657 2180 δ
3675 2127 3724 2182 ia-

2202 2211 2432 2267 titudine
2454 2210 2734 2281 foliorum,
2764 2222 2819 2267 et
2843 2213 2972 2284 quia
3006 2213 3192 2284 patula
3241 2223 3296 2270 et
3323 2216 3501 2286 ampla
3525 2226 3613 2282 est,
3640 2233 3728 2289 qua:

2198 2305 2446 2361 nascitur
2475 2303 2636 2376 juxta
2681 2321 2882 2378 aquam
2914 2307 2969 2361 ir.
3015 2307 3234 2378 plateis,
3286 2310 3730 2381 magnanimin

2198 2397 2490 2470 signiﬁcat,
2512 2414 2635 2470 quae
2651 2398 2809 2470 juxta
2833 2399 3154 2456 mandatum
3183 2402 3387 2456 divina:
3411 2403 3675 2473 sapientiae,
3695 2415 3732 2458 ct

2186 2490 2482 2548 latitudine
2508 2492 2813 2560 clraritatis,
2855 2494 3025 2548 animi
3063 2495 3424 2566 amplitudine
3445 2508 3646 2550 cunctos
3664 2512 3727 2550 re-

2196 2584 2348 2655 cipit,
2392 2585 2627 2657 protegit
2682 2587 3009 2658 cunctisque
3059 2587 3352 2646 benefacit.
3393 2587 3572 2643 Divina
3611 2589 3737 2660 igitur

2195 2677 2461 2748 sapientia
2481 2687 2566 2734 est
2584 2680 2832 2750 speciosa
2855 2681 3010 2751 quasi
3024 2682 3292 2752 plautatio
3323 2699 3456 2738 roste
3479 2683 3527 2736 in
3547 2681 3737 2747 Iericho,

2194 2782 2242 2825 et
2272 2773 2427 2842 quasi
2472 2772 2613 2827 oliva
2647 2774 2885 2844 speciosa
2924 2775 2980 2828 in
3006 2777 3232 2846 campis,
3273 2785 3326 2831 et
3354 2778 3506 2847 quasi
3532 2777 3741 2847 platanus

2193 2865 2456 2934 cxaltata,
2471 2866 2633 2936 juxta
2666 2885 2862 2938 aquam
2893 2869 2950 2923 iu
2970 2869 3184 2940 plateis,
3222 2870 3484 2942 quoniam
3517 2870 3742 2942 quosdam

2194 2957 2362 3013 odore
2411 2958 2682 3014 bonorum
2725 2976 2955 3032 operum
3003 2961 3168 3021 etiam
3219 2963 3493 3036 martyrio
3536 2974 3746 3027 coronat,

2194 3047 2332 3104 alios
2359 3048 2414 3103 in
2441 3063 2637 3121 campo
2678 3049 2843 3125 hujus
2874 3046 3037 3120 vitae,
3059 3053 3264 3110 virtute
3309 3053 3677 3110 misericordiae
3706 3064 3747 3106 et

2196 3142 2600 3213 compassionis
2650 3143 2893 3213 decorat,
2966 3144 3106 3202 alios
3147 3147 3442 3205 latitudine
3481 3148 3752 3212 cbaritatis,

2197 3230 2575 3306 magnitudine
2621 3237 3018 3308 benefaciendi,
3058 3241 3224 3300 latius
3262 3237 3522 3302 illustrat.
3553 3241 3621 3303 Se
3645 3256 3752 3296 vero

2193 3342 2317 3384 esse
2361 3329 2692 3386 odoriferam
2748 3332 3007 3401 ostendit,
3047 3349 3174 3391 cum
3221 3334 3396 3391 dicit:
3431 3333 3579 3391 Sicut
3603 3337 3762 3392 cinna.

2196 3436 2430 3476 montum
2480 3432 2528 3478 et
2579 3423 2876 3480 balsamum
2921 3428 3319 3497 aromatizarts,
3370 3429 3588 3485 odorem
3620 3430 3757 3486 dedi:

2194 3515 2349 3584 quasi
2393 3515 2609 3586 myrrha
2651 3517 2840 3586 electo,
2885 3519 3007 3573 dedi
3048 3521 3370 3577 suavitatem
3416 3521 3620 3576 odoris.
3645 3519 3765 3575 Sane

2192 3623 2290 3680 per
2335 3609 2770 3680 cinnamomum,
2807 3613 2956 3685 quod
3004 3623 3090 3672 est
3129 3613 3317 3675 brevis
3355 3612 3570 3680 frutex,
3613 3615 3763 3672 mione

2194 3694 2456 3769 subnigro
2481 3696 2568 3752 vel
2591 3697 2836 3766 cinereo,
2862 3709 2916 3754 et
2947 3697 3208 3767 fractum,
3229 3703 3636 3773 spiramentum

2191 3789 2298 3844 bile
2320 3790 2517 3852 emittit
2540 3791 2594 3846 in
2617 3793 2842 3848 modum
2870 3794 3082 3850 nebulae
3105 3795 3192 3851 vel
3214 3795 3487 3867 pulveris,
3515 3796 3768 3852 humilitas

2192 3882 2550 3955 signiﬁcatur,
2577 3901 2701 3955 qua:
2727 3901 2786 3942 se
2816 3887 2975 3957 quasi
3001 3887 3220 3947 brevem
3240 3904 3297 3948 et
3313 3892 3478 3948 vilem
3512 3893 3774 3961 dejiciens.

2190 3975 2354 4032 etiam
2387 3976 2515 4036 lassa
2559 3977 2741 4050 magis
2779 3978 3125 4049 humiliatur,
3163 3991 3217 4038 et
3248 3985 3413 4054 quasi
3445 3985 3664 4040 visibile
3688 3984 3774 4052 sp'r

2191 4076 2502 4122 ramentum
2525 4066 2653 4122 boni
2679 4068 2922 4135 dicti,ch
2946 4069 3098 4139 facti,
3119 4073 3237 4129 suis
3267 4075 3574 4134 iazsorihus
3604 4076 3778 4131 rediit.

2189 4156 2293 4214 Per
2335 4159 2644 4218 balsamum
2691 4177 2844 4230 vero,
2876 4165 3022 4235 quod
3046 4165 3266 4222 duobus
3313 4168 3530 4224 cubitis
3579 4168 3778 4228 enimet.

2190 4250 2335 4307 foliis
2381 4252 2519 4309 albis
2564 4263 2619 4309 et
2665 4269 2883 4326 semper
2940 4260 3315 4328 manentibus,
3337 4272 3398 4317 et
3444 4263 3650 4320 laesum
3679 4277 3784 4316 cum

2187 4354 2356 4402 acuto
2380 4344 2582 4418 lapide,
2611 4347 2816 4402 emittit
2851 4358 3036 4420 guttas
3067 4350 3258 4408 odoris
3312 4355 3620 4426 prmcipui,
3653 4353 3785 4407 beato

2187 4437 2369 4508 gnitas
2396 4436 2780 4510 signiﬁcatur;
2837 4455 2961 4512 quae
3001 4457 3218 4514 semper
3246 4444 3448 4500 albens
3490 4455 3553 4502 et
3601 4444 3786 4507 virens,

489 4530 860 4594 accumulant.
909 4530 979 4596 Et
1023 4533 1128 4588 hoc
1157 4539 1244 4589 est
1277 4529 1428 4601 quod
1473 4528 1646 4586 dicit:
1688 4526 1858 4594 Quasi
1895 4513 2081 4586 cedrus
2118 4529 2350 4609 Detiam
2374 4531 2502 4587 laesa
2528 4531 2817 4591 laesoribus
2854 4535 3087 4606 gratiam
3128 4513 3550 4593 beneficiorum
3583 4537 3785 4593 reddere

487 4623 729 4682 exaltant
750 4641 868 4684 sum
893 4626 948 4683 in
973 4623 1203 4691 Libano,
1229 4632 1280 4678 et
1310 4623 1466 4694 quasi
1505 4638 1779 4692 cypressus
1807 4623 1865 4677 in
1909 4633 2084 4680 monte

481 4713 642 4774 .Siou.
670 4715 838 4781 Quasi
865 4715 1048 4786 palma
1071 4714 1316 4776 exaltata
1337 4730 1456 4768 sum
1475 4713 1534 4768 in
1562 4713 1757 4772 Cades.
1786 4712 1892 4770 Per
1919 4715 2082 4774 Liba-

478 4818 644 4870 .num,
680 4806 776 4876 qui
811 4805 1123 4867 candidatio
1150 4804 1560 4876 interpretatur,
1585 4805 1791 4862 candor
1813 4806 2069 4863 innoocn.

480 4896 560 4958 .tis
582 4897 708 4962 vitae
739 4896 1102 4969 signiﬁcatur.
1148 4895 1254 4952 Per
1289 4897 1515 4954 cedrum
1550 4914 1700 4967 vero,
1743 4898 1904 4970 cujus
1943 4899 2080 4958 odor

483 4988 638 5062 fugat
668 4998 973 5059 serpentes,
1007 4989 1221 5052 dicente
1244 4997 1404 5060 poeta
1433 5007 1446 5019 -

483 5132 494 5137 -
595 5082 754 5140 Disce
784 5080 1064 5142 adoratam
1089 5081 1314 5140 stabulis
1341 5082 1622 5138 accendere
1648 5083 1885 5152 cedrum,

477 5218 486 5228 .
1052 5171 1258 5245 (νίκα,
1289 5171 1477 5245 Georg.
1502 5173 1599 5233 lib.
1633 5189 1718 5242 tn,
1741 5188 1886 5231 vers.
1917 5173 2072 5246 “4.,

483 5274 541 5320 et
575 5265 736 5336 cujus
771 5265 960 5330 resina
1001 5266 1172 5331 libros
1209 5285 1240 5323 a
1275 5268 1440 5330 tineis
1465 5276 1521 5328 et
1561 5275 1831 5326 vetustate
1856 5283 2079 5326 conser-

483 5366 600 5426 vat,
630 5358 766 5422 ﬁdes
792 5360 1078 5432 accipitur,
1105 5361 1268 5434 Cujus
1290 5361 1651 5433 intelligentia
1679 5359 1836 5433 fugat
1859 5360 2078 5420 haereti-

485 5465 606 5519 cos,
630 5458 686 5506 et
707 5466 931 5514 sensum
963 5451 1378 5525 scripturarum
1401 5469 1433 5516 a
1457 5451 1810 5523 corruptione
1847 5468 2074 5509 conser-

483 5549 594 5598 vat.
622 5540 724 5597 Per
757 5541 893 5606 Sion
920 5544 1152 5608 altitudo
1176 5543 1570 5616 speculationis
1600 5543 1942 5616 intelligitur.
1969 5543 2078 5600 Per

481 5649 804 5707 cypressum
845 5651 976 5693 vero
1004 5653 1135 5708 quae
1167 5636 1442 5700 odorifero
1491 5643 1603 5704 est,
1635 5637 1788 5694 nullo
1834 5637 2072 5708 impulsu

483 5731 744 5790 annuens
770 5745 1010 5797 comam,
1037 5729 1210 5790 solida
1233 5739 1288 5786 et
1316 5729 1468 5788 oneri
1498 5731 1691 5787 cedere
1724 5729 1932 5800 nescia,
1962 5728 2076 5788 for-

482 5819 658 5878 titudo
689 5819 809 5889 Spei
834 5827 1049 5874 aeterna:
1077 5823 1357 5877 odorantis
1379 5830 1433 5878 et
1463 5821 1712 5889 superari
1753 5822 2077 5893 nescientis,

2189 4624 2358 4680 novit.
2383 4621 2487 4679 Per
2515 4625 2797 4698 myrrham
2824 4626 2990 4682 etiam
3031 4643 3156 4701 quae
3201 4644 3397 4685 amara
3435 4639 3558 4698 est,
3587 4640 3643 4689 et
3683 4644 3790 4685 coro

2188 4728 2320 4783 pora
2343 4713 2662 4786 incorrupta
2697 4726 3006 4786 conservat,
3039 4719 3374 4776 castimonia
3398 4730 3467 4776 ct
3501 4722 3786 4777 mortiﬁcac

2189 4805 2264 4860 tio
2279 4805 2586 4861 carnalium
2597 4807 3000 4865 desideriorum
3019 4811 3440 4884 signiﬁcantur,
3454 4832 3596 4888 qua:
3613 4830 3787 4886 corpus

2185 4908 2238 4954 et
2268 4899 2512 4958 animam
2540 4918 2572 4962 a
2618 4903 2765 4961 vitiis
2795 4917 3124 4962 conservant
3161 4908 3590 4982 incorruptam.
3622 4909 3788 4963 Divina

2187 4995 2354 5066 igitur
2400 4995 2669 5067 sapientia
2715 5007 2802 5054 est
2853 4998 3128 5056 odorifera
3187 5001 3336 5062 sicut
3371 5003 3789 5062 cinnamomum

2186 5095 2242 5141 et
2255 5086 2560 5143 balsamum
2572 5097 2626 5148 et
2649 5091 3171 5164 myrrha,quoniam
3182 5103 3418 5157 sanctos
3445 5111 3595 5152 suos
3616 5099 3791 5149 virtute

2187 5180 2546 5251 humilitatis,
2575 5183 2928 5256 benignitatis
2966 5195 3021 5242 et
3040 5186 3311 5245 castitatis
3355 5191 3637 5250 redolere
3664 5189 3790 5246 facit.

2255 5271 2323 5328 Et
2347 5273 2415 5341 si,
2444 5272 2643 5335 fratres
2675 5277 2804 5346 mei,
2848 5275 3117 5349 sapientia
3149 5277 3248 5334 Dei
3269 5278 3500 5349 Patris,
3552 5283 3791 5338 Dianium
3818 5323 3819 5326 η

2183 5374 2370 5421 noster
2396 5363 2559 5423 Jesus
2585 5365 2861 5438 Christus,
2897 5370 2977 5426 sic
3020 5370 3246 5438 exultat,
3271 5371 3357 5428 sic
3417 5375 3686 5444 decorat,
3729 5375 3819 5431 sit1

2183 5455 2429 5514 redolere
2474 5457 2607 5518 facit
2652 5468 2879 5517 caeteros
2919 5473 3167 5530 sanctos,
3205 5474 3435 5534 quanto
3466 5470 3657 5541 magis
3675 5469 3819 5540 dum

2181 5548 2487 5606 ctissimam
2509 5559 2565 5605 et
2584 5551 2920 5623 singularem
2951 5562 3184 5610 matrem
3228 5571 3401 5612 suam
3420 5558 3450 5613 '2
3485 5558 3563 5617 Et
3587 5558 3791 5618 manda.
3818 5543 3819 5618 ζ

2179 5646 2296 5694 tum
2319 5639 2468 5711 quod
2490 5641 2557 5696 de
2581 5641 3035 5699 honoriﬁcatione
3071 5645 3251 5716 patris
3289 5655 3350 5701 et
3411 5653 3630 5708 matris
3658 5649 3792 5706 nobis

2179 5731 2347 5800 dedit,
2388 5743 2595 5803 quanto
2637 5734 2813 5807 magis
2852 5735 2967 5808 ipse
2997 5737 3260 5794 custodit.
3286 5736 3602 5802 Exaltavit
3635 5745 3790 5816 itaque

2178 5825 2596 5882 dilectissimam
2631 5837 2862 5883 matrem
2915 5844 3073 5885 suam
3129 5829 3274 5886 sicut
3321 5835 3591 5894 cedrum
3633 5839 3685 5893 in
3711 5834 3819 5890 Lio;
