  <div class='ocr_page' id='page_1' title='image "/cluster/home/n/w/nwhite01/storage/ocr_20150623/155/hvd.32044015473838/718.png"; bbox 0 0 3844 6318; ppageno 0'>
   <div class='ocr_carea' id='block_1_1' title="bbox 138 389 244 448">
    <p class='ocr_par' dir='ltr' id='par_1_1' title="bbox 138 389 244 448">
     <span class='ocr_line' id='line_1_1' title="bbox 138 389 244 448; baseline -0.019 0"><span class='ocrx_word' id='word_1_1' title='bbox 138 389 244 448; x_wconf 62' lang='grc' dir='ltr'><strong>ηεξ</strong></span> 
     </span>
    </p>
   </div>
   <div class='ocr_carea' id='block_1_2' title="bbox 1173 371 2157 430">
    <p class='ocr_par' dir='ltr' id='par_1_2' title="bbox 1173 371 2157 430">
     <span class='ocr_line' id='line_1_2' title="bbox 1173 371 2157 430; baseline 0.002 -2"><span class='ocrx_word' id='word_1_2' title='bbox 1173 371 1503 429; x_wconf 68' lang='grc' dir='ltr'><strong>ΙΙΟΜΠΔιΕ.</strong></span> <span class='ocrx_word' id='word_1_3' title='bbox 1531 403 1602 415; x_wconf 90' lang='grc'><strong>-</strong></span> <span class='ocrx_word' id='word_1_4' title='bbox 1627 372 1668 428; x_wconf 88' lang='grc'><strong>1.</strong></span> <span class='ocrx_word' id='word_1_5' title='bbox 1696 371 1786 428; x_wconf 86' lang='lat' dir='ltr'><strong>DE</strong></span> <span class='ocrx_word' id='word_1_6' title='bbox 1811 372 2157 430; x_wconf 73' lang='lat' dir='ltr'><strong>TEMPORE.</strong></span> 
     </span>
    </p>
   </div>
   <div class='ocr_carea' id='block_1_3' title="bbox 3192 377 3340 438">
    <p class='ocr_par' dir='ltr' id='par_1_3' title="bbox 3192 377 3340 438">
     <span class='ocr_line' id='line_1_3' title="bbox 3192 377 3340 438; baseline 0.027 -4"><span class='ocrx_word' id='word_1_7' title='bbox 3192 377 3340 438; x_wconf 65' lang='grc'><strong>1428.</strong></span> 
     </span>
    </p>
   </div>
   <div class='ocr_carea' id='block_1_4' title="bbox 134 483 3324 577">
    <p class='ocr_par' dir='ltr' id='par_1_4' title="bbox 134 483 3324 577">
     <span class='ocr_line' id='line_1_4' title="bbox 134 483 3324 577; baseline -0 -27"><span class='ocrx_word' id='word_1_8' title='bbox 134 505 259 564; x_wconf 69' lang='lat' dir='ltr'><strong>bam,</strong></span> <span class='ocrx_word' id='word_1_9' title='bbox 290 494 413 552; x_wconf 89' lang='lat' dir='ltr'><strong>sicut</strong></span> <span class='ocrx_word' id='word_1_10' title='bbox 437 501 748 562; x_wconf 79' lang='lat' dir='ltr'><strong>cypressum</strong></span> <span class='ocrx_word' id='word_1_11' title='bbox 784 486 836 542; x_wconf 92' lang='lat' dir='ltr'><strong>in</strong></span> <span class='ocrx_word' id='word_1_12' title='bbox 877 483 1065 543; x_wconf 80' lang='lat' dir='ltr'><strong>monte</strong></span> <span class='ocrx_word' id='word_1_13' title='bbox 1087 484 1238 554; x_wconf 84' lang='lat' dir='ltr'><strong>Sion,</strong></span> <span class='ocrx_word' id='word_1_14' title='bbox 1270 495 1327 544; x_wconf 90' lang='lat' dir='ltr'><strong>ct</strong></span> <span class='ocrx_word' id='word_1_15' title='bbox 1354 486 1496 543; x_wconf 89' lang='lat' dir='ltr'><strong>sicut</strong></span> <span class='ocrx_word' id='word_1_16' title='bbox 1521 491 1636 577; x_wconf 71' lang='lat' dir='ltr'><strong>pal-</strong></span> <span class='ocrx_word' id='word_1_17' title='bbox 1665 491 1713 550; x_wconf 77' lang='grc' dir='ltr'>Α</span> <span class='ocrx_word' id='word_1_18' title='bbox 1742 485 2076 557; x_wconf 67' lang='lat' dir='ltr'><strong>mquitatem,</strong></span> <span class='ocrx_word' id='word_1_19' title='bbox 2118 486 2326 544; x_wconf 75' lang='lat' dir='ltr'><strong>erranti</strong></span> <span class='ocrx_word' id='word_1_20' title='bbox 2367 489 2786 558; x_wconf 74' lang='lat' dir='ltr'><strong>correctionem,</strong></span> <span class='ocrx_word' id='word_1_21' title='bbox 2835 491 3096 548; x_wconf 80' lang='lat' dir='ltr'><strong>esurienti</strong></span> <span class='ocrx_word' id='word_1_22' title='bbox 3119 493 3324 562; x_wconf 87' lang='lat' dir='ltr'><strong>cibum,</strong></span> 
     </span>
    </p>
   </div>
   <div class='ocr_carea' id='block_1_5' title="bbox 128 580 1632 653">
    <p class='ocr_par' dir='ltr' id='par_1_5' title="bbox 128 580 1632 653">
     <span class='ocr_line' id='line_1_5' title="bbox 128 580 1632 653; baseline -0.011 -1"><span class='ocrx_word' id='word_1_23' title='bbox 128 608 240 652; x_wconf 85' lang='lat' dir='ltr'><strong>mam</strong></span> <span class='ocrx_word' id='word_1_24' title='bbox 279 590 324 643; x_wconf 91' lang='lat' dir='ltr'><strong>in</strong></span> <span class='ocrx_word' id='word_1_25' title='bbox 351 583 526 649; x_wconf 84' lang='lat' dir='ltr'><strong>Cades,</strong></span> <span class='ocrx_word' id='word_1_26' title='bbox 567 582 664 653; x_wconf 91' lang='lat' dir='ltr'><strong>qui</strong></span> <span class='ocrx_word' id='word_1_27' title='bbox 706 595 825 636; x_wconf 87' lang='lat' dir='ltr'><strong>eam</strong></span> <span class='ocrx_word' id='word_1_28' title='bbox 876 580 934 635; x_wconf 90' lang='lat' dir='ltr'><strong>in</strong></span> <span class='ocrx_word' id='word_1_29' title='bbox 955 581 1242 652; x_wconf 82' lang='lat' dir='ltr'><strong>via&#39;super</strong></span> <span class='ocrx_word' id='word_1_30' title='bbox 1286 580 1632 638; x_wconf 65' lang='lat' dir='ltr'><strong>altitudinem</strong></span> 
     </span>
    </p>
   </div>
   <div class='ocr_carea' id='block_1_6' title="bbox 129 674 1631 752">
    <p class='ocr_par' dir='ltr' id='par_1_6' title="bbox 129 674 1631 752">
     <span class='ocr_line' id='line_1_6' title="bbox 129 674 1631 752; baseline -0.009 -8"><span class='ocrx_word' id='word_1_31' title='bbox 129 685 239 752; x_wconf 86' lang='lat' dir='ltr'><strong>iidci,</strong></span> <span class='ocrx_word' id='word_1_32' title='bbox 273 679 402 752; x_wconf 90' lang='lat' dir='ltr'><strong>spei,</strong></span> <span class='ocrx_word' id='word_1_33' title='bbox 434 684 484 732; x_wconf 89' lang='lat' dir='ltr'><strong>ct</strong></span> <span class='ocrx_word' id='word_1_34' title='bbox 523 674 837 742; x_wconf 74' lang='lat' dir='ltr'><strong>charitatis,</strong></span> <span class='ocrx_word' id='word_1_35' title='bbox 887 685 1324 746; x_wconf 67' lang='lat' dir='ltr'><strong>eraterat-umque</strong></span> <span class='ocrx_word' id='word_1_36' title='bbox 1369 675 1631 732; x_wconf 88' lang='lat' dir='ltr'><strong>virtutum</strong></span> 
     </span>
    </p>
   </div>
   <div class='ocr_carea' id='block_1_7' title="bbox 125 767 1636 841">
    <p class='ocr_par' dir='ltr' id='par_1_7' title="bbox 125 767 1636 841">
     <span class='ocr_line' id='line_1_7' title="bbox 125 767 1636 841; baseline -0.007 -6"><span class='ocrx_word' id='word_1_37' title='bbox 125 777 319 835; x_wconf 81' lang='grc' dir='ltr'>υιιιηὶιιηι</span> <span class='ocrx_word' id='word_1_38' title='bbox 340 767 808 841; x_wconf 79' lang='lat' dir='ltr'><strong>superexcellenter</strong></span> <span class='ocrx_word' id='word_1_39' title='bbox 830 767 1110 836; x_wconf 74' lang='lat' dir='ltr'><strong>exultavit,</strong></span> <span class='ocrx_word' id='word_1_40' title='bbox 1121 776 1176 824; x_wconf 90' lang='lat' dir='ltr'><strong>et</strong></span> <span class='ocrx_word' id='word_1_41' title='bbox 1199 769 1254 824; x_wconf 89' lang='lat' dir='ltr'><strong>in</strong></span> <span class='ocrx_word' id='word_1_42' title='bbox 1268 768 1446 841; x_wconf 87' lang='lat' dir='ltr'><strong>patria</strong></span> <span class='ocrx_word' id='word_1_43' title='bbox 1468 783 1636 840; x_wconf 82' lang='lat' dir='ltr'><strong>super</strong></span> 
     </span>
    </p>
   </div>
   <div class='ocr_carea' id='block_1_8' title="bbox 121 858 1631 935">
    <p class='ocr_par' dir='ltr' id='par_1_8' title="bbox 121 858 1631 935">
     <span class='ocr_line' id='line_1_8' title="bbox 121 858 1631 935; baseline -0.007 -8"><span class='ocrx_word' id='word_1_44' title='bbox 121 883 292 928; x_wconf 81' lang='lat' dir='ltr'><strong>omnem</strong></span> <span class='ocrx_word' id='word_1_45' title='bbox 329 858 629 935; x_wconf 78' lang='lat' dir='ltr'><strong>angelorum</strong></span> <span class='ocrx_word' id='word_1_46' title='bbox 664 868 720 917; x_wconf 88' lang='lat' dir='ltr'><strong>et</strong></span> <span class='ocrx_word' id='word_1_47' title='bbox 754 860 1207 933; x_wconf 82' lang='lat' dir='ltr'><strong>archangelomm</strong></span> <span class='ocrx_word' id='word_1_48' title='bbox 1252 859 1631 918; x_wconf 75' lang='lat' dir='ltr'><strong>celsitudinem</strong></span> 
     </span>
    </p>
   </div>
   <div class='ocr_carea' id='block_1_9' title="bbox 117 951 1634 1032">
    <p class='ocr_par' dir='ltr' id='par_1_9' title="bbox 117 951 1634 1032">
     <span class='ocr_line' id='line_1_9' title="bbox 117 951 1634 1032; baseline -0.008 -16"><span class='ocrx_word' id='word_1_49' title='bbox 117 955 408 1032; x_wconf 79' lang='lat' dir='ltr'><strong>singulariter</strong></span> <span class='ocrx_word' id='word_1_50' title='bbox 430 951 759 1010; x_wconf 75' lang='lat' dir='ltr'><strong>sulrlimavit.</strong></span> <span class='ocrx_word' id='word_1_51' title='bbox 793 951 1084 1009; x_wconf 89' lang='lat' dir='ltr'><strong>Decoravit</strong></span> <span class='ocrx_word' id='word_1_52' title='bbox 1123 963 1346 1025; x_wconf 80' lang='lat' dir='ltr'><strong>quoque</strong></span> <span class='ocrx_word' id='word_1_53' title='bbox 1378 967 1500 1010; x_wconf 85' lang='lat' dir='ltr'><strong>eam</strong></span> <span class='ocrx_word' id='word_1_54' title='bbox 1525 955 1634 1011; x_wconf 83' lang='lat' dir='ltr'><strong>sic-</strong></span> 
     </span>
    </p>
   </div>
   <div class='ocr_carea' id='block_1_10' title="bbox 117 1041 1632 1121">
    <p class='ocr_par' dir='ltr' id='par_1_10' title="bbox 117 1041 1632 1121">
     <span class='ocr_line' id='line_1_10' title="bbox 117 1041 1632 1121; baseline -0.004 -12"><span class='ocrx_word' id='word_1_55' title='bbox 117 1062 163 1109; x_wconf 88' lang='lat' dir='ltr'><strong>ut</strong></span> <span class='ocrx_word' id='word_1_56' title='bbox 197 1045 538 1121; x_wconf 85' lang='lat' dir='ltr'><strong>plantationetn</strong></span> <span class='ocrx_word' id='word_1_57' title='bbox 579 1057 724 1100; x_wconf 71' lang='lat' dir='ltr'><strong>rosa:</strong></span> <span class='ocrx_word' id='word_1_58' title='bbox 760 1043 818 1099; x_wconf 92' lang='lat' dir='ltr'><strong>in</strong></span> <span class='ocrx_word' id='word_1_59' title='bbox 869 1041 1112 1112; x_wconf 70' lang='lat' dir='ltr'><strong>Iericho,</strong></span> <span class='ocrx_word' id='word_1_60' title='bbox 1153 1057 1210 1102; x_wconf 87' lang='lat' dir='ltr'><strong>et</strong></span> <span class='ocrx_word' id='word_1_61' title='bbox 1261 1045 1406 1102; x_wconf 83' lang='lat' dir='ltr'><strong>sicut</strong></span> <span class='ocrx_word' id='word_1_62' title='bbox 1431 1046 1632 1103; x_wconf 87' lang='lat' dir='ltr'><strong>olivam</strong></span> 
     </span>
    </p>
   </div>
   <div class='ocr_carea' id='block_1_11' title="bbox 115 1133 1631 1214">
    <p class='ocr_par' dir='ltr' id='par_1_11' title="bbox 115 1133 1631 1214">
     <span class='ocr_line' id='line_1_11' title="bbox 115 1133 1631 1214; baseline -0.001 -20"><span class='ocrx_word' id='word_1_63' title='bbox 115 1141 362 1214; x_wconf 79' lang='lat' dir='ltr'><strong>speciosam</strong></span> <span class='ocrx_word' id='word_1_64' title='bbox 399 1136 448 1190; x_wconf 90' lang='lat' dir='ltr'><strong>in</strong></span> <span class='ocrx_word' id='word_1_65' title='bbox 487 1133 717 1205; x_wconf 83' lang='lat' dir='ltr'><strong>campis,</strong></span> <span class='ocrx_word' id='word_1_66' title='bbox 759 1143 816 1190; x_wconf 92' lang='lat' dir='ltr'><strong>et</strong></span> <span class='ocrx_word' id='word_1_67' title='bbox 845 1134 1126 1206; x_wconf 77' lang='lat' dir='ltr'><strong>platanum</strong></span> <span class='ocrx_word' id='word_1_68' title='bbox 1147 1137 1443 1193; x_wconf 74' lang='lat' dir='ltr'><strong>exaltatum</strong></span> <span class='ocrx_word' id='word_1_69' title='bbox 1475 1136 1631 1209; x_wconf 74' lang='lat' dir='ltr'><strong>juxta</strong></span> 
     </span>
    </p>
   </div>
   <div class='ocr_carea' id='block_1_12' title="bbox 113 1227 1634 1305">
    <p class='ocr_par' dir='ltr' id='par_1_12' title="bbox 113 1227 1634 1305">
     <span class='ocr_line' id='line_1_12' title="bbox 113 1227 1634 1305; baseline -0.003 -15"><span class='ocrx_word' id='word_1_70' title='bbox 113 1248 268 1305; x_wconf 85' lang='lat' dir='ltr'><strong>aquam</strong></span> <span class='ocrx_word' id='word_1_71' title='bbox 298 1230 346 1285; x_wconf 90' lang='lat' dir='ltr'><strong>in</strong></span> <span class='ocrx_word' id='word_1_72' title='bbox 376 1227 579 1300; x_wconf 85' lang='lat' dir='ltr'><strong>plateis,</strong></span> <span class='ocrx_word' id='word_1_73' title='bbox 613 1227 876 1298; x_wconf 84' lang='lat' dir='ltr'><strong>quoniam</strong></span> <span class='ocrx_word' id='word_1_74' title='bbox 910 1243 1034 1284; x_wconf 88' lang='lat' dir='ltr'><strong>eam</strong></span> <span class='ocrx_word' id='word_1_75' title='bbox 1058 1230 1225 1286; x_wconf 86' lang='lat' dir='ltr'><strong>etiam</strong></span> <span class='ocrx_word' id='word_1_76' title='bbox 1275 1230 1333 1286; x_wconf 89' lang='lat' dir='ltr'><strong>in</strong></span> <span class='ocrx_word' id='word_1_77' title='bbox 1356 1231 1445 1287; x_wconf 87' lang='lat' dir='ltr'><strong>via</strong></span> <span class='ocrx_word' id='word_1_78' title='bbox 1484 1245 1634 1287; x_wconf 87' lang='lat' dir='ltr'><strong>mar-</strong></span> 
     </span>
    </p>
   </div>
   <div class='ocr_carea' id='block_1_13' title="bbox 113 1313 1630 1396">
    <p class='ocr_par' dir='ltr' id='par_1_13' title="bbox 113 1313 1630 1396">
     <span class='ocr_line' id='line_1_13' title="bbox 113 1313 1630 1396; baseline 0 -18"><span class='ocrx_word' id='word_1_79' title='bbox 113 1323 225 1396; x_wconf 79' lang='lat' dir='ltr'><strong>iyrii,</strong></span> <span class='ocrx_word' id='word_1_80' title='bbox 255 1329 466 1377; x_wconf 85' lang='lat' dir='ltr'><strong>testante</strong></span> <span class='ocrx_word' id='word_1_81' title='bbox 502 1316 756 1373; x_wconf 89' lang='lat' dir='ltr'><strong>Simeone</strong></span> <span class='ocrx_word' id='word_1_82' title='bbox 796 1313 1014 1376; x_wconf 89' lang='lat' dir='ltr'><strong>dicente</strong></span> <span class='ocrx_word' id='word_1_83' title='bbox 1063 1321 1210 1392; x_wconf 90' lang='lat' dir='ltr'><strong>quod</strong></span> <span class='ocrx_word' id='word_1_84' title='bbox 1238 1321 1360 1394; x_wconf 88' lang='lat' dir='ltr'><strong>ejus</strong></span> <span class='ocrx_word' id='word_1_85' title='bbox 1389 1323 1630 1378; x_wconf 86' lang='lat' dir='ltr'><strong>animam</strong></span> 
     </span>
    </p>
   </div>
   <div class='ocr_carea' id='block_1_14' title="bbox 106 1409 1636 1489">
    <p class='ocr_par' dir='ltr' id='par_1_14' title="bbox 106 1409 1636 1489">
     <span class='ocr_line' id='line_1_14' title="bbox 106 1409 1636 1489; baseline 0.003 -23"><span class='ocrx_word' id='word_1_86' title='bbox 106 1412 406 1489; x_wconf 65' lang='lat' dir='ltr'><strong>p-rtransiret</strong></span> <span class='ocrx_word' id='word_1_87' title='bbox 448 1409 660 1482; x_wconf 79' lang='lat' dir='ltr'><strong>gladius</strong></span> <span class='ocrx_word' id='word_1_88' title='bbox 700 1409 852 1481; x_wconf 79' lang='lat' dir='ltr'><strong>(Luc.</strong></span> <span class='ocrx_word' id='word_1_89' title='bbox 908 1409 992 1481; x_wconf 89' lang='grc' dir='ltr'>ιι),</span> <span class='ocrx_word' id='word_1_90' title='bbox 1027 1419 1084 1466; x_wconf 87' lang='lat' dir='ltr'><strong>ct</strong></span> <span class='ocrx_word' id='word_1_91' title='bbox 1135 1412 1549 1480; x_wconf 65' lang='lat' dir='ltr'><strong>misericordiae,</strong></span> <span class='ocrx_word' id='word_1_92' title='bbox 1579 1421 1636 1470; x_wconf 79' lang='lat' dir='ltr'><strong>et</strong></span> 
     </span>
    </p>
   </div>
   <div class='ocr_carea' id='block_1_15' title="bbox 106 1503 1636 1579">
    <p class='ocr_par' dir='ltr' id='par_1_15' title="bbox 106 1503 1636 1579">
     <span class='ocr_line' id='line_1_15' title="bbox 106 1503 1636 1579; baseline 0 -16"><span class='ocrx_word' id='word_1_93' title='bbox 106 1503 532 1579; x_wconf 77' lang='lat' dir='ltr'><strong>magnanimitatis,</strong></span> <span class='ocrx_word' id='word_1_94' title='bbox 570 1512 1008 1575; x_wconf 82' lang='lat' dir='ltr'><strong>cacterammque</strong></span> <span class='ocrx_word' id='word_1_95' title='bbox 1062 1504 1326 1562; x_wconf 88' lang='lat' dir='ltr'><strong>virtutum</strong></span> <span class='ocrx_word' id='word_1_96' title='bbox 1374 1506 1636 1577; x_wconf 82' lang='lat' dir='ltr'><strong>operibus</strong></span> 
     </span>
    </p>
   </div>
   <div class='ocr_carea' id='block_1_16' title="bbox 101 1592 1634 1671">
    <p class='ocr_par' dir='ltr' id='par_1_16' title="bbox 101 1592 1634 1671">
     <span class='ocr_line' id='line_1_16' title="bbox 101 1592 1634 1671; baseline -0.001 -15"><span class='ocrx_word' id='word_1_97' title='bbox 101 1597 343 1656; x_wconf 87' lang='lat' dir='ltr'><strong>decoravit.</strong></span> <span class='ocrx_word' id='word_1_98' title='bbox 376 1592 437 1650; x_wconf 75' lang='lat' dir='ltr'><strong>Et</strong></span> <span class='ocrx_word' id='word_1_99' title='bbox 468 1595 521 1650; x_wconf 90' lang='lat' dir='ltr'><strong>in</strong></span> <span class='ocrx_word' id='word_1_100' title='bbox 566 1596 742 1667; x_wconf 90' lang='lat' dir='ltr'><strong>patria</strong></span> <span class='ocrx_word' id='word_1_101' title='bbox 776 1597 927 1653; x_wconf 88' lang='lat' dir='ltr'><strong>omni</strong></span> <span class='ocrx_word' id='word_1_102' title='bbox 973 1612 1201 1666; x_wconf 82' lang='lat' dir='ltr'><strong>corona,</strong></span> <span class='ocrx_word' id='word_1_103' title='bbox 1228 1598 1493 1670; x_wconf 89' lang='lat' dir='ltr'><strong>omnique</strong></span> <span class='ocrx_word' id='word_1_104' title='bbox 1517 1601 1634 1671; x_wconf 80' lang='lat' dir='ltr'><strong>glo-</strong></span> 
     </span>
    </p>
   </div>
   <div class='ocr_carea' id='block_1_17' title="bbox 101 1688 1635 1770">
    <p class='ocr_par' dir='ltr' id='par_1_17' title="bbox 101 1688 1635 1770">
     <span class='ocr_line' id='line_1_17' title="bbox 101 1688 1635 1770; baseline 0.001 -23"><span class='ocrx_word' id='word_1_105' title='bbox 101 1692 179 1756; x_wconf 82' lang='lat' dir='ltr'><strong>ria,</strong></span> <span class='ocrx_word' id='word_1_106' title='bbox 203 1689 333 1746; x_wconf 79' lang='lat' dir='ltr'><strong>enini</strong></span> <span class='ocrx_word' id='word_1_107' title='bbox 362 1688 798 1759; x_wconf 83' lang='lat' dir='ltr'><strong>pulchritudine,</strong></span> <span class='ocrx_word' id='word_1_108' title='bbox 833 1690 1082 1748; x_wconf 82' lang='lat' dir='ltr'><strong>claritate</strong></span> <span class='ocrx_word' id='word_1_109' title='bbox 1124 1700 1179 1747; x_wconf 91' lang='lat' dir='ltr'><strong>et</strong></span> <span class='ocrx_word' id='word_1_110' title='bbox 1217 1692 1448 1770; x_wconf 84' lang='lat' dir='ltr'><strong>honore,</strong></span> <span class='ocrx_word' id='word_1_111' title='bbox 1474 1693 1635 1762; x_wconf 90' lang='lat' dir='ltr'><strong>plus-</strong></span> 
     </span>
    </p>
   </div>
   <div class='ocr_carea' id='block_1_18' title="bbox 96 1782 1632 1857">
    <p class='ocr_par' dir='ltr' id='par_1_18' title="bbox 96 1782 1632 1857">
     <span class='ocr_line' id='line_1_18' title="bbox 96 1782 1632 1857; baseline 0.001 -18"><span class='ocrx_word' id='word_1_112' title='bbox 96 1799 227 1857; x_wconf 73' lang='lat' dir='ltr'><strong>quam</strong></span> <span class='ocrx_word' id='word_1_113' title='bbox 256 1795 345 1840; x_wconf 84' lang='lat' dir='ltr'><strong>cer</strong></span> <span class='ocrx_word' id='word_1_114' title='bbox 372 1782 611 1838; x_wconf 87' lang='lat' dir='ltr'><strong>hominis</strong></span> <span class='ocrx_word' id='word_1_115' title='bbox 639 1795 838 1854; x_wconf 85' lang='lat' dir='ltr'><strong>capere</strong></span> <span class='ocrx_word' id='word_1_116' title='bbox 863 1783 1058 1854; x_wconf 87' lang='lat' dir='ltr'><strong>possit,</strong></span> <span class='ocrx_word' id='word_1_117' title='bbox 1089 1784 1420 1840; x_wconf 82' lang='lat' dir='ltr'><strong>mirificavit.</strong></span> <span class='ocrx_word' id='word_1_118' title='bbox 1449 1784 1632 1842; x_wconf 77' lang='lat' dir='ltr'><strong>Redo—</strong></span> 
     </span>
    </p>
   </div>
   <div class='ocr_carea' id='block_1_19' title="bbox 96 1874 1635 1950">
    <p class='ocr_par' dir='ltr' id='par_1_19' title="bbox 96 1874 1635 1950">
     <span class='ocr_line' id='line_1_19' title="bbox 96 1874 1635 1950; baseline -0.001 -14"><span class='ocrx_word' id='word_1_119' title='bbox 96 1880 396 1950; x_wconf 74' lang='lat' dir='ltr'><strong>lcmqueque</strong></span> <span class='ocrx_word' id='word_1_120' title='bbox 434 1874 567 1932; x_wconf 86' lang='lat' dir='ltr'><strong>fecit</strong></span> <span class='ocrx_word' id='word_1_121' title='bbox 600 1891 720 1931; x_wconf 88' lang='lat' dir='ltr'><strong>earn</strong></span> <span class='ocrx_word' id='word_1_122' title='bbox 754 1876 899 1932; x_wconf 84' lang='lat' dir='ltr'><strong>sicut</strong></span> <span class='ocrx_word' id='word_1_123' title='bbox 925 1877 1334 1933; x_wconf 89' lang='lat' dir='ltr'><strong>cinnamomum</strong></span> <span class='ocrx_word' id='word_1_124' title='bbox 1365 1887 1420 1934; x_wconf 88' lang='lat' dir='ltr'><strong>et</strong></span> <span class='ocrx_word' id='word_1_125' title='bbox 1454 1877 1635 1934; x_wconf 83' lang='lat' dir='ltr'><strong>balsa-</strong></span> 
     </span>
    </p>
   </div>
   <div class='ocr_carea' id='block_1_20' title="bbox 95 1969 1632 2043">
    <p class='ocr_par' dir='ltr' id='par_1_20' title="bbox 95 1969 1632 2043">
     <span class='ocr_line' id='line_1_20' title="bbox 95 1969 1632 2043; baseline 0 -15"><span class='ocrx_word' id='word_1_126' title='bbox 95 1987 216 2028; x_wconf 87' lang='lat' dir='ltr'><strong>mum</strong></span> <span class='ocrx_word' id='word_1_127' title='bbox 237 1969 616 2036; x_wconf 84' lang='lat' dir='ltr'><strong>aromatizans,</strong></span> <span class='ocrx_word' id='word_1_128' title='bbox 647 1979 702 2025; x_wconf 91' lang='lat' dir='ltr'><strong>et</strong></span> <span class='ocrx_word' id='word_1_129' title='bbox 729 1970 871 2026; x_wconf 85' lang='lat' dir='ltr'><strong>sicut</strong></span> <span class='ocrx_word' id='word_1_130' title='bbox 897 1971 1178 2043; x_wconf 85' lang='lat' dir='ltr'><strong>myrrham</strong></span> <span class='ocrx_word' id='word_1_131' title='bbox 1211 1972 1465 2040; x_wconf 86' lang='lat' dir='ltr'><strong>electam,</strong></span> <span class='ocrx_word' id='word_1_132' title='bbox 1491 1987 1632 2043; x_wconf 89' lang='lat' dir='ltr'><strong>quo-</strong></span> 
     </span>
    </p>
   </div>
   <div class='ocr_carea' id='block_1_21' title="bbox 92 2057 1637 2135">
    <p class='ocr_par' dir='ltr' id='par_1_21' title="bbox 92 2057 1637 2135">
     <span class='ocr_line' id='line_1_21' title="bbox 92 2057 1637 2135; baseline 0 -15"><span class='ocrx_word' id='word_1_133' title='bbox 92 2066 209 2120; x_wconf 78' lang='lat' dir='ltr'><strong>niam</strong></span> <span class='ocrx_word' id='word_1_134' title='bbox 237 2072 336 2120; x_wconf 81' lang='lat' dir='ltr'><strong>tam</strong></span> <span class='ocrx_word' id='word_1_135' title='bbox 361 2062 505 2118; x_wconf 88' lang='lat' dir='ltr'><strong>bono</strong></span> <span class='ocrx_word' id='word_1_136' title='bbox 535 2057 725 2131; x_wconf 85' lang='lat' dir='ltr'><strong>odore,</strong></span> <span class='ocrx_word' id='word_1_137' title='bbox 754 2072 862 2119; x_wconf 85' lang='lat' dir='ltr'><strong>tam</strong></span> <span class='ocrx_word' id='word_1_138' title='bbox 893 2062 1038 2120; x_wconf 89' lang='lat' dir='ltr'><strong>bona</strong></span> <span class='ocrx_word' id='word_1_139' title='bbox 1074 2063 1332 2135; x_wconf 88' lang='lat' dir='ltr'><strong>opinione</strong></span> <span class='ocrx_word' id='word_1_140' title='bbox 1355 2064 1637 2120; x_wconf 82' lang='lat' dir='ltr'><strong>humilita-</strong></span> 
     </span>
    </p>
   </div>
   <div class='ocr_carea' id='block_1_22' title="bbox 87 2155 1634 2230">
    <p class='ocr_par' dir='ltr' id='par_1_22' title="bbox 87 2155 1634 2230">
     <span class='ocr_line' id='line_1_22' title="bbox 87 2155 1634 2230; baseline 0 -17"><span class='ocrx_word' id='word_1_141' title='bbox 87 2159 158 2224; x_wconf 84' lang='lat' dir='ltr'><strong>tis,</strong></span> <span class='ocrx_word' id='word_1_142' title='bbox 183 2155 536 2228; x_wconf 86' lang='lat' dir='ltr'><strong>benignitatis,</strong></span> <span class='ocrx_word' id='word_1_143' title='bbox 588 2155 1027 2228; x_wconf 77' lang='lat' dir='ltr'><strong>virginitatisque</strong></span> <span class='ocrx_word' id='word_1_144' title='bbox 1065 2155 1385 2230; x_wconf 70' lang='lat' dir='ltr'><strong>singularis,</strong></span> <span class='ocrx_word' id='word_1_145' title='bbox 1407 2165 1634 2213; x_wconf 57' lang='lat' dir='ltr'><strong>caetera-</strong></span> 
     </span>
    </p>
   </div>
   <div class='ocr_carea' id='block_1_23' title="bbox 87 2249 1636 2320">
    <p class='ocr_par' dir='ltr' id='par_1_23' title="bbox 87 2249 1636 2320">
     <span class='ocr_line' id='line_1_23' title="bbox 87 2249 1636 2320; baseline 0 -14"><span class='ocrx_word' id='word_1_146' title='bbox 87 2264 279 2320; x_wconf 87' lang='lat' dir='ltr'><strong>rumque</strong></span> <span class='ocrx_word' id='word_1_147' title='bbox 297 2249 544 2306; x_wconf 84' lang='lat' dir='ltr'><strong>omnium</strong></span> <span class='ocrx_word' id='word_1_148' title='bbox 573 2249 860 2318; x_wconf 86' lang='lat' dir='ltr'><strong>virtutum,</strong></span> <span class='ocrx_word' id='word_1_149' title='bbox 899 2265 1021 2306; x_wconf 86' lang='lat' dir='ltr'><strong>eam</strong></span> <span class='ocrx_word' id='word_1_150' title='bbox 1054 2249 1454 2306; x_wconf 85' lang='lat' dir='ltr'><strong>aromatizavit.</strong></span> <span class='ocrx_word' id='word_1_151' title='bbox 1477 2249 1636 2317; x_wconf 84' lang='lat' dir='ltr'><strong>Quod</strong></span> 
     </span>
    </p>
   </div>
   <div class='ocr_carea' id='block_1_24' title="bbox 83 2341 1635 2414">
    <p class='ocr_par' dir='ltr' id='par_1_24' title="bbox 83 2341 1635 2414">
     <span class='ocr_line' id='line_1_24' title="bbox 83 2341 1635 2414; baseline 0.001 -18"><span class='ocrx_word' id='word_1_152' title='bbox 83 2341 286 2398; x_wconf 75' lang='lat' dir='ltr'><strong>universi</strong></span> <span class='ocrx_word' id='word_1_153' title='bbox 313 2341 520 2410; x_wconf 81' lang='lat' dir='ltr'><strong>fideles,</strong></span> <span class='ocrx_word' id='word_1_154' title='bbox 551 2351 664 2398; x_wconf 81' lang='lat' dir='ltr'><strong>tam</strong></span> <span class='ocrx_word' id='word_1_155' title='bbox 687 2343 764 2398; x_wconf 90' lang='lat' dir='ltr'><strong>illi</strong></span> <span class='ocrx_word' id='word_1_156' title='bbox 787 2343 883 2414; x_wconf 90' lang='lat' dir='ltr'><strong>qui</strong></span> <span class='ocrx_word' id='word_1_157' title='bbox 917 2343 1097 2398; x_wconf 91' lang='lat' dir='ltr'><strong>adhuc</strong></span> <span class='ocrx_word' id='word_1_158' title='bbox 1128 2343 1336 2399; x_wconf 85' lang='lat' dir='ltr'><strong>suntin</strong></span> <span class='ocrx_word' id='word_1_159' title='bbox 1358 2343 1445 2398; x_wconf 89' lang='lat' dir='ltr'><strong>via</strong></span> <span class='ocrx_word' id='word_1_160' title='bbox 1469 2357 1635 2414; x_wconf 88' lang='lat' dir='ltr'><strong>quam</strong></span> 
     </span>
    </p>
   </div>
   <div class='ocr_carea' id='block_1_25' title="bbox 81 2433 1636 2507">
    <p class='ocr_par' dir='ltr' id='par_1_25' title="bbox 81 2433 1636 2507">
     <span class='ocr_line' id='line_1_25' title="bbox 81 2433 1636 2507; baseline 0.002 -17"><span class='ocrx_word' id='word_1_161' title='bbox 81 2434 240 2505; x_wconf 88' lang='lat' dir='ltr'><strong>illiqui</strong></span> <span class='ocrx_word' id='word_1_162' title='bbox 274 2435 388 2505; x_wconf 88' lang='lat' dir='ltr'><strong>jam</strong></span> <span class='ocrx_word' id='word_1_163' title='bbox 429 2443 567 2490; x_wconf 87' lang='lat' dir='ltr'><strong>sunt</strong></span> <span class='ocrx_word' id='word_1_164' title='bbox 593 2434 646 2490; x_wconf 91' lang='lat' dir='ltr'><strong>in</strong></span> <span class='ocrx_word' id='word_1_165' title='bbox 699 2433 898 2506; x_wconf 81' lang='lat' dir='ltr'><strong>patria,</strong></span> <span class='ocrx_word' id='word_1_166' title='bbox 921 2436 1212 2507; x_wconf 89' lang='lat' dir='ltr'><strong>omnisque</strong></span> <span class='ocrx_word' id='word_1_167' title='bbox 1246 2436 1443 2492; x_wconf 88' lang='lat' dir='ltr'><strong>militia</strong></span> <span class='ocrx_word' id='word_1_168' title='bbox 1467 2437 1636 2493; x_wconf 76' lang='lat' dir='ltr'><strong>etule-</strong></span> 
     </span>
    </p>
   </div>
   <div class='ocr_carea' id='block_1_26' title="bbox 78 2523 1638 2600">
    <p class='ocr_par' dir='ltr' id='par_1_26' title="bbox 78 2523 1638 2600">
     <span class='ocr_line' id='line_1_26' title="bbox 78 2523 1638 2600; baseline 0.001 -17"><span class='ocrx_word' id='word_1_169' title='bbox 78 2529 174 2594; x_wconf 83' lang='lat' dir='ltr'><strong>stis,</strong></span> <span class='ocrx_word' id='word_1_170' title='bbox 207 2527 260 2582; x_wconf 88' lang='lat' dir='ltr'><strong>in</strong></span> <span class='ocrx_word' id='word_1_171' title='bbox 287 2523 598 2600; x_wconf 81' lang='lat' dir='ltr'><strong>fragrantia</strong></span> <span class='ocrx_word' id='word_1_172' title='bbox 619 2527 765 2584; x_wconf 82' lang='lat' dir='ltr'><strong>illius</strong></span> <span class='ocrx_word' id='word_1_173' title='bbox 779 2527 1196 2598; x_wconf 86' lang='lat' dir='ltr'><strong>incomparabili</strong></span> <span class='ocrx_word' id='word_1_174' title='bbox 1231 2528 1570 2586; x_wconf 87' lang='lat' dir='ltr'><strong>delectentur</strong></span> <span class='ocrx_word' id='word_1_175' title='bbox 1583 2541 1638 2585; x_wconf 83' lang='lat' dir='ltr'><strong>et</strong></span> 
     </span>
    </p>
   </div>
   <div class='ocr_carea' id='block_1_27' title="bbox 76 2620 1638 2693">
    <p class='ocr_par' dir='ltr' id='par_1_27' title="bbox 76 2620 1638 2693">
     <span class='ocr_line' id='line_1_27' title="bbox 76 2620 1638 2693; baseline 0.001 -17"><span class='ocrx_word' id='word_1_176' title='bbox 76 2621 377 2676; x_wconf 85' lang='lat' dir='ltr'><strong>admirentur</strong></span> <span class='ocrx_word' id='word_1_177' title='bbox 413 2621 707 2678; x_wconf 83' lang='lat' dir='ltr'><strong>dicentes:</strong></span> <span class='ocrx_word' id='word_1_178' title='bbox 745 2639 764 2674; x_wconf 75' lang='grc' dir='ltr'><strong>ι</strong></span> <span class='ocrx_word' id='word_1_179' title='bbox 806 2620 940 2689; x_wconf 64' lang='lat' dir='ltr'><strong>Qun</strong></span> <span class='ocrx_word' id='word_1_180' title='bbox 979 2631 1064 2679; x_wconf 89' lang='lat' dir='ltr'><strong>est</strong></span> <span class='ocrx_word' id='word_1_181' title='bbox 1105 2623 1208 2679; x_wconf 87' lang='lat' dir='ltr'><strong>ista</strong></span> <span class='ocrx_word' id='word_1_182' title='bbox 1235 2638 1360 2693; x_wconf 78' lang='lat' dir='ltr'><strong>quae</strong></span> <span class='ocrx_word' id='word_1_183' title='bbox 1391 2622 1638 2678; x_wconf 84' lang='lat' dir='ltr'><strong>ascendit</strong></span> 
     </span>
    </p>
   </div>
   <div class='ocr_carea' id='block_1_28' title="bbox 72 2712 1638 2786">
    <p class='ocr_par' dir='ltr' id='par_1_28' title="bbox 72 2712 1638 2786">
     <span class='ocr_line' id='line_1_28' title="bbox 72 2712 1638 2786; baseline 0.001 -18"><span class='ocrx_word' id='word_1_184' title='bbox 72 2712 126 2768; x_wconf 85' lang='lat' dir='ltr'><strong>de</strong></span> <span class='ocrx_word' id='word_1_185' title='bbox 148 2712 352 2770; x_wconf 84' lang='lat' dir='ltr'><strong>deserto</strong></span> <span class='ocrx_word' id='word_1_186' title='bbox 379 2713 528 2770; x_wconf 82' lang='lat' dir='ltr'><strong>sicut</strong></span> <span class='ocrx_word' id='word_1_187' title='bbox 561 2713 774 2786; x_wconf 76' lang='lat' dir='ltr'><strong>virgula</strong></span> <span class='ocrx_word' id='word_1_188' title='bbox 790 2713 930 2770; x_wconf 88' lang='lat' dir='ltr'><strong>fumi</strong></span> <span class='ocrx_word' id='word_1_189' title='bbox 955 2730 1022 2770; x_wconf 78' lang='lat' dir='ltr'><strong>ex</strong></span> <span class='ocrx_word' id='word_1_190' title='bbox 1049 2715 1392 2770; x_wconf 76' lang='lat' dir='ltr'><strong>armatibus</strong></span> <span class='ocrx_word' id='word_1_191' title='bbox 1415 2713 1638 2770; x_wconf 74' lang='lat' dir='ltr'><strong>mirrlne</strong></span> 
     </span>
    </p>
   </div>
   <div class='ocr_carea' id='block_1_29' title="bbox 72 2803 1636 2881">
    <p class='ocr_par' dir='ltr' id='par_1_29' title="bbox 72 2803 1636 2881">
     <span class='ocr_line' id='line_1_29' title="bbox 72 2803 1636 2881; baseline 0.002 -22"><span class='ocrx_word' id='word_1_192' title='bbox 72 2813 114 2859; x_wconf 89' lang='lat' dir='ltr'><strong>et</strong></span> <span class='ocrx_word' id='word_1_193' title='bbox 132 2804 307 2874; x_wconf 85' lang='lat' dir='ltr'><strong>thuris,</strong></span> <span class='ocrx_word' id='word_1_194' title='bbox 330 2816 385 2862; x_wconf 90' lang='lat' dir='ltr'><strong>et</strong></span> <span class='ocrx_word' id='word_1_195' title='bbox 408 2805 601 2862; x_wconf 87' lang='lat' dir='ltr'><strong>omnis</strong></span> <span class='ocrx_word' id='word_1_196' title='bbox 613 2803 855 2878; x_wconf 87' lang='lat' dir='ltr'><strong>pulveris</strong></span> <span class='ocrx_word' id='word_1_197' title='bbox 884 2805 1265 2881; x_wconf 83' lang='lat' dir='ltr'><strong>pigmentarii?</strong></span> <span class='ocrx_word' id='word_1_198' title='bbox 1285 2826 1302 2857; x_wconf 84' lang='grc' dir='ltr'><strong>ι</strong></span> <span class='ocrx_word' id='word_1_199' title='bbox 1329 2805 1510 2873; x_wconf 78' lang='lat' dir='ltr'><strong>(Cum.</strong></span> <span class='ocrx_word' id='word_1_200' title='bbox 1537 2803 1636 2877; x_wconf 83' lang='lat' dir='ltr'><strong>tv.)</strong></span> 
     </span>
    </p>
   </div>
   <div class='ocr_carea' id='block_1_30' title="bbox 70 2891 1636 2970">
    <p class='ocr_par' dir='ltr' id='par_1_30' title="bbox 70 2891 1636 2970">
     <span class='ocr_line' id='line_1_30' title="bbox 70 2891 1636 2970; baseline 0.004 -22"><span class='ocrx_word' id='word_1_201' title='bbox 70 2891 366 2952; x_wconf 66' lang='lat' dir='ltr'><strong>int-ﬂabilem</strong></span> <span class='ocrx_word' id='word_1_202' title='bbox 398 2897 579 2970; x_wconf 88' lang='lat' dir='ltr'><strong>igitur</strong></span> <span class='ocrx_word' id='word_1_203' title='bbox 599 2893 956 2970; x_wconf 81' lang='lat' dir='ltr'><strong>fragrantiam</strong></span> <span class='ocrx_word' id='word_1_204' title='bbox 982 2898 1370 2954; x_wconf 69' lang='lat' dir='ltr'><strong>sacratissima:</strong></span> <span class='ocrx_word' id='word_1_205' title='bbox 1398 2897 1636 2970; x_wconf 78' lang='lat' dir='ltr'><strong>Virginis</strong></span> 
     </span>
    </p>
   </div>
   <div class='ocr_carea' id='block_1_31' title="bbox 71 2983 1638 3059">
    <p class='ocr_par' dir='ltr' id='par_1_31' title="bbox 71 2983 1638 3059">
     <span class='ocr_line' id='line_1_31' title="bbox 71 2983 1638 3059; baseline 0.003 -18"><span class='ocrx_word' id='word_1_206' title='bbox 71 3001 116 3041; x_wconf 72' lang='lat' dir='ltr'><strong>et</strong></span> <span class='ocrx_word' id='word_1_207' title='bbox 137 2983 220 3048; x_wconf 73' lang='lat' dir='ltr'><strong>Dei</strong></span> <span class='ocrx_word' id='word_1_208' title='bbox 253 2987 466 3057; x_wconf 80' lang='lat' dir='ltr'><strong>Matris,</strong></span> <span class='ocrx_word' id='word_1_209' title='bbox 496 2989 702 3047; x_wconf 84' lang='lat' dir='ltr'><strong>fratres</strong></span> <span class='ocrx_word' id='word_1_210' title='bbox 726 2991 1062 3056; x_wconf 76' lang='lat' dir='ltr'><strong>citatissimi,</strong></span> <span class='ocrx_word' id='word_1_211' title='bbox 1089 2991 1446 3059; x_wconf 81' lang='lat' dir='ltr'><strong>admiremur,</strong></span> <span class='ocrx_word' id='word_1_212' title='bbox 1467 2990 1638 3047; x_wconf 47' lang='lat' dir='ltr'><strong>admi‘</strong></span> 
     </span>
    </p>
   </div>
   <div class='ocr_carea' id='block_1_32' title="bbox 64 3081 1636 3153">
    <p class='ocr_par' dir='ltr' id='par_1_32' title="bbox 64 3081 1636 3153">
     <span class='ocr_line' id='line_1_32' title="bbox 64 3081 1636 3153; baseline 0.004 -18"><span class='ocrx_word' id='word_1_213' title='bbox 64 3081 212 3137; x_wconf 83' lang='lat' dir='ltr'><strong>rando</strong></span> <span class='ocrx_word' id='word_1_214' title='bbox 241 3082 614 3150; x_wconf 83' lang='lat' dir='ltr'><strong>delectemur,</strong></span> <span class='ocrx_word' id='word_1_215' title='bbox 672 3085 995 3142; x_wconf 85' lang='lat' dir='ltr'><strong>delectando</strong></span> <span class='ocrx_word' id='word_1_216' title='bbox 1052 3086 1414 3153; x_wconf 67' lang='lat' dir='ltr'><strong>aemulemur,-</strong></span> <span class='ocrx_word' id='word_1_217' title='bbox 1461 3097 1636 3141; x_wconf 68' lang='lat' dir='ltr'><strong>namu-</strong></span> 
     </span>
    </p>
   </div>
   <div class='ocr_carea' id='block_1_33' title="bbox 1738 579 3328 657">
    <p class='ocr_par' dir='ltr' id='par_1_33' title="bbox 1738 579 3328 657">
     <span class='ocr_line' id='line_1_33' title="bbox 1738 579 3328 657; baseline 0.006 -23"><span class='ocrx_word' id='word_1_218' title='bbox 1738 579 1886 635; x_wconf 88' lang='lat' dir='ltr'><strong>nudo</strong></span> <span class='ocrx_word' id='word_1_219' title='bbox 1913 581 2324 650; x_wconf 87' lang='lat' dir='ltr'><strong>vestimentum,</strong></span> <span class='ocrx_word' id='word_1_220' title='bbox 2353 583 2657 655; x_wconf 78' lang='lat' dir='ltr'><strong>peregrinis</strong></span> <span class='ocrx_word' id='word_1_221' title='bbox 2698 583 3017 654; x_wconf 90' lang='lat' dir='ltr'><strong>hospitium,</strong></span> <span class='ocrx_word' id='word_1_222' title='bbox 3045 594 3100 641; x_wconf 89' lang='lat' dir='ltr'><strong>et</strong></span> <span class='ocrx_word' id='word_1_223' title='bbox 3127 586 3328 657; x_wconf 80' lang='lat' dir='ltr'><strong>bujus-~</strong></span> 
     </span>
    </p>
   </div>
   <div class='ocr_carea' id='block_1_34' title="bbox 1737 671 3358 750">
    <p class='ocr_par' dir='ltr' id='par_1_34' title="bbox 1737 671 3358 750">
     <span class='ocr_line' id='line_1_34' title="bbox 1737 671 3358 750; baseline 0.006 -24"><span class='ocrx_word' id='word_1_224' title='bbox 1737 671 1904 727; x_wconf 89' lang='lat' dir='ltr'><strong>modi.</strong></span> <span class='ocrx_word' id='word_1_225' title='bbox 1928 671 1994 728; x_wconf 87' lang='lat' dir='ltr'><strong>Et</strong></span> <span class='ocrx_word' id='word_1_226' title='bbox 2014 673 2142 745; x_wconf 88' lang='lat' dir='ltr'><strong>quia</strong></span> <span class='ocrx_word' id='word_1_227' title='bbox 2165 674 2282 731; x_wconf 66' lang='lat' dir='ltr'><strong>haac</strong></span> <span class='ocrx_word' id='word_1_228' title='bbox 2306 675 2360 730; x_wconf 91' lang='lat' dir='ltr'><strong>in</strong></span> <span class='ocrx_word' id='word_1_229' title='bbox 2386 676 2574 732; x_wconf 87' lang='lat' dir='ltr'><strong>labore</strong></span> <span class='ocrx_word' id='word_1_230' title='bbox 2594 685 2698 744; x_wconf 88' lang='lat' dir='ltr'><strong>est,</strong></span> <span class='ocrx_word' id='word_1_231' title='bbox 2721 675 2791 730; x_wconf 88' lang='lat' dir='ltr'><strong>ab</strong></span> <span class='ocrx_word' id='word_1_232' title='bbox 2812 676 3025 733; x_wconf 86' lang='lat' dir='ltr'><strong>actione</strong></span> <span class='ocrx_word' id='word_1_233' title='bbox 3053 677 3326 750; x_wconf 80' lang='lat' dir='ltr'><strong>frequenti</strong></span> <span class='ocrx_word' id='word_1_234' title='bbox 3355 686 3358 687; x_wconf 66' lang='grc'><strong><em>⁷</em></strong></span> 
     </span>
    </p>
   </div>
   <div class='ocr_carea' id='block_1_35' title="bbox 1737 763 3359 841">
    <p class='ocr_par' dir='ltr' id='par_1_35' title="bbox 1737 763 3359 841">
     <span class='ocr_line' id='line_1_35' title="bbox 1737 763 3359 841; baseline 0.007 -23"><span class='ocrx_word' id='word_1_235' title='bbox 1737 763 1913 820; x_wconf 86' lang='lat' dir='ltr'><strong>activa</strong></span> <span class='ocrx_word' id='word_1_236' title='bbox 1942 775 2312 837; x_wconf 86' lang='lat' dir='ltr'><strong>nuncupatur.</strong></span> <span class='ocrx_word' id='word_1_237' title='bbox 2344 766 2794 841; x_wconf 69' lang='lat' dir='ltr'><strong>Contemplativaa</strong></span> <span class='ocrx_word' id='word_1_238' title='bbox 2819 784 2950 826; x_wconf 89' lang='lat' dir='ltr'><strong>vero</strong></span> <span class='ocrx_word' id='word_1_239' title='bbox 2979 767 3215 827; x_wconf 85' lang='lat' dir='ltr'><strong>oilicium</strong></span> <span class='ocrx_word' id='word_1_240' title='bbox 3242 780 3359 830; x_wconf 73' lang='lat' dir='ltr'><strong>est~</strong></span> 
     </span>
    </p>
   </div>
   <div class='ocr_carea' id='block_1_36' title="bbox 1736 855 3325 934">
    <p class='ocr_par' dir='ltr' id='par_1_36' title="bbox 1736 855 3325 934">
     <span class='ocr_line' id='line_1_36' title="bbox 1736 855 3325 934; baseline 0.005 -22"><span class='ocrx_word' id='word_1_241' title='bbox 1736 855 1832 913; x_wconf 89' lang='lat' dir='ltr'><strong>Dei</strong></span> <span class='ocrx_word' id='word_1_242' title='bbox 1877 858 2107 930; x_wconf 86' lang='lat' dir='ltr'><strong>gloriam</strong></span> <span class='ocrx_word' id='word_1_243' title='bbox 2175 862 2558 933; x_wconf 87' lang='lat' dir='ltr'><strong>contemplari,</strong></span> <span class='ocrx_word' id='word_1_244' title='bbox 2598 863 2717 919; x_wconf 87' lang='lat' dir='ltr'><strong>sola</strong></span> <span class='ocrx_word' id='word_1_245' title='bbox 2760 863 3003 919; x_wconf 64' lang='lat' dir='ltr'><strong>caelestia</strong></span> <span class='ocrx_word' id='word_1_246' title='bbox 3048 865 3325 934; x_wconf 89' lang='lat' dir='ltr'><strong>meditari,</strong></span> 
     </span>
    </p>
   </div>
   <div class='ocr_carea' id='block_1_37' title="bbox 1735 952 3325 1026">
    <p class='ocr_par' dir='ltr' id='par_1_37' title="bbox 1735 952 3325 1026">
     <span class='ocr_line' id='line_1_37' title="bbox 1735 952 3325 1026; baseline 0.004 -20"><span class='ocrx_word' id='word_1_247' title='bbox 1735 959 1850 1007; x_wconf 89' lang='lat' dir='ltr'><strong>toto</strong></span> <span class='ocrx_word' id='word_1_248' title='bbox 1883 952 2158 1010; x_wconf 87' lang='lat' dir='ltr'><strong>desiderio</strong></span> <span class='ocrx_word' id='word_1_249' title='bbox 2201 955 2268 1010; x_wconf 91' lang='lat' dir='ltr'><strong>ad</strong></span> <span class='ocrx_word' id='word_1_250' title='bbox 2308 964 2568 1012; x_wconf 78' lang='lat' dir='ltr'><strong>teternam</strong></span> <span class='ocrx_word' id='word_1_251' title='bbox 2616 955 3008 1012; x_wconf 86' lang='lat' dir='ltr'><strong>beatitudinem</strong></span> <span class='ocrx_word' id='word_1_252' title='bbox 3045 955 3325 1026; x_wconf 90' lang='lat' dir='ltr'><strong>festinare,</strong></span> 
     </span>
    </p>
   </div>
   <div class='ocr_carea' id='block_1_38' title="bbox 1735 1043 3284 1118">
    <p class='ocr_par' dir='ltr' id='par_1_38' title="bbox 1735 1043 3284 1118">
     <span class='ocr_line' id='line_1_38' title="bbox 1735 1043 3284 1118; baseline 0.005 -21"><span class='ocrx_word' id='word_1_253' title='bbox 1735 1043 1919 1098; x_wconf 84' lang='lat' dir='ltr'><strong>omnia</strong></span> <span class='ocrx_word' id='word_1_254' title='bbox 1945 1045 2155 1103; x_wconf 87' lang='lat' dir='ltr'><strong>caduca</strong></span> <span class='ocrx_word' id='word_1_255' title='bbox 2199 1045 2462 1104; x_wconf 81' lang='lat' dir='ltr'><strong>fastidire.</strong></span> <span class='ocrx_word' id='word_1_256' title='bbox 2493 1046 2669 1118; x_wconf 82' lang='lat' dir='ltr'><strong>Hujus</strong></span> <span class='ocrx_word' id='word_1_257' title='bbox 2699 1047 2940 1103; x_wconf 92' lang='lat' dir='ltr'><strong>studium</strong></span> <span class='ocrx_word' id='word_1_258' title='bbox 2970 1046 3161 1118; x_wconf 78' lang='lat' dir='ltr'><strong>triplex</strong></span> <span class='ocrx_word' id='word_1_259' title='bbox 3197 1059 3284 1104; x_wconf 88' lang='lat' dir='ltr'><strong>est</strong></span> 
     </span>
    </p>
   </div>
   <div class='ocr_carea' id='block_1_39' title="bbox 1735 1122 3330 1212">
    <p class='ocr_par' dir='ltr' id='par_1_39' title="bbox 1735 1122 3330 1212">
     <span class='ocr_line' id='line_1_39' title="bbox 1735 1122 3330 1212; baseline 0.004 -23"><span class='ocrx_word' id='word_1_260' title='bbox 1735 1137 1933 1203; x_wconf 89' lang='lat' dir='ltr'><strong>oratio,</strong></span> <span class='ocrx_word' id='word_1_261' title='bbox 1965 1137 2146 1206; x_wconf 89' lang='lat' dir='ltr'><strong>lectio,</strong></span> <span class='ocrx_word' id='word_1_262' title='bbox 2168 1138 2483 1196; x_wconf 86' lang='lat' dir='ltr'><strong>meditatio.</strong></span> <span class='ocrx_word' id='word_1_263' title='bbox 2514 1138 2736 1196; x_wconf 90' lang='lat' dir='ltr'><strong>Orando</strong></span> <span class='ocrx_word' id='word_1_264' title='bbox 2763 1122 3008 1212; x_wconf 83' lang='lat' dir='ltr'><strong>loquitur</strong></span> <span class='ocrx_word' id='word_1_265' title='bbox 3032 1139 3100 1195; x_wconf 92' lang='lat' dir='ltr'><strong>ad</strong></span> <span class='ocrx_word' id='word_1_266' title='bbox 3131 1138 3330 1208; x_wconf 88' lang='lat' dir='ltr'><strong>Deum,</strong></span> 
     </span>
    </p>
   </div>
   <div class='ocr_carea' id='block_1_40' title="bbox 1737 1227 3327 1303">
    <p class='ocr_par' dir='ltr' id='par_1_40' title="bbox 1737 1227 3327 1303">
     <span class='ocr_line' id='line_1_40' title="bbox 1737 1227 3327 1303; baseline 0.006 -23"><span class='ocrx_word' id='word_1_267' title='bbox 1737 1227 1964 1297; x_wconf 83' lang='lat' dir='ltr'><strong>legendo</strong></span> <span class='ocrx_word' id='word_1_268' title='bbox 1988 1228 2136 1286; x_wconf 87' lang='lat' dir='ltr'><strong>Deus</strong></span> <span class='ocrx_word' id='word_1_269' title='bbox 2165 1230 2271 1287; x_wconf 89' lang='lat' dir='ltr'><strong>sibi</strong></span> <span class='ocrx_word' id='word_1_270' title='bbox 2308 1231 2572 1303; x_wconf 85' lang='lat' dir='ltr'><strong>loquitur,</strong></span> <span class='ocrx_word' id='word_1_271' title='bbox 2605 1233 2918 1289; x_wconf 89' lang='lat' dir='ltr'><strong>meditando</strong></span> <span class='ocrx_word' id='word_1_272' title='bbox 2961 1233 3101 1290; x_wconf 88' lang='lat' dir='ltr'><strong>lecta</strong></span> <span class='ocrx_word' id='word_1_273' title='bbox 3126 1248 3327 1289; x_wconf 90' lang='lat' dir='ltr'><strong>memo-</strong></span> 
     </span>
    </p>
   </div>
   <div class='ocr_carea' id='block_1_41' title="bbox 1738 1318 3328 1392">
    <p class='ocr_par' dir='ltr' id='par_1_41' title="bbox 1738 1318 3328 1392">
     <span class='ocr_line' id='line_1_41' title="bbox 1738 1318 3328 1392; baseline 0.004 -18"><span class='ocrx_word' id='word_1_274' title='bbox 1738 1327 1948 1376; x_wconf 89' lang='lat' dir='ltr'><strong>rantur.</strong></span> <span class='ocrx_word' id='word_1_275' title='bbox 1972 1318 2236 1378; x_wconf 87' lang='lat' dir='ltr'><strong>Oratione</strong></span> <span class='ocrx_word' id='word_1_276' title='bbox 2265 1325 2582 1392; x_wconf 90' lang='lat' dir='ltr'><strong>mundatur,</strong></span> <span class='ocrx_word' id='word_1_277' title='bbox 2606 1325 2840 1381; x_wconf 89' lang='lat' dir='ltr'><strong>lectione</strong></span> <span class='ocrx_word' id='word_1_278' title='bbox 2868 1326 3179 1392; x_wconf 88' lang='lat' dir='ltr'><strong>instruitur,</strong></span> <span class='ocrx_word' id='word_1_279' title='bbox 3211 1342 3328 1381; x_wconf 51' lang='lat' dir='ltr'><strong>mcv</strong></span> 
     </span>
    </p>
   </div>
   <div class='ocr_carea' id='block_1_42' title="bbox 1734 1410 3328 1489">
    <p class='ocr_par' dir='ltr' id='par_1_42' title="bbox 1734 1410 3328 1489">
     <span class='ocr_line' id='line_1_42' title="bbox 1734 1410 3328 1489; baseline 0.006 -23"><span class='ocrx_word' id='word_1_280' title='bbox 1734 1410 2003 1468; x_wconf 89' lang='lat' dir='ltr'><strong>ditatione</strong></span> <span class='ocrx_word' id='word_1_281' title='bbox 2041 1414 2486 1486; x_wconf 88' lang='lat' dir='ltr'><strong>philosophatur.</strong></span> <span class='ocrx_word' id='word_1_282' title='bbox 2520 1415 2589 1473; x_wconf 89' lang='lat' dir='ltr'><strong>Et</strong></span> <span class='ocrx_word' id='word_1_283' title='bbox 2611 1417 2740 1488; x_wconf 91' lang='lat' dir='ltr'><strong>quia</strong></span> <span class='ocrx_word' id='word_1_284' title='bbox 2783 1417 2838 1472; x_wconf 92' lang='lat' dir='ltr'><strong>in</strong></span> <span class='ocrx_word' id='word_1_285' title='bbox 2868 1419 3328 1489; x_wconf 88' lang='lat' dir='ltr'><strong>contemplatione</strong></span> 
     </span>
    </p>
   </div>
   <div class='ocr_carea' id='block_1_43' title="bbox 1737 1504 3347 1580">
    <p class='ocr_par' dir='ltr' id='par_1_43' title="bbox 1737 1504 3347 1580">
     <span class='ocr_line' id='line_1_43' title="bbox 1737 1504 3347 1580; baseline 0.001 -22"><span class='ocrx_word' id='word_1_286' title='bbox 1737 1504 1980 1561; x_wconf 88' lang='lat' dir='ltr'><strong>studium</strong></span> <span class='ocrx_word' id='word_1_287' title='bbox 2043 1505 2166 1578; x_wconf 88' lang='lat' dir='ltr'><strong>ejus</strong></span> <span class='ocrx_word' id='word_1_288' title='bbox 2235 1519 2526 1576; x_wconf 82' lang='lat' dir='ltr'><strong>versatur,</strong></span> <span class='ocrx_word' id='word_1_289' title='bbox 2589 1509 3012 1580; x_wconf 90' lang='lat' dir='ltr'><strong>contemplativa</strong></span> <span class='ocrx_word' id='word_1_290' title='bbox 3075 1521 3347 1572; x_wconf 46' lang='lat' dir='ltr'><strong>vocatum,</strong></span> 
     </span>
    </p>
   </div>
   <div class='ocr_carea' id='block_1_44' title="bbox 1739 1594 3346 1670">
    <p class='ocr_par' dir='ltr' id='par_1_44' title="bbox 1739 1594 3346 1670">
     <span class='ocr_line' id='line_1_44' title="bbox 1739 1594 3346 1670; baseline 0.006 -19"><span class='ocrx_word' id='word_1_291' title='bbox 1739 1594 1912 1653; x_wconf 62' lang='grc' dir='ltr'><strong>Μίδεω</strong></span> <span class='ocrx_word' id='word_1_292' title='bbox 1931 1613 2153 1670; x_wconf 88' lang='lat' dir='ltr'><strong>quoque</strong></span> <span class='ocrx_word' id='word_1_293' title='bbox 2175 1598 2412 1657; x_wconf 84' lang='lat' dir='ltr'><strong>cilicium</strong></span> <span class='ocrx_word' id='word_1_294' title='bbox 2432 1609 2539 1669; x_wconf 89' lang='lat' dir='ltr'><strong>est,</strong></span> <span class='ocrx_word' id='word_1_295' title='bbox 2584 1601 2891 1658; x_wconf 85' lang='lat' dir='ltr'><strong>alternatim</strong></span> <span class='ocrx_word' id='word_1_296' title='bbox 2916 1619 3065 1660; x_wconf 86' lang='lat' dir='ltr'><strong>nunc</strong></span> <span class='ocrx_word' id='word_1_297' title='bbox 3092 1616 3346 1660; x_wconf 82' lang='lat' dir='ltr'><strong>contem--</strong></span> 
     </span>
    </p>
   </div>
   <div class='ocr_carea' id='block_1_45' title="bbox 1737 1690 3330 1766">
    <p class='ocr_par' dir='ltr' id='par_1_45' title="bbox 1737 1690 3330 1766">
     <span class='ocr_line' id='line_1_45' title="bbox 1737 1690 3330 1766; baseline 0.004 -21"><span class='ocrx_word' id='word_1_298' title='bbox 1737 1690 1970 1761; x_wconf 72' lang='lat' dir='ltr'><strong>plativte,</strong></span> <span class='ocrx_word' id='word_1_299' title='bbox 1991 1709 2135 1750; x_wconf 90' lang='lat' dir='ltr'><strong>nunc</strong></span> <span class='ocrx_word' id='word_1_300' title='bbox 2151 1693 2343 1750; x_wconf 69' lang='lat' dir='ltr'><strong>activa:</strong></span> <span class='ocrx_word' id='word_1_301' title='bbox 2365 1694 2512 1750; x_wconf 81' lang='lat' dir='ltr'><strong>vices</strong></span> <span class='ocrx_word' id='word_1_302' title='bbox 2534 1709 2716 1764; x_wconf 85' lang='lat' dir='ltr'><strong>agere.</strong></span> <span class='ocrx_word' id='word_1_303' title='bbox 2737 1693 2894 1752; x_wconf 88' lang='lat' dir='ltr'><strong>Nunc</strong></span> <span class='ocrx_word' id='word_1_304' title='bbox 2911 1695 3330 1766; x_wconf 88' lang='lat' dir='ltr'><strong>contemplando</strong></span> 
     </span>
    </p>
   </div>
   <div class='ocr_carea' id='block_1_46' title="bbox 1738 1785 3335 1858">
    <p class='ocr_par' dir='ltr' id='par_1_46' title="bbox 1738 1785 3335 1858">
     <span class='ocr_line' id='line_1_46' title="bbox 1738 1785 3335 1858; baseline 0.002 -17"><span class='ocrx_word' id='word_1_305' title='bbox 1738 1785 1990 1855; x_wconf 88' lang='lat' dir='ltr'><strong>adorare,</strong></span> <span class='ocrx_word' id='word_1_306' title='bbox 2021 1786 2220 1858; x_wconf 87' lang='lat' dir='ltr'><strong>legere,</strong></span> <span class='ocrx_word' id='word_1_307' title='bbox 2252 1787 2525 1844; x_wconf 77' lang='lat' dir='ltr'><strong>meditari.</strong></span> <span class='ocrx_word' id='word_1_308' title='bbox 2547 1785 2706 1843; x_wconf 85' lang='lat' dir='ltr'><strong>Nunc</strong></span> <span class='ocrx_word' id='word_1_309' title='bbox 2728 1787 3030 1843; x_wconf 89' lang='lat' dir='ltr'><strong>laborando</strong></span> <span class='ocrx_word' id='word_1_310' title='bbox 3061 1789 3335 1844; x_wconf 82' lang='lat' dir='ltr'><strong>instruere</strong></span> 
     </span>
    </p>
   </div>
   <div class='ocr_carea' id='block_1_47' title="bbox 1739 1878 3330 1952">
    <p class='ocr_par' dir='ltr' id='par_1_47' title="bbox 1739 1878 3330 1952">
     <span class='ocr_line' id='line_1_47' title="bbox 1739 1878 3330 1952; baseline 0.001 -19"><span class='ocrx_word' id='word_1_311' title='bbox 1739 1878 1925 1946; x_wconf 88' lang='lat' dir='ltr'><strong>rudes,</strong></span> <span class='ocrx_word' id='word_1_312' title='bbox 1961 1879 2237 1950; x_wconf 86' lang='lat' dir='ltr'><strong>corrigere</strong></span> <span class='ocrx_word' id='word_1_313' title='bbox 2265 1888 2537 1948; x_wconf 87' lang='lat' dir='ltr'><strong>errantes,</strong></span> <span class='ocrx_word' id='word_1_314' title='bbox 2559 1879 2756 1951; x_wconf 89' lang='lat' dir='ltr'><strong>juvare</strong></span> <span class='ocrx_word' id='word_1_315' title='bbox 2786 1879 3113 1952; x_wconf 82' lang='lat' dir='ltr'><strong>indigentes,</strong></span> <span class='ocrx_word' id='word_1_316' title='bbox 3149 1888 3205 1934; x_wconf 87' lang='lat' dir='ltr'><strong>et</strong></span> <span class='ocrx_word' id='word_1_317' title='bbox 3229 1880 3330 1936; x_wconf 85' lang='lat' dir='ltr'><strong>lm-</strong></span> 
     </span>
    </p>
   </div>
   <div class='ocr_carea' id='block_1_48' title="bbox 1732 1970 3341 2044">
    <p class='ocr_par' dir='ltr' id='par_1_48' title="bbox 1732 1970 3341 2044">
     <span class='ocr_line' id='line_1_48' title="bbox 1732 1970 3341 2044; baseline 0 -16"><span class='ocrx_word' id='word_1_318' title='bbox 1732 1971 2061 2044; x_wconf 88' lang='lat' dir='ltr'><strong>juscemodi.</strong></span> <span class='ocrx_word' id='word_1_319' title='bbox 2109 1970 2284 2044; x_wconf 85' lang='lat' dir='ltr'><strong>Hujus</strong></span> <span class='ocrx_word' id='word_1_320' title='bbox 2322 1972 2561 2030; x_wconf 79' lang='lat' dir='ltr'><strong>cilicium</strong></span> <span class='ocrx_word' id='word_1_321' title='bbox 2596 1972 2864 2030; x_wconf 89' lang='lat' dir='ltr'><strong>Dominus</strong></span> <span class='ocrx_word' id='word_1_322' title='bbox 2902 1972 3341 2043; x_wconf 76' lang='lat' dir='ltr'><strong>exsequebatur,</strong></span> 
     </span>
    </p>
   </div>
   <div class='ocr_carea' id='block_1_49' title="bbox 1736 2063 3332 2138">
    <p class='ocr_par' dir='ltr' id='par_1_49' title="bbox 1736 2063 3332 2138">
     <span class='ocr_line' id='line_1_49' title="bbox 1736 2063 3332 2138; baseline -0.002 -16"><span class='ocrx_word' id='word_1_323' title='bbox 1736 2065 1868 2138; x_wconf 85' lang='lat' dir='ltr'><strong>quia</strong></span> <span class='ocrx_word' id='word_1_324' title='bbox 1914 2081 2065 2122; x_wconf 89' lang='lat' dir='ltr'><strong>nunc</strong></span> <span class='ocrx_word' id='word_1_325' title='bbox 2107 2066 2304 2122; x_wconf 86' lang='lat' dir='ltr'><strong>orabat</strong></span> <span class='ocrx_word' id='word_1_326' title='bbox 2346 2065 2403 2121; x_wconf 90' lang='lat' dir='ltr'><strong>in</strong></span> <span class='ocrx_word' id='word_1_327' title='bbox 2438 2065 2718 2122; x_wconf 89' lang='lat' dir='ltr'><strong>montibus</strong></span> <span class='ocrx_word' id='word_1_328' title='bbox 2747 2072 2803 2121; x_wconf 90' lang='lat' dir='ltr'><strong>et</strong></span> <span class='ocrx_word' id='word_1_329' title='bbox 2832 2065 2888 2120; x_wconf 93' lang='lat' dir='ltr'><strong>in</strong></span> <span class='ocrx_word' id='word_1_330' title='bbox 2915 2063 3332 2130; x_wconf 78' lang='lat' dir='ltr'><strong>solitudinibus,</strong></span> 
     </span>
    </p>
   </div>
   <div class='ocr_carea' id='block_1_50' title="bbox 1739 2155 3334 2232">
    <p class='ocr_par' dir='ltr' id='par_1_50' title="bbox 1739 2155 3334 2232">
     <span class='ocr_line' id='line_1_50' title="bbox 1739 2155 3334 2232; baseline -0.003 -17"><span class='ocrx_word' id='word_1_331' title='bbox 1739 2171 1885 2216; x_wconf 85' lang='lat' dir='ltr'><strong>nunc</strong></span> <span class='ocrx_word' id='word_1_332' title='bbox 1912 2159 2243 2232; x_wconf 58' lang='lat' dir='ltr'><strong>praedicabat</strong></span> <span class='ocrx_word' id='word_1_333' title='bbox 2268 2167 2325 2215; x_wconf 91' lang='lat' dir='ltr'><strong>et</strong></span> <span class='ocrx_word' id='word_1_334' title='bbox 2353 2158 2582 2214; x_wconf 86' lang='lat' dir='ltr'><strong>curabat</strong></span> <span class='ocrx_word' id='word_1_335' title='bbox 2613 2158 2669 2213; x_wconf 91' lang='lat' dir='ltr'><strong>in</strong></span> <span class='ocrx_word' id='word_1_336' title='bbox 2702 2158 2932 2214; x_wconf 86' lang='lat' dir='ltr'><strong>urbibus</strong></span> <span class='ocrx_word' id='word_1_337' title='bbox 2961 2165 3015 2212; x_wconf 93' lang='lat' dir='ltr'><strong>et</strong></span> <span class='ocrx_word' id='word_1_338' title='bbox 3050 2155 3334 2226; x_wconf 78' lang='lat' dir='ltr'><strong>populosis</strong></span> 
     </span>
    </p>
   </div>
   <div class='ocr_carea' id='block_1_51' title="bbox 1736 2247 3332 2324">
    <p class='ocr_par' dir='ltr' id='par_1_51' title="bbox 1736 2247 3332 2324">
     <span class='ocr_line' id='line_1_51' title="bbox 1736 2247 3332 2324; baseline -0.004 -16"><span class='ocrx_word' id='word_1_339' title='bbox 1736 2252 1893 2310; x_wconf 87' lang='lat' dir='ltr'><strong>locis.</strong></span> <span class='ocrx_word' id='word_1_340' title='bbox 1925 2250 2084 2308; x_wconf 89' lang='lat' dir='ltr'><strong>Unde</strong></span> <span class='ocrx_word' id='word_1_341' title='bbox 2127 2260 2184 2308; x_wconf 93' lang='lat' dir='ltr'><strong>et</strong></span> <span class='ocrx_word' id='word_1_342' title='bbox 2227 2250 2318 2308; x_wconf 91' lang='lat' dir='ltr'><strong>hic</strong></span> <span class='ocrx_word' id='word_1_343' title='bbox 2344 2251 2600 2324; x_wconf 86' lang='lat' dir='ltr'><strong>legimus,</strong></span> <span class='ocrx_word' id='word_1_344' title='bbox 2625 2251 2756 2322; x_wconf 89' lang='lat' dir='ltr'><strong>quia</strong></span> <span class='ocrx_word' id='word_1_345' title='bbox 2804 2249 2965 2307; x_wconf 84' lang='lat' dir='ltr'><strong>Jesus</strong></span> <span class='ocrx_word' id='word_1_346' title='bbox 3004 2247 3230 2305; x_wconf 84' lang='lat' dir='ltr'><strong>intravit</strong></span> <span class='ocrx_word' id='word_1_347' title='bbox 3273 2248 3332 2303; x_wconf 79' lang='lat' dir='ltr'><strong>it.</strong></span> 
     </span>
    </p>
   </div>
   <div class='ocr_carea' id='block_1_52' title="bbox 1737 2341 3333 2416">
    <p class='ocr_par' dir='ltr' id='par_1_52' title="bbox 1737 2341 3333 2416">
     <span class='ocr_line' id='line_1_52' title="bbox 1737 2341 3333 2416; baseline -0.003 -17"><span class='ocrx_word' id='word_1_348' title='bbox 1737 2344 2013 2416; x_wconf 86' lang='lat' dir='ltr'><strong>quoddam</strong></span> <span class='ocrx_word' id='word_1_349' title='bbox 2043 2343 2350 2399; x_wconf 85' lang='lat' dir='ltr'><strong>castellum.</strong></span> <span class='ocrx_word' id='word_1_350' title='bbox 2377 2342 2583 2398; x_wconf 73' lang='lat' dir='ltr'><strong>Actlt&#39;te</strong></span> <span class='ocrx_word' id='word_1_351' title='bbox 2613 2357 2746 2398; x_wconf 89' lang='lat' dir='ltr'><strong>vero</strong></span> <span class='ocrx_word' id='word_1_352' title='bbox 2792 2341 3027 2397; x_wconf 84' lang='lat' dir='ltr'><strong>cilicium</strong></span> <span class='ocrx_word' id='word_1_353' title='bbox 3063 2354 3333 2410; x_wconf 83' lang='lat' dir='ltr'><strong>exseque-</strong></span> 
     </span>
    </p>
   </div>
   <div class='ocr_carea' id='block_1_53' title="bbox 1736 2432 3368 2506">
    <p class='ocr_par' dir='ltr' id='par_1_53' title="bbox 1736 2432 3368 2506">
     <span class='ocr_line' id='line_1_53' title="bbox 1736 2432 3368 2506; baseline -0.006 -10"><span class='ocrx_word' id='word_1_354' title='bbox 1736 2440 1900 2496; x_wconf 86' lang='lat' dir='ltr'><strong>batur</strong></span> <span class='ocrx_word' id='word_1_355' title='bbox 1931 2435 2163 2506; x_wconf 80' lang='lat' dir='ltr'><strong>Martha,</strong></span> <span class='ocrx_word' id='word_1_356' title='bbox 2192 2453 2318 2494; x_wconf 89' lang='lat' dir='ltr'><strong>cum</strong></span> <span class='ocrx_word' id='word_1_357' title='bbox 2347 2436 2640 2492; x_wconf 89' lang='lat' dir='ltr'><strong>Dominum</strong></span> <span class='ocrx_word' id='word_1_358' title='bbox 2673 2437 2728 2492; x_wconf 90' lang='lat' dir='ltr'><strong>in</strong></span> <span class='ocrx_word' id='word_1_359' title='bbox 2760 2452 2856 2492; x_wconf 88' lang='lat' dir='ltr'><strong>sua</strong></span> <span class='ocrx_word' id='word_1_360' title='bbox 2887 2449 3140 2506; x_wconf 88' lang='lat' dir='ltr'><strong>persona,</strong></span> <span class='ocrx_word' id='word_1_361' title='bbox 3166 2433 3248 2488; x_wconf 87' lang='lat' dir='ltr'><strong>vel</strong></span> <span class='ocrx_word' id='word_1_362' title='bbox 3275 2432 3336 2487; x_wconf 92' lang='lat' dir='ltr'><strong>in.</strong></span> <span class='ocrx_word' id='word_1_363' title='bbox 3364 2447 3368 2451; x_wconf 86' lang='grc'><strong>·</strong></span> 
     </span>
    </p>
   </div>
   <div class='ocr_carea' id='block_1_54' title="bbox 1739 2525 3332 2601">
    <p class='ocr_par' dir='ltr' id='par_1_54' title="bbox 1739 2525 3332 2601">
     <span class='ocr_line' id='line_1_54' title="bbox 1739 2525 3332 2601; baseline -0.005 -14"><span class='ocrx_word' id='word_1_364' title='bbox 1739 2531 1857 2587; x_wconf 89' lang='lat' dir='ltr'><strong>suis</strong></span> <span class='ocrx_word' id='word_1_365' title='bbox 1884 2530 2149 2586; x_wconf 87' lang='lat' dir='ltr'><strong>membris</strong></span> <span class='ocrx_word' id='word_1_366' title='bbox 2169 2529 2524 2601; x_wconf 83' lang='lat' dir='ltr'><strong>suscipiebat,</strong></span> <span class='ocrx_word' id='word_1_367' title='bbox 2556 2529 2687 2584; x_wconf 91' lang='lat' dir='ltr'><strong>dum</strong></span> <span class='ocrx_word' id='word_1_368' title='bbox 2714 2528 2766 2583; x_wconf 92' lang='lat' dir='ltr'><strong>ei</strong></span> <span class='ocrx_word' id='word_1_369' title='bbox 2792 2525 3162 2593; x_wconf 86' lang='lat' dir='ltr'><strong>ministrabat,</strong></span> <span class='ocrx_word' id='word_1_370' title='bbox 3199 2525 3332 2581; x_wconf 79' lang='lat' dir='ltr'><strong>dum</strong></span> 
     </span>
    </p>
   </div>
   <div class='ocr_carea' id='block_1_55' title="bbox 1738 2618 3337 2693">
    <p class='ocr_par' dir='ltr' id='par_1_55' title="bbox 1738 2618 3337 2693">
     <span class='ocr_line' id='line_1_55' title="bbox 1738 2618 3337 2693; baseline -0.003 -15"><span class='ocrx_word' id='word_1_371' title='bbox 1738 2622 1885 2678; x_wconf 85' lang='lat' dir='ltr'><strong>circa</strong></span> <span class='ocrx_word' id='word_1_372' title='bbox 1944 2623 2314 2680; x_wconf 89' lang='lat' dir='ltr'><strong>ministerium</strong></span> <span class='ocrx_word' id='word_1_373' title='bbox 2373 2620 2635 2693; x_wconf 82' lang='lat' dir='ltr'><strong>frequens</strong></span> <span class='ocrx_word' id='word_1_374' title='bbox 2691 2629 2828 2675; x_wconf 88' lang='lat' dir='ltr'><strong>erat.</strong></span> <span class='ocrx_word' id='word_1_375' title='bbox 2887 2618 3337 2689; x_wconf 65' lang='lat' dir='ltr'><strong>Contemplativm</strong></span> 
     </span>
    </p>
   </div>
   <div class='ocr_carea' id='block_1_56' title="bbox 1739 2712 3333 2786">
    <p class='ocr_par' dir='ltr' id='par_1_56' title="bbox 1739 2712 3333 2786">
     <span class='ocr_line' id='line_1_56' title="bbox 1739 2712 3333 2786; baseline -0.004 -14"><span class='ocrx_word' id='word_1_376' title='bbox 1739 2716 1976 2772; x_wconf 85' lang='lat' dir='ltr'><strong>cilicium</strong></span> <span class='ocrx_word' id='word_1_377' title='bbox 2021 2715 2427 2786; x_wconf 79' lang='lat' dir='ltr'><strong>exsequebatur</strong></span> <span class='ocrx_word' id='word_1_378' title='bbox 2471 2713 2667 2780; x_wconf 88' lang='lat' dir='ltr'><strong>Maria,</strong></span> <span class='ocrx_word' id='word_1_379' title='bbox 2697 2713 2858 2784; x_wconf 89' lang='lat' dir='ltr'><strong>quasi</strong></span> <span class='ocrx_word' id='word_1_380' title='bbox 2904 2712 3096 2768; x_wconf 86' lang='lat' dir='ltr'><strong>relicta</strong></span> <span class='ocrx_word' id='word_1_381' title='bbox 3127 2727 3258 2766; x_wconf 88' lang='lat' dir='ltr'><strong>cura</strong></span> <span class='ocrx_word' id='word_1_382' title='bbox 3279 2719 3333 2767; x_wconf 85' lang='lat' dir='ltr'><strong>et</strong></span> 
     </span>
    </p>
   </div>
   <div class='ocr_carea' id='block_1_57' title="bbox 1738 2803 3332 2897">
    <p class='ocr_par' dir='ltr' id='par_1_57' title="bbox 1738 2803 3332 2897">
     <span class='ocr_line' id='line_1_57' title="bbox 1738 2803 3332 2897; baseline -0.004 -33"><span class='ocrx_word' id='word_1_383' title='bbox 1738 2808 2235 2875; x_wconf 86' lang='lat' dir='ltr'><strong>administratione,</strong></span> <span class='ocrx_word' id='word_1_384' title='bbox 2276 2806 2475 2863; x_wconf 90' lang='lat' dir='ltr'><strong>sedens</strong></span> <span class='ocrx_word' id='word_1_385' title='bbox 2516 2821 2677 2862; x_wconf 87' lang='lat' dir='ltr'><strong>secus</strong></span> <span class='ocrx_word' id='word_1_386' title='bbox 2714 2803 2880 2874; x_wconf 90' lang='lat' dir='ltr'><strong>pedes</strong></span> <span class='ocrx_word' id='word_1_387' title='bbox 2927 2803 3168 2870; x_wconf 89' lang='lat' dir='ltr'><strong>Domini,</strong></span> <span class='ocrx_word' id='word_1_388' title='bbox 3204 2817 3332 2897; x_wconf 75' lang='lat' dir='ltr'><strong>eum</strong></span> 
     </span>
    </p>
   </div>
   <div class='ocr_carea' id='block_1_58' title="bbox 1739 2895 3336 2958">
    <p class='ocr_par' dir='ltr' id='par_1_58' title="bbox 1739 2895 3336 2958">
     <span class='ocr_line' id='line_1_58' title="bbox 1739 2895 3336 2958; baseline -0.004 0"><span class='ocrx_word' id='word_1_389' title='bbox 1739 2911 1855 2958; x_wconf 93' lang='lat' dir='ltr'><strong>toto</strong></span> <span class='ocrx_word' id='word_1_390' title='bbox 1877 2901 2152 2958; x_wconf 88' lang='lat' dir='ltr'><strong>desiderio</strong></span> <span class='ocrx_word' id='word_1_391' title='bbox 2181 2900 2443 2957; x_wconf 86' lang='lat' dir='ltr'><strong>cernebat</strong></span> <span class='ocrx_word' id='word_1_392' title='bbox 2479 2907 2534 2956; x_wconf 89' lang='lat' dir='ltr'><strong>et</strong></span> <span class='ocrx_word' id='word_1_393' title='bbox 2561 2898 2837 2954; x_wconf 88' lang='lat' dir='ltr'><strong>audiebat.</strong></span> <span class='ocrx_word' id='word_1_394' title='bbox 2866 2895 2996 2950; x_wconf 86' lang='lat' dir='ltr'><strong>Erat</strong></span> <span class='ocrx_word' id='word_1_395' title='bbox 3023 2905 3208 2951; x_wconf 91' lang='lat' dir='ltr'><strong>autem</strong></span> <span class='ocrx_word' id='word_1_396' title='bbox 3242 2895 3336 2952; x_wconf 84' lang='lat' dir='ltr'><strong>se-</strong></span> 
     </span>
    </p>
   </div>
   <div class='ocr_carea' id='block_1_59' title="bbox 1737 2982 3361 3064">
    <p class='ocr_par' dir='ltr' id='par_1_59' title="bbox 1737 2982 3361 3064">
     <span class='ocr_line' id='line_1_59' title="bbox 1737 2982 3361 3064; baseline -0.004 -14"><span class='ocrx_word' id='word_1_397' title='bbox 1737 2994 1898 3062; x_wconf 83' lang='lat' dir='ltr'><strong>dens,</strong></span> <span class='ocrx_word' id='word_1_398' title='bbox 1925 2994 1978 3050; x_wconf 93' lang='lat' dir='ltr'><strong>id</strong></span> <span class='ocrx_word' id='word_1_399' title='bbox 2006 3003 2094 3051; x_wconf 83' lang='lat' dir='ltr'><strong>est</strong></span> <span class='ocrx_word' id='word_1_400' title='bbox 2135 2982 2322 3064; x_wconf 86' lang='lat' dir='ltr'><strong>quieta</strong></span> <span class='ocrx_word' id='word_1_401' title='bbox 2362 3001 2474 3048; x_wconf 87' lang='lat' dir='ltr'><strong>tam</strong></span> <span class='ocrx_word' id='word_1_402' title='bbox 2519 3005 2751 3062; x_wconf 87' lang='lat' dir='ltr'><strong>corpore</strong></span> <span class='ocrx_word' id='word_1_403' title='bbox 2787 3005 2955 3060; x_wconf 90' lang='lat' dir='ltr'><strong>quam</strong></span> <span class='ocrx_word' id='word_1_404' title='bbox 2998 2997 3200 3055; x_wconf 86' lang='lat' dir='ltr'><strong>mente,</strong></span> <span class='ocrx_word' id='word_1_405' title='bbox 3231 2987 3361 3045; x_wconf 83' lang='lat' dir='ltr'><strong>soli-</strong></span> 
     </span>
    </p>
   </div>
   <div class='ocr_carea' id='block_1_60' title="bbox 1741 3080 3339 3158">
    <p class='ocr_par' dir='ltr' id='par_1_60' title="bbox 1741 3080 3339 3158">
     <span class='ocr_line' id='line_1_60' title="bbox 1741 3080 3339 3158; baseline -0.007 -13"><span class='ocrx_word' id='word_1_406' title='bbox 1741 3086 2190 3158; x_wconf 86' lang='lat' dir='ltr'><strong>contemplationi</strong></span> <span class='ocrx_word' id='word_1_407' title='bbox 2209 3095 2263 3141; x_wconf 90' lang='lat' dir='ltr'><strong>et</strong></span> <span class='ocrx_word' id='word_1_408' title='bbox 2286 3085 2456 3141; x_wconf 88' lang='lat' dir='ltr'><strong>verbo</strong></span> <span class='ocrx_word' id='word_1_409' title='bbox 2479 3083 2575 3140; x_wconf 89' lang='lat' dir='ltr'><strong>Dei</strong></span> <span class='ocrx_word' id='word_1_410' title='bbox 2605 3083 2832 3139; x_wconf 89' lang='lat' dir='ltr'><strong>intenta.</strong></span> <span class='ocrx_word' id='word_1_411' title='bbox 2867 3080 2934 3136; x_wconf 84' lang='lat' dir='ltr'><strong>Et</strong></span> <span class='ocrx_word' id='word_1_412' title='bbox 2961 3081 3067 3136; x_wconf 91' lang='lat' dir='ltr'><strong>hoc</strong></span> <span class='ocrx_word' id='word_1_413' title='bbox 3090 3089 3175 3138; x_wconf 88' lang='lat' dir='ltr'><strong>est</strong></span> <span class='ocrx_word' id='word_1_414' title='bbox 3203 3094 3339 3152; x_wconf 52' lang='lat' dir='ltr'><strong>con-7</strong></span> 
     </span>
    </p>
   </div>
   <div class='ocr_carea' id='block_1_61' title="bbox 63 3171 3362 3254">
    <p class='ocr_par' dir='ltr' id='par_1_61' title="bbox 63 3171 3362 3254">
     <span class='ocr_line' id='line_1_61' title="bbox 63 3171 3362 3254; baseline -0.002 -27"><span class='ocrx_word' id='word_1_415' title='bbox 63 3171 199 3229; x_wconf 85' lang='lat' dir='ltr'><strong>laudo</strong></span> <span class='ocrx_word' id='word_1_416' title='bbox 235 3175 300 3232; x_wconf 92' lang='lat' dir='ltr'><strong>dc</strong></span> <span class='ocrx_word' id='word_1_417' title='bbox 337 3173 506 3248; x_wconf 83' lang='lat' dir='ltr'><strong>longe</strong></span> <span class='ocrx_word' id='word_1_418' title='bbox 537 3193 644 3248; x_wconf 92' lang='lat' dir='ltr'><strong>pro</strong></span> <span class='ocrx_word' id='word_1_419' title='bbox 683 3177 894 3234; x_wconf 89' lang='lat' dir='ltr'><strong>viribus</strong></span> <span class='ocrx_word' id='word_1_420' title='bbox 945 3179 1150 3234; x_wconf 85' lang='lat' dir='ltr'><strong>nostris</strong></span> <span class='ocrx_word' id='word_1_421' title='bbox 1195 3178 1492 3243; x_wconf 77' lang='lat' dir='ltr'><strong>imitemur,</strong></span> <span class='ocrx_word' id='word_1_422' title='bbox 1519 3195 1638 3234; x_wconf 88' lang='lat' dir='ltr'><strong>om-</strong></span> <span class='ocrx_word' id='word_1_423' title='bbox 1666 3194 1710 3254; x_wconf 71' lang='grc' dir='ltr'>ο</span> <span class='ocrx_word' id='word_1_424' title='bbox 1743 3190 1827 3236; x_wconf 89' lang='lat' dir='ltr'><strong>tra</strong></span> <span class='ocrx_word' id='word_1_425' title='bbox 1843 3179 2112 3251; x_wconf 89' lang='lat' dir='ltr'><strong>quosdam</strong></span> <span class='ocrx_word' id='word_1_426' title='bbox 2135 3177 2307 3236; x_wconf 90' lang='lat' dir='ltr'><strong>falsos</strong></span> <span class='ocrx_word' id='word_1_427' title='bbox 2323 3175 2802 3247; x_wconf 89' lang='lat' dir='ltr'><strong>contemplativos,</strong></span> <span class='ocrx_word' id='word_1_428' title='bbox 2825 3174 2942 3246; x_wconf 91' lang='lat' dir='ltr'><strong>qui,</strong></span> <span class='ocrx_word' id='word_1_429' title='bbox 2964 3189 3085 3228; x_wconf 71' lang='lat' dir='ltr'><strong>cu.»</strong></span> <span class='ocrx_word' id='word_1_430' title='bbox 3111 3172 3362 3228; x_wconf 45' lang='lat' dir='ltr'><strong>sedeant.</strong></span> 
     </span>
    </p>
   </div>
   <div class='ocr_carea' id='block_1_62' title="bbox 61 3267 1634 3342">
    <p class='ocr_par' dir='ltr' id='par_1_62' title="bbox 61 3267 1634 3342">
     <span class='ocr_line' id='line_1_62' title="bbox 61 3267 1634 3342; baseline 0.004 -23"><span class='ocrx_word' id='word_1_431' title='bbox 61 3277 163 3320; x_wconf 84' lang='lat' dir='ltr'><strong>nem</strong></span> <span class='ocrx_word' id='word_1_432' title='bbox 191 3267 488 3336; x_wconf 88' lang='lat' dir='ltr'><strong>maculam,</strong></span> <span class='ocrx_word' id='word_1_433' title='bbox 519 3281 746 3326; x_wconf 89' lang='lat' dir='ltr'><strong>omnem</strong></span> <span class='ocrx_word' id='word_1_434' title='bbox 778 3269 1172 3341; x_wconf 88' lang='lat' dir='ltr'><strong>turpitudinem</strong></span> <span class='ocrx_word' id='word_1_435' title='bbox 1201 3268 1490 3342; x_wconf 78' lang='lat' dir='ltr'><strong>fugientes,</strong></span> <span class='ocrx_word' id='word_1_436' title='bbox 1515 3281 1634 3326; x_wconf 87' lang='lat' dir='ltr'><strong>stu-</strong></span> 
     </span>
    </p>
   </div>
   <div class='ocr_carea' id='block_1_63' title="bbox 58 3357 1638 3434">
    <p class='ocr_par' dir='ltr' id='par_1_63' title="bbox 58 3357 1638 3434">
     <span class='ocr_line' id='line_1_63' title="bbox 58 3357 1638 3434; baseline 0.003 -19"><span class='ocrx_word' id='word_1_437' title='bbox 58 3357 130 3415; x_wconf 84' lang='lat' dir='ltr'><strong>dia</strong></span> <span class='ocrx_word' id='word_1_438' title='bbox 157 3360 437 3429; x_wconf 79' lang='lat' dir='ltr'><strong>virtutum,</strong></span> <span class='ocrx_word' id='word_1_439' title='bbox 488 3377 828 3434; x_wconf 87' lang='lat' dir='ltr'><strong>morumque</strong></span> <span class='ocrx_word' id='word_1_440' title='bbox 868 3364 1141 3418; x_wconf 83' lang='lat' dir='ltr'><strong>bonorum</strong></span> <span class='ocrx_word' id='word_1_441' title='bbox 1181 3373 1500 3434; x_wconf 81' lang='lat' dir='ltr'><strong>sequentes,</strong></span> <span class='ocrx_word' id='word_1_442' title='bbox 1545 3379 1638 3420; x_wconf 70' lang='lat' dir='ltr'><strong>ca-</strong></span> 
     </span>
    </p>
   </div>
   <div class='ocr_carea' id='block_1_64' title="bbox 58 3446 1641 3526">
    <p class='ocr_par' dir='ltr' id='par_1_64' title="bbox 58 3446 1641 3526">
     <span class='ocr_line' id='line_1_64' title="bbox 58 3446 1641 3526; baseline 0.006 -22"><span class='ocrx_word' id='word_1_443' title='bbox 58 3446 268 3507; x_wconf 81' lang='lat' dir='ltr'><strong>stitatem</strong></span> <span class='ocrx_word' id='word_1_444' title='bbox 291 3457 504 3509; x_wconf 79' lang='lat' dir='ltr'><strong>mentis</strong></span> <span class='ocrx_word' id='word_1_445' title='bbox 530 3464 593 3509; x_wconf 87' lang='lat' dir='ltr'><strong>et</strong></span> <span class='ocrx_word' id='word_1_446' title='bbox 616 3455 866 3525; x_wconf 89' lang='lat' dir='ltr'><strong>corporis</strong></span> <span class='ocrx_word' id='word_1_447' title='bbox 886 3457 1300 3521; x_wconf 81' lang='lat' dir='ltr'><strong>conservantes,</strong></span> <span class='ocrx_word' id='word_1_448' title='bbox 1321 3455 1552 3526; x_wconf 72' lang='lat' dir='ltr'><strong>jejuniis</strong></span> <span class='ocrx_word' id='word_1_449' title='bbox 1585 3466 1641 3512; x_wconf 91' lang='lat' dir='ltr'><strong>et</strong></span> 
     </span>
    </p>
   </div>
   <div class='ocr_carea' id='block_1_65' title="bbox 55 3544 1642 3620">
    <p class='ocr_par' dir='ltr' id='par_1_65' title="bbox 55 3544 1642 3620">
     <span class='ocr_line' id='line_1_65' title="bbox 55 3544 1642 3620; baseline 0.005 -23"><span class='ocrx_word' id='word_1_450' title='bbox 55 3544 370 3602; x_wconf 89' lang='lat' dir='ltr'><strong>orationibus</strong></span> <span class='ocrx_word' id='word_1_451' title='bbox 414 3547 782 3615; x_wconf 86' lang='lat' dir='ltr'><strong>insistentes,</strong></span> <span class='ocrx_word' id='word_1_452' title='bbox 831 3549 1094 3618; x_wconf 87' lang='lat' dir='ltr'><strong>operibus</strong></span> <span class='ocrx_word' id='word_1_453' title='bbox 1138 3549 1543 3620; x_wconf 84' lang='lat' dir='ltr'><strong>compassionis</strong></span> <span class='ocrx_word' id='word_1_454' title='bbox 1587 3559 1642 3605; x_wconf 87' lang='lat' dir='ltr'><strong>ct</strong></span> 
     </span>
    </p>
   </div>
   <div class='ocr_carea' id='block_1_66' title="bbox 53 3635 1642 3711">
    <p class='ocr_par' dir='ltr' id='par_1_66' title="bbox 53 3635 1642 3711">
     <span class='ocr_line' id='line_1_66' title="bbox 53 3635 1642 3711; baseline 0.005 -21"><span class='ocrx_word' id='word_1_455' title='bbox 53 3635 423 3695; x_wconf 66' lang='lat' dir='ltr'><strong>misericordia:</strong></span> <span class='ocrx_word' id='word_1_456' title='bbox 479 3653 710 3708; x_wconf 87' lang='lat' dir='ltr'><strong>semper</strong></span> <span class='ocrx_word' id='word_1_457' title='bbox 761 3640 1072 3705; x_wconf 87' lang='lat' dir='ltr'><strong>radiantes,</strong></span> <span class='ocrx_word' id='word_1_458' title='bbox 1143 3641 1301 3696; x_wconf 73' lang='lat' dir='ltr'><strong>bonae</strong></span> <span class='ocrx_word' id='word_1_459' title='bbox 1367 3642 1642 3711; x_wconf 81' lang='lat' dir='ltr'><strong>opinionis</strong></span> 
     </span>
    </p>
   </div>
   <div class='ocr_carea' id='block_1_67' title="bbox 51 3730 1644 3804">
    <p class='ocr_par' dir='ltr' id='par_1_67' title="bbox 51 3730 1644 3804">
     <span class='ocr_line' id='line_1_67' title="bbox 51 3730 1644 3804; baseline 0.005 -23"><span class='ocrx_word' id='word_1_460' title='bbox 51 3730 272 3800; x_wconf 74' lang='lat' dir='ltr'><strong>exemplo</strong></span> <span class='ocrx_word' id='word_1_461' title='bbox 301 3732 450 3788; x_wconf 84' lang='lat' dir='ltr'><strong>alios</strong></span> <span class='ocrx_word' id='word_1_462' title='bbox 483 3731 812 3799; x_wconf 79' lang='lat' dir='ltr'><strong>invitantes,</strong></span> <span class='ocrx_word' id='word_1_463' title='bbox 852 3733 1148 3804; x_wconf 87' lang='lat' dir='ltr'><strong>gloriosam</strong></span> <span class='ocrx_word' id='word_1_464' title='bbox 1183 3731 1277 3787; x_wconf 87' lang='lat' dir='ltr'><strong>Dei</strong></span> <span class='ocrx_word' id='word_1_465' title='bbox 1306 3732 1558 3800; x_wconf 81' lang='lat' dir='ltr'><strong>Matrem,</strong></span> <span class='ocrx_word' id='word_1_466' title='bbox 1585 3743 1644 3790; x_wconf 84' lang='lat' dir='ltr'><strong>ut</strong></span> 
     </span>
    </p>
   </div>
   <div class='ocr_carea' id='block_1_68' title="bbox 51 3825 1644 3898">
    <p class='ocr_par' dir='ltr' id='par_1_68' title="bbox 51 3825 1644 3898">
     <span class='ocr_line' id='line_1_68' title="bbox 51 3825 1644 3898; baseline 0.006 -23"><span class='ocrx_word' id='word_1_467' title='bbox 51 3832 273 3880; x_wconf 87' lang='lat' dir='ltr'><strong>nostram</strong></span> <span class='ocrx_word' id='word_1_468' title='bbox 340 3826 587 3897; x_wconf 77' lang='lat' dir='ltr'><strong>adjuvet</strong></span> <span class='ocrx_word' id='word_1_469' title='bbox 627 3825 934 3880; x_wconf 81' lang='lat' dir='ltr'><strong>tarditatem</strong></span> <span class='ocrx_word' id='word_1_470' title='bbox 962 3867 978 3893; x_wconf 93' lang='lat'><strong>,</strong></span> <span class='ocrx_word' id='word_1_471' title='bbox 1028 3825 1247 3880; x_wconf 77' lang='lat' dir='ltr'><strong>ﬂetibus</strong></span> <span class='ocrx_word' id='word_1_472' title='bbox 1289 3837 1345 3882; x_wconf 91' lang='lat' dir='ltr'><strong>et</strong></span> <span class='ocrx_word' id='word_1_473' title='bbox 1390 3829 1644 3898; x_wconf 86' lang='lat' dir='ltr'><strong>suspiriis</strong></span> 
     </span>
    </p>
   </div>
   <div class='ocr_carea' id='block_1_69' title="bbox 47 3913 1646 4000">
    <p class='ocr_par' dir='ltr' id='par_1_69' title="bbox 47 3913 1646 4000">
     <span class='ocr_line' id='line_1_69' title="bbox 47 3913 1646 4000; baseline 0.006 -32"><span class='ocrx_word' id='word_1_474' title='bbox 47 3913 334 3988; x_wconf 77' lang='lat' dir='ltr'><strong>ﬂagitantes</strong></span> <span class='ocrx_word' id='word_1_475' title='bbox 365 3928 425 3976; x_wconf 88' lang='lat' dir='ltr'><strong>et</strong></span> <span class='ocrx_word' id='word_1_476' title='bbox 456 3920 752 3976; x_wconf 82' lang='lat' dir='ltr'><strong>dicentes:</strong></span> <span class='ocrx_word' id='word_1_477' title='bbox 785 3919 830 3975; x_wconf 94' lang='grc' dir='ltr'><strong>Ο</strong></span> <span class='ocrx_word' id='word_1_478' title='bbox 852 3919 1093 4000; x_wconf 83' lang='lat' dir='ltr'><strong>gloriosa</strong></span> <span class='ocrx_word' id='word_1_479' title='bbox 1129 3920 1226 3976; x_wconf 83' lang='lat' dir='ltr'><strong>Dei</strong></span> <span class='ocrx_word' id='word_1_480' title='bbox 1257 3921 1446 3989; x_wconf 80' lang='lat' dir='ltr'><strong>Mater,</strong></span> <span class='ocrx_word' id='word_1_481' title='bbox 1480 3923 1646 3978; x_wconf 89' lang='lat' dir='ltr'><strong>meri-</strong></span> 
     </span>
    </p>
   </div>
   <div class='ocr_carea' id='block_1_70' title="bbox 51 4008 1645 4085">
    <p class='ocr_par' dir='ltr' id='par_1_70' title="bbox 51 4008 1645 4085">
     <span class='ocr_line' id='line_1_70' title="bbox 51 4008 1645 4085; baseline 0.004 -22"><span class='ocrx_word' id='word_1_482' title='bbox 51 4008 112 4064; x_wconf 90' lang='lat' dir='ltr'><strong>tis</strong></span> <span class='ocrx_word' id='word_1_483' title='bbox 129 4019 178 4065; x_wconf 92' lang='lat' dir='ltr'><strong>et</strong></span> <span class='ocrx_word' id='word_1_484' title='bbox 197 4013 468 4084; x_wconf 86' lang='lat' dir='ltr'><strong>precibus</strong></span> <span class='ocrx_word' id='word_1_485' title='bbox 515 4013 633 4069; x_wconf 90' lang='lat' dir='ltr'><strong>tuis</strong></span> <span class='ocrx_word' id='word_1_486' title='bbox 677 4013 832 4069; x_wconf 88' lang='lat' dir='ltr'><strong>trabe</strong></span> <span class='ocrx_word' id='word_1_487' title='bbox 860 4029 964 4070; x_wconf 90' lang='lat' dir='ltr'><strong>nos</strong></span> <span class='ocrx_word' id='word_1_488' title='bbox 1011 4022 1136 4085; x_wconf 87' lang='lat' dir='ltr'><strong>post</strong></span> <span class='ocrx_word' id='word_1_489' title='bbox 1172 4023 1242 4083; x_wconf 89' lang='lat' dir='ltr'><strong>te,</strong></span> <span class='ocrx_word' id='word_1_490' title='bbox 1273 4030 1563 4070; x_wconf 76' lang='lat' dir='ltr'><strong>curramus</strong></span> <span class='ocrx_word' id='word_1_491' title='bbox 1590 4015 1645 4070; x_wconf 90' lang='lat' dir='ltr'><strong>in</strong></span> 
     </span>
    </p>
   </div>
   <div class='ocr_carea' id='block_1_71' title="bbox 43 4102 1644 4178">
    <p class='ocr_par' dir='ltr' id='par_1_71' title="bbox 43 4102 1644 4178">
     <span class='ocr_line' id='line_1_71' title="bbox 43 4102 1644 4178; baseline 0.003 -21"><span class='ocrx_word' id='word_1_492' title='bbox 43 4102 191 4159; x_wconf 81' lang='lat' dir='ltr'><strong>odore</strong></span> <span class='ocrx_word' id='word_1_493' title='bbox 222 4114 662 4178; x_wconf 82' lang='lat' dir='ltr'><strong>unguentorum</strong></span> <span class='ocrx_word' id='word_1_494' title='bbox 701 4113 943 4161; x_wconf 90' lang='lat' dir='ltr'><strong>tuorum.</strong></span> <span class='ocrx_word' id='word_1_495' title='bbox 986 4104 1097 4162; x_wconf 81' lang='lat' dir='ltr'><strong>Nec</strong></span> <span class='ocrx_word' id='word_1_496' title='bbox 1134 4107 1334 4176; x_wconf 91' lang='lat' dir='ltr'><strong>poterit</strong></span> <span class='ocrx_word' id='word_1_497' title='bbox 1371 4122 1492 4163; x_wconf 86' lang='lat' dir='ltr'><strong>eam</strong></span> <span class='ocrx_word' id='word_1_498' title='bbox 1537 4124 1644 4162; x_wconf 92' lang='lat' dir='ltr'><strong>non</strong></span> 
     </span>
    </p>
   </div>
   <div class='ocr_carea' id='block_1_72' title="bbox 42 4194 1648 4271">
    <p class='ocr_par' dir='ltr' id='par_1_72' title="bbox 42 4194 1648 4271">
     <span class='ocr_line' id='line_1_72' title="bbox 42 4194 1648 4271; baseline 0.003 -22"><span class='ocrx_word' id='word_1_499' title='bbox 42 4194 287 4253; x_wconf 78' lang='lat' dir='ltr'><strong>exaudire</strong></span> <span class='ocrx_word' id='word_1_500' title='bbox 315 4198 388 4254; x_wconf 86' lang='lat' dir='ltr'><strong>de</strong></span> <span class='ocrx_word' id='word_1_501' title='bbox 418 4198 622 4264; x_wconf 89' lang='lat' dir='ltr'><strong>nobis,</strong></span> <span class='ocrx_word' id='word_1_502' title='bbox 650 4197 745 4269; x_wconf 90' lang='lat' dir='ltr'><strong>qui</strong></span> <span class='ocrx_word' id='word_1_503' title='bbox 777 4212 878 4268; x_wconf 83' lang='lat' dir='ltr'><strong>pro</strong></span> <span class='ocrx_word' id='word_1_504' title='bbox 908 4197 1069 4254; x_wconf 88' lang='lat' dir='ltr'><strong>nobis</strong></span> <span class='ocrx_word' id='word_1_505' title='bbox 1097 4198 1166 4255; x_wconf 88' lang='lat' dir='ltr'><strong>de</strong></span> <span class='ocrx_word' id='word_1_506' title='bbox 1187 4213 1252 4255; x_wconf 90' lang='lat' dir='ltr'><strong>ea</strong></span> <span class='ocrx_word' id='word_1_507' title='bbox 1286 4198 1543 4271; x_wconf 87' lang='lat' dir='ltr'><strong>dignatus</strong></span> <span class='ocrx_word' id='word_1_508' title='bbox 1564 4207 1648 4254; x_wconf 91' lang='lat' dir='ltr'><strong>est</strong></span> 
     </span>
    </p>
   </div>
   <div class='ocr_carea' id='block_1_73' title="bbox 40 4288 1647 4362">
    <p class='ocr_par' dir='ltr' id='par_1_73' title="bbox 40 4288 1647 4362">
     <span class='ocr_line' id='line_1_73' title="bbox 40 4288 1647 4362; baseline 0.004 -22"><span class='ocrx_word' id='word_1_509' title='bbox 40 4289 198 4357; x_wconf 87' lang='lat' dir='ltr'><strong>nasci,</strong></span> <span class='ocrx_word' id='word_1_510' title='bbox 230 4288 528 4346; x_wconf 86' lang='lat' dir='ltr'><strong>Dominus</strong></span> <span class='ocrx_word' id='word_1_511' title='bbox 559 4298 751 4346; x_wconf 87' lang='lat' dir='ltr'><strong>noster</strong></span> <span class='ocrx_word' id='word_1_512' title='bbox 771 4288 939 4347; x_wconf 76' lang='lat' dir='ltr'><strong>Jesus</strong></span> <span class='ocrx_word' id='word_1_513' title='bbox 962 4289 1238 4358; x_wconf 88' lang='lat' dir='ltr'><strong>Christus,</strong></span> <span class='ocrx_word' id='word_1_514' title='bbox 1266 4291 1362 4362; x_wconf 85' lang='lat' dir='ltr'><strong>qui</strong></span> <span class='ocrx_word' id='word_1_515' title='bbox 1389 4306 1514 4347; x_wconf 90' lang='lat' dir='ltr'><strong>cum</strong></span> <span class='ocrx_word' id='word_1_516' title='bbox 1540 4289 1647 4346; x_wconf 84' lang='lat' dir='ltr'><strong>Pa-</strong></span> 
     </span>
    </p>
   </div>
   <div class='ocr_carea' id='block_1_74' title="bbox 37 4381 1648 4456">
    <p class='ocr_par' dir='ltr' id='par_1_74' title="bbox 37 4381 1648 4456">
     <span class='ocr_line' id='line_1_74' title="bbox 37 4381 1648 4456; baseline 0.003 -20"><span class='ocrx_word' id='word_1_517' title='bbox 37 4386 110 4436; x_wconf 83' lang='lat' dir='ltr'><strong>tre</strong></span> <span class='ocrx_word' id='word_1_518' title='bbox 129 4392 180 4438; x_wconf 88' lang='lat' dir='ltr'><strong>et</strong></span> <span class='ocrx_word' id='word_1_519' title='bbox 209 4381 433 4455; x_wconf 86' lang='lat' dir='ltr'><strong>Spiritu</strong></span> <span class='ocrx_word' id='word_1_520' title='bbox 469 4392 680 4440; x_wconf 87' lang='lat' dir='ltr'><strong>sancto</strong></span> <span class='ocrx_word' id='word_1_521' title='bbox 700 4383 835 4439; x_wconf 87' lang='lat' dir='ltr'><strong>vivit</strong></span> <span class='ocrx_word' id='word_1_522' title='bbox 859 4391 914 4439; x_wconf 91' lang='lat' dir='ltr'><strong>et</strong></span> <span class='ocrx_word' id='word_1_523' title='bbox 939 4393 1130 4456; x_wconf 88' lang='lat' dir='ltr'><strong>regnat</strong></span> <span class='ocrx_word' id='word_1_524' title='bbox 1154 4383 1295 4441; x_wconf 83' lang='lat' dir='ltr'><strong>Deus</strong></span> <span class='ocrx_word' id='word_1_525' title='bbox 1325 4399 1424 4456; x_wconf 91' lang='lat' dir='ltr'><strong>per</strong></span> <span class='ocrx_word' id='word_1_526' title='bbox 1462 4383 1648 4441; x_wconf 88' lang='lat' dir='ltr'><strong>omnia</strong></span> 
     </span>
    </p>
   </div>
   <div class='ocr_carea' id='block_1_75' title="bbox 33 4480 867 4538">
    <p class='ocr_par' dir='ltr' id='par_1_75' title="bbox 33 4480 867 4538">
     <span class='ocr_line' id='line_1_75' title="bbox 33 4480 867 4538; baseline 0.002 -4"><span class='ocrx_word' id='word_1_527' title='bbox 33 4480 216 4534; x_wconf 63' lang='lat' dir='ltr'><strong>sucula</strong></span> <span class='ocrx_word' id='word_1_528' title='bbox 244 4483 633 4538; x_wconf 63' lang='lat' dir='ltr'><strong>saeculorum.</strong></span> <span class='ocrx_word' id='word_1_529' title='bbox 670 4481 867 4536; x_wconf 84' lang='lat' dir='ltr'><strong>Amen.</strong></span> 
     </span>
    </p>
   </div>
   <div class='ocr_carea' id='block_1_76' title="bbox 715 4559 951 4628">
    <p class='ocr_par' dir='ltr' id='par_1_76' title="bbox 715 4559 951 4628">
     <span class='ocr_line' id='line_1_76' title="bbox 715 4559 951 4628; baseline 0.008 -2"><span class='ocrx_word' id='word_1_530' title='bbox 715 4559 724 4577; x_wconf 54' lang='grc'>⁸</span> <span class='ocrx_word' id='word_1_531' title='bbox 757 4569 951 4628; x_wconf 72' lang='lat' dir='ltr'><strong>XXXI.</strong></span> 
     </span>
    </p>
   </div>
   <div class='ocr_carea' id='block_1_77' title="bbox 123 4661 1526 4722">
    <p class='ocr_par' dir='ltr' id='par_1_77' title="bbox 123 4661 1526 4722">
     <span class='ocr_line' id='line_1_77' title="bbox 123 4661 1526 4722; baseline 0.004 -6"><span class='ocrx_word' id='word_1_532' title='bbox 123 4661 178 4718; x_wconf 69' lang='lat' dir='ltr'><strong>lx</strong></span> <span class='ocrx_word' id='word_1_533' title='bbox 215 4679 409 4720; x_wconf 69' lang='lat' dir='ltr'><strong>nonan</strong></span> <span class='ocrx_word' id='word_1_534' title='bbox 451 4677 639 4721; x_wconf 61' lang='grc' dir='ltr'><strong>γεδτο</strong></span> <span class='ocrx_word' id='word_1_535' title='bbox 673 4679 1060 4722; x_wconf 69' lang='lat' dir='ltr'><strong>assuur&#39;nosts</strong></span> <span class='ocrx_word' id='word_1_536' title='bbox 1094 4675 1284 4721; x_wconf 70' lang='lat' dir='ltr'><strong>suam</strong></span> <span class='ocrx_word' id='word_1_537' title='bbox 1326 4676 1526 4721; x_wconf 59' lang='lat' dir='ltr'><strong>unum.</strong></span> 
     </span>
    </p>
   </div>
   <div class='ocr_carea' id='block_1_78' title="bbox 92 4750 1646 4828">
    <p class='ocr_par' dir='ltr' id='par_1_78' title="bbox 92 4750 1646 4828">
     <span class='ocr_line' id='line_1_78' title="bbox 92 4750 1646 4828; baseline 0.003 -23"><span class='ocrx_word' id='word_1_538' title='bbox 92 4750 158 4806; x_wconf 77' lang='grc' dir='ltr'><strong>1η</strong></span> <span class='ocrx_word' id='word_1_539' title='bbox 178 4755 278 4810; x_wconf 77' lang='lat' dir='ltr'><strong>illo</strong></span> <span class='ocrx_word' id='word_1_540' title='bbox 303 4764 592 4827; x_wconf 79' lang='lat' dir='ltr'><strong>tempore,</strong></span> <span class='ocrx_word' id='word_1_541' title='bbox 621 4753 845 4811; x_wconf 75' lang='lat' dir='ltr'><strong>intravit</strong></span> <span class='ocrx_word' id='word_1_542' title='bbox 863 4755 1019 4811; x_wconf 78' lang='lat' dir='ltr'><strong>Iesus</strong></span> <span class='ocrx_word' id='word_1_543' title='bbox 1058 4757 1114 4810; x_wconf 84' lang='lat' dir='ltr'><strong>in</strong></span> <span class='ocrx_word' id='word_1_544' title='bbox 1160 4755 1426 4828; x_wconf 79' lang='lat' dir='ltr'><strong>quoddam</strong></span> <span class='ocrx_word' id='word_1_545' title='bbox 1451 4757 1646 4811; x_wconf 77' lang='lat' dir='ltr'><strong>castel-</strong></span> 
     </span>
    </p>
   </div>
   <div class='ocr_carea' id='block_1_79' title="bbox 31 4845 1652 4922">
    <p class='ocr_par' dir='ltr' id='par_1_79' title="bbox 31 4845 1652 4922">
     <span class='ocr_line' id='line_1_79' title="bbox 31 4845 1652 4922; baseline 0.004 -24"><span class='ocrx_word' id='word_1_546' title='bbox 31 4845 143 4913; x_wconf 79' lang='lat' dir='ltr'><strong>lum,</strong></span> <span class='ocrx_word' id='word_1_547' title='bbox 167 4859 219 4903; x_wconf 87' lang='lat' dir='ltr'><strong>et</strong></span> <span class='ocrx_word' id='word_1_548' title='bbox 242 4850 460 4906; x_wconf 75' lang='lat' dir='ltr'><strong>ntulier</strong></span> <span class='ocrx_word' id='word_1_549' title='bbox 483 4847 764 4922; x_wconf 71' lang='lat' dir='ltr'><strong>quadam,</strong></span> <span class='ocrx_word' id='word_1_550' title='bbox 789 4848 1004 4904; x_wconf 79' lang='lat' dir='ltr'><strong>Martha</strong></span> <span class='ocrx_word' id='word_1_551' title='bbox 1023 4851 1476 4921; x_wconf 74' lang='lat' dir='ltr'><strong>nomiuc,.e:ccepit</strong></span> <span class='ocrx_word' id='word_1_552' title='bbox 1495 4849 1652 4905; x_wconf 77' lang='lat' dir='ltr'><strong>illum</strong></span> 
     </span>
    </p>
   </div>
   <div class='ocr_carea' id='block_1_80' title="bbox 31 4939 1648 5014">
    <p class='ocr_par' dir='ltr' id='par_1_80' title="bbox 31 4939 1648 5014">
     <span class='ocr_line' id='line_1_80' title="bbox 31 4939 1648 5014; baseline 0.006 -25"><span class='ocrx_word' id='word_1_553' title='bbox 31 4939 70 4990; x_wconf 81' lang='lat' dir='ltr'><strong>in</strong></span> <span class='ocrx_word' id='word_1_554' title='bbox 99 4941 320 4995; x_wconf 77' lang='lat' dir='ltr'><strong>domum</strong></span> <span class='ocrx_word' id='word_1_555' title='bbox 347 4959 529 4997; x_wconf 79' lang='lat' dir='ltr'><strong>suam</strong></span> <span class='ocrx_word' id='word_1_556' title='bbox 556 4940 710 5012; x_wconf 84' lang='lat' dir='ltr'><strong>(Luc.</strong></span> <span class='ocrx_word' id='word_1_557' title='bbox 741 4943 818 5014; x_wconf 69' lang='grc' dir='ltr'><strong>ι).</strong></span> <span class='ocrx_word' id='word_1_558' title='bbox 847 4941 912 4998; x_wconf 83' lang='lat' dir='ltr'><strong>Et</strong></span> <span class='ocrx_word' id='word_1_559' title='bbox 935 4942 1162 5014; x_wconf 81' lang='lat' dir='ltr'><strong>reliqua.</strong></span> <span class='ocrx_word' id='word_1_560' title='bbox 1189 4942 1246 4998; x_wconf 81' lang='lat' dir='ltr'><strong>In</strong></span> <span class='ocrx_word' id='word_1_561' title='bbox 1273 4945 1377 4999; x_wconf 86' lang='lat' dir='ltr'><strong>hac</strong></span> <span class='ocrx_word' id='word_1_562' title='bbox 1396 4943 1648 5011; x_wconf 85' lang='lat' dir='ltr'><strong>lectione,</strong></span> 
     </span>
    </p>
   </div>
   <div class='ocr_carea' id='block_1_81' title="bbox 39 5035 1650 5108">
    <p class='ocr_par' dir='ltr' id='par_1_81' title="bbox 39 5035 1650 5108">
     <span class='ocr_line' id='line_1_81' title="bbox 39 5035 1650 5108; baseline 0.002 -23"><span class='ocrx_word' id='word_1_563' title='bbox 39 5044 160 5090; x_wconf 63' lang='lat' dir='ltr'><strong>usta</strong></span> <span class='ocrx_word' id='word_1_564' title='bbox 204 5035 640 5108; x_wconf 73' lang='lat' dir='ltr'><strong>tropologiam,</strong></span> <span class='ocrx_word' id='word_1_565' title='bbox 697 5035 862 5090; x_wconf 90' lang='lat' dir='ltr'><strong>trium</strong></span> <span class='ocrx_word' id='word_1_566' title='bbox 899 5036 1138 5090; x_wconf 85' lang='lat' dir='ltr'><strong>vitarum</strong></span> <span class='ocrx_word' id='word_1_567' title='bbox 1173 5036 1418 5107; x_wconf 82' lang='lat' dir='ltr'><strong>exempla</strong></span> <span class='ocrx_word' id='word_1_568' title='bbox 1447 5047 1650 5106; x_wconf 54' lang='lat' dir='ltr'><strong>prope-</strong></span> 
     </span>
    </p>
   </div>
   <div class='ocr_carea' id='block_1_82' title="bbox 32 5127 1656 5202">
    <p class='ocr_par' dir='ltr' id='par_1_82' title="bbox 32 5127 1656 5202">
     <span class='ocr_line' id='line_1_82' title="bbox 32 5127 1656 5202; baseline 0.002 -22"><span class='ocrx_word' id='word_1_569' title='bbox 32 5136 219 5185; x_wconf 73' lang='lat' dir='ltr'><strong>runtur</strong></span> <span class='ocrx_word' id='word_1_570' title='bbox 251 5129 459 5186; x_wconf 74' lang='lat' dir='ltr'><strong>nobis.</strong></span> <span class='ocrx_word' id='word_1_571' title='bbox 491 5127 647 5185; x_wconf 85' lang='lat' dir='ltr'><strong>Sunt</strong></span> <span class='ocrx_word' id='word_1_572' title='bbox 670 5129 818 5185; x_wconf 88' lang='lat' dir='ltr'><strong>enim</strong></span> <span class='ocrx_word' id='word_1_573' title='bbox 843 5136 952 5186; x_wconf 90' lang='lat' dir='ltr'><strong>tres</strong></span> <span class='ocrx_word' id='word_1_574' title='bbox 973 5130 1098 5185; x_wconf 71' lang='lat' dir='ltr'><strong>vitae</strong></span> <span class='ocrx_word' id='word_1_575' title='bbox 1119 5145 1242 5201; x_wconf 68' lang='lat' dir='ltr'><strong>quae</strong></span> <span class='ocrx_word' id='word_1_576' title='bbox 1267 5129 1397 5186; x_wconf 64' lang='lat' dir='ltr'><strong>solm</strong></span> <span class='ocrx_word' id='word_1_577' title='bbox 1423 5145 1656 5202; x_wconf 81' lang='lat' dir='ltr'><strong>regnum</strong></span> 
     </span>
    </p>
   </div>
   <div class='ocr_carea' id='block_1_83' title="bbox 31 5222 1654 5294">
    <p class='ocr_par' dir='ltr' id='par_1_83' title="bbox 31 5222 1654 5294">
     <span class='ocr_line' id='line_1_83' title="bbox 31 5222 1654 5294; baseline 0.002 -18"><span class='ocrx_word' id='word_1_578' title='bbox 31 5223 280 5281; x_wconf 74' lang='lat' dir='ltr'><strong>:mlorum</strong></span> <span class='ocrx_word' id='word_1_579' title='bbox 312 5230 658 5290; x_wconf 83' lang='lat' dir='ltr'><strong>merentur,</strong></span> <span class='ocrx_word' id='word_1_580' title='bbox 690 5222 868 5279; x_wconf 90' lang='lat' dir='ltr'><strong>activa</strong></span> <span class='ocrx_word' id='word_1_581' title='bbox 894 5223 1128 5290; x_wconf 83' lang='lat' dir='ltr'><strong>scilicet,</strong></span> <span class='ocrx_word' id='word_1_582' title='bbox 1151 5222 1571 5294; x_wconf 80' lang='lat' dir='ltr'><strong>contemplativa</strong></span> <span class='ocrx_word' id='word_1_583' title='bbox 1599 5231 1654 5279; x_wconf 91' lang='lat' dir='ltr'><strong>et</strong></span> 
     </span>
    </p>
   </div>
   <div class='ocr_carea' id='block_1_84' title="bbox 32 5315 1654 5386">
    <p class='ocr_par' dir='ltr' id='par_1_84' title="bbox 32 5315 1654 5386">
     <span class='ocr_line' id='line_1_84' title="bbox 32 5315 1654 5386; baseline 0.001 -18"><span class='ocrx_word' id='word_1_584' title='bbox 32 5316 191 5372; x_wconf 88' lang='lat' dir='ltr'><strong>nista.</strong></span> <span class='ocrx_word' id='word_1_585' title='bbox 228 5316 451 5374; x_wconf 81' lang='lat' dir='ltr'><strong>Activa</strong></span> <span class='ocrx_word' id='word_1_586' title='bbox 485 5322 590 5371; x_wconf 89' lang='lat' dir='ltr'><strong>est</strong></span> <span class='ocrx_word' id='word_1_587' title='bbox 609 5315 1007 5383; x_wconf 75' lang='lat' dir='ltr'><strong>laborantium,</strong></span> <span class='ocrx_word' id='word_1_588' title='bbox 1020 5315 1440 5386; x_wconf 84' lang='lat' dir='ltr'><strong>contemplativa</strong></span> <span class='ocrx_word' id='word_1_589' title='bbox 1469 5324 1654 5371; x_wconf 87' lang='lat' dir='ltr'><strong>orato-</strong></span> 
     </span>
    </p>
   </div>
   <div class='ocr_carea' id='block_1_85' title="bbox 31 5405 1652 5480">
    <p class='ocr_par' dir='ltr' id='par_1_85' title="bbox 31 5405 1652 5480">
     <span class='ocr_line' id='line_1_85' title="bbox 31 5405 1652 5480; baseline 0 -18"><span class='ocrx_word' id='word_1_590' title='bbox 31 5425 150 5479; x_wconf 89' lang='lat' dir='ltr'><strong>um,</strong></span> <span class='ocrx_word' id='word_1_591' title='bbox 177 5409 366 5468; x_wconf 84' lang='lat' dir='ltr'><strong>mista</strong></span> <span class='ocrx_word' id='word_1_592' title='bbox 395 5418 706 5465; x_wconf 80' lang='lat' dir='ltr'><strong>rectorum</strong></span> <span class='ocrx_word' id='word_1_593' title='bbox 737 5405 852 5464; x_wconf 87' lang='lat' dir='ltr'><strong>sive</strong></span> <span class='ocrx_word' id='word_1_594' title='bbox 879 5407 1324 5480; x_wconf 65' lang='lat' dir='ltr'><strong>praedicatorum.</strong></span> <span class='ocrx_word' id='word_1_595' title='bbox 1351 5406 1452 5464; x_wconf 85' lang='lat' dir='ltr'><strong>Est</strong></span> <span class='ocrx_word' id='word_1_596' title='bbox 1469 5415 1652 5462; x_wconf 86' lang='lat' dir='ltr'><strong>autem</strong></span> 
     </span>
    </p>
   </div>
   <div class='ocr_carea' id='block_1_86' title="bbox 31 5493 1657 5572">
    <p class='ocr_par' dir='ltr' id='par_1_86' title="bbox 31 5493 1657 5572">
     <span class='ocr_line' id='line_1_86' title="bbox 31 5493 1657 5572; baseline -0.002 -13"><span class='ocrx_word' id='word_1_597' title='bbox 31 5501 248 5562; x_wconf 58' lang='lat' dir='ltr'><strong>udicium</strong></span> <span class='ocrx_word' id='word_1_598' title='bbox 278 5506 510 5562; x_wconf 70' lang='lat' dir='ltr'><strong>activae</strong></span> <span class='ocrx_word' id='word_1_599' title='bbox 543 5501 676 5557; x_wconf 72' lang='lat' dir='ltr'><strong>vitae</strong></span> <span class='ocrx_word' id='word_1_600' title='bbox 699 5510 916 5558; x_wconf 85' lang='lat' dir='ltr'><strong>terrena</strong></span> <span class='ocrx_word' id='word_1_601' title='bbox 949 5507 1096 5558; x_wconf 82' lang='lat' dir='ltr'><strong>recte</strong></span> <span class='ocrx_word' id='word_1_602' title='bbox 1123 5501 1464 5572; x_wconf 81' lang='lat' dir='ltr'><strong>dispensare,</strong></span> <span class='ocrx_word' id='word_1_603' title='bbox 1507 5493 1657 5572; x_wconf 77' lang='lat' dir='ltr'><strong>quod</strong></span> 
     </span>
    </p>
   </div>
   <div class='ocr_carea' id='block_1_87' title="bbox 35 5589 1655 5667">
    <p class='ocr_par' dir='ltr' id='par_1_87' title="bbox 35 5589 1655 5667">
     <span class='ocr_line' id='line_1_87' title="bbox 35 5589 1655 5667; baseline -0.002 -16"><span class='ocrx_word' id='word_1_604' title='bbox 35 5615 166 5655; x_wconf 87' lang='lat' dir='ltr'><strong>num</strong></span> <span class='ocrx_word' id='word_1_605' title='bbox 206 5609 303 5658; x_wconf 81' lang='lat' dir='ltr'><strong>est</strong></span> <span class='ocrx_word' id='word_1_606' title='bbox 335 5594 681 5666; x_wconf 85' lang='lat' dir='ltr'><strong>unicuique</strong></span> <span class='ocrx_word' id='word_1_607' title='bbox 729 5595 977 5662; x_wconf 83' lang='lat' dir='ltr'><strong>reddere,</strong></span> <span class='ocrx_word' id='word_1_608' title='bbox 1021 5589 1134 5650; x_wconf 84' lang='lat' dir='ltr'><strong>Deo</strong></span> <span class='ocrx_word' id='word_1_609' title='bbox 1175 5591 1522 5667; x_wconf 81' lang='lat' dir='ltr'><strong>religionem,</strong></span> <span class='ocrx_word' id='word_1_610' title='bbox 1549 5593 1655 5649; x_wconf 87' lang='lat' dir='ltr'><strong>sibi</strong></span> 
     </span>
    </p>
   </div>
   <div class='ocr_carea' id='block_1_88' title="bbox 31 5684 1699 5763">
    <p class='ocr_par' dir='ltr' id='par_1_88' title="bbox 31 5684 1699 5763">
     <span class='ocr_line' id='line_1_88' title="bbox 31 5684 1699 5763; baseline -0.003 -17"><span class='ocrx_word' id='word_1_611' title='bbox 31 5693 381 5760; x_wconf 85' lang='lat' dir='ltr'><strong>nunditiam,</strong></span> <span class='ocrx_word' id='word_1_612' title='bbox 413 5687 766 5763; x_wconf 82' lang='lat' dir='ltr'><strong>parentibus</strong></span> <span class='ocrx_word' id='word_1_613' title='bbox 790 5684 1075 5757; x_wconf 85' lang='lat' dir='ltr'><strong>honorem,</strong></span> <span class='ocrx_word' id='word_1_614' title='bbox 1121 5687 1341 5744; x_wconf 64' lang='lat' dir='ltr'><strong>familia</strong></span> <span class='ocrx_word' id='word_1_615' title='bbox 1368 5687 1658 5760; x_wconf 84' lang='lat' dir='ltr'><strong>providcn-</strong></span> <span class='ocrx_word' id='word_1_616' title='bbox 1693 5754 1699 5758; x_wconf 92' lang='lat'>_</span> 
     </span>
    </p>
   </div>
   <div class='ocr_carea' id='block_1_89' title="bbox 31 5781 1654 5858">
    <p class='ocr_par' dir='ltr' id='par_1_89' title="bbox 31 5781 1654 5858">
     <span class='ocr_line' id='line_1_89' title="bbox 31 5781 1654 5858; baseline -0.004 -17"><span class='ocrx_word' id='word_1_617' title='bbox 31 5786 160 5858; x_wconf 85' lang='lat' dir='ltr'><strong>iam,</strong></span> <span class='ocrx_word' id='word_1_618' title='bbox 227 5788 378 5845; x_wconf 71' lang='lat' dir='ltr'><strong>filiis</strong></span> <span class='ocrx_word' id='word_1_619' title='bbox 431 5781 866 5850; x_wconf 82' lang='lat' dir='ltr'><strong>entditionem,</strong></span> <span class='ocrx_word' id='word_1_620' title='bbox 914 5783 1214 5855; x_wconf 87' lang='lat' dir='ltr'><strong>majoribus</strong></span> <span class='ocrx_word' id='word_1_621' title='bbox 1267 5782 1654 5850; x_wconf 84' lang='lat' dir='ltr'><strong>obedientiam,</strong></span> 
     </span>
    </p>
   </div>
   <div class='ocr_carea' id='block_1_90' title="bbox 31 5875 1655 5944">
    <p class='ocr_par' dir='ltr' id='par_1_90' title="bbox 31 5875 1655 5944">
     <span class='ocr_line' id='line_1_90' title="bbox 31 5875 1655 5944; baseline -0.005 -6"><span class='ocrx_word' id='word_1_622' title='bbox 31 5883 196 5940; x_wconf 67' lang='lat' dir='ltr'><strong>atria:</strong></span> <span class='ocrx_word' id='word_1_623' title='bbox 252 5877 708 5944; x_wconf 81' lang='lat' dir='ltr'><strong>defensionem,</strong></span> <span class='ocrx_word' id='word_1_624' title='bbox 752 5876 1058 5934; x_wconf 82' lang='lat' dir='ltr'><strong>minoribus</strong></span> <span class='ocrx_word' id='word_1_625' title='bbox 1107 5877 1360 5944; x_wconf 81' lang='lat' dir='ltr'><strong>tutelam,</strong></span> <span class='ocrx_word' id='word_1_626' title='bbox 1400 5875 1655 5932; x_wconf 85' lang='lat' dir='ltr'><strong>omnibus</strong></span> 
     </span>
    </p>
   </div>
   <div class='ocr_carea' id='block_1_91' title="bbox 1741 3269 3340 3340">
    <p class='ocr_par' dir='ltr' id='par_1_91' title="bbox 1741 3269 3340 3340">
     <span class='ocr_line' id='line_1_91' title="bbox 1741 3269 3340 3340; baseline -0.007 -11"><span class='ocrx_word' id='word_1_627' title='bbox 1741 3274 1796 3329; x_wconf 91' lang='lat' dir='ltr'><strong>in</strong></span> <span class='ocrx_word' id='word_1_628' title='bbox 1827 3274 2105 3340; x_wconf 89' lang='lat' dir='ltr'><strong>claustro,</strong></span> <span class='ocrx_word' id='word_1_629' title='bbox 2151 3273 2238 3329; x_wconf 85' lang='lat' dir='ltr'><strong>vel</strong></span> <span class='ocrx_word' id='word_1_630' title='bbox 2277 3271 2333 3327; x_wconf 91' lang='lat' dir='ltr'><strong>in</strong></span> <span class='ocrx_word' id='word_1_631' title='bbox 2371 3269 2688 3335; x_wconf 89' lang='lat' dir='ltr'><strong>solitudine,</strong></span> <span class='ocrx_word' id='word_1_632' title='bbox 2717 3282 2968 3339; x_wconf 87' lang='lat' dir='ltr'><strong>corpore,</strong></span> <span class='ocrx_word' id='word_1_633' title='bbox 3014 3275 3197 3321; x_wconf 89' lang='lat' dir='ltr'><strong>tamen</strong></span> <span class='ocrx_word' id='word_1_634' title='bbox 3241 3279 3340 3335; x_wconf 84' lang='lat' dir='ltr'><strong>per</strong></span> 
     </span>
    </p>
   </div>
   <div class='ocr_carea' id='block_1_92' title="bbox 1743 3357 3340 3434">
    <p class='ocr_par' dir='ltr' id='par_1_92' title="bbox 1743 3357 3340 3434">
     <span class='ocr_line' id='line_1_92' title="bbox 1743 3357 3340 3434; baseline -0.006 -12"><span class='ocrx_word' id='word_1_635' title='bbox 1743 3366 2062 3422; x_wconf 88' lang='lat' dir='ltr'><strong>universum</strong></span> <span class='ocrx_word' id='word_1_636' title='bbox 2110 3364 2381 3422; x_wconf 92' lang='lat' dir='ltr'><strong>mundum</strong></span> <span class='ocrx_word' id='word_1_637' title='bbox 2431 3372 2702 3434; x_wconf 88' lang='lat' dir='ltr'><strong>vagantur</strong></span> <span class='ocrx_word' id='word_1_638' title='bbox 2747 3369 2948 3426; x_wconf 87' lang='lat' dir='ltr'><strong>mente,</strong></span> <span class='ocrx_word' id='word_1_639' title='bbox 2977 3374 3080 3415; x_wconf 91' lang='lat' dir='ltr'><strong>nec</strong></span> <span class='ocrx_word' id='word_1_640' title='bbox 3101 3366 3234 3414; x_wconf 89' lang='lat' dir='ltr'><strong>sunt</strong></span> <span class='ocrx_word' id='word_1_641' title='bbox 3260 3357 3340 3412; x_wconf 88' lang='lat' dir='ltr'><strong>in.—</strong></span> 
     </span>
    </p>
   </div>
   <div class='ocr_carea' id='block_1_93' title="bbox 1741 3447 3338 3520">
    <p class='ocr_par' dir='ltr' id='par_1_93' title="bbox 1741 3447 3338 3520">
     <span class='ocr_line' id='line_1_93' title="bbox 1741 3447 3338 3520; baseline -0.008 -7"><span class='ocrx_word' id='word_1_642' title='bbox 1741 3457 1876 3514; x_wconf 88' lang='lat' dir='ltr'><strong>tenti</strong></span> <span class='ocrx_word' id='word_1_643' title='bbox 1901 3455 2136 3512; x_wconf 88' lang='lat' dir='ltr'><strong>orationi</strong></span> <span class='ocrx_word' id='word_1_644' title='bbox 2160 3456 2243 3511; x_wconf 88' lang='lat' dir='ltr'><strong>vel</strong></span> <span class='ocrx_word' id='word_1_645' title='bbox 2280 3453 2522 3520; x_wconf 90' lang='lat' dir='ltr'><strong>lectioni,</strong></span> <span class='ocrx_word' id='word_1_646' title='bbox 2553 3452 2649 3509; x_wconf 87' lang='lat' dir='ltr'><strong>sed</strong></span> <span class='ocrx_word' id='word_1_647' title='bbox 2679 3450 2996 3506; x_wconf 88' lang='lat' dir='ltr'><strong>rumoribus</strong></span> <span class='ocrx_word' id='word_1_648' title='bbox 3027 3456 3082 3504; x_wconf 91' lang='lat' dir='ltr'><strong>et</strong></span> <span class='ocrx_word' id='word_1_649' title='bbox 3116 3447 3338 3502; x_wconf 84' lang='lat' dir='ltr'><strong>vanita-</strong></span> 
     </span>
    </p>
   </div>
   <div class='ocr_carea' id='block_1_94' title="bbox 1744 3539 3338 3615">
    <p class='ocr_par' dir='ltr' id='par_1_94' title="bbox 1744 3539 3338 3615">
     <span class='ocr_line' id='line_1_94' title="bbox 1744 3539 3338 3615; baseline -0.006 -11"><span class='ocrx_word' id='word_1_650' title='bbox 1744 3549 1912 3605; x_wconf 89' lang='lat' dir='ltr'><strong>tibus.</strong></span> <span class='ocrx_word' id='word_1_651' title='bbox 1939 3547 2005 3604; x_wconf 84' lang='lat' dir='ltr'><strong>Et</strong></span> <span class='ocrx_word' id='word_1_652' title='bbox 2041 3549 2146 3604; x_wconf 92' lang='lat' dir='ltr'><strong>hoc</strong></span> <span class='ocrx_word' id='word_1_653' title='bbox 2174 3548 2309 3604; x_wconf 89' lang='lat' dir='ltr'><strong>solet</strong></span> <span class='ocrx_word' id='word_1_654' title='bbox 2364 3547 2446 3602; x_wconf 89' lang='lat' dir='ltr'><strong>eis</strong></span> <span class='ocrx_word' id='word_1_655' title='bbox 2489 3544 2806 3615; x_wconf 89' lang='lat' dir='ltr'><strong>contingere</strong></span> <span class='ocrx_word' id='word_1_656' title='bbox 2855 3557 2921 3596; x_wconf 68' lang='lat' dir='ltr'><strong>ex</strong></span> <span class='ocrx_word' id='word_1_657' title='bbox 2959 3539 3166 3607; x_wconf 87' lang='lat' dir='ltr'><strong>acedia,</strong></span> <span class='ocrx_word' id='word_1_658' title='bbox 3215 3554 3338 3609; x_wconf 73' lang='lat' dir='ltr'><strong>quae</strong></span> 
     </span>
    </p>
   </div>
   <div class='ocr_carea' id='block_1_95' title="bbox 1744 3628 3336 3705">
    <p class='ocr_par' dir='ltr' id='par_1_95' title="bbox 1744 3628 3336 3705">
     <span class='ocr_line' id='line_1_95' title="bbox 1744 3628 3336 3705; baseline -0.006 -14"><span class='ocrx_word' id='word_1_659' title='bbox 1744 3637 1982 3692; x_wconf 76' lang='lat' dir='ltr'><strong>maxime</strong></span> <span class='ocrx_word' id='word_1_660' title='bbox 2018 3634 2476 3705; x_wconf 90' lang='lat' dir='ltr'><strong>contemplativos</strong></span> <span class='ocrx_word' id='word_1_661' title='bbox 2519 3633 2658 3688; x_wconf 89' lang='lat' dir='ltr'><strong>solet</strong></span> <span class='ocrx_word' id='word_1_662' title='bbox 2695 3645 2912 3696; x_wconf 74' lang='lat' dir='ltr'><strong>vexare,</strong></span> <span class='ocrx_word' id='word_1_663' title='bbox 2944 3643 3068 3684; x_wconf 91' lang='lat' dir='ltr'><strong>cum</strong></span> <span class='ocrx_word' id='word_1_664' title='bbox 3095 3644 3204 3682; x_wconf 87' lang='lat' dir='ltr'><strong>non</strong></span> <span class='ocrx_word' id='word_1_665' title='bbox 3235 3628 3336 3682; x_wconf 88' lang='lat' dir='ltr'><strong>ha-</strong></span> 
     </span>
    </p>
   </div>
   <div class='ocr_carea' id='block_1_96' title="bbox 1745 3718 3337 3794">
    <p class='ocr_par' dir='ltr' id='par_1_96' title="bbox 1745 3718 3337 3794">
     <span class='ocr_line' id='line_1_96' title="bbox 1745 3718 3337 3794; baseline -0.007 -11"><span class='ocrx_word' id='word_1_666' title='bbox 1745 3729 1912 3783; x_wconf 75' lang='lat' dir='ltr'><strong>Dcant</strong></span> <span class='ocrx_word' id='word_1_667' title='bbox 1942 3726 2138 3783; x_wconf 89' lang='lat' dir='ltr'><strong>solatia</strong></span> <span class='ocrx_word' id='word_1_668' title='bbox 2182 3725 2462 3782; x_wconf 91' lang='lat' dir='ltr'><strong>sociorum</strong></span> <span class='ocrx_word' id='word_1_669' title='bbox 2516 3732 2612 3779; x_wconf 90' lang='lat' dir='ltr'><strong>aut</strong></span> <span class='ocrx_word' id='word_1_670' title='bbox 2640 3736 2890 3794; x_wconf 91' lang='lat' dir='ltr'><strong>operum,</strong></span> <span class='ocrx_word' id='word_1_671' title='bbox 2936 3720 3138 3790; x_wconf 92' lang='lat' dir='ltr'><strong>quibus</strong></span> <span class='ocrx_word' id='word_1_672' title='bbox 3181 3718 3337 3774; x_wconf 77' lang='lat' dir='ltr'><strong>taedia</strong></span> 
     </span>
    </p>
   </div>
   <div class='ocr_carea' id='block_1_97' title="bbox 1745 3810 3336 3889">
    <p class='ocr_par' dir='ltr' id='par_1_97' title="bbox 1745 3810 3336 3889">
     <span class='ocr_line' id='line_1_97' title="bbox 1745 3810 3336 3889; baseline -0.006 -14"><span class='ocrx_word' id='word_1_673' title='bbox 1745 3835 1846 3876; x_wconf 89' lang='lat' dir='ltr'><strong>sua</strong></span> <span class='ocrx_word' id='word_1_674' title='bbox 1868 3819 2086 3889; x_wconf 90' lang='lat' dir='ltr'><strong>possint</strong></span> <span class='ocrx_word' id='word_1_675' title='bbox 2112 3818 2373 3874; x_wconf 88' lang='lat' dir='ltr'><strong>relevare.</strong></span> <span class='ocrx_word' id='word_1_676' title='bbox 2405 3816 2511 3871; x_wconf 82' lang='lat' dir='ltr'><strong>Sed</strong></span> <span class='ocrx_word' id='word_1_677' title='bbox 2555 3830 2655 3871; x_wconf 87' lang='lat' dir='ltr'><strong>vos</strong></span> <span class='ocrx_word' id='word_1_678' title='bbox 2686 3811 3094 3884; x_wconf 86' lang='lat' dir='ltr'><strong>contemplativi</strong></span> <span class='ocrx_word' id='word_1_679' title='bbox 3131 3827 3226 3882; x_wconf 89' lang='lat' dir='ltr'><strong>per</strong></span> <span class='ocrx_word' id='word_1_680' title='bbox 3251 3810 3336 3866; x_wconf 88' lang='lat' dir='ltr'><strong>di-</strong></span> 
     </span>
    </p>
   </div>
   <div class='ocr_carea' id='block_1_98' title="bbox 1746 3907 3338 3977">
    <p class='ocr_par' dir='ltr' id='par_1_98' title="bbox 1746 3907 3338 3977">
     <span class='ocr_line' id='line_1_98' title="bbox 1746 3907 3338 3977; baseline -0.005 -11"><span class='ocrx_word' id='word_1_681' title='bbox 1746 3911 1997 3968; x_wconf 88' lang='lat' dir='ltr'><strong>lectionis</strong></span> <span class='ocrx_word' id='word_1_682' title='bbox 2018 3909 2288 3966; x_wconf 83' lang='lat' dir='ltr'><strong>fervorem</strong></span> <span class='ocrx_word' id='word_1_683' title='bbox 2313 3909 2552 3966; x_wconf 82' lang='lat' dir='ltr'><strong>excutite</strong></span> <span class='ocrx_word' id='word_1_684' title='bbox 2573 3924 2604 3964; x_wconf 91' lang='lat' dir='ltr'><strong>a</strong></span> <span class='ocrx_word' id='word_1_685' title='bbox 2627 3907 2781 3964; x_wconf 90' lang='lat' dir='ltr'><strong>vobis</strong></span> <span class='ocrx_word' id='word_1_686' title='bbox 2804 3920 3024 3962; x_wconf 89' lang='lat' dir='ltr'><strong>omnem</strong></span> <span class='ocrx_word' id='word_1_687' title='bbox 3040 3913 3338 3977; x_wconf 81' lang='lat' dir='ltr'><strong>torporem.</strong></span> 
     </span>
    </p>
   </div>
   <div class='ocr_carea' id='block_1_99' title="bbox 1753 3991 3364 4073">
    <p class='ocr_par' dir='ltr' id='par_1_99' title="bbox 1753 3991 3364 4073">
     <span class='ocr_line' id='line_1_99' title="bbox 1753 3991 3364 4073; baseline -0.003 -14"><span class='ocrx_word' id='word_1_688' title='bbox 1753 4024 1774 4059; x_wconf 78' lang='grc' dir='ltr'><strong>ι</strong></span> <span class='ocrx_word' id='word_1_689' title='bbox 1806 4004 2124 4062; x_wconf 80' lang='lat' dir='ltr'><strong>Maledictus</strong></span> <span class='ocrx_word' id='word_1_690' title='bbox 2165 4012 2250 4060; x_wconf 89' lang='lat' dir='ltr'><strong>est</strong></span> <span class='ocrx_word' id='word_1_691' title='bbox 2286 4002 2434 4060; x_wconf 92' lang='lat' dir='ltr'><strong>enim</strong></span> <span class='ocrx_word' id='word_1_692' title='bbox 2462 4001 2557 4073; x_wconf 90' lang='lat' dir='ltr'><strong>qui</strong></span> <span class='ocrx_word' id='word_1_693' title='bbox 2603 4017 2742 4073; x_wconf 85' lang='lat' dir='ltr'><strong>opus</strong></span> <span class='ocrx_word' id='word_1_694' title='bbox 2767 3991 2863 4056; x_wconf 86' lang='lat' dir='ltr'><strong>Dei</strong></span> <span class='ocrx_word' id='word_1_695' title='bbox 2898 3998 3030 4056; x_wconf 90' lang='lat' dir='ltr'><strong>facit</strong></span> <span class='ocrx_word' id='word_1_696' title='bbox 3056 3999 3364 4070; x_wconf 50' lang='lat' dir='ltr'><strong>negligen»</strong></span> 
     </span>
    </p>
   </div>
   <div class='ocr_carea' id='block_1_100' title="bbox 1747 4093 3366 4172">
    <p class='ocr_par' dir='ltr' id='par_1_100' title="bbox 1747 4093 3366 4172">
     <span class='ocr_line' id='line_1_100' title="bbox 1747 4093 3366 4172; baseline -0.004 -17"><span class='ocrx_word' id='word_1_697' title='bbox 1747 4107 1832 4155; x_wconf 88' lang='lat' dir='ltr'><strong>ter</strong></span> <span class='ocrx_word' id='word_1_698' title='bbox 1860 4097 1997 4172; x_wconf 81' lang='lat' dir='ltr'><strong>(Jer.</strong></span> <span class='ocrx_word' id='word_1_699' title='bbox 2047 4096 2262 4167; x_wconf 78' lang='lat' dir='ltr'><strong>vant).</strong></span> <span class='ocrx_word' id='word_1_700' title='bbox 2304 4113 2336 4149; x_wconf 79' lang='grc' dir='ltr'>ι.</span> <span class='ocrx_word' id='word_1_701' title='bbox 2376 4093 2445 4150; x_wconf 88' lang='lat' dir='ltr'><strong>Et</strong></span> <span class='ocrx_word' id='word_1_702' title='bbox 2477 4094 2686 4150; x_wconf 78' lang='lat' dir='ltr'><strong>variato</strong></span> <span class='ocrx_word' id='word_1_703' title='bbox 2727 4102 2908 4150; x_wconf 84' lang='lat' dir='ltr'><strong>vestra</strong></span> <span class='ocrx_word' id='word_1_704' title='bbox 2954 4093 3158 4160; x_wconf 89' lang='lat' dir='ltr'><strong>studia,</strong></span> <span class='ocrx_word' id='word_1_705' title='bbox 3193 4105 3366 4148; x_wconf 44' lang='lat' dir='ltr'><strong>nunc‘</strong></span> 
     </span>
    </p>
   </div>
   <div class='ocr_carea' id='block_1_101' title="bbox 1749 4186 3342 4262">
    <p class='ocr_par' dir='ltr' id='par_1_101' title="bbox 1749 4186 3342 4262">
     <span class='ocr_line' id='line_1_101' title="bbox 1749 4186 3342 4262; baseline -0.003 -15"><span class='ocrx_word' id='word_1_706' title='bbox 1749 4190 1984 4259; x_wconf 88' lang='lat' dir='ltr'><strong>orando,</strong></span> <span class='ocrx_word' id='word_1_707' title='bbox 2013 4205 2164 4246; x_wconf 89' lang='lat' dir='ltr'><strong>nunc</strong></span> <span class='ocrx_word' id='word_1_708' title='bbox 2205 4187 2458 4262; x_wconf 88' lang='lat' dir='ltr'><strong>legendo,</strong></span> <span class='ocrx_word' id='word_1_709' title='bbox 2497 4203 2646 4244; x_wconf 89' lang='lat' dir='ltr'><strong>nunc</strong></span> <span class='ocrx_word' id='word_1_710' title='bbox 2683 4186 2891 4258; x_wconf 89' lang='lat' dir='ltr'><strong>aliquid</strong></span> <span class='ocrx_word' id='word_1_711' title='bbox 2940 4186 3171 4259; x_wconf 83' lang='lat' dir='ltr'><strong>agendo,</strong></span> <span class='ocrx_word' id='word_1_712' title='bbox 3200 4201 3342 4257; x_wconf 87' lang='lat' dir='ltr'><strong>quo-</strong></span> 
     </span>
    </p>
   </div>
   <div class='ocr_carea' id='block_1_102' title="bbox 1749 4280 2856 4340">
    <p class='ocr_par' dir='ltr' id='par_1_102' title="bbox 1749 4280 2856 4340">
     <span class='ocr_line' id='line_1_102' title="bbox 1749 4280 2856 4340; baseline -0.004 -1"><span class='ocrx_word' id='word_1_713' title='bbox 1749 4283 1898 4340; x_wconf 88' lang='lat' dir='ltr'><strong>niam</strong></span> <span class='ocrx_word' id='word_1_714' title='bbox 1926 4281 2230 4340; x_wconf 85' lang='lat' dir='ltr'><strong>similitudo</strong></span> <span class='ocrx_word' id='word_1_715' title='bbox 2258 4290 2435 4338; x_wconf 85' lang='lat' dir='ltr'><strong>mater</strong></span> <span class='ocrx_word' id='word_1_716' title='bbox 2457 4280 2727 4338; x_wconf 88' lang='lat' dir='ltr'><strong>satietatis</strong></span> <span class='ocrx_word' id='word_1_717' title='bbox 2751 4289 2856 4336; x_wconf 89' lang='lat' dir='ltr'><strong>est.</strong></span> 
     </span>
    </p>
   </div>
   <div class='ocr_carea' id='block_1_103' title="bbox 1821 4393 3347 4470">
    <p class='ocr_par' dir='ltr' id='par_1_103' title="bbox 1821 4393 3347 4470">
     <span class='ocr_line' id='line_1_103' title="bbox 1821 4393 3347 4470; baseline -0.005 -16"><span class='ocrx_word' id='word_1_718' title='bbox 1821 4395 2022 4466; x_wconf 87' lang='lat' dir='ltr'><strong>Porro,</strong></span> <span class='ocrx_word' id='word_1_719' title='bbox 2051 4397 2210 4468; x_wconf 80' lang='lat' dir='ltr'><strong>juxta</strong></span> <span class='ocrx_word' id='word_1_720' title='bbox 2247 4395 2528 4470; x_wconf 83' lang='lat' dir='ltr'><strong>Evangelii</strong></span> <span class='ocrx_word' id='word_1_721' title='bbox 2568 4396 2790 4463; x_wconf 62' lang='lat' dir='ltr'><strong>setis,</strong></span> <span class='ocrx_word' id='word_1_722' title='bbox 2827 4395 2934 4451; x_wconf 85' lang='lat' dir='ltr'><strong>tria</strong></span> <span class='ocrx_word' id='word_1_723' title='bbox 2967 4410 3128 4451; x_wconf 86' lang='lat' dir='ltr'><strong>noms</strong></span> <span class='ocrx_word' id='word_1_724' title='bbox 3161 4393 3347 4451; x_wconf 83' lang='lat' dir='ltr'><strong>coasi-</strong></span> 
     </span>
    </p>
   </div>
   <div class='ocr_carea' id='block_1_104' title="bbox 1749 4486 3346 4557">
    <p class='ocr_par' dir='ltr' id='par_1_104' title="bbox 1749 4486 3346 4557">
     <span class='ocr_line' id='line_1_104' title="bbox 1749 4486 3346 4557; baseline -0.004 -9"><span class='ocrx_word' id='word_1_725' title='bbox 1749 4491 1990 4548; x_wconf 87' lang='lat' dir='ltr'><strong>dcranda</strong></span> <span class='ocrx_word' id='word_1_726' title='bbox 2005 4500 2152 4547; x_wconf 90' lang='lat' dir='ltr'><strong>sunt.</strong></span> <span class='ocrx_word' id='word_1_727' title='bbox 2181 4489 2363 4557; x_wconf 81' lang='lat' dir='ltr'><strong>Quare</strong></span> <span class='ocrx_word' id='word_1_728' title='bbox 2387 4490 2507 4546; x_wconf 65' lang='lat' dir='ltr'><strong>ista;</strong></span> <span class='ocrx_word' id='word_1_729' title='bbox 2521 4489 2668 4554; x_wconf 62' lang='lat' dir='ltr'><strong>vitae,</strong></span> <span class='ocrx_word' id='word_1_730' title='bbox 2693 4503 2826 4546; x_wconf 87' lang='lat' dir='ltr'><strong>cum</strong></span> <span class='ocrx_word' id='word_1_731' title='bbox 2849 4489 2931 4545; x_wconf 89' lang='lat' dir='ltr'><strong>sic</strong></span> <span class='ocrx_word' id='word_1_732' title='bbox 2955 4488 3070 4545; x_wconf 87' lang='lat' dir='ltr'><strong>sint</strong></span> <span class='ocrx_word' id='word_1_733' title='bbox 3093 4486 3346 4551; x_wconf 71' lang='lat' dir='ltr'><strong>diversae,</strong></span> 
     </span>
    </p>
   </div>
   <div class='ocr_carea' id='block_1_105' title="bbox 1675 4570 3348 4655">
    <p class='ocr_par' dir='ltr' id='par_1_105' title="bbox 1675 4570 3348 4655">
     <span class='ocr_line' id='line_1_105' title="bbox 1675 4570 3348 4655; baseline -0.007 -13"><span class='ocrx_word' id='word_1_734' title='bbox 1675 4570 1725 4630; x_wconf 79' lang='grc' dir='ltr'><strong>Ι)</strong></span> <span class='ocrx_word' id='word_1_735' title='bbox 1752 4599 1968 4642; x_wconf 86' lang='lat' dir='ltr'><strong>sorores</strong></span> <span class='ocrx_word' id='word_1_736' title='bbox 1995 4583 2284 4651; x_wconf 76' lang='lat' dir='ltr'><strong>dicantur,</strong></span> <span class='ocrx_word' id='word_1_737' title='bbox 2309 4591 2376 4640; x_wconf 85' lang='lat' dir='ltr'><strong>et</strong></span> <span class='ocrx_word' id='word_1_738' title='bbox 2394 4598 2567 4655; x_wconf 86' lang='lat' dir='ltr'><strong>quare</strong></span> <span class='ocrx_word' id='word_1_739' title='bbox 2599 4581 2813 4637; x_wconf 78' lang='lat' dir='ltr'><strong>Martha</strong></span> <span class='ocrx_word' id='word_1_740' title='bbox 2853 4587 3248 4650; x_wconf 82' lang='lat' dir='ltr'><strong>conqueratur,</strong></span> <span class='ocrx_word' id='word_1_741' title='bbox 3292 4586 3348 4632; x_wconf 86' lang='lat' dir='ltr'><strong>et</strong></span> 
     </span>
    </p>
   </div>
   <div class='ocr_carea' id='block_1_106' title="bbox 1754 4670 3346 4748">
    <p class='ocr_par' dir='ltr' id='par_1_106' title="bbox 1754 4670 3346 4748">
     <span class='ocr_line' id='line_1_106' title="bbox 1754 4670 3346 4748; baseline -0.004 -17"><span class='ocrx_word' id='word_1_742' title='bbox 1754 4676 1886 4748; x_wconf 92' lang='lat' dir='ltr'><strong>quid</strong></span> <span class='ocrx_word' id='word_1_743' title='bbox 1935 4677 1985 4732; x_wconf 91' lang='lat' dir='ltr'><strong>ei</strong></span> <span class='ocrx_word' id='word_1_744' title='bbox 2029 4692 2061 4732; x_wconf 89' lang='lat' dir='ltr'><strong>a</strong></span> <span class='ocrx_word' id='word_1_745' title='bbox 2103 4675 2339 4732; x_wconf 92' lang='lat' dir='ltr'><strong>Domino</strong></span> <span class='ocrx_word' id='word_1_746' title='bbox 2400 4676 2818 4748; x_wconf 83' lang='lat' dir='ltr'><strong>respondeatur.</strong></span> <span class='ocrx_word' id='word_1_747' title='bbox 2881 4672 3028 4728; x_wconf 82' lang='lat' dir='ltr'><strong>Sane</strong></span> <span class='ocrx_word' id='word_1_748' title='bbox 3078 4671 3178 4727; x_wconf 71' lang='lat' dir='ltr'><strong>ha:</strong></span> <span class='ocrx_word' id='word_1_749' title='bbox 3223 4670 3346 4726; x_wconf 71' lang='lat' dir='ltr'><strong>dum</strong></span> 
     </span>
    </p>
   </div>
   <div class='ocr_carea' id='block_1_107' title="bbox 1754 4761 3347 4836">
    <p class='ocr_par' dir='ltr' id='par_1_107' title="bbox 1754 4761 3347 4836">
     <span class='ocr_line' id='line_1_107' title="bbox 1754 4761 3347 4836; baseline -0.006 -12"><span class='ocrx_word' id='word_1_750' title='bbox 1754 4770 1882 4826; x_wconf 75' lang='lat' dir='ltr'><strong>vita:</strong></span> <span class='ocrx_word' id='word_1_751' title='bbox 1911 4769 2035 4826; x_wconf 88' lang='lat' dir='ltr'><strong>ideo</strong></span> <span class='ocrx_word' id='word_1_752' title='bbox 2065 4784 2286 4826; x_wconf 85' lang='lat' dir='ltr'><strong>sorores</strong></span> <span class='ocrx_word' id='word_1_753' title='bbox 2318 4767 2599 4834; x_wconf 85' lang='lat' dir='ltr'><strong>dicuntur,</strong></span> <span class='ocrx_word' id='word_1_754' title='bbox 2647 4766 2778 4836; x_wconf 89' lang='lat' dir='ltr'><strong>quia</strong></span> <span class='ocrx_word' id='word_1_755' title='bbox 2809 4779 2878 4820; x_wconf 79' lang='lat' dir='ltr'><strong>ex</strong></span> <span class='ocrx_word' id='word_1_756' title='bbox 2914 4763 3106 4819; x_wconf 84' lang='lat' dir='ltr'><strong>eadem</strong></span> <span class='ocrx_word' id='word_1_757' title='bbox 3136 4761 3347 4833; x_wconf 84' lang='lat' dir='ltr'><strong>origine</strong></span> 
     </span>
    </p>
   </div>
   <div class='ocr_carea' id='block_1_108' title="bbox 1755 4854 3350 4934">
    <p class='ocr_par' dir='ltr' id='par_1_108' title="bbox 1755 4854 3350 4934">
     <span class='ocr_line' id='line_1_108' title="bbox 1755 4854 3350 4934; baseline -0.006 -16"><span class='ocrx_word' id='word_1_758' title='bbox 1755 4862 2087 4934; x_wconf 76' lang='lat' dir='ltr'><strong>procedunt,</strong></span> <span class='ocrx_word' id='word_1_759' title='bbox 2120 4861 2250 4933; x_wconf 91' lang='lat' dir='ltr'><strong>quia</strong></span> <span class='ocrx_word' id='word_1_760' title='bbox 2280 4860 2350 4916; x_wconf 90' lang='lat' dir='ltr'><strong>ad</strong></span> <span class='ocrx_word' id='word_1_761' title='bbox 2402 4858 2656 4917; x_wconf 87' lang='lat' dir='ltr'><strong>eumdem</strong></span> <span class='ocrx_word' id='word_1_762' title='bbox 2702 4857 2868 4911; x_wconf 82' lang='lat' dir='ltr'><strong>tinem</strong></span> <span class='ocrx_word' id='word_1_763' title='bbox 2901 4854 3161 4921; x_wconf 83' lang='lat' dir='ltr'><strong>tendant,</strong></span> <span class='ocrx_word' id='word_1_764' title='bbox 3185 4861 3240 4908; x_wconf 91' lang='lat' dir='ltr'><strong>et</strong></span> <span class='ocrx_word' id='word_1_765' title='bbox 3288 4868 3350 4908; x_wconf 87' lang='lat' dir='ltr'><strong>se</strong></span> 
     </span>
    </p>
   </div>
   <div class='ocr_carea' id='block_1_109' title="bbox 1760 4944 3380 5026">
    <p class='ocr_par' dir='ltr' id='par_1_109' title="bbox 1760 4944 3380 5026">
     <span class='ocr_line' id='line_1_109' title="bbox 1760 4944 3380 5026; baseline -0.01 -14"><span class='ocrx_word' id='word_1_766' title='bbox 1760 4970 1974 5026; x_wconf 85' lang='lat' dir='ltr'><strong>semper</strong></span> <span class='ocrx_word' id='word_1_767' title='bbox 2003 4955 2332 5025; x_wconf 84' lang='lat' dir='ltr'><strong>coadjuvent</strong></span> <span class='ocrx_word' id='word_1_768' title='bbox 2364 4957 2420 5008; x_wconf 87' lang='lat' dir='ltr'><strong>et</strong></span> <span class='ocrx_word' id='word_1_769' title='bbox 2456 4951 2804 5008; x_wconf 88' lang='lat' dir='ltr'><strong>comitentur.</strong></span> <span class='ocrx_word' id='word_1_770' title='bbox 2834 4947 2915 5002; x_wconf 79' lang='grc' dir='ltr'>Ει</span> <span class='ocrx_word' id='word_1_771' title='bbox 2933 4946 3123 5003; x_wconf 87' lang='lat' dir='ltr'><strong>eadem</strong></span> <span class='ocrx_word' id='word_1_772' title='bbox 3147 4944 3350 5016; x_wconf 76' lang='lat' dir='ltr'><strong>quippe</strong></span> <span class='ocrx_word' id='word_1_773' title='bbox 3376 4978 3380 4981; x_wconf 92' lang='lat'><em>-</em></span> 
     </span>
    </p>
   </div>
   <div class='ocr_carea' id='block_1_110' title="bbox 1757 5037 3354 5116">
    <p class='ocr_par' dir='ltr' id='par_1_110' title="bbox 1757 5037 3354 5116">
     <span class='ocr_line' id='line_1_110' title="bbox 1757 5037 3354 5116; baseline -0.008 -12"><span class='ocrx_word' id='word_1_774' title='bbox 1757 5047 2071 5104; x_wconf 85' lang='lat' dir='ltr'><strong>dilectionis</strong></span> <span class='ocrx_word' id='word_1_775' title='bbox 2125 5046 2222 5102; x_wconf 87' lang='lat' dir='ltr'><strong>Dei</strong></span> <span class='ocrx_word' id='word_1_776' title='bbox 2273 5054 2328 5102; x_wconf 88' lang='lat' dir='ltr'><strong>et</strong></span> <span class='ocrx_word' id='word_1_777' title='bbox 2381 5041 2614 5116; x_wconf 77' lang='lat' dir='ltr'><strong>proximi</strong></span> <span class='ocrx_word' id='word_1_778' title='bbox 2647 5048 2732 5098; x_wconf 90' lang='lat' dir='ltr'><strong>est</strong></span> <span class='ocrx_word' id='word_1_779' title='bbox 2754 5081 2772 5108; x_wconf 91' lang='lat'><strong>,</strong></span> <span class='ocrx_word' id='word_1_780' title='bbox 2827 5048 2884 5096; x_wconf 89' lang='lat' dir='ltr'><strong>et</strong></span> <span class='ocrx_word' id='word_1_781' title='bbox 2933 5037 3083 5109; x_wconf 86' lang='lat' dir='ltr'><strong>quod</strong></span> <span class='ocrx_word' id='word_1_782' title='bbox 3135 5037 3354 5093; x_wconf 81' lang='lat' dir='ltr'><strong>laborat</strong></span> 
     </span>
    </p>
   </div>
   <div class='ocr_carea' id='block_1_111' title="bbox 1757 5128 3352 5210">
    <p class='ocr_par' dir='ltr' id='par_1_111' title="bbox 1757 5128 3352 5210">
     <span class='ocr_line' id='line_1_111' title="bbox 1757 5128 3352 5210; baseline -0.008 -14"><span class='ocrx_word' id='word_1_783' title='bbox 1757 5139 2004 5207; x_wconf 77' lang='lat' dir='ltr'><strong>Martha,</strong></span> <span class='ocrx_word' id='word_1_784' title='bbox 2035 5147 2099 5195; x_wconf 86' lang='lat' dir='ltr'><strong>et</strong></span> <span class='ocrx_word' id='word_1_785' title='bbox 2135 5138 2281 5210; x_wconf 89' lang='lat' dir='ltr'><strong>quod</strong></span> <span class='ocrx_word' id='word_1_786' title='bbox 2326 5134 2729 5205; x_wconf 80' lang='lat' dir='ltr'><strong>contemplatur</strong></span> <span class='ocrx_word' id='word_1_787' title='bbox 2767 5141 2823 5189; x_wconf 87' lang='lat' dir='ltr'><strong>et</strong></span> <span class='ocrx_word' id='word_1_788' title='bbox 2866 5139 2990 5188; x_wconf 88' lang='lat' dir='ltr'><strong>orat</strong></span> <span class='ocrx_word' id='word_1_789' title='bbox 3039 5128 3241 5197; x_wconf 83' lang='lat' dir='ltr'><strong>Maria,</strong></span> <span class='ocrx_word' id='word_1_790' title='bbox 3281 5128 3352 5184; x_wconf 75' lang='lat' dir='ltr'><strong>ad</strong></span> 
     </span>
    </p>
   </div>
   <div class='ocr_carea' id='block_1_112' title="bbox 1758 5221 3353 5303">
    <p class='ocr_par' dir='ltr' id='par_1_112' title="bbox 1758 5221 3353 5303">
     <span class='ocr_line' id='line_1_112' title="bbox 1758 5221 3353 5303; baseline -0.009 -13"><span class='ocrx_word' id='word_1_791' title='bbox 1758 5233 2012 5291; x_wconf 88' lang='lat' dir='ltr'><strong>eumdem</strong></span> <span class='ocrx_word' id='word_1_792' title='bbox 2033 5245 2252 5303; x_wconf 90' lang='lat' dir='ltr'><strong>quoque</strong></span> <span class='ocrx_word' id='word_1_793' title='bbox 2296 5225 2461 5285; x_wconf 84' lang='lat' dir='ltr'><strong>tinem</strong></span> <span class='ocrx_word' id='word_1_794' title='bbox 2489 5226 2741 5293; x_wconf 85' lang='lat' dir='ltr'><strong>tendunt,</strong></span> <span class='ocrx_word' id='word_1_795' title='bbox 2763 5224 2891 5296; x_wconf 88' lang='lat' dir='ltr'><strong>quia</strong></span> <span class='ocrx_word' id='word_1_796' title='bbox 2929 5232 2986 5280; x_wconf 91' lang='lat' dir='ltr'><strong>et</strong></span> <span class='ocrx_word' id='word_1_797' title='bbox 3006 5223 3097 5279; x_wconf 87' lang='lat' dir='ltr'><strong>illa</strong></span> <span class='ocrx_word' id='word_1_798' title='bbox 3127 5222 3194 5278; x_wconf 88' lang='lat' dir='ltr'><strong>ad</strong></span> <span class='ocrx_word' id='word_1_799' title='bbox 3245 5221 3353 5278; x_wconf 90' lang='lat' dir='ltr'><strong>hoc</strong></span> 
     </span>
    </p>
   </div>
   <div class='ocr_carea' id='block_1_113' title="bbox 1757 5315 3354 5392">
    <p class='ocr_par' dir='ltr' id='par_1_113' title="bbox 1757 5315 3354 5392">
     <span class='ocr_line' id='line_1_113' title="bbox 1757 5315 3354 5392; baseline -0.008 -10"><span class='ocrx_word' id='word_1_800' title='bbox 1757 5327 1992 5392; x_wconf 85' lang='lat' dir='ltr'><strong>laborat,</strong></span> <span class='ocrx_word' id='word_1_801' title='bbox 2018 5333 2072 5380; x_wconf 86' lang='lat' dir='ltr'><strong>et</strong></span> <span class='ocrx_word' id='word_1_802' title='bbox 2101 5325 2218 5379; x_wconf 82' lang='lat' dir='ltr'><strong>haec</strong></span> <span class='ocrx_word' id='word_1_803' title='bbox 2239 5323 2308 5379; x_wconf 90' lang='lat' dir='ltr'><strong>ad</strong></span> <span class='ocrx_word' id='word_1_804' title='bbox 2332 5322 2442 5378; x_wconf 77' lang='lat' dir='ltr'><strong>hoc</strong></span> <span class='ocrx_word' id='word_1_805' title='bbox 2457 5319 2896 5392; x_wconf 74' lang='lat' dir='ltr'><strong>philosOphatur,</strong></span> <span class='ocrx_word' id='word_1_806' title='bbox 2922 5324 2984 5372; x_wconf 90' lang='lat' dir='ltr'><strong>ut</strong></span> <span class='ocrx_word' id='word_1_807' title='bbox 3007 5315 3120 5372; x_wconf 90' lang='lat' dir='ltr'><strong>Deo</strong></span> <span class='ocrx_word' id='word_1_808' title='bbox 3138 5315 3354 5386; x_wconf 86' lang='lat' dir='ltr'><strong>placeat</strong></span> 
     </span>
    </p>
   </div>
   <div class='ocr_carea' id='block_1_114' title="bbox 1760 5408 3352 5489">
    <p class='ocr_par' dir='ltr' id='par_1_114' title="bbox 1760 5408 3352 5489">
     <span class='ocr_line' id='line_1_114' title="bbox 1760 5408 3352 5489; baseline -0.011 -13"><span class='ocrx_word' id='word_1_809' title='bbox 1760 5427 1824 5476; x_wconf 88' lang='lat' dir='ltr'><strong>et</strong></span> <span class='ocrx_word' id='word_1_810' title='bbox 1856 5418 1925 5474; x_wconf 91' lang='lat' dir='ltr'><strong>ad</strong></span> <span class='ocrx_word' id='word_1_811' title='bbox 1959 5417 2080 5489; x_wconf 90' lang='lat' dir='ltr'><strong>ejus</strong></span> <span class='ocrx_word' id='word_1_812' title='bbox 2122 5417 2392 5472; x_wconf 83' lang='lat' dir='ltr'><strong>visionem</strong></span> <span class='ocrx_word' id='word_1_813' title='bbox 2418 5411 2895 5486; x_wconf 79' lang='lat' dir='ltr'><strong>perveniat..Alias</strong></span> <span class='ocrx_word' id='word_1_814' title='bbox 2922 5423 3026 5464; x_wconf 91' lang='lat' dir='ltr'><strong>nec</strong></span> <span class='ocrx_word' id='word_1_815' title='bbox 3074 5408 3192 5463; x_wconf 84' lang='lat' dir='ltr'><strong>haec</strong></span> <span class='ocrx_word' id='word_1_816' title='bbox 3223 5419 3352 5462; x_wconf 87' lang='lat' dir='ltr'><strong>vera</strong></span> 
     </span>
    </p>
   </div>
   <div class='ocr_carea' id='block_1_115' title="bbox 1761 5496 3351 5574">
    <p class='ocr_par' dir='ltr' id='par_1_115' title="bbox 1761 5496 3351 5574">
     <span class='ocr_line' id='line_1_115' title="bbox 1761 5496 3351 5574; baseline -0.01 -9"><span class='ocrx_word' id='word_1_817' title='bbox 1761 5508 1973 5565; x_wconf 80' lang='lat' dir='ltr'><strong>Martha</strong></span> <span class='ocrx_word' id='word_1_818' title='bbox 2009 5514 2122 5574; x_wconf 89' lang='lat' dir='ltr'><strong>est,</strong></span> <span class='ocrx_word' id='word_1_819' title='bbox 2159 5521 2265 5562; x_wconf 85' lang='lat' dir='ltr'><strong>nec</strong></span> <span class='ocrx_word' id='word_1_820' title='bbox 2289 5505 2407 5561; x_wconf 63' lang='lat' dir='ltr'><strong>hac</strong></span> <span class='ocrx_word' id='word_1_821' title='bbox 2455 5517 2585 5560; x_wconf 79' lang='lat' dir='ltr'><strong>vera</strong></span> <span class='ocrx_word' id='word_1_822' title='bbox 2625 5499 2798 5557; x_wconf 82' lang='lat' dir='ltr'><strong>Maria</strong></span> <span class='ocrx_word' id='word_1_823' title='bbox 2838 5507 2947 5556; x_wconf 88' lang='lat' dir='ltr'><strong>est.</strong></span> <span class='ocrx_word' id='word_1_824' title='bbox 3005 5497 3139 5554; x_wconf 86' lang='lat' dir='ltr'><strong>Sese</strong></span> <span class='ocrx_word' id='word_1_825' title='bbox 3186 5496 3351 5552; x_wconf 88' lang='lat' dir='ltr'><strong>etiam</strong></span> 
     </span>
    </p>
   </div>
   <div class='ocr_carea' id='block_1_116' title="bbox 1762 5583 3352 5670">
    <p class='ocr_par' dir='ltr' id='par_1_116' title="bbox 1762 5583 3352 5670">
     <span class='ocr_line' id='line_1_116' title="bbox 1762 5583 3352 5670; baseline -0.011 -14"><span class='ocrx_word' id='word_1_826' title='bbox 1762 5613 1977 5670; x_wconf 84' lang='lat' dir='ltr'><strong>semper</strong></span> <span class='ocrx_word' id='word_1_827' title='bbox 2023 5596 2382 5668; x_wconf 83' lang='lat' dir='ltr'><strong>coadjuvant;</strong></span> <span class='ocrx_word' id='word_1_828' title='bbox 2439 5609 2570 5650; x_wconf 87' lang='lat' dir='ltr'><strong>nam</strong></span> <span class='ocrx_word' id='word_1_829' title='bbox 2621 5591 2834 5647; x_wconf 77' lang='lat' dir='ltr'><strong>Martha</strong></span> <span class='ocrx_word' id='word_1_830' title='bbox 2886 5589 3113 5645; x_wconf 79' lang='lat' dir='ltr'><strong>Mariam</strong></span> <span class='ocrx_word' id='word_1_831' title='bbox 3179 5583 3352 5640; x_wconf 85' lang='lat' dir='ltr'><strong>mini-</strong></span> 
     </span>
    </p>
   </div>
   <div class='ocr_carea' id='block_1_117' title="bbox 1762 5679 3352 5754">
    <p class='ocr_par' dir='ltr' id='par_1_117' title="bbox 1762 5679 3352 5754">
     <span class='ocr_line' id='line_1_117' title="bbox 1762 5679 3352 5754; baseline -0.01 -8"><span class='ocrx_word' id='word_1_832' title='bbox 1762 5690 1992 5747; x_wconf 89' lang='lat' dir='ltr'><strong>strando</strong></span> <span class='ocrx_word' id='word_1_833' title='bbox 2018 5687 2328 5745; x_wconf 87' lang='lat' dir='ltr'><strong>necessaria</strong></span> <span class='ocrx_word' id='word_1_834' title='bbox 2357 5695 2654 5753; x_wconf 79' lang='lat' dir='ltr'><strong>susternat,</strong></span> <span class='ocrx_word' id='word_1_835' title='bbox 2682 5694 2743 5741; x_wconf 90' lang='lat' dir='ltr'><strong>ut</strong></span> <span class='ocrx_word' id='word_1_836' title='bbox 2778 5684 2851 5738; x_wconf 87' lang='lat' dir='ltr'><strong>ita</strong></span> <span class='ocrx_word' id='word_1_837' title='bbox 2893 5679 3068 5754; x_wconf 85' lang='lat' dir='ltr'><strong>possit</strong></span> <span class='ocrx_word' id='word_1_838' title='bbox 3101 5685 3352 5734; x_wconf 77' lang='lat' dir='ltr'><strong>contem-</strong></span> 
     </span>
    </p>
   </div>
   <div class='ocr_carea' id='block_1_118' title="bbox 1763 5767 3359 5852">
    <p class='ocr_par' dir='ltr' id='par_1_118' title="bbox 1763 5767 3359 5852">
     <span class='ocr_line' id='line_1_118' title="bbox 1763 5767 3359 5852; baseline -0.011 -15"><span class='ocrx_word' id='word_1_839' title='bbox 1763 5781 1989 5852; x_wconf 89' lang='lat' dir='ltr'><strong>plationi</strong></span> <span class='ocrx_word' id='word_1_840' title='bbox 2014 5795 2242 5846; x_wconf 89' lang='lat' dir='ltr'><strong>vacare,</strong></span> <span class='ocrx_word' id='word_1_841' title='bbox 2280 5788 2336 5835; x_wconf 93' lang='lat' dir='ltr'><strong>et</strong></span> <span class='ocrx_word' id='word_1_842' title='bbox 2381 5779 2456 5834; x_wconf 89' lang='lat' dir='ltr'><strong>ita</strong></span> <span class='ocrx_word' id='word_1_843' title='bbox 2508 5773 2915 5850; x_wconf 84' lang='lat' dir='ltr'><strong>quodammodo</strong></span> <span class='ocrx_word' id='word_1_844' title='bbox 2958 5767 3246 5841; x_wconf 85' lang='lat' dir='ltr'><strong>participat</strong></span> <span class='ocrx_word' id='word_1_845' title='bbox 3297 5774 3359 5820; x_wconf 88' lang='lat' dir='ltr'><strong>et</strong></span> 
     </span>
    </p>
   </div>
   <div class='ocr_carea' id='block_1_119' title="bbox 1764 5855 3366 5940">
    <p class='ocr_par' dir='ltr' id='par_1_119' title="bbox 1764 5855 3366 5940">
     <span class='ocr_line' id='line_1_119' title="bbox 1764 5855 3366 5940; baseline -0.011 -10"><span class='ocrx_word' id='word_1_846' title='bbox 1764 5891 1926 5931; x_wconf 88' lang='lat' dir='ltr'><strong>suum</strong></span> <span class='ocrx_word' id='word_1_847' title='bbox 1973 5873 2103 5930; x_wconf 89' lang='lat' dir='ltr'><strong>facit</strong></span> <span class='ocrx_word' id='word_1_848' title='bbox 2145 5873 2348 5930; x_wconf 89' lang='lat' dir='ltr'><strong>bonum</strong></span> <span class='ocrx_word' id='word_1_849' title='bbox 2393 5871 2608 5940; x_wconf 70' lang='lat' dir='ltr'><strong>Mariae,</strong></span> <span class='ocrx_word' id='word_1_850' title='bbox 2638 5871 2849 5927; x_wconf 87' lang='lat' dir='ltr'><strong>dicente</strong></span> <span class='ocrx_word' id='word_1_851' title='bbox 2885 5863 3117 5922; x_wconf 86' lang='lat' dir='ltr'><strong>Domino</strong></span> <span class='ocrx_word' id='word_1_852' title='bbox 3147 5879 3162 5918; x_wconf 88' lang='lat'><strong>:</strong></span> <span class='ocrx_word' id='word_1_853' title='bbox 3197 5855 3366 5933; x_wconf 53' lang='lat' dir='ltr'><strong>(Qui</strong></span> 
     </span>
    </p>
   </div>
  </div>
