3844 6318
481 332 624 391 “37

1779 313 2135 375 MDULPHI
2173 316 2524 374 ARDENTIS

3013 211 3094 232 ‘W

3585 319 3684 375 me

480 444 680 516 recipit
708 444 1030 515 prophetam
1068 441 1122 496 in
1173 439 1393 494 nomine
1426 435 1703 507 prophetae
1721 476 1736 500 ,
1769 433 2076 490 mercedem
2105 437 2154 496 Α
2184 432 2263 488 ris
2303 431 2643 504 quotidianis
2667 430 2962 499 contrahit,
2989 431 3232 487 charitas
3263 442 3318 488 et
3337 431 3572 502 profectus
3593 451 3687 506 pro-

479 537 767 607 propbetae
792 536 1020 607 accipiet
1047 531 1266 605 (Matth.
1295 531 1372 601 ιι).
1415 549 1433 580 ι
1467 526 1587 583 Νοιι
1609 527 1753 582 enim
1783 527 1860 581 ait
1894 545 1906 582 :
1943 525 2084 582 Mer-

482 625 674 681 cedem
704 627 774 682 de
804 627 1084 698 propheta,
1118 623 1212 679 sed
1244 620 1547 676 mercedem
1582 619 1756 690 ipsius
1783 618 2080 690 prophetat,

483 731 650 772 suum
683 715 834 784 facit,
859 720 990 775 dum
1017 731 1143 771 eum
1168 713 1420 779 sustinet,
1449 720 1507 766 ut
1532 711 1857 782 prophetare
1883 711 2079 782 possit.

483 805 658 864 Maria
717 825 939 881 quoque
989 808 1142 878 juvat
1194 804 1466 860 Martham
1517 819 1618 874 pro
1669 819 1732 858 ea
1786 803 2080 859 Dominum

483 899 722 966 orando,
779 898 1168 968 ue_aliquando
1215 896 1355 951 inter
1398 904 1479 950 tot
1501 895 1899 952 sollicitudines
1951 910 2079 952 cor-

483 1000 632 1058 ruat,
666 1000 719 1045 et
754 992 827 1046 ita
854 989 1108 1045 meritum
1137 987 1362 1043 Martha:
1390 986 1517 1043 facit
1555 1003 1739 1042 suum.
1771 985 1864 1042 Sic
1897 986 2082 1058 itaque

485 1085 909 1154 contemplativa
946 1091 1000 1138 et
1027 1083 1204 1137 activa
1234 1082 1342 1137 vita
1387 1098 1508 1138 sese
1535 1081 1866 1152 coadjuvant
1894 1090 1949 1137 et
1989 1095 2082 1136 co-

481 1176 770 1241 mitantur,
802 1190 911 1230 non
943 1174 1120 1230 solum
1167 1174 1222 1229 in
1256 1173 1518 1241 diversis,
1551 1173 1647 1230 sed
1682 1175 1845 1230 etiam
1889 1175 1943 1229 in
1972 1189 2080 1228 una

479 1275 534 1321 et
557 1267 748 1322 eadem
783 1281 1036 1337 persona.
1074 1265 1267 1323 Nullus
1308 1268 1454 1324 enim
1487 1269 1699 1324 activus
1746 1267 1880 1323 vivit
1911 1275 2079 1333 recte,

476 1355 589 1412 nisi
639 1366 695 1412 et
737 1356 855 1427 ipse
897 1357 1193 1428 aliquando
1231 1360 1631 1431 contempletur
1658 1367 1712 1416 et
1750 1368 1890 1425 oret,
1923 1359 2082 1414 aliter

476 1445 627 1501 enim
654 1446 1054 1502 rationabiliter
1085 1463 1245 1520 agere
1284 1449 1492 1520 nequit.
1541 1448 1651 1504 Nec
1695 1448 1896 1521 aliquis
1940 1465 2076 1505 con-

475 1538 829 1610 templativus
875 1548 1052 1610 potest
1098 1541 1151 1594 in
1209 1541 1313 1597 hac
1349 1542 1458 1596 vita
1494 1543 1575 1598 sic
1630 1541 2077 1613 contemplationi

475 1643 695 1700 vacare,
720 1632 852 1703 quin
895 1648 1120 1689 necesse
1155 1634 1228 1688 sit
1274 1649 1400 1689 cum
1452 1635 1520 1690 ad
1574 1635 1762 1690 activae
1801 1634 2077 1707 operatio-

476 1734 605 1779 nem
635 1721 985 1789 descendere,
1018 1723 1214 1779 similis
1256 1725 1474 1796 aquilze,
1506 1726 1623 1796 qui,
1676 1735 1967 1797 postquam
2007 1725 2076 1780 ad

2185 526 2462 581 ximorum
2492 525 2688 582 abluit.
2737 523 2912 580 Porro
2947 525 3092 596 quod
3140 525 3214 580 sit
3260 524 3388 578 illud
3418 541 3561 580 unum
3582 530 3689 598 quod

2183 619 2546 676 omnibusest
2564 617 2962 683 necessarium,
2976 617 3217 672 ostendit
3232 615 3688 686 Psalista,dieeus:

2190 730 2209 763 ι
2248 709 2381 766 Mihi
2413 719 2594 767 autem
2621 710 2901 766 adhzerere
2937 707 3048 764 Deo
3076 708 3282 762 bonum
3325 718 3427 775 est,
3467 725 3626 780 ponere
3653 714 3692 768 in

2182 802 2418 859 Domino
2455 803 2568 859 Deo
2599 818 2753 874 spem
2797 817 2976 857 meam
3001 799 3176 871 (Psal.
3221 800 3413 872 um).
3448 820 3464 852 ι
3508 799 3616 857 Huic
3631 805 3694 858 uni

2182 903 2354 966 tanqu
2367 910 2455 950 am
2486 895 2763 962 anchora),
2789 893 2878 949 cui
2901 893 3004 949 soli
3035 892 3325 948 intendunt
3347 894 3695 964 contemplanti,

2183 987 2462 1044 adhaerere
2486 999 2705 1058 semper
2727 996 2781 1042 et
2809 1001 2912 1042 nos
2931 986 3195 1042 debemus
3221 985 3405 1052 activi,
3442 986 3556 1040 dum
3573 987 3696 1041 turbi-

2181 1095 2283 1136 nes
2303 1089 2358 1136 et
2389 1087 2744 1151 tempestates
2765 1077 3198 1135 sollicitudinum
3223 1087 3280 1134 et
3300 1078 3537 1134 laborum
3563 1088 3604 1134 et
3635 1080 3701 1132 ui.

2180 1173 2525 1230 bulationum
2552 1173 2934 1245 temporalium
2954 1187 3056 1228 nos
3071 1173 3302 1243 jactant.

2251 1264 2559 1323 Notandum
2584 1282 2716 1322 vero
2739 1276 2824 1322 est
2851 1265 2997 1337 quod
3027 1264 3316 1332 Dominus,
3343 1264 3574 1336 quamvis
3592 1280 3704 1337 roga-

2180 1367 2293 1427 tus,
2317 1373 2426 1415 non
2455 1359 2701 1431 praecipit
2728 1357 2956 1414 Mariam
2988 1357 3225 1412 transire
3255 1357 3324 1412 ad
3360 1357 3576 1412 ofﬁcium
3603 1357 3705 1412 Iar-

2180 1457 2310 1524 thaa,
2342 1456 2676 1528 etquamvis
2696 1455 2880 1511 laudet
2911 1463 3122 1525 partem
3164 1452 3371 1520 Mariae,
3424 1469 3521 1509 non
3566 1456 3704 1525 praci-

2181 1549 2262 1621 pit
2292 1548 2560 1605 Martham
2592 1549 2661 1604 ad
2686 1563 2809 1604 eam
2843 1546 3098 1603 transire.
3143 1544 3210 1600 Et
3253 1547 3464 1616 quare?
3497 1544 3705 1613 Quoniam

2180 1641 2489 1716 novithanc
2513 1642 2690 1715 magis
2709 1657 2832 1698 esse
2853 1640 3107 1696 idoneam
3130 1639 3567 1710 contemplationi
3587 1655 3706 1709 quam

2179 1736 2404 1804 actioni,
2441 1745 2498 1792 et
2519 1736 2668 1790 illam
2690 1734 2866 1806 magis
2888 1749 3011 1790 esse
3037 1733 3242 1788 actioni
3301 1748 3467 1803 quam
3517 1742 3708 1787 contem-

476 1824 627 1872 astra
657 1815 876 1883 volavit,
907 1827 962 1871 ct
992 1816 1164 1872 solem
1197 1819 1596 1889 contemplatus
1637 1827 1741 1885 est,
1786 1835 1981 1875 rursus
2005 1819 2074 1874 ad
2109 1799 2149 1857 Β
2177 1799 2426 1901 plationi,
2480 1838 2534 1884 et
2575 1829 2697 1885 ideo
2738 1799 2858 1884 γιῖιι
2914 1837 3208 1896 utramque
3252 1826 3307 1880 in
3321 1799 3442 1880 -γίια
3470 1825 3618 1895 magis
3634 1825 3708 1879 sibi

476 1906 744 1963 cadavera
791 1909 846 1964 in
881 1918 1082 1964 terram
1135 1910 1437 1967 descendit.
1481 1909 1586 1966 Sed
1634 1926 1806 1982 quare
1833 1925 2076 1982 conque-

475 2000 622 2070 ritur
646 2001 786 2071 apud
817 1999 1110 2056 Dominum
1135 2001 1344 2058 Martha
1375 2003 1442 2059 de
1469 2002 1658 2070 Maria,
1683 2003 1874 2060 dicens
1899 2021 1914 2057 ς
1958 2001 2073 2056 Do-

474 2091 649 2157 mine,
678 2106 782 2145 non
809 2100 886 2145 est
939 2091 1035 2146 tibi
1061 2109 1205 2148 cum
1239 2093 1378 2164 quod
1423 2109 1576 2148 soror
1605 2109 1722 2148 mea
1751 2092 1968 2165 reliquit
1995 2109 2074 2148 me

473 2185 646 2239 solam
687 2185 1034 2242 ministrare?
1069 2185 1170 2240 Dic
1197 2202 1318 2258 ergo
1345 2185 1429 2240 illi
1459 2197 1517 2240 ut
1565 2203 1646 2241 me
1674 2185 1906 2256 adjuvet.
1951 2182 2072 2240 Non

472 2277 598 2334 ideo
631 2279 779 2351 quod
824 2288 976 2350 putet
1004 2278 1243 2336 cilicium
1287 2277 1473 2334 Marize
1506 2278 1746 2335 otiosum
1779 2286 1834 2333 et
1860 2277 2071 2334 nullum

471 2386 618 2439 esse,
640 2379 702 2426 ut
725 2371 952 2443 quidam
979 2372 1143 2428 hodie
1178 2380 1394 2444 putant,
1425 2380 1480 2427 et
1509 2371 1630 2427 ideo
1661 2371 1792 2427 velit
1817 2370 1884 2427 ad
1908 2386 2070 2426 suum

469 2462 680 2520 bonum
711 2463 952 2520 cilicium
983 2464 1214 2520 Mariam
1243 2464 1502 2532 transire,
1541 2463 1636 2520 sed
1659 2464 1922 2536 quoniam
1953 2464 2069 2535 ipsa

469 2556 626 2612 novit
659 2556 898 2614 cilicium
927 2556 1112 2614 Mariae
1137 2559 1504 2629 peroptimum
1544 2572 1698 2626 esse,
1725 2565 1781 2613 et
1809 2557 1934 2613 ideo
1954 2557 2070 2612 vel-

475 2645 553 2702 let
583 2647 642 2703 in
671 2660 774 2704 sua
801 2648 1048 2706 iaferiori
1078 2649 1283 2717 ollicio,
1311 2658 1492 2707 tamen
1531 2649 1872 2716 necessario,
1898 2665 1929 2704 a
1968 2665 2069 2706 sua

470 2755 661 2798 sorore
693 2741 898 2812 juvari,
921 2752 1301 2816 quatenus,eo
1335 2744 1445 2800 cito
1475 2752 1876 2810 consummato,
1905 2752 2070 2814 queat

469 2847 596 2889 cum
637 2851 828 2892 sorore
866 2836 1057 2892 eadem
1109 2836 1318 2894 diutius
1367 2838 1690 2894 desiderata:
1733 2839 2068 2908 contempla-

468 2929 611 2986 tioni
645 2945 862 2986 vacare.
909 2929 1068 2996 Quod
1111 2939 1298 3002 aperte
1351 2940 1540 2986 contra
1581 2931 1849 3002 quosdam
1899 2930 2067 2989 falsos

469 3015 681 3079 activos
729 3032 844 3090 est,
894 3023 989 3094 qui
1040 3038 1321 3095 nunquam
1360 3023 1675 3080 desiderant
1715 3025 1782 3081 ad
1827 3026 2063 3097 quietem

465 3119 949 3191 contemplationis
973 3121 1227 3189 transire,
1251 3121 1346 3177 sed
1378 3137 1594 3192 semper
1623 3137 1788 3178 curas
1815 3132 1869 3178 et
1905 3121 2060 3177 labo-

464 3227 560 3268 res
591 3212 884 3269 saaculares
927 3222 1116 3269 amant
1147 3223 1411 3281 tractare,
1440 3215 1536 3286 qui
1573 3223 1630 3270 et
1659 3215 1706 3271 si
1736 3215 2065 3286 quandoque

465 3308 610 3366 forte
644 3319 839 3366 vacant
863 3325 1113 3381 corpore,
1145 3319 1326 3366 tamen
1351 3318 1482 3366 tunc
1508 3310 1875 3366 sollicitantur
1901 3318 1954 3365 et
1982 3310 2064 3364 la-

463 3402 667 3459 borant
705 3413 904 3470 mente,
934 3419 1035 3458 nec
1063 3403 1117 3458 in
1159 3403 1310 3459 curis
1350 3413 1404 3457 et
1452 3403 1685 3474 negotiis
1708 3401 1793 3456 sui
1843 3402 2067 3472 coadju-

464 3505 616 3551 tores
643 3503 900 3566 qumrunt
944 3494 1179 3559 habere,
1231 3493 1326 3550 sed
1374 3494 1557 3564 potius
1609 3491 1708 3564 ipsi
1740 3492 1841 3548 soli
1879 3492 2063 3546 ouiuia

461 3579 661 3638 volunt
685 3591 941 3649 tractare,
961 3597 1123 3639 curas
1144 3591 1197 3638 et
1221 3583 1435 3638 labores
1458 3582 1722 3637 habentes
1747 3597 1844 3652 pro
1859 3581 2062 3653 quiete,

462 3664 520 3730 ct
566 3675 804 3746 quietem
852 3690 955 3746 pro
1008 3675 1213 3730 labore.
1267 3674 1374 3732 Sed
1429 3675 1650 3747 quando
1711 3677 1854 3730 inter
1903 3673 2065 3730 curﬂs

463 3767 705 3838 quietem
724 3767 923 3822 habere
941 3775 1216 3837 poterunt,
1237 3769 1329 3839 qui
1351 3784 1451 3823 nec
1481 3769 1535 3823 in
1560 3769 1675 3838 ipsa
1702 3768 1885 3838 quiete
1909 3769 2064 3838 quie-

465 3869 577 3914 tem
607 3859 805 3915 baberc
835 3873 944 3914 non
987 3869 1240 3932 possunt.
1275 3860 1415 3926 Quid
1447 3869 1629 3915 autem
1671 3858 1936 3914 Dominus
1966 3875 2063 3929 pro

461 3951 635 4008 Maria
682 3951 1037 4023 respondeat,
1071 3954 1399 4019 ostenditur,
1447 3952 2062 4008 cumsulnliturzdlar-

465 4047 591 4114 tha,
639 4045 882 4114 Martha,
917 4047 1152 4102 sollicita
1182 4065 1236 4103 es
1279 4057 1327 4102 et
1367 4048 1602 4102 turbaris
1631 4061 1756 4116 erga
1805 4046 2058 4114 plurima.

469 4136 646 4193 Porro
663 4155 826 4192 unum
857 4147 932 4194 est
961 4139 1338 4193 necessarium.
1373 4137 1549 4193 Μανία
1577 4139 1833 4207 optimam.
1856 4145 2062 4204 partem

461 4229 621 4302 elegit
661 4246 779 4301 qua:
834 4246 937 4284 non
985 4231 1257 4300 auferetur
1304 4229 1368 4283 ab
1414 4245 1497 4283 ea.
1532 4227 1589 4281 lu
1621 4227 1706 4281 his
1744 4226 1924 4282 verbis
1955 4225 2062 4280 Do-

469 4322 658 4378 minus
685 4332 893 4394 partem
924 4322 1152 4378 Martha:
1179 4337 1290 4379 non
1326 4318 1697 4391 reprehendit,
1728 4319 1822 4374 sed
1852 4327 2060 4391 partem

466 4411 653 4470 Mariae
679 4414 963 4486 praeponit.
993 4414 1248 4471 Ofﬁcium
1270 4412 1417 4467 enim
1449 4409 1675 4465 Martha:
1712 4410 1815 4466 sibi
1846 4412 2061 4482 placere

2176 1923 2372 1979 idonea
2405 1921 2636 1979 salvare.
2668 1920 2810 1977 Sunt
2829 1919 2979 1976 enim
3000 1919 3252 1990 quaedam
3280 1933 3525 1989 persona:
3551 1919 3709 1974 tardio-

2174 2017 2252 2074 ris
2277 2026 2333 2073 et
2366 2016 2666 2089 grossioris
2697 2013 2923 2086 ingenii,
2960 2013 3139 2084 magis
3158 2013 3227 2068 ad
3249 2012 3561 2082 temporalia
3586 2027 3712 2082 quam

2173 2112 2242 2167 ad
2282 2110 2590 2182 spiritualia
2639 2109 2870 2176 idoneaa,
2907 2115 2963 2163 et
2998 2115 3248 2172 econtra,
3288 2105 3535 2177 quaedam
3579 2106 3713 2161 subti-

2172 2205 2328 2261 lioris
2355 2203 2582 2276 ingenii,
2609 2201 2786 2274 magis
2823 2201 2892 2256 ad
2924 2199 3234 2272 spiritualia
3281 2215 3452 2270 quam
3485 2198 3548 2253 ad
3586 2214 3711 2253 mun-

2171 2296 2315 2352 dana
2363 2307 2522 2367 aptae.
2571 2293 2829 2366 Utraque
2857 2307 2989 2364 ergo
3030 2292 3101 2348 ad
3143 2308 3286 2363 quos
3345 2291 3517 2363 magis
3555 2291 3717 2346 idonee

2171 2399 2300 2447 sunt
2323 2404 2444 2446 sese
2455 2397 2765 2453 exerceant,
2781 2401 2871 2454 ne,
2895 2385 2940 2442 si
2967 2384 3106 2440 forte
3130 2384 3199 2440 ad
3228 2383 3284 2439 id
3303 2384 3372 2440 ad
3394 2385 3536 2455 quod
3557 2384 3719 2439 idonea

2169 2498 2280 2538 non
2305 2491 2453 2547 sunt,
2482 2487 2786 2546 transeant,
2819 2476 3041 2532 inutiles
3071 2475 3225 2531 fiant.
3251 2475 3411 2543 Quod
3436 2476 3562 2532 bene
3584 2476 3719 2546 signi-

2169 2575 2367 2632 ﬁcatur
2387 2590 2484 2646 per
2519 2573 2625 2629 hoc
2647 2571 2795 2643 quod
2818 2568 3236 2626 tabernaculum
3283 2567 3458 2640 Moysi
3509 2578 3612 2623 erat
3642 2583 3722 2621 et-

2169 2668 2340 2723 terius
2368 2674 2688 2737 coopertum
2723 2663 2956 2735 pellibus
2979 2669 3034 2717 et
3054 2661 3204 2732 sagis
3233 2661 3508 2727 cillicinis,
3550 2659 3609 2715 ad
3644 2674 3722 2714 ex-

2166 2759 2472 2832 pellendam
2489 2757 2866 2827 intemperiem
2890 2755 3055 2812 aeris.
3092 2753 3331 2810 Interius
3365 2768 3495 2808 vero
3515 2750 3724 2822 splende-

2167 2853 2260 2909 bat
2287 2868 2509 2920 coccus,
2537 2866 2783 2922 purpura
2833 2859 2889 2905 et
2918 2850 3141 2922 byssus.
3173 2845 3318 2913 Quia
3353 2845 3498 2901 enim
3537 2843 3723 2914 quidem

2167 2945 2420 3002 homines
2446 2959 2652 3018 grossae
2679 2943 2881 2999 mentis
2919 2953 3050 2999 sunt
3084 2939 3272 2996 minus
3310 2937 3491 2994 idonei
3529 2944 3726 2991 tractare

2167 3039 2495 3110 spiritualia,
2537 3037 2660 3094 ideo
2680 3037 2883 3093 debent
2917 3035 3050 3091 illud
3108 3034 3178 3090 ad
3218 3031 3369 3104 quod
3416 3029 3579 3086 idonei
3617 3034 3728 3085 sunt

2167 3128 2367 3195 facere,
2413 3128 2625 3185 scilicet
2666 3127 2972 3184 exteriores
3022 3141 3188 3181 curas
3228 3133 3286 3179 et
3333 3121 3729 3194 perturbationes

2167 3219 2520 3290 suscipiendo
2547 3219 2617 3275 ab
2669 3233 2861 3274 eorum
2885 3217 3106 3289 injuriis
3137 3214 3582 3286 contemplativos
3616 3229 3728 3284 pro-

2165 3321 2368 3383 tegere.
2399 3308 2468 3365 Et
2499 3310 2630 3382 quia
2650 3308 2872 3381 quidem
2903 3307 3159 3364 homines
3181 3305 3498 3378 spirituales
3515 3305 3576 3358 ad
3599 3312 3701 3360 exte
3717 3333 3730 3343 -

2166 3405 2314 3459 riora
2347 3403 2632 3461 tractanda
2673 3413 2804 3460 sunt
2859 3403 3045 3458 minus
3109 3401 3316 3467 idonei,
3367 3398 3561 3454 debent
3608 3397 3727 3452 inte-

2166 3495 2312 3550 riora
2354 3505 2409 3550 et
2437 3494 2744 3564 spiritualia
2773 3493 2840 3549 ad
2867 3493 3015 3563 quod
3048 3491 3224 3562 magis
3253 3489 3439 3544 idonei
3485 3499 3599 3544 sunt
3635 3497 3732 3543 tra-

2166 3597 2335 3656 ctare,
2359 3604 2427 3644 uc
2447 3587 2610 3657 forte,
2637 3588 2684 3642 si
2718 3601 2959 3658 purpura
2983 3594 3037 3640 et
3063 3585 3262 3656 byssus
3287 3585 3359 3640 ad
3390 3581 3729 3654 intemperiem

2167 3680 2301 3736 foris
2325 3681 2610 3752 prodeant,
2649 3679 2883 3752 gratiam
2925 3693 3083 3734 suam
3118 3676 3400 3731 amittant.
3431 3675 3496 3731 Et
3535 3683 3731 3729 cecinit:

2167 3773 2213 3828 si
2245 3789 2389 3843 saga:
2408 3781 2462 3828 et
2490 3773 2658 3843 pelles
2680 3771 2912 3828 interius
2949 3777 3247 3841 ponantur,
3293 3769 3546 3825 indecora
3587 3777 3633 3822 ct
3657 3766 3734 3819 in-

2167 3866 2322 3922 utilia
2356 3865 2510 3920 iiant.
2549 3863 2668 3920 Vidi
2700 3863 2844 3920 enim
2869 3863 3141 3934 quosdam
3175 3877 3209 3917 a
3246 3863 3492 3918 claustro
3515 3869 3729 3916 eontem-

2163 3955 2423 4028 plationis
2465 3969 2737 4026 egressos,
2785 3969 2895 4008 non
2942 3968 3226 4024 rcgressos
3273 3969 3420 4019 esse,
3463 3951 3574 4014 sed,
3602 3965 3738 4002 more

2164 4049 2313 4104 corvi
2344 4049 2499 4103 missi
2529 4065 2560 4104 a
2589 4047 2722 4114 Noe,
2747 4047 3108 4104 cadaveribus
3147 4046 3473 4102 adhaesisse.
3521 4043 3645 4098 Sunt
3682 4051 3736 4094 ct

2163 4140 2285 4196 alia:
2305 4156 2574 4210 personae,
2611 4156 2734 4211 quae
2763 4139 2834 4195 ad
2858 4149 3153 4210 utrumque
3187 4147 3323 4193 sunt
3367 4138 3588 4205 idoneae,
3628 4151 3739 4205 quin

2163 4239 2220 4285 et
2239 4229 2511 4285 exteriora
2525 4239 2580 4284 et
2595 4230 2857 4286 interiora
2869 4229 3258 4285 convenienter
3280 4237 3486 4282 norunt
3507 4235 3734 4281 tractare.

2162 4319 2257 4376 lsti
2287 4320 2484 4376 debent
2505 4329 2746 4376 rectores
2776 4318 3149 4376 Ecclesiarum
3171 4320 3460 4386 constitui,
3485 4320 3574 4391 qui
3596 4318 3742 4371 vicis-

2164 4414 2268 4469 sim
2293 4413 2471 4469 sciant
2490 4429 2614 4468 eum
2639 4411 2844 4485 Moyse,
2857 4423 2912 4468 et
2936 4413 2990 4467 in
3021 4413 3379 4469 tabernaculo
3404 4429 3501 4484 per
3521 4422 3742 4469 contra}

465 4507 836 4573 demonstrat,
885 4524 1011 4564 cum
1061 4507 1194 4562 illud
1243 4503 1510 4574 suscipit,
1545 4511 1600 4558 et
1646 4519 1772 4560 cum
1819 4503 2058 4570 Martha,
2092 4520 2137 4578 υ
2165 4506 2461 4578 plationem
2495 4504 2786 4560 Dominum
2812 4505 3120 4578 consulere,
3143 4511 3201 4559 et
3233 4503 3387 4560 foras
3415 4505 3482 4559 ad
3508 4503 3742 4558 erudire-—

464 4597 706 4666 Martha,
730 4615 796 4655 ex
831 4615 1028 4671 magna
1055 4598 1366 4660 ail‘ectiouc,
1399 4595 1656 4667 geminat.
1693 4596 1796 4652 Sed
1824 4597 2054 4654 demon-

461 4701 600 4746 strat
623 4691 754 4747 illud
783 4691 1013 4748 inferius
1041 4706 1164 4746 esse
1186 4689 1378 4748 ,ol'ticio
1400 4688 1606 4756 Marim,
1625 4689 1679 4744 in
1703 4689 1906 4744 tribus:
1926 4689 2054 4760 quia

431 4797 434 4800 ’
458 4785 716 4840 Videlicet
736 4783 947 4839 Martha
971 4783 1205 4839 sollicita
1229 4793 1313 4838 est
1335 4783 1386 4837 in
1417 4783 1684 4854 pluribus,
1706 4792 1761 4840 et
1782 4783 1912 4854 quia
1941 4792 2055 4838 tur-

460 4877 644 4946 batur,
674 4887 728 4932 ct
753 4877 882 4947 quia
904 4891 1032 4946 pars
1053 4875 1174 4945 ejus
1195 4875 1460 4932 aufertur.
1485 4859 1632 4944 Quia.
1651 4876 1796 4931 enim
1821 4875 2053 4932 sollicita

424 4982 544 5023 ms;
589 4969 644 5023 in
686 4967 970 5039 pluribus,
1001 4966 1124 5022 ideo
1151 4967 1242 5022 uni
1285 4968 1597 5025 necessario
1635 4967 1820 5024 minus
1847 4969 2054 5026 intenta

456 5070 562 5116 cst.
593 5059 658 5114 Et
686 5059 816 5130 quia
841 5059 1112 5125 turbatur,
1145 5059 1266 5116 ideo
1288 5061 1572 5118 veritatem
1607 5061 1790 5119 minus
1813 5070 2060 5118 contem-

455 5151 596 5222 plari
627 5160 826 5222 potest.
859 5150 924 5207 Et
947 5152 1076 5223 quia
1099 5152 1368 5222 aufertur,
1405 5155 1529 5210 ideo
1548 5154 1734 5210 minus
1755 5157 2056 5226 appetenda

456 5253 562 5299 est.
593 5241 660 5297 Et
686 5251 910 5300 econtra
937 5261 1064 5318 pars
1087 5246 1271 5304 Maria:
1298 5248 1558 5305 ineorum
1583 5248 1876 5304 contrariis
1897 5265 2053 5305 com-

457 5334 774 5404 mendatur,
811 5339 940 5409 quia
983 5342 1076 5396 uni
1100 5350 1313 5398 tantum
1339 5350 1427 5398 est
1464 5341 1672 5397 intenta
1716 5342 2048 5410 necessario,

454 5435 512 5482 et
531 5427 659 5500 quia
682 5445 789 5484 non
817 5433 1086 5502 turbatur,
1119 5436 1216 5491 sed
1243 5443 1428 5491 manet
1456 5434 1806 5502 inconcussa,
1837 5445 1894 5491 et
1917 5436 2047 5508 quia

454 5532 565 5574 non
600 5517 866 5591 aufertur,
893 5524 989 5580 sed
1018 5540 1237 5595 semper
1265 5535 1352 5582 est
1385 5541 1672 5593 mansura,
1697 5534 1750 5581 et
1781 5526 1904 5582 ideo
1929 5543 2049 5584 ma-

453 5612 540 5683 gis
563 5615 884 5686 appetenda.
913 5616 1169 5673 Attamen
1194 5633 1323 5688 pars
1345 5617 1573 5674 Martha:
1600 5618 1938 5676 fructuosior
1967 5631 2052 5677 est

454 5705 511 5758 iu
555 5707 816 5776 operibus
838 5718 893 5763 et
920 5711 1144 5779 prodest
1166 5712 1439 5782 pluribus,
1462 5727 1565 5767 uec
1594 5711 1829 5770 minoris
1867 5713 2045 5769 meriti

455 5809 556 5856 est.
592 5797 730 5869 Quia
767 5829 812 5857 m
845 5801 976 5874 quid
1002 5804 1239 5872 pulveris
1256 5821 1322 5862 ex
1351 5805 1583 5862 terrenis
1614 5806 1849 5876 negotiis
1877 5815 1931 5863 et
1955 5823 2050 5864 cu-

2165 4601 2297 4656 dum
2320 4599 2729 4671 regendumque
2751 4599 3015 4670 populum
3047 4597 3218 4653 exire.
3237 4597 3345 4664 Qui
3365 4597 3435 4653 ad
3456 4594 3740 4666 exemplum
3824 4623 3825 4630 η

2163 4693 2433 4749 columbae
2458 4690 2574 4749 Noe
2609 4692 2840 4764 egressi,
2871 4708 2974 4748 nec
3018 4691 3074 4746 in
3099 4692 3473 4747 exterioribus
3521 4688 3742 4760 nquiem

2161 4785 2522 4852 invenientes,
2547 4801 2674 4840 cum
2700 4800 2858 4839 ramo
2883 4784 3062 4851 olivae,
3106 4785 3160 4840 id
3200 4794 3288 4840 est
3331 4801 3500 4856 opere
3544 4782 3742 4838 miseri-

2132 4937 2134 4942 _
2159 4879 2379 4947 eet-dim,
2399 4878 2643 4934 exterius
2661 4878 2952 4948 adepto,ad
2971 4893 3156 4932 arcam
3175 4877 3644 4948 contemplationis
3661 4873 3742 4928 lc-

2161 4974 2368 5048 stinant
2388 4971 2587 5028 redire.
2607 4968 2714 5038 Qui
2743 4986 2895 5033 more
2909 4969 3080 5026 Jacob
3090 4971 3336 5041 speciem
3353 4969 3576 5032 Rachel,
3600 4968 3646 5022 id
3660 4977 3748 5020 est

2127 5121 2132 5126 .
2163 5069 2666 5140 contemplationis,
2695 5068 2871 5139 magis
2890 5068 3142 5140 diligant,
3163 5077 3220 5124 et
3242 5067 3495 5136 Liam,id
3519 5077 3598 5123 est
3621 5061 3748 5119 acti-

2160 5178 2285 5218 vam
2309 5161 2500 5228 vitam,
2539 5170 2759 5232 propter
2785 5177 3015 5233 operum
3051 5161 3448 5218 fecunditatem
3495 5161 3749 5218 sustinere

2159 5271 2270 5312 non
2287 5263 2562 5314 recusant.
2581 5253 2808 5327 Mysticc
2822 5270 2952 5310 vero
2969 5254 3258 5310 castellum
3282 5255 3340 5309 in
3363 5272 3481 5326 quo
3503 5252 3750 5310 Donuca:

2157 5348 2402 5419 intravit,
2429 5359 2622 5408 uterus
2657 5358 2743 5406 est
2771 5349 2944 5430 beata:
2977 5347 3241 5420 Virginis.
3266 5348 3434 5416 Quod
3469 5350 3602 5404 bene
3627 5359 3752 5398 uia—

2157 5444 2305 5514 gruit
2337 5445 2388 5498 ei
2414 5453 2470 5500 et
2513 5443 2738 5500 nomine
2761 5450 2818 5498 et
2856 5441 3283 5514 signiﬁcatione.
3331 5441 3588 5507 Nomine,
3617 5452 3750 5510 qua—

2158 5539 2307 5592 niam
2359 5539 2642 5594 castellum
2676 5536 2792 5593 sive
2831 5544 3077 5592 castrum
3110 5535 3319 5591 dicitur
3365 5553 3403 5591 a
3445 5532 3750 5591 castrum.
3824 5569 3825 5584 κ

2157 5644 2224 5684 eo
2252 5629 2398 5698 quod
2435 5639 2656 5700 propter
2685 5628 2898 5699 vigilias
2929 5636 2985 5683 et
3031 5627 3279 5683 laborem
3328 5641 3612 5682 armorum
3639 5637 3758 5676 ωι-

2113 5773 2116 5776 ,
2159 5719 2248 5774 nis
2284 5719 2453 5774 libido
2497 5720 2811 5774 climinetur
2851 5735 2881 5773 a
2925 5726 3130 5774 castro.
3182 5718 3269 5773 Ab
3325 5727 3488 5772 utero
3542 5725 3758 5784 quoquc

2159 5809 2334 5864 beatae
2371 5808 2609 5881 Virginis
2645 5809 2825 5867 omnis
2857 5808 3028 5865 libido
3064 5817 3290 5880 propter
3319 5809 3547 5865 laceres
3594 5814 3642 5858 et
3665 5803 3766 5858 im:
