3850 6318
94 365 255 424 1429

1270 353 1599 414 ΒΟΜηιΙΕ.
1623 388 1692 398 -
1721 357 1763 415 1.
1789 353 1878 414 DE
1903 353 2251 414 'DEMPORE.

3250 361 3275 415 l
3288 361 3424 418 350*

82 481 300 536 aestas
343 472 766 534 exercitationes
809 470 1032 527 exclusa
1087 469 1208 527 fuit.
1269 469 1701 544 Signiﬁcatione,
1737 474 1981 531 A’solam
2019 489 2175 530 soror
2215 472 2529 528 ministrare
2555 472 2832 543 reiinquit.
2861 472 3015 529 Etsi
3053 473 3178 531 talis
3213 486 3300 533 est
3333 493 3389 534 In

79 569 375 640 quoniam
402 566 688 624 castellum
718 564 921 620 dicitur
945 563 1090 634 quod
1111 571 1198 618 est
1224 565 1401 620 muris
1422 575 1474 620 et
1501 581 1706 638 propu-

79 661 365 733 gnaculis
389 657 881 725 circumvallatum,
922 655 1246 712 custodibus
1271 657 1569 726 munitum,
1606 674 1704 713 ne-

80 753 368 811 cessariis
395 753 682 823 repletum.
706 749 964 806 Castrum
997 764 1219 821 quoque
1257 749 1430 805 beata:
1463 749 1704 822 Virginis

81 848 215 905 fuit
235 845 665 921 propugnaculis
701 844 984 912 vallatum,
1036 851 1097 899 ut
1136 843 1467 900 abstinentia
1509 851 1703 923 contra

85 941 431 1015 ingluviem,
472 939 742 996 castitate-
765 945 956 993 coutra
986 936 1285 1004 luxuriam,
1328 933 1704 992 muniﬁcentia

81 1041 302 1090 contra
333 1031 645 1097 avaritiam,
691 1028 953 1101 patientia
981 1035 1172 1084 contra
1209 1028 1369 1096 iram,
1396 1026 1705 1084 humilitate

83 1136 306 1183 contra
355 1123 668 1196 superbiam
741 1120 897 1178 Unde
933 1121 987 1176 in
1029 1120 1276 1178 Canticis
1317 1121 1703 1176 canticorum:

95 1242 120 1272 ι
159 1217 374 1275 Hortus
401 1218 696 1274 conclusus
721 1231 880 1273 soror
914 1231 1034 1277 mea
1081 1230 1309 1290 sponsu,
1357 1215 1551 1273 hortus
1579 1231 1722 1272 conm

84 1313 322 1381 clusus,
369 1311 493 1368 fons
523 1311 770 1384 signatus
799 1309 979 1383 (Cant.
1027 1309 1122 1380 iv).
1158 1329 1191 1362 ι·
1218 1309 1404 1366 ltem':
1442 1330 1464 1364 ο
1489 1312 1703 1368 Collum

86 1415 269 1462 tuum
303 1405 449 1462 sicut
472 1405 642 1461 turris
664 1404 855 1472 David,
879 1420 1002 1476 quae
1022 1403 1287 1464 aediﬁcata
1309 1413 1398 1462 est
1422 1421 1551 1461 eum
1577 1421 1708 1476 pro-

85 1498 459 1570 pugnaculis.
491 1497 638 1553 Mille
679 1496 853 1569 clypei
902 1496 1142 1568 pendent
1179 1511 1244 1552 ex
1279 1497 1578 1564 ea,>oinnis
1624 1512 1712 1552 ar-

86 1599 332 1646 matura
383 1589 612 1646 fortium
660 1588 876 1662 (Itn'd.).
910 1608 931 1642 ι
979 1587 1109 1645 Fuit
1155 1587 1303 1645 enim
1343 1589 1502 1645 beata
1541 1587 1712 1661 Virgo

85 1683 343 1751 collum,
363 1699 462 1754 per
483 1683 630 1754 quod
648 1682 782 1740 exiit
801 1682 869 1738 ad
890 1697 994 1739 nos
1017 1680 1252 1738 Verbum
1273 1679 1524 1738 Dei.Fuit
1539 1681 1706 1738 etiam

85 1775 439 1832 custodibus
479 1775 775 1841 munitum,
813 1781 1002 1844 utpote
1041 1789 1209 1844 quam
1244 1771 1468 1829 Gabriel
1496 1771 1709 1829 caeteri-

1806 565 1966 620 beata
1997 562 2221 636 Virgine
2251 579 2378 633 pars
2403 562 2648 632 Marthzr,
2680 565 2858 634 qualis
2899 567 3103 636 putatis
3129 575 3213 623 est
3243 569 3294 622 in
3324 585 3390 624 ea
3417 605 3450 616 υ

1803 673 1926 728 quae
1953 656 2159 727 optima
2184 671 2311 726 pars
2337 655 2664 727 pradicatur
2692 656 2914 713 Mariae?
2934 657 2979 713 Ο
2998 663 3168 730 quam”
3192 677 3419 732 magna;

1805 750 2100 806 multitudo
2149 749 2458 806 dulcedinis
2510 747 2613 806 fuit
2656 750 2710 804 in
2755 765 2842 818 ea,
2884 752 3104 821 quando
3154 753 3390 822 Spiritus

1804 851 2030 900 sanctus
2058 843 2114 898 in
2145 859 2266 900 eam
2308 843 2482 912 venit,
2503 853 2559 900 et
2592 845 2769 901 virtus
2795 844 3063 900 Altissimi
3099 846 3390 902 obumbra-

1802 937 1903 1004 vit,
1951 945 2007 994 ει
2033 936 2102 992 de
2139 935 2334 992 eodem
2363 934 2571 1008 Spiritu
2600 941 2814 992 sancto
2835 937 3112 1008 concepit!
3157 936 3298 1005 Quid
3326 939 3395 994 de

1807 1029 1921 1087 Deo
1949 1045 2060 1086 non
2089 1029 2411 1102 aspiciebat,
2438 1030 2493 1085 in
2522 1047 2630 1102 qua
2655 1030 2748 1086 Dei
2775 1030 3042 1102 sapientia
3070 1031 3304 1087 latebat?
3327 1031 3397 1087 Et

1805 1123 1940 1195 quid
1984 1123 2054 1180 de
2085 1122 2198 1190 Deo
2231 1138 2344 1180 non
2373 1123 2639 1194 sapiebat,
2675 1140 2799 1195 qua:
2847 1124 3027 1195 ipsum
3073 1125 3394 1182 thesaurum

1807 1215 2175 1288 sapientiwet
2202 1216 2443 1272 scientia:
2473 1217 2525 1271 in
2563 1233 2630 1272 se
2657 1216 2943 1288 portabat?
2959 1214 3128 1272 Nemo
3152 1219 3414 1286 unquam.
3456 1242 3460 1248 -

1809 1311 1890 1366 sic
1926 1309 2171 1382 gustavit
2198 1323 2365 1380 quam
2389 1309 2576 1365 suavis
2597 1317 2680 1364 est
2708 1307 2994 1364 Dominus.
3021 1306 3148 1363 Haec
3172 1322 3396 1363 conscr-
3462 1339 3469 1346 -

1807 1403 1972 1459 vabat
1993 1402 2182 1458 omnia
2202 1401 2365 1457 verba
2391 1401 2729 1474 angelorum,
2759 1411 3063 1472 pastorum,
3088 1415 3412 1472 rnagorum,.

1809 1509 2025 1552 necnon
2066 1501 2122 1550 et
2160 1492 2337 1564 ipsius
2381 1491 2478 1548 ﬁlii
2527 1492 2636 1559 sui,
2667 1491 2961 1548 conferens
3002 1491 3057 1546 in
3094 1491 3260 1547 corde
3294 1506 3397 1546 suo

1811 1587 1965 1660 (Luc.
2008 1586 2092 1658 ιι).
2133 1584 2294 1642 Circa
2339 1584 2579 1656 plurima
2625 1585 3016 1656 occupabatur,
3059 1594 3118 1639 ut
3163 1583 3410 1649 Martha,

1811 1681 1956 1738 circa
2001 1694 2175 1736 unum
2223 1678 2632 1746 delectabatur,
2687 1687 2748 1732 ut
2793 1677 2984 1733 Maria.
3037 1677 3403 1749 Siugulariter

1815 1773 1980 1846 igitur
2003 1780 2216 1844 partem
2245 1769 2472 1826 Marthae
2496 1770 2722 1842 peregit,
2751 1769 3104 1841 singulariter
3136 1770 3403 1840 optimam

87 1883 222 1940 que
251 1867 451 1939 angeli,
479 1874 536 1924 et
560 1866 738 1923 sancti
764 1837 1132 1934 homines-ut
1151 1863 1352 1936 Joseph
1381 1872 1436 1920 et
1467 1863 1710 1920 Joannes
1737 1837 1784 1898 Β
1812 1837 2024 1936 partem
2064 1862 2250 1920 Maria:
2293 1863 2476 1934 elegit.
2497 1837 2784 1934 *δρᾶ-ρειιέ
2817 1837 3045 1917 Martha:
3073 1861 3124 1917 ci
3155 1837 3410 1916 aufertur

87 1958 470 2031 evangelista,
494 1967 555 2014 ut
585 1957 681 2014 Dei
727 1957 1012 2028 templum,
1049 1955 1402 2014 sanctissime
1427 1955 1714 2013 custodie-

89 2060 263 2106 runt.
291 2049 417 2106 Fuit
441 2059 498 2106 et
525 2050 856 2108 necessariis
878 2049 1168 2122 repletum,
1191 2058 1381 2121 utpote
1412 2049 1465 2105 in
1491 2063 1599 2120 qua
1630 2047 1713 2105 fe—

91 2145 182 2200 cit
225 2144 331 2200 sibi
353 2143 637 2219 cellarium
669 2143 828 2215 panis
854 2143 982 2199 vitae
1004 2152 1059 2200 et
1092 2158 1236 2214 aqua
1258 2141 1561 2214 sapientiae.
1586 2140 1716 2197 Fuit

91 2237 284 2310 igitur
325 2235 486 2292 beata
521 2234 688 2309 Virgo
726 2236 1035 2304 castellum,
1083 2245 1140 2292 et
1177 2235 1477 2306 quoddam,
1527 2234 1582 2290 id
1625 2243 1714 2290 est

90 2329 416 2403 singulare,
471 2329 622 2401 quia,
663 2330 917 2402 quamvis
963 2337 1176 2386 caztcraa
1217 2329 1458 2401 virgines
1499 2328 1713 2400 possint

88 2438 235 2481 esse
263 2425 485 2480 mundae
526 2432 580 2480 et
619 2435 806 2491 castis,
839 2437 1021 2480 tamen
1066 2423 1235 2480 nulla'
1261 2431 1442 2494 potest
1469 2437 1592 2479 esse
1635 2421 1712 2478 si-

94 2519 287 2586 milis,
337 2528 394 2575 et
417 2516 585 2592 Virgo
615 2528 671 2576 et
709 2518 900 2575 Mater.
952 2519 1109 2587 Quod
1157 2529 1214 2576 et
1263 2520 1311 2577 si
1344 2520 1713 2578 concedamus

93 2627 282 2682 posse
321 2611 634 2679 ﬁeri,-nulla
661 2621 843 2668 tamen
873 2613 982 2668 alia
1026 2621 1208 2684 potest
1236 2627 1362 2670 esse
1389 2621 1563 2670 mater
1585 2611 1712 2669 Filii

97 2706 233 2762 Dei.
265 2705 374 2773 Qui
403 2707 547 2763 sicut
572 2715 657 2762 est
682 2706 848 2762 unico
881 2704 1047 2774 Patri,
1082 2705 1156 2760 ita
1191 2714 1276 2762 est
1307 2704 1506 2761 unicus
1537 2705 1714 2761 unicae

93 2799 306 2856 matri.
337 2798 396 2853 In
425 2799 529 2856 hoc
571 2799 738 2870 igitur
763 2798 1139 2856 castissimum
1172 2798 1461 2855 castellum
1490 2797 1716 2854 intravit

93 2888 304 2947 Jcsus.
333 2889 498 2947 Porta
523 2906 652 2947 vero
673 2907 772 2962 per
801 2906 967 2962 quam
997 2891 1243 2959 intravit,
1272 2891 1407 2948 ﬁdes
1435 2900 1538 2949 est.
1573 2891 1720 2960 Quia

96 2983 266 3039 enim
308 2983 554 3052 credidit,
605 2982 845 3054 perfecta
889 2992 1021 3038 sunt
1069 2984 1122 3040 ei
1174 2984 1362 3040 omnia
1409 3001 1533 3056 quae
1565 2985 1711 3042 dicta

95 3083 250 3131 sunt
273 3074 326 3131 ei
355 3091 384 3130 a
415 3073 667 3131 Domino.
695 3073 808 3132 Nec
844 3075 1056 3132 intrans
1087 3075 1251 3133 Jesus
1280 3077 1386 3134 hoc
1419 3078 1710 3135 castellum

1810 1957 1958 2013 bono
1995 1971 2122 2024 suo,
2169 1957 2301 2028 quia
2331 1971 2462 2027 pars
2507 1955 2693 2011 Maria:
2719 1955 2771 2011 ei
2818 1953 3097 2026 perﬁcitur
3125 1968 3251 2024 quae
3293 1969 3414 2006 nqu

1812 2048 2092 2129 auferetur
2117 2047 2189 2103 ab
2208 2062 2294 2104 ea.
2330 2046 2579 2103 Exaltata
2611 2055 2696 2103 est
2718 2047 2864 2102 enim
2893 2061 3061 2117 super
3080 2045 3284 2100 choros
3313 2059 3412 2099 an:

1813 2141 2082 2218 geloruni,
2112 2143 2378 2214 repletum
2413 2150 2497 2197 est
2534 2141 2588 2195 in
2633 2140 2796 2196 bonis
2833 2139 3168 2195 desiderium
3215 2152 3413 2202 suum,-

1812 2254 1936 2310 qum
1981 2237 2183 2310 gaudet
2234 2245 2290 2292 et
2336 2243 2530 2307 regnat
2569 2250 2694 2290 cum
2731 2233 2845 2288 ﬁlio
2874 2247 2976 2288 suo
3017 2233 3073 2287 in
3115 2239 3416 2294 mter-num,

1813 2331 1958 2403 apud
1988 2332 2169 2401 ipsum
2198 2343 2299 2400 pro
2321 2327 2479 2382 nobis
2503 2341 2722 2396 semper
2744 2324 3110 2390 interccdcns,
3143 2323 3189 2379 si
3223 2332 3412 2377 tamen

1813 2421 1883 2477 ad
1907 2422 2219 2493 exemplum
2243 2420 2364 2492 ejus
2385 2418 2653 2474 fuerimus
2678 2418 2760 2474 vel
2786 2416 3020 2485 Martha,
3044 2414 3325 2471 Christum
3351 2415 3406 2469 in

1813 2519 2146 2592 pauperibus
2191 2514 2564 2589 suscipiendo,
2609 2514 2864 2582 cibando,
2909 2511 3215 2578 vestiendo,
3247 2520 3410 2567 caete-

1815 2631 1986 2688 raque
2016 2629 2181 2686 opera
2213 2611 2606 2669 misericordia:
2646 2609 3036 2678 ministrando,
3065 2609 3152 2665 vel
3199 2608 3248 2664 si
3288 2605 3410 2662 fue-

1811 2712 1994 2768 rimus
2017 2710 2210 2778 Maria,
2235 2709 2336 2765 soli
2361 2708 2584 2764 Christo
2605 2707 2820 2764 eunetis
2849 2704 3184 2763 transitoriis
3209 2703 3417 2776 spretis

1815 2805 2168 2872 adlmrendo,
2195 2801 2668 2875 contemplationi,
2691 2800 2933 2870 lectioni,
2958 2799 3216 2866 orationi,
3249 2805 3411 2854 caete-

1814 2898 2006 2970 risque
2029 2896 2326 2953 virtutibus
2353 2895 2620 2963 vacando,
2652 2902 2708 2950 et.
2741 2893 2809 2948 ad
2835 2892 3006 2948 Deum
3047 2901 3160 2947 toto
3190 2889 3408 2946 deside-

1818 2992 1900 3046 rio
1930 2989 2243 3046 festinando
2265 3002 2321 3046 et
2365 2987 2753 3060 perveniendo.
2804 2985 2960 3053 Quod
3003 2976 3260 3056 gleriosis
3286 2996 3414 3054 pre.

1815 3081 1974 3139 cibus
1997 3081 2244 3152 ejusdem
2278 3081 2613 3150 beatissima:
2642 3079 2836 3136 matris
2874 3093 2987 3134 sua:
3013 3077 3174 3133 nobis
3213 3091 3412 3132 conce-

96 3167 374 3236 violavit;
413 3165 574 3224 Iesus
602 3167 749 3224 enim
787 3169 980 3238 salvat,
1022 3183 1134 3225 non
1169 3169 1357 3228 violat.
1395 3170 1708 3229 Secundum
1737 3191 1784 3256 ρ
1816 3174 1948 3232 dere
1977 3175 2249 3246 dignetur,
2276 3175 2370 3246 qui
2395 3191 2522 3232 cum
2554 3173 2717 3231 Patre
2745 3183 2800 3229 et
2823 3171 3029 3243 Spiritu
3059 3179 3252 3229 sancto
3276 3169 3414 3225 vivit

99 3275 322 3315 nomen
348 3258 488 3330 ejus,
511 3260 587 3316 ita
615 3268 835 3332 etopus
863 3261 1004 3332 ejus.

195 3349 264 3404 Et
304 3351 494 3406 mulier
519 3353 787 3424 quantum,
819 3353 1036 3410 Martha
1065 3357 1297 3426 nomine,
1329 3359 1532 3430 excepit
1559 3359 1714 3414 illum

97 3445 172 3498 in
202 3443 420 3499 domum
444 3462 620 3515 suam,
646 3456 754 3504 etc.
779 3445 936 3504 Nulla
966 3448 1050 3506 sic
1078 3459 1335 3507 exsecuta
1363 3461 1448 3508 est
1475 3451 1712 3508 olllcium

99 3535 366 3606 Marthae,
399 3548 457 3594 ut
491 3539 654 3596 beata
690 3538 876 3612 Virgo.
900 3541 1007 3597 Alii
1029 3543 1328 3613 quemlibet
1356 3543 1627 3614 hospitem
1657 3544 1713 3600 in

101 3630 290 3684 domo
331 3647 431 3686 sua
475 3632 805 3704 suscipiunt,
836 3634 952 3691 haec
988 3644 1042 3690 et
1076 3636 1222 3692 istud
1258 3635 1327 3691 ad
1355 3637 1595 3691 litteram
1632 3637 1712 3692 fe-

102 3720 265 3774 cisse
291 3721 552 3788 creditur,
580 3732 636 3778 et
656 3724 804 3794 quod
829 3733 915 3782 est
940 3727 1140 3797 majus,
1166 3726 1344 3797 ipsum
1371 3725 1568 3782 Filium
1597 3727 1712 3794 Dei,

100 3810 216 3880 qui
247 3827 358 3866 non
387 3814 552 3870 habet
583 3815 675 3871 ubi
703 3827 868 3888 caput
890 3834 1052 3874 suum
1083 3819 1312 3875 reclinet
1336 3817 1491 3889 (Luc.
1527 3821 1627 3891 Ix),
1658 3819 1714 3874 in

103 3913 281 3959 utero
310 3907 569 3978 suscepit.
605 3907 712 3965 Alii
740 3910 949 3966 nudum
984 3911 1283 3982 quemlibet
1326 3922 1478 3970 veste
1519 3929 1716 3986 coope—

107 3994 306 4062 riunt;
335 3997 451 4054 haec
478 4007 534 4055 et
569 4000 714 4065 istud
757 4000 954 4058 fecisse
982 4002 1245 4070 creditur,
1267 4011 1322 4059 ct
1358 4005 1504 4074 quod
1536 4005 1716 4077 majus

105 4100 231 4160 est,
261 4093 440 4164 ipsum
485 4095 684 4152 Filium
730 4096 825 4154 Dei
869 4098 1089 4170 propria
1132 4115 1296 4155 carne
1340 4100 1577 4156 vestivit.
1611 4101 1716 4156 Alii

106 4187 423 4258 quemlibet
468 4189 802 4246 esurientem
835 4191 958 4248 cibo
993 4190 1078 4246 vel
1115 4199 1245 4262 potu
1288 4191 1570 4262 reﬁciunt;
1602 4193 1718 4249 hazc

105 4287 176 4336 et
199 4279 349 4336 istud
377 4279 572 4339 fecisse
609 4283 870 4351 creditur,
900 4293 955 4340 et
977 4285 1144 4340 etiam
1176 4285 1357 4356 ipsum
1389 4283 1590 4340 Filium
1621 4283 1718 4342 Dei

107 4373 427 4430 secundum
463 4390 687 4431 carnem
716 4377 1070 4445 esurientem,
1097 4377 1262 4433 etiam
1292 4377 1542 4433 interiori
1580 4377 1720 4434 lacte

107 4483 227 4524 suo
249 4469 475 4538 potavit,
515 4478 572 4524 et
608 4478 800 4525 caetera
831 4471 1187 4528 humanitatis
1211 4471 1386 4528 otlicia
1409 4472 1459 4528 ei
1487 4471 1720 4544 diligen-

109 4559 340 4615 tissime
369 4561 638 4631 exhibuit,
672 4571 732 4617 ut
778 4563 846 4619 de
881 4579 944 4619 ca
991 4566 1184 4621 merito
1208 4566 1463 4622 dicatur:
1501 4565 1718 4621 Martha
1751 4547 1796 4605 Ῑ)

113 4669 248 4706 vero
275 4653 549 4724 satagebat
574 4656 718 4709 circa
746 4657 990 4727 frequens
1021 4658 1396 4714 ministerium.
1427 4657 1576 4714 Inter
1601 4659 1720 4716 ιιεεε

109 4745 290 4801 etiam
321 4748 555 4804 sollicita
583 4757 722 4816 erat,
767 4758 823 4805 et
868 4751 1213 4816 turbabatur,
1255 4769 1382 4809 eum
1418 4752 1634 4826 fugeret
1663 4753 1719 4809 in

117 4840 428 4916 Egyptum
454 4861 485 4900 a
514 4842 654 4901 facie
687 4843 918 4901 Herodis
946 4862 1106 4900 suum
1139 4847 1298 4902 talem
1328 4847 1502 4903 ﬁlium
1542 4864 1722 4920 perse-

116 4937 344 5008 quentis
389 4937 611 5010 (Matth.
652 4939 736 5009 ιι).
784 4937 1134 4994 Turbabatur
1173 4954 1296 4994 cum
1326 4938 1545 4996 Judzeos
1586 4941 1722 4996 insi«

117 5030 364 5097 diantes,
427 5041 484 5087 et
535 5031 586 5087 ei
641 5041 876 5086 mortem
932 5031 1312 5087 machinantes
1370 5041 1712 5104 agnosceret.

118 5119 538 5192 Comprehensa
573 5137 793 5194 quoque
819 5130 874 5178 et
891 5123 1156 5179 cruciﬁxo
1181 5121 1376 5192 adfuit,
1407 5123 1521 5180 imo
1549 5124 1717 5181 etiam

119 5213 303 5284 ipsius
322 5215 562 5271 animam
588 5215 731 5272 idem
762 5215 977 5288 gladius
1008 5216 1282 5287 passionis
1310 5217 1720 5274 transverbera-

123 5305 204 5361 vit
235 5303 386 5376 (Luc.
415 5306 500 5380 ιι).
536 5305 690 5365 Unde
728 5317 783 5364 et
817 5309 958 5364 bene
998 5307 1253 5381 congruit
1290 5309 1439 5381 quod
1473 5308 1716 5366 dicitur:

122 5397 366 5467 Martha,
401 5399 640 5469 Martha,
681 5400 916 5457 sollicita
959 5419 1033 5468 es,
1079 5410 1130 5457 et
1155 5399 1388 5456 turbaris
1432 5419 1558 5474 erga
1596 5401 1719 5473 plu-

111 5493 287 5564 rima.
342 5489 512 5550 Nemo
541 5508 667 5552 vero
714 5494 930 5550 dubitat
969 5494 1100 5566 quin
1150 5494 1312 5550 beata
1345 5492 1514 5549 Maria
1563 5493 1725 5550 vellet

121 5589 160 5644 fi
187 5587 301 5644 ium
324 5603 488 5645 suum
508 5587 578 5645 de
597 5589 746 5644 omni
772 5587 1124 5646 tribulatione
1143 5587 1388 5655 liberari,
1407 5595 1462 5642 et
1483 5587 1718 5658 seipsam

123 5678 183 5734 in
235 5679 550 5736 turbatione
594 5679 844 5750 adjuvari
893 5695 924 5736 a
965 5679 1283 5746 divinitate,
1331 5695 1498 5750 quam
1544 5679 1719 5736 eidem

126 5773 246 5832 tilio
273 5789 377 5831 suo
399 5781 628 5829 noverat
673 5771 855 5829 inesse
883 5787 979 5842 per
1019 5771 1286 5828 theoriam
1319 5786 1442 5842 quae
1475 5779 1560 5827 est
1595 5785 1722 5841 pars

127 5864 340 5924 Mariae.
381 5865 446 5922 Et
474 5873 557 5922 est
589 5863 736 5937 quod
761 5863 1121 5936 conqueritur
1149 5863 1383 5932 Martha,
1425 5864 1573 5936 quod
1600 5879 1720 5922 eam

1815 3278 1870 3324 et
1889 3277 2075 3340 regnat
2105 3267 2246 3325 Deus
2267 3283 2363 3340 per
2405 3267 2590 3324 omnia
2611 3267 2811 3324 szecula
2837 3265 3187 3324 surculorum.
3210 3262 3412 3319 Amen.

2503 3360 2720 3416 XXXII.

2138 3469 2190 3509 1N
2230 3468 2398 3509 I-‘ES'I‘O
2436 3467 2624 3509 SANC'I'I
2670 3464 3086 3508 ιιιιιιτιιοιοιιιει.

1894 3572 1914 3600 ι
1946 3555 2070 3601 acta
2115 3557 2193 3601 est
2230 3546 2497 3602 contentio
2531 3547 2680 3600 inter
2715 3542 3032 3614 discipulos,
3079 3539 3197 3612 quis
3231 3555 3416 3594 eorum

1818 3641 2085 3695 rideretur
2108 3656 2219 3694 esse
2252 3639 2425 3709 major
2452 3637 2610 3710 (Luc.
2647 3637 2748 3709 ιδ),
2781 3646 2834 3691 et
2860 3635 3091 3705 reliqua.
3131 3632 3416 3702 Quinque-

1817 3733 2014 3805 pertita
2043 3743 2128 3790 est
2149 3732 2311 3788 lectio
2344 3734 2469 3801 ista,
2498 3730 2696 3787 fratres
2719 3729 2844 3785 mci.
2873 3729 3057 3783 Primo
3106 3727 3253 3782 enim
3281 3741 3417 3784 con-

1821 3824 2051 3881 tendunt
2082 3823 2338 3895 discipuli
2368 3823 2434 3878 de
2456 3822 2794 3894 praelatiouc.
2829 3819 3104 3883 Secundo,
3143 3819 3414 3875 Dominus

1817 3931 1914 3972 eos
1956 3916 2292 3988 redarguens
2333 3915 2573 3972 ostendit
2607 3915 2676 3971 de
2721 3929 2832 3985 quo
2873 3928 2980 3968 non
3019 3913 3272 3978 debeant,
3330 3912 3416 3966 vel

1818 4011 2049 4068 debeant
2081 4012 2428 4068 contendere.
2455 4009 2662 4076 Tertio,
2683 4007 2933 4079 exemplo
2957 4023 3058 4064 suo
3081 4022 3175 4063 cos
3199 4004 3414 4062 invitat.

1819 4104 2049 4172 Quarto,
2085 4120 2208 4175 qua:
2237 4106 2304 4161 sit
2345 4119 2560 4161 summa
2591 4101 2770 4159 meriti
2815 4117 3007 4158 eorum
3049 4101 3414 4157 demonstrat.

1821 4197 2047 4268 Quinto,
2074 4198 2218 4269 quod
2247 4199 2532 4270 praemium
2555 4209 2701 4255 esset
2724 4197 2804 4254 eis
2826 4198 3055 4253 daturus
3079 4195 3416 4252 manifestat.

1819 4288 2008 4346 Primo
2052 4289 2218 4362 igitur
2243 4290 2497 4361 discipuli
2519 4300 2818 4346 narrantur
2842 4290 2909 4346 de
2933 4288 3250 4362 przelatione
3273 4303 3406 4344 con-

1822 4381 2082 4448 tendisse,
2114 4398 2238 4437 ειιιιι
2267 4381 2467 4438 dicitur
2493 4400 2506 4438 :
2539 4380 2710 4437 Facta
2740 4392 2816 4438 est
2860 4382 3125 4437 contentio
3168 4382 3306 4436 inter
3332 4380 3419 4433 di~
3507 4363 3512 4368 ’

1825 4475 2202 4546 scina/osque:
2229 4491 2410 4529 eorum
2435 4473 2697 4529 videretur
2721 4491 2831 4532 esse
2859 4475 3052 4546 major.
3070 4474 3225 4529 Sicut
3251 4473 3420 4528 bono-

1823 4583 1943 4622 rum
1975 4575 2063 4624 est
2086 4567 2140 4622 in
2170 4565 2469 4639 Scripturis
2495 4567 2774 4624 attendere
2805 4567 2948 4623 unde
2979 4567 3031 4621 in
3063 4565 3260 4620 melius
3286 4577 3416 4634 pro-

1824 4660 2030 4726 ﬁciant,
2058 4660 2140 4717 sic
2166 4675 2549 4722 perversorum
2610 4669 2697 4716 est
2726 4661 2781 4715 in
2815 4660 3115 4731 Scripturis
3146 4658 3415 4726 accipere,

1826 4753 1972 4809 unde
2010 4753 2283 4824 nequitias
2331 4770 2462 4812 suas
2499 4755 2584 4809 vel
2631 4753 2955 4820 defendant,
3001 4751 3085 4806 vel
3129 4757 3414 4814 excusent,

1826 4847 2059 4919 ideoque
2104 4847 2278 4903 multo
2321 4847 2604 4903 ardentius
2642 4845 2931 4900 attendunt
2965 4843 3112 4915 quod
3146 4841 3289 4898 facta
3335 4848 3418 4896 est

1827 4941 2106 4998 contentio
2133 4941 2274 4996 inter
2299 4939 2599 5008 discipul0s
2623 4936 2850 5003 Christi,
2883 4936 3010 5006 quis
3036 4950 3228 4990 eorum
3265 4932 3418 4988 vide-
3466 4955 3500 5000 β

1825 5045 1978 5092 retur
2004 5050 2126 5092 esse
2147 5033 2347 5105 major,
2374 5047 2538 5100 quam
2567 5030 2714 5102 quod
2747 5051 2766 5080 ι
2785 5026 3156 5084 multitudinis
3190 5025 3420 5082 creden-

1823 5124 1963 5180 tium
1985 5132 2106 5180 erat
2133 5140 2230 5183 cor
2263 5138 2430 5178 unum
2455 5131 2509 5176 et
2534 5121 2718 5176 anima
2750 5135 2859 5174 una
2887 5117 3027 5190 (Act.
3059 5118 3156 5188 iv).
3191 5135 3210 5169 ι
3244 5115 3420 5171 Multo

1826 5217 2080 5272 recolunt
2103 5215 2352 5272 tenacius
2375 5212 2523 5284 quod
2548 5211 2689 5268 facta
2714 5223 2798 5266 est
2819 5209 3099 5266 contentio
3122 5209 3265 5264 inter
3283 5206 3415 5263 Pau-

1827 5311 1940 5365 lum
1960 5318 2013 5363 et
2033 5308 2362 5375 Barnabam,
2378 5307 2452 5362 ita
2477 5315 2538 5362 ut
2557 5303 2980 5361 discederent-ab
2994 5302 3421 5371 invicem,quam

1827 5397 1974 5470 quod
2003 5397 2144 5453 idem
2170 5394 2376 5453 Paulus
2403 5396 2567 5452 dicit:
2600 5413 2618 5448 ι
2649 5393 2789 5449 Cum
2822 5393 2890 5449 sit
2916 5393 3059 5448 inter
3074 5407 3173 5449 vos
3195 5392 3346 5447 zelus
3367 5403 3426 5446 et

1827 5487 2134 5556 contentio,
2172 5503 2355 5544 nonne
2382 5486 2631 5544 carnales
2655 5484 2834 5542 estis?
2857 5503 2876 5536 ι
2911 5482 2966 5556 (I-
2997 5481 3121 5539 Cor.
3150 5483 3214 5554 ι.)
3250 5480 3422 5549 Quasi
3524 5545 3534 5554 _

1827 5581 1987 5638 nobis
2015 5579 2304 5636 inﬁrmitas
2328 5589 2644 5637 sanctorum
2679 5563 3031 5650 praeponatur
3061 5575 3327 5630 imitanda
3367 5583 3424 5630 et

1828 5692 1938 5733 non
1969 5674 2099 5730 illud
2127 5673 2334 5744 potius,
2361 5673 2488 5744 quia
2518 5692 2538 5725 ‹
2563 5671 2960 5729 convaluerunt
2983 5668 3050 5723 de
3079 5665 3432 5735 inﬁrmitate,

1828 5768 1998 5825 fortes
2027 5765 2153 5822 facti
2181 5775 2311 5822 sunt
2343 5766 2396 5822 in
2427 5766 2566 5822 bello
2590 5763 2777 5838 (Hebr.
2812 5763 2943 5825 sil.»
2979 5759 3096 5816 Non
3118 5758 3263 5814 enim
3287 5773 3436 5830 pro--

1830 5862 2052 5934 ponitur
2079 5859 2238 5917 nobis
2270 5861 2544 5918 contentio
2572 5859 2660 5915 vel
2689 5855 2980 5914 inﬁrmitas
3005 5861 3324 5910 sanctorum
3353 5851 3446 5909 atii
