3844 6318
506 335 638 395 ιιδι

1781 310 2133 387 RADULPIiI
2170 324 2519 389 ARDENTIS

3602 331 3694 393 illi

502 449 854 515 imitandum,
895 446 992 505 sed
1032 447 1216 519 potius
1263 445 1332 502 ad
1374 442 1696 502 cavendum.
1742 442 1996 499 Attamen
2024 441 2093 499 de
2117 445 2170 505 Α
2197 440 2450 511 interius,
2479 440 2767 503 attendens
2789 454 2849 501 se
2878 454 3009 499 cum
3034 439 3213 513 major
3237 438 3308 498 sit
3323 439 3548 513 ετεκιιια
3571 446 3697 505 εςλω.

502 559 614 614 qua
644 540 964 613 pratiatione
992 538 1406 604 contenderent,
1432 534 1659 592 dubium
1687 541 1790 590 est.
1840 531 1900 589 Si
1944 532 2092 595 enim

508 632 575 689 de
601 631 862 689 exteriori
905 630 1221 702 prmlatione
1252 625 1673 693 contendebant,
1695 633 1912 683 constat
1940 625 2093 697 quia,

507 736 772 799 tanquam
809 725 1060 787 carnales
1095 724 1294 789 adhuc,
1335 720 1613 777 errabant.
1664 718 1819 777 Unde
1838 728 1897 776 et
1928 736 1959 777 a
1989 719 2097 776 Do-

511 820 669 878 mino
701 819 1108 892 redarguqu
1149 815 1361 873 dicente
1394 833 1407 870 :
1438 813 1599 886 Reges
1642 814 1876 885 gentium
1921 813 2096 871 domi-

510 922 714 969 nentur
730 928 935 979 eorum,
956 919 1007 965 et
1032 910 1126 981 qui
1142 917 1452 979 potestatem
1474 905 1666 961 habent
1687 922 1847 977 super
1879 922 1969 963 eos
2009 905 2097 961 bc-

512 1003 668 1073 ηιξσὶ
712 1009 983 1057 uocantur.
1028 997 1129 1055 Vos
1160 1006 1340 1054 autem
1372 1012 1477 1053 non
1517 996 1616 1055 sic.
1657 995 1739 1055 Ac
1763 994 1812 1052 si
1839 994 2047 1057 diceret
2077 1013 2092 1054 :

508 1091 631 1149 Non
653 1106 809 1148 more
854 1088 1200 1147 saecularium
1238 1087 1306 1147 de
1341 1086 1657 1159 pmlatione
1697 1095 1753 1144 et
1776 1086 1937 1145 laudo
1959 1102 2097 1143 con-

508 1184 768 1242 tendatis.
801 1182 859 1237 Si
887 1189 1070 1238 autem
1094 1180 1261 1252 (quod
1283 1180 1456 1252 magis
1481 1179 1665 1251 credo)
1675 1179 1758 1247 .de
1781 1178 2099 1252 prtelatione

517 1274 737 1331 virtutis
764 1271 1184 1340 contendebant,
1202 1272 1360 1343 juxta
1393 1270 1539 1343 quod
1563 1270 1830 1327 Dominus
1849 1270 1932 1327 eis
1959 1286 2099 1342 pra:-

509 1375 770 1437 ceperat:
807 1384 829 1419 ι
848 1364 1173 1427 Contendite
1200 1364 1406 1423 intrare
1428 1380 1526 1438 per
1552 1372 1842 1437 angustam
1883 1372 2096 1436 portam

508 1455 732 1526 (Matth.
764 1473 874 1524 vn;
896 1454 1030 1514 Lac.
1058 1456 1203 1528 xm),
1232 1475 1254 1511 ι
1293 1471 1640 1528 nequaquam
1684 1455 1741 1513 in
1769 1454 1872 1512 hoc
1899 1470 2097 1527 pecea-

506 1550 662 1618 bant,
687 1564 787 1606 nec
818 1549 887 1606 de
910 1550 1017 1608 hoc
1037 1566 1069 1608 a
1095 1550 1330 1609 Domino
1358 1551 1783 1623 redarguuntur,
1799 1550 1895 1607 sed
1918 1551 2099 1622 potius

505 1644 580 1701 ab
603 1659 673 1700 eo
692 1645 1044 1712 erudiuntur,
1070 1644 1218 1716 quod
1252 1644 1320 1703 de
1343 1643 1546 1702 virtute
1573 1652 1629 1705 et
1651 1644 1941 1705 sanctitate
1965 1659 2101 1701 con-

505 1737 732 1792 tendere
755 1735 979 1803 debent,
1001 1751 1112 1791 non
1137 1750 1236 1806 per
1263 1734 1580 1804 elationem,
1614 1734 1710 1795 sed
1735 1750 1833 1806 per
1870 1733 2098 1791 humili—

505 1836 697 1885 tatem.
734 1826 908 1885 Porro
927 1827 1158 1887 insitum
1188 1836 1274 1887 est
1304 1828 1486 1895 nobis,
1518 1826 1717 1887 fratres
1758 1825 1887 1894 mei,
1932 1834 2097 1883 natu-

503 1922 699 1979 raliter
733 1921 1126 1995 concupiscere
1162 1929 1221 1979 et
1258 1920 1489 1979 ambire.
1538 1918 1678 1979 Cum
1718 1918 1866 1977 enim
1916 1904 2099 1975 omnis

505 2016 694 2073 anima
726 2024 913 2072 creata
937 2016 1061 2077 sita
1106 2013 1221 2071 Deo
1266 2012 1729 2085 concupiscibilis,
1777 2010 2101 2069 naturaliter

504 2108 849 2179 concupiscit
892 2104 1200 2179 proiectum
1249 2115 1305 2162 et
1348 2106 1613 2163 honorem
1652 2119 1836 2163 suum.
1868 2102 1999 2161 ‘Sed
2041 2102 2098 2160 in

504 2202 772 2259 electione
823 2198 1417 2271 concupiscendorum,
1463 2196 1731 2257 falluntur
1776 2196 2097 2265 saeculares,

507 2293 607 2365 qui
634 2293 941 2365 spiritualia
959 2302 1014 2350 et
1041 2302 1243 2351 mterna
1264 2292 1411 2349 bona
1430 2290 1517 2350 vel
1535 2290 1871 2362 ignorantes,
1894 2289 1980 2345 vel
2004 2303 2102 2346 ne-

512 2385 806 2459 gligentes,
841 2387 955 2443 sola
1000 2384 1319 2445 transitoria
1362 2383 1656 2451 mirantur,
1684 2382 1914 2455 cupiunt
1941 2391 1999 2441 et
2036 2396 2103 2443 ea

506 2495 843 2552 quocunque
873 2479 1039 2539 modo
1077 2492 1273 2550 rapere
1305 2475 1661 2537 contendunt.
1692 2475 1763 2531 At
1802 2474 1904 2533 viri
1935 2474 2101 2548 spiri-

508 2570 713 2639 tuales,
741 2570 1049 2642 spiritualia
1083 2570 1230 2629 bona
1253 2568 1370 2640 jam
1412 2567 1785 2640 degustantes,
1814 2577 1868 2625 et
1900 2576 2103 2626 aeterna

507 2664 940 2736 praeodorantes,
977 2664 1068 2721 illa
1102 2662 1237 2721 sola.
1282 2661 1611 2733 contemptis
1637 2660 1842 2718 divitiis
1875 2659 2103 2717 saecula-

508 2759 670 2820 ribus
687 2768 743 2819 et
771 2757 1099 2823 honoribus,
1146 2755 1397 2813 ambiunt
1434 2763 1492 2811 et
1527 2763 1806 2831 appetunt.
1834 2752 1940 2811 Sed
1971 2751 2102 2825 quia

508 2864 716 2909 norunt
730 2849 1037 2923 protectum
1059 2849 1328 2909 virtutum
1357 2847 1475 2905 sine
1491 2847 1799 2907 humilitate
1820 2861 1941 2911 esse
1962 2859 2104 2921 prae-

506 2943 787 3014 cipitium,
830 2942 886 2999 in
940 2942 1236 3003 virtutibus
1278 2957 1376 3014 per
1425 2940 1786 2999 humilitatem
1836 2938 2103 3015 proﬁcere

511 3034 871 3096 contendunt.
902 3032 1042 3102 Quia
1083 3034 1270 3107 igitur,
1293 3032 1490 3107 fratres
1530 3033 1658 3100 mei,
1691 3047 1801 3091 non
1837 3029 2100 3102 concupi-

515 3140 675 3190 scere
698 3139 810 3183 non
829 3139 1148 3197 possumus,
1161 3139 1287 3181 vera
1303 3133 1358 3187 et
1372 3132 1576 3183 aeterna
1586 3122 1729 3179 bona
1739 3118 2099 3193 concupisca-

512 3233 662 3281 λικε.
695 3218 916 3287 Quanto
962 3218 1140 3292 magis
1171 3218 1318 3277 enim
1350 3216 1847 3277 desideraverimus
1872 3223 2097 3285 aeterna,

508 3321 666 3370 tanto
686 3311 862 3384 magis
888 3311 1154 3367 vilescant
1180 3311 1337 3367 nobis
1359 3319 1600 3367 terrena.

582 3400 843 3474 Sequitur
871 3416 999 3473 pars
1021 3399 1284 3468 secunda,
1307 3400 1362 3456 in
1385 3415 1493 3475 qua
1512 3396 1784 3455 Dominus
1802 3395 2101 3467 discipulos

506 3496 581 3559 de
600 3510 719 3567 quo
745 3509 857 3553 non
883 3495 1137 3571 debeant,
1178 3493 1269 3551 vel
1289 3493 1523 3553 debeant
1554 3490 1909 3558 contendere,
1929 3487 2102 3549 infor-

508 3597 646 3651 mat.
673 3586 846 3644 Porro
869 3588 938 3647 de
962 3602 1074 3659 quo
1118 3601 1228 3643 non
1261 3586 1498 3643 debeant
1526 3584 1872 3650 contendere,
1903 3596 1999 3641 eos
2026 3581 2103 3639 in-

512 3680 741 3748 format,
763 3696 889 3737 eum
920 3680 1107 3737 subdit
1134 3678 1335 3751 :chet
1379 3678 1614 3753 gentium
1645 3675 1988 3731 dominantur
2014 3689 2101 3728 eo-

509 3789 653 3841 rum,
677 3782 729 3829 et
750 3772 842 3845 qui
864 3780 1177 3844 potestatem
1196 3770 1386 3826 habent
1431 3785 1589 3841 super
1610 3767 1735 3823 illos
1758 3765 1975 3836 beneﬁci
2008 3781 2101 3819 co-

505 3876 724 3927 cuntur.
748 3865 828 3923 Ac
858 3864 906 3922 si
935 3873 1124 3939 aperte
1160 3864 1306 3922 dicat
1333 3881 1349 3919 :
1384 3861 1464 3917 llli
1492 3876 1589 3937 per
1618 3858 1970 3916 ambitionem
2006 3871 2100 3912 ra-
2138 3870 2141 3871 '

507 3958 669 4028 piunt
719 3956 824 4015 sibi
876 3971 1132 4031 regnum,
1181 3955 1266 4010 vel
1308 3960 1632 4027 potestatem
1686 3964 1852 4020 super
1886 3954 2101 4020 gentes.

510 4048 785 4107 Exercent
811 4063 978 4119 super
1006 4062 1101 4106 eas
1134 4061 1243 4123 non
1280 4045 1551 4119 regimen,
1580 4041 1672 4099 sed
1709 4039 1885 4115 magis
1917 4036 2099 4096 domi-

512 4142 793 4199 nationem
822 4156 917 4213 pcr
942 4139 1278 4213 superbiam,
1309 4145 1364 4197 et
1384 4146 1571 4197 amant
1605 4135 1674 4192 ab
1701 4133 1782 4190 eis
1803 4131 2014 4189 laudari
2047 4138 2102 4187 et

509 4234 779 4293 honorari
818 4249 914 4311 per
955 4233 1175 4291 inanem
1204 4231 1453 4305 gloriam.
1496 4228 1597 4285 Vos
1643 4237 1822 4283 autem
1867 4243 1970 4282 non
1998 4227 2099 4295 sic,

506 4326 570 4385 id
588 4335 695 4394 est,
719 4342 829 4383 non
851 4326 1103 4383 ambietis
1130 4324 1528 4398 praelationem.
1543 4320 1609 4376 Et
1629 4320 1673 4376 si
1695 4319 1765 4375 ad
1786 4334 1906 4375 eam
1931 4316 2101 4380 fueri-

506 4419 583 4477 tis
606 4421 807 4485 vocati,
835 4433 948 4476 non
973 4417 1229 4475 amabitis
1269 4412 1544 4472 dominari
1589 4421 1644 4469 et
1680 4410 1960 4478 honorari,
2003 4409 2099 4466 sed

2195 537 2271 594 tia
2315 536 2516 595 similia
2556 535 2645 595 vei
2677 534 2843 595 etiam
2875 534 3127 607 graviora
3147 534 3498 601 commisisse,
3518 538 3701 595 vetton-

2195 630 2416 691 mittere
2439 645 2622 701 posse.
2647 627 2806 697 Quod
2836 636 3024 700 aperte
3052 636 3243 685 contra
3262 628 3515 699 quosdam
3533 639 3614 703 est,
3635 634 3702 705 qui

2196 738 2294 796 per
2318 721 2674 779 ambitionem
2703 734 2871 793 super
2901 719 3160 776 meliores
3191 727 3248 775 et
3279 718 3617 789 prudentiores
3641 737 3704 779 ra-

2195 814 2357 887 piunt
2380 813 2773 886 principatum,
2803 820 2860 875 et
2897 826 3008 868 non
3032 826 3262 883 regnum
3300 826 3462 883 super
3491 825 3570 868 eos
3595 827 3708 869 exer-

2196 917 2343 976 cent,
2372 907 2469 967 sed
2513 905 2878 980 tyrannidem,
2913 924 2935 959 ι
2957 913 3209 967 amantes
3246 902 3453 976 primos
3495 903 3709 963 accubitus

2197 1002 2256 1060 in
2288 1000 2487 1068 omnis,
2513 1007 2569 1059 et
2595 997 2955 1057 salutationes
2997 996 3054 1053 in
3096 994 3239 1065 fore,
3283 1003 3341 1051 et
3364 994 3534 1051 vocari
3565 995 3621 1052 ab
3640 996 3712 1054 lto-

2198 1091 2446 1151 minibus
2473 1088 2649 1147 Rabbi
2681 1087 2837 1159 (Luc.
2866 1087 3007 1160 xw),
3029 1106 3049 1142 ι
3103 1087 3234 1143 vitia
3281 1095 3393 1142 tam
3424 1085 3479 1140 in
3511 1101 3562 1143 se
3592 1103 3713 1160 quam

2200 1186 2257 1245 in
2282 1183 2520 1245 subditis
2548 1181 2878 1249 nutrientes,
2900 1191 2956 1237 et
2971 1180 3225 1252 spiritum
3252 1179 3640 1252 exstinguentes.
3660 1179 3716 1237 lie

2199 1276 2403 1350 quibus
2448 1289 2580 1332 vero
2631 1272 2889 1343 discipuli
2931 1270 3136 1328 Christi
3188 1270 3427 1328 debeant
3460 1271 3718 1329 contendere

2199 1370 2438 1430 ostendit
2463 1369 2602 1441 ipse,
2624 1382 2752 1425 cum
2774 1366 2908 1423 dicit
2935 1385 2951 1422 :
2989 1364 3094 1423 Sed
3119 1366 3212 1438 qui
3240 1364 3419 1437 major
3439 1374 3508 1419 est
3528 1375 3720 1435 nunc,

2199 1463 2297 1536 ﬁat
2324 1464 2463 1519 sicut
2477 1461 2689 1533 junior;
2717 1468 2766 1516 et
2794 1460 2886 1532 qui
2906 1475 3195 1531 praeesset
3214 1466 3318 1526 at,
3343 1459 3480 1514 sicut
3510 1459 3722 1513 ministra-

2202 1566 2307 1615 tor.
2330 1555 2411 1613 Ac
2436 1555 2485 1615 si
2513 1564 2702 1626 aperte
2734 1553 2881 1611 dicat
2908 1571 2923 1609 :
2957 1551 3080 1608 Non
3106 1550 3455 1611 eontendetis
3484 1550 3542 1607 de
3573 1551 3720 1623 prcla-

2200 1654 2352 1713 tioue
2377 1659 2436 1709 et
2464 1649 2733 1719 dominio,
2761 1649 2859 1708 sed
2882 1648 3070 1721 potius
3094 1647 3164 1705 de
3190 1645 3497 1717 humilitate
3521 1654 3570 1700 et
3603 1645 3725 1700 mini-

2202 1746 2393 1804 sterio.
2448 1743 2555 1812 Qui
2601 1742 2776 1813 major
2820 1749 2924 1808 ω,
2956 1737 3157 1811 inquit,
3188 1746 3448 1804 oestrum,
3497 1734 3725 1801 subaudis,

2201 1837 2401 1895 merito
2427 1835 2716 1902 virtutum,
2761 1833 2859 1905 ﬁat
2901 1832 3040 1889 sicut
3070 1829 3283 1902 junior,
3314 1828 3370 1885 id
3415 1836 3496 1882 est
3534 1826 3741 1895 interior,

2201 1949 2313 1990 non
2342 1931 2568 2005 quidem
2597 1929 2714 1989 sola
2743 1942 2876 1991 voce
2901 1934 2961 1985 et
2976 1923 3350 1991 simulatione,
3384 1929 3447 1977 ut
3473 1920 3729 1994 hypocrita,

2202 2026 2299 2084 sed
2340 2025 2509 2083 etiam
2540 2037 2674 2083 vera
2710 2020 2797 2081 sui
2832 2016 3217 2076 aestimatione.
3272 2011 3433 2081 Quod
3472 2011 3631 2068 eritsi
3666 2027 3732 2067 se-

2201 2120 2387 2191 ipsum
2412 2132 2544 2175 vere
2575 2127 2949 2189 cognoscens,
2991 2124 3208 2182 semper
3249 2105 3603 2170 inﬁrmitates,
3634 2104 3730 2158 vitia

2199 2220 2255 2269 et
2274 2216 2500 2283 peccata
2524 2221 2647 2276 sua,
2692 2205 2927 2265 aliorum
2965 2218 3097 2262 vero
3125 2202 3273 2260 bona
3303 2198 3614 2257 consideret.
3651 2194 3736 2253 lloc

2201 2304 2353 2362 enim
2385 2315 2649 2375 pensans,
2685 2314 2797 2357 non
2829 2297 3012 2355 solum
3040 2293 3206 2352 bonis
3241 2290 3572 2365 quibuslibet
3595 2287 3737 2343 miuo-

2200 2398 2359 2456 rihus
2382 2411 2497 2455 non
2524 2392 2749 2453 audebit
2770 2407 2833 2451 se
2864 2388 3144 2462 praeferre,
3167 2386 3266 2444 sed
3293 2400 3398 2442 nec
3433 2383 3588 2441 etiam
3611 2397 3741 2452 quan

2200 2498 2542 2560 tumcuuque
2570 2483 2974 2558 peccatoribus,
3004 2478 3397 2554 cogitando.se
3425 2489 3579 2548 posse
3601 2487 3740 2536 ruat.

2200 2592 2260 2643 et
2280 2582 2405 2640 illos
2426 2596 2523 2652 per
2548 2575 2949 2651 ptenitentiam,
2978 2573 3144 2631 etiam
3171 2570 3241 2627 ad
3278 2584 3527 2627 summas
3560 2566 3744 2622 virtutes

2202 2673 2502 2736 ascendere
2526 2685 2711 2744 posse.
2737 2667 2874 2738 Quis
2904 2666 3052 2723 enim
3079 2663 3442 2722 considerans
3469 2658 3613 2715 ludat
3640 2672 3744 2727 apo-

2202 2766 2327 2829 stoli
2361 2764 2602 2831 ruinam,
2629 2770 2684 2819 et
2722 2759 3055 2834 Magdalente
3078 2754 3563 2820 restaurationem,
3589 2750 3747 2807 audeat

2202 2874 2283 2927 se.
2315 2866 2803 2931 quantumcunque
2842 2852 3087 2925 justum,
3124 2846 3389 2922 prater-re
3410 2844 3573 2903 alicui
3616 2858 3751 2915 quan-

2203 2960 2538 3021 tumcunque
2552 2944 2871 3021 peccatori?
2900 2942 2976 2998 Et
3017 2943 3108 3015 qui
3146 2956 3443 3015 praeccmr
3465 2947 3564 3006 est,
3589 2935 3753 3007 inquit,

2203 3043 2378 3118 gradu
2415 3038 2777 3114 praelationis,
2814 3037 2914 3109 ﬁat
2941 3036 3080 3091 sicut
3121 3033 3486 3099 ministrator,
3529 3044 3629 3085 non
3662 3025 3752 3082 sola

2125 3160 2175 3227 ο
2203 3132 2585 3227 similitudine,
2735 3127 3002 3227 veritate.-
3028 3124 3172 3227 Cum
3189 3123 3342 3180 enim
3681 3132 3755 3173 suo

2200 3224 2592 3303 perintendens
2618 3222 2856 3282 dicatur.
2894 3228 2949 3277 et
2988 3216 3292 3273 intendere.
3322 3214 3575 3287 vigilare,
3609 3219 3758 3269 custo-

2199 3323 2340 3391 dire,
2364 3320 2577 3386 timere,
2600 3326 2656 3373 et
2678 3312 2977 3373 sollicitum
2999 3326 3123 3368 esse
3145 3324 3250 3383 pro
3272 3306 3538 3375 subditis,
3568 3305 3637 3364 sit
3664 3318 3759 3361 uu-

2201 3414 2287 3488 gis
2330 3407 2701 3470 ministrantis
2752 3420 2919 3479 quam
2969 3402 3309 3462 dominantis
3355 3400 3761 3469 cilicium,th

2200 3505 2353 3580 quod
2392 3502 2636 3561 cilicium
2664 3496 2909 3575 episcopi
2936 3504 3022 3553 est
3056 3494 3233 3567 magis
3271 3493 3598 3550 ministrare
3628 3503 3763 3580 quan

2200 3578 2531 3662 ministrari,
2558 3601 2614 3648 et
2648 3590 2939 3663 episcopus
2988 3585 3167 3658 magis
3210 3585 3474 3642 minister
3503 3582 3653 3641 debet
3681 3578 3762 3635 dici

2200 3703 2371 3763 quam
2386 3685 2665 3744 dominus.
2688 3680 2805 3737 Hoc
2824 3688 3012 3737 autem
3029 3677 3225 3749 probat
3243 3692 3343 3749 per
3356 3672 3765 3763 similitudinem,

2201 3762 2327 3839 cum
2363 3776 2591 3835 subdit:
2637 3771 2783 3829 Nam
2826 3771 2944 3842 quis
2992 3768 3165 3839 major
3208 3776 3312 3835 est,
3339 3765 3511 3836 juxta
3536 3762 3765 3835 judicium

2202 3870 2411 3932 scilicet
2443 3864 2652 3932 saeculi,
2683 3863 2773 3935 qui
2797 3860 3052 3917 recumbit
3084 3875 3153 3913 an
3176 3858 3266 3929 qui
3301 3850 3765 3911 ministra13Nos-

2203 3980 2266 4019 ne
2314 3960 2405 4034 qui
2443 3954 2739 4014 recumbit?
2783 3951 2957 4008 Porro
2994 3948 3231 4007 oﬂicium
3277 3946 3531 4007 ministri
3567 3955 3647 4002 est
3683 3952 3768 3997 tam

2199 4033 2402 4130 prose
2449 4065 2614 4125 quam
2668 4061 2768 4120 pro
2796 4044 2921 4101 aliis
2970 4042 3263 4100 sollicitum
3300 4056 3461 4107 esse,
3497 4033 3773 4095 necessaria

2200 4160 2533 4224 praeparare,
2561 4150 2617 4198 et
2642 4138 2791 4215 quod
2829 4137 3122 4208 unicuique
3149 4134 3540 4194 necessarium
3576 4139 3654 4188 est
3697 4143 3772 4198 ap-

2200 4222 2427 4315 ponere.
2458 4231 2848 4293 Recumhentis
2870 4244 3000 4286 vero
3031 4236 3116 4284 est
3136 4244 3237 4300 pro
3273 4242 3334 4284 se
3362 4226 3496 4283 solo
3514 4222 3771 4282 sollicitum

2200 4348 2348 4398 esse,
2376 4328 2565 4387 sedere
2590 4334 2645 4384 et
2680 4322 2945 4397 appositis
2969 4319 3068 4376 uti.
3099 4318 3417 4392 Episcopus
3463 4332 3600 4391 ergo
3634 4323 3683 4370 et
3711 4327 3777 4367 sa-

2201 4424 2398 4483 cerdos
2423 4420 2592 4480 estin
2625 4417 2870 4476 Ecclesia
2903 4424 3166 4487 tanquam
3221 4411 3515 4479 minister,
3548 4406 3775 4482 quoniam

506 4513 691 4587 potius
736 4512 1042 4579 humiliari,
1075 4496 1326 4567 laborare
1373 4515 1426 4563 et
1465 4504 1799 4563 ministrare.
1851 4500 2008 4558 Unde
2044 4509 2097 4557 et

2201 4534 2311 4577 non
2346 4525 2457 4573 tam
2488 4527 2589 4587 pro
2613 4526 2854 4582 sequam
2878 4524 2978 4581 pro
3008 4506 3131 4563 aliis
3150 4503 3441 4563 sollicitus
3464 4513 3576 4569 est,
3604 4511 3653 4557 et
3676 4514 3779 4570 quo

506 4606 746 4665 Petrus:
789 4625 809 4659 ι
844 4605 1059 4679 Neque,
1102 4602 1299 4674 inquit,
1331 4608 1392 4659 ut
1433 4597 1780 4655 dominantes
1818 4595 1872 4650 in
1928 4594 2098 4663 clero,

507 4702 606 4761 sed
633 4701 812 4759 forma
830 4700 959 4756 iacti
999 4698 1186 4774 gregis
1204 4712 1270 4753 ex
1302 4694 1490 4755 animo
1519 4691 1572 4764 (ι
1595 4691 1745 4748 Petr.
1774 4690 1852 4763 v).
1886 4710 1906 4742 ι
1957 4689 2094 4747 Gum

505 4796 657 4853 enim
686 4810 882 4852 omnes
909 4792 1165 4848 homines
1206 4788 1447 4859 aequales
1473 4786 1640 4849 creati
1671 4784 1803 4851 sint,
1841 4783 2099 4859 superbia

506 4898 597 4953 est
622 4903 787 4961 super
822 4885 1063 4958 aequales
1084 4883 1224 4941 velle
1255 4881 1552 4941 dominari.
1582 4879 1687 4938 Sed
1712 4878 1842 4952 quia
1870 4877 2096 4949 quidam

504 4978 763 5041 homines
791 4993 825 5036 a
851 4975 1062 5033 ratione
1082 4972 1385 5041 deviantes,
1415 4971 1691 5045 peccando
1717 4970 1855 5033 tiunt
1884 4968 2098 5027 anima-

504 5070 609 5139 les,
640 5084 866 5133 necesse
890 5077 975 5129 est
997 5075 1060 5127 ut
1083 5064 1377 5125 rationales
1405 5073 1460 5123 et
1499 5063 1816 5137 spirituales
1846 5059 2097 5123 homines

503 5162 592 5223 eis
635 5159 974 5232 corrigendis
1016 5158 1347 5231 etregendis
1385 5157 1773 5235 przeliciantur,
1803 5151 1943 5213 etin
1990 5152 2121 5207 hoc.

503 5271 623 5320 non
670 5252 1011 5320 bantiuibus,
1053 5252 1149 5313 sed
1178 5252 1473 5315 animabus
1510 5251 1881 5309 dominentur.
1927 5244 2099 5305 Debet

503 5348 676 5422 igitur
698 5345 960 5418 praelatus
976 5360 1037 5403 se
1054 5345 1313 5409 exhibere
1327 5353 1382 5402 et
1396 5344 1557 5403 bouis
1578 5351 1840 5412 tanquam
1861 5338 2094 5406 socium,

500 5450 561 5503 et
588 5439 860 5514 perversis
886 5448 1152 5511 tanquam
1178 5438 1491 5504 dominum,
1510 5435 1592 5497 ita
1639 5441 1821 5491 tamen
1844 5431 2011 5503 “quod
2040 5431 2097 5489 in

501 5529 642 5603 ipsis
663 5532 934 5603 perversis
960 5531 1101 5595 sciat
1143 5530 1449 5602 prudenter
1484 5525 1739 5603 persequi
1777 5525 2019 5597 culpam,
2044 5533 2100 5589 et

394 5674 397 5677 .
502 5623 689 5687 fovere
715 5632 993 5694 naturam,
1020 5632 1082 5679 ut
1116 5636 1219 5681 nec
1259 5628 1482 5693 propter
1510 5616 1909 5677 correctionem
1938 5615 2099 5670 cadat

502 5720 574 5781 ab
601 5735 810 5787 amore,
840 5735 942 5776 nec
964 5725 1187 5789 propter
1216 5728 1483 5779 amorem,
1521 5726 1553 5767 a
1589 5710 1947 5768 correctione.
1988 5706 2093 5763 Sed

500 5814 668 5870 etiam
693 5815 872 5873 ipsum
911 5827 1075 5873 quem
1105 5805 1329 5878 corripit
1363 5804 1627 5871 exterius,
1663 5802 1765 5859 sibi
1809 5809 2094 5874 praeponat

2201 4610 2354 4671 niam
2382 4612 2725 4665 sacramenta
2761 4611 2821 4657 et
2848 4597 3254 4673 praedicationis
3283 4597 3465 4653 verba
3495 4596 3621 4652 aliis
3648 4591 3777 4648 habet

2199 4714 2535 4775 praeparare,
2578 4705 2634 4755 et
2675 4694 2940 4767 quoniam
2983 4691 3282 4762 unicuique
3304 4690 3557 4747 verbum
3597 4689 3675 4744 vel
3713 4701 3779 4741 sa-

2200 4798 2547 4849 cramentum
2573 4784 2947 4843 necessarium
2970 4783 3132 4838 habet
3156 4798 3469 4853 apponere.
3500 4780 3659 4837 Plebs
3679 4791 3778 4832 rem

2199 4892 2286 4943 est
2315 4883 2370 4939 in
2402 4879 2647 4937 Ecclesia
2714 4876 2873 4951 quasi
2918 4876 3267 4944 recumbens,
3310 4876 3596 4947 quoniam
3628 4888 3714 4947 pro
3737 4885 3781 4925 se

2200 4984 2417 5035 tantum
2450 4971 2833 5044 unusquisque
2861 4968 3130 5026 sollicitus
3150 4976 3257 5035 est,
3293 4977 3497 5025 etnon
3522 4977 3630 5024 stat
3654 4963 3778 5037 quasi

2200 5069 2271 5131 ad
2304 5066 2510 5142 aliquid
2539 5061 2943 5139 agendum,sed
2968 5076 3185 5132 semper
3204 5061 3369 5134 quasi
3406 5061 3705 5119 discumbit
3732 5055 3782 5111 ad

2199 5156 2561 5223 audiendum,
2598 5163 2655 5209 et
2714 5152 3022 5226 appositam
3083 5151 3527 5227 expositamque
3590 5145 3782 5218 suscipit

2199 5247 2667 5322 prmdicationem.

2275 5341 2536 5415 Sequitur
2560 5354 2690 5411 pars
2716 5335 2897 5403 tertia,
2928 5334 2981 5390 in
3005 5351 3114 5409 qua
3140 5334 3423 5393 Dominus
3451 5334 3700 5408 exemplo
3717 5329 3781 5387 sui

2200 5434 2397 5492 invitat
2423 5430 2726 5502 discipulos
2747 5428 2814 5484 ad
2838 5428 3205 5487 humilitatem
3231 5436 3286 5484 et
3312 5429 3387 5484 ad
3413 5428 3783 5489 ministerium.

2198 5542 2326 5584 cum
2361 5523 2551 5585 subdit
2579 5539 2594 5578 :
2631 5520 2744 5594 Ego
2771 5527 2948 5573 autem
2974 5519 3029 5573 in
3059 5519 3231 5573 medio
3261 5527 3513 5573 uestrum
3549 5535 3683 5581 sum,
3709 5515 3783 5568 si:-

2198 5629 2257 5674 ut
2278 5618 2368 5690 qui
2391 5616 2683 5671 ministrat.
2727 5609 3015 5680 Quomodo
3048 5609 3317 5669 Dominus
3343 5612 3607 5668 officium
3648 5606 3787 5666 mini-

2198 5708 2298 5765 stri
2328 5707 2565 5775 expleat,
2595 5701 2835 5760 ostendit
2869 5702 2984 5772 ipse
3015 5717 3141 5758 eum
3176 5718 3237 5758 se
3276 5703 3538 5759 cilicium
3580 5699 3785 5774 rumoris

2197 5810 2249 5858 et
2272 5800 2467 5859 medici
2504 5797 2777 5854 facturum
2808 5791 3149 5849 demonstrat
3180 5811 3277 5868 per
3304 5793 3668 5852 Ezorhictcm
3688 5807 3767 5866 pm
