3850 6318
81 343 200 405 1433

1221 337 1556 397 HOMILIE.
1590 369 1658 380 -
1679 339 1719 394 Ι.
1751 337 1841 394 DE
1873 339 2220 398 TEMI’ORE.

3192 349 3332 406 “5i

73 465 290 537 phetam,
321 458 510 514 dicens
542 475 560 512 τ
609 475 628 510 t
662 455 804 518 Ecce
847 469 950 527 ego
969 453 1249 525 requiram
1299 469 1432 512 oves
1462 470 1634 520 meas,
1667 457 1712 515 Α
1745 455 1861 511 rior
1883 454 2176 512 Dominum
2203 457 2460 529 pulsavit,
2486 459 2580 517 sed
2603 415 2953 520 inﬁrmitates
2981 474 3035 522 et
3071 481 3332 537 persecu-

71 567 119 614 ct
140 553 357 610 visitabo
387 565 480 609 eas
508 550 650 606 sicut
675 557 864 620 pastor
890 547 1078 604 visitat
1122 563 1339 620 gregem
1383 563 1543 604 suum
1577 547 1632 602 in

70 649 161 714 die,
183 644 401 717 quando
423 643 586 700 fuerit
611 644 667 698 in
699 642 882 698 medio
905 642 1093 698 ovium
1127 657 1360 698 suarum
1397 641 1634 713 dissipa-

72 751 247 795 tarutn.
304 736 463 803 Quod
504 737 744 808 perierat
793 736 1106 806 requiram,
1157 736 1305 808 quod
1357 735 1630 806 abjectum

70 833 226 887 fuerat
251 830 505 887 reducam
523 872 538 897 ,
565 838 620 886 et
645 829 792 902 quod
827 828 1062 884 fractum
1089 829 1267 885 fuerat
1293 829 1549 902 alligabo,
1579 839 1631 885 et

67 923 193 995 quod
226 922 500 977 inﬁrmum
537 921 642 978 fuit
669 919 1060 988 consolidabo,
1109 928 1166 974 et
1199 919 1349 991 quod
1392 919 1531 975 forte
1578 929 1632 975 et

66 1017 241 1088 pingue
272 1015 608 1083 custodiam,
636 1023 692 1070 et
725 1029 950 1086 pascam
994 1028 1091 1069 eas
1134 1012 1188 1068 in
1213 1013 1421 1084 judicio
1459 1022 1516 1070 et
1539 1014 1632 1085 ju-

66 1109 191 1164 stitia
219 1106 433 1179 (Ezeclt.
463 1110 672 1177 χχχιιι).
697 1127 716 1160 ι
746 1105 814 1163 Et
839 1106 1008 1163 Isaias
1033 1125 1046 1161 :
1079 1127 1098 1158 ι
1129 1105 1282 1162 Sicut
1305 1114 1510 1177 pastor,
1539 1106 1629 1160 in-

66 1199 183 1269 quit,
211 1213 422 1270 gregem
454 1215 617 1254 suum
664 1207 874 1270 pascet,
900 1198 957 1253 in
989 1197 1215 1253 brachio
1257 1213 1358 1254 suo
1394 1213 1621 1270 congre-

64 1292 188 1362 gahit
211 1307 398 1363 agnos,
416 1300 472 1348 et
495 1291 549 1347 in
573 1293 699 1348 sinu
725 1307 828 1347 suo
853 1291 1072 1358 levabit,
1095 1290 1234 1347 fetas
1259 1292 1376 1362 ipse
1389 1292 1623 1364 portabit

65 1382 182 1456 (Im.
209 1383 314 1455 rt).
335 1403 354 1436 ι
391 1384 540 1440 Sane
569 1384 838 1441 Dominus
865 1385 1012 1456 quod
1040 1384 1276 1455 perierat
1309 1385 1613 1455 requisivit.

62 1475 256 1546 quando
271 1476 550 1532 hominem
569 1476 841 1547 perditum
865 1476 1132 1532 redimere
1147 1477 1317 1532 venit.
1343 1475 1501 1545 Quod
1521 1477 1623 1534 ah-

59 1567 234 1641 jectum
282 1567 463 1625 fuerat
493 1570 733 1637 reduxit,
769 1569 992 1641 quando
1033 1581 1240 1641 gentes,
1271 1585 1368 1641 per
1395 1571 1624 1627 idolola-

59 1663 195 1719 triam
219 1661 478 1734 abiectas,
502 1661 570 1718 ad
599 1661 762 1718 ﬁdem
791 1663 1022 1719 vocavit.
1047 1661 1205 1730 Quod
1239 1660 1474 1719 fractum
1504 1662 1624 1720 fue-

58 1765 129 1812 rat
163 1755 412 1828 alligavit,
465 1755 689 1826 quando
721 1754 1120 1826 Magdalenam,
1167 1762 1223 1810 ct
1267 1755 1517 1823 Saulum,
1565 1765 1621 1812 et

58 1847 366 1916 consimiles,
397 1847 789 1920 desperatione
818 1847 1040 1917 fractos,
1069 1849 1328 1921 alligavit.
1360 1845 1515 1917 Quod
1535 1848 1622 1905 in—

56 1941 245 1996 ﬁmum
275 1939 456 1997 fuerat
478 1941 858 2008 consolidavit,
888 1943 1112 2012 quando
1133 1942 1508 1998 inﬁrmitatem
1531 1943 1618 2000 di-

57 2032 358 2102 scipulorum
395 2049 501 2105 per
531 2034 798 2106 Spiritum
835 2042 1088 2090 sanctum
1128 2035 1424 2091 roboravit.
1461 2033 1619 2102 Quod

57 2122 175 2180 forte
198 2135 247 2181 et
269 2126 476 2199 pingue
509 2137 595 2184 est
633 2129 895 2194 custodit,
939 2129 1161 2200 quando
1204 2129 1356 2185 viros
1398 2138 1621 2187 sanctos

58 2229 114 2268 ne
148 2215 432 2286 aliquando
484 2218 538 2272 in
585 2220 980 2276 tentationihus
1026 2231 1308 2288 corruant,
1355 2221 1615 2278 custodit.

56 2305 210 2362 l‘ascit
237 2324 332 2366 eos
359 2310 415 2364 in
454 2310 664 2381 judicio
687 2321 742 2367 et
777 2312 1013 2383 jnstitia,
1053 2313 1318 2384 quoniam
1339 2329 1436 2371 eos
1471 2323 1620 2371 recte

55 2407 101 2456 et
121 2401 252 2469 iusta
281 2403 590 2459 intentione
619 2405 860 2461 instruit.
888 2404 946 2460 in
978 2406 1206 2462 brachio
1237 2423 1343 2464 suo
1382 2423 1618 2480 congre-

57 2491 180 2563 gabit
201 2509 385 2566 agnos,
403 2496 671 2566 quoniam
699 2497 906 2554 electos
925 2513 1062 2555 suos
1084 2499 1152 2555 de
1169 2499 1402 2557 diversis
1427 2500 1618 2557 mundi

55 2586 269 2654 partibus
291 2587 346 2642 in
377 2589 644 2645 unionem
671 2590 795 2646 ﬁdei
820 2601 1105 2648 convocat.
1137 2591 1197 2648 In
1225 2593 1352 2650 sinu
1379 2609 1484 2651 suo
1523 2611 1619 2652 eos

55 2676 190 2744 levat,
219 2683 481 2750 quoniam
511 2697 703 2738 earum
742 2685 1166 2742 teneritudinem
1199 2687 1253 2742 in
1289 2687 1415 2744 sinu
1451 2687 1618 2744 mise-

57 2771 335 2828 serieordiaa
382 2789 505 2830 suae
552 2775 808 2832 confovet
852 2786 906 2834 et
953 2788 1262 2836 conservat.
1309 2779 1472 2837 Fetas
1501 2781 1618 2853 ipse

53 2871 222 2931 portat,
249 2867 518 2936 quoniam
542 2869 756 2926 animas
775 2885 873 2942 per
891 2872 1333 2943 praedicationem
1359 2875 1496 2930 alias
1519 2890 1604 2947 ge-

52 2962 292 3022 nerantes,
319 2973 388 3015 ne
419 2959 494 3014 ab
524 2960 630 3017 hoc
654 2962 841 3019 labore
875 2965 1152 3034 deﬁciant,
1183 2966 1450 3024 beneﬁcio
1490 2985 1618 3041 gra-

52 3045 220 3102 tiarum
245 3062 554 3122 suppartat.
605 3053 780 3122 Quem
826 3071 929 3113 nos
957 3073 1178 3129 quoque
1207 3062 1616 3134 qualescunque

51 3147 269 3245 pastores
302 3145 663 3245 projnodulo
691 3148 1208 3245 nost_ro_imitantes,
1251 3153 1396 3222 quod
1433 3155 1614 3224 perie-
1641 3187 1683 3245 ο

51 3239 120 3286 rat
147 3248 234 3303 per
254 3235 654 3305 inﬁdelitatem,
701 3247 761 3294 ut
806 3237 1056 3296 Judaeum
1102 3251 1156 3297 et
1197 3244 1474 3314 gentilem,
1517 3262 1616 3317 per

50 3327 463 3394 pmdicationem
495 3333 864 3402 requiramus.
908 3332 1066 3400 Quod
1107 3335 1382 3406 adjectum
1408 3347 1491 3394 est
1518 3356 1615 3411 per

49 3423 666 3491 excommunicationem,
709 3439 808 3496 per
840 3426 1340 3485 reconciliationem
1379 3432 1612 3488 reduca-

49 3524 168 3568 mus.
191 3513 340 3580 Quod
372 3516 614 3573 fractum
652 3527 737 3574 est
775 3535 873 3590 per
912 3520 1316 3591 tribulationes,
1347 3538 1444 3595 per
1481 3539 1614 3580 con-

47 3604 312 3664 solationes
337 3609 651 3681 alligemus.
684 3609 840 3678 Quod
873 3613 1152 3670 inﬁrmum
1192 3623 1297 3683 est,
1341 3631 1434 3686 per
1474 3633 1611 3673 con-

47 3690 361 3752 fortationcm
397 3699 828 3759 consolidemus.
860 3705 1015 3772 Quod
1039 3706 1241 3779 pingue
1265 3718 1318 3764 et
1344 3707 1484 3764 forte
1506 3718 1610 3778 cst,

46 3798 127 3853 per
173 3789 505 3858 pastoralem
559 3793 984 3852 sollicitudinem
1028 3798 1422 3854 custodiamus.
1471 3797 1613 3856 Oves

43 3877 222 3936 Christi
249 3893 398 3940 recte
418 3891 475 3940 et
504 3884 654 3956 juste
681 3887 1001 3957 doceamus,
1031 3890 1310 3960 dispersos
1337 3901 1393 3947 et
1427 3891 1614 3948 diver-

42 3986 122 4028 sos
144 3975 195 4030 in
231 3978 498 4034 unitatem
529 3995 948 4052 congregemus,
980 3982 1231 4039 inﬁrmos
1267 3993 1322 4039 et
1359 3985 1525 4043 rudes
1555 3987 1610 4042 in

41 4063 148 4120 sinu
169 4077 352 4124 nostro
375 4069 798 4140 confoveamus,
818 4074 1032 4130 animus
1055 4075 1192 4131 alias
1221 4077 1610 4147 parturientes,

39 4161 393 4231 etparientes,
437 4179 506 4219 ne
538 4163 594 4219 in
642 4165 750 4222 hoc
791 4167 1066 4234 deﬁciant,
1106 4169 1448 4239 adjuvemus.
1491 4169 1610 4226 Non

41 4251 197 4310 solum
219 4272 350 4312 vero
383 4255 621 4313 officium
648 4258 886 4314 ministri
917 4259 1184 4338 Dominus
1222 4263 1481 4333 suscepit,
1515 4264 1612 4319 sed

39 4346 181 4403 etiam
206 4353 367 4408 servi.
398 4351 656 4425 Nunquid
690 4355 859 4421 enim,
893 4354 1090 4413 fratres
1122 4357 1252 4425 mei,
1297 4357 1530 4414 formam
1559 4367 1613 4415 et

39 4436 382 4502 humilitatem
415 4446 561 4502 servi
583 4449 881 4520 suscipere,
904 4449 1222 4532 hominibus
1253 4465 1316 4506 se
1353 4451 1606 4521 subdere,

1649 1819 1696 1877 B

1737 550 1916 606 tiones
1937 551 2261 619 exteriores,
2287 568 2385 624 per
2407 569 2632 611 causam
2659 558 2989 615 tentationes
3019 569 3197 617 vocat.
3245 560 3333 617 In-
3357 549 3364 556 ’

1734 642 2043 712 firmitates,
2069 653 2128 699 ut
2153 645 2414 714 esuriem,
2443 647 2613 714 sitim,
2638 649 3042 718 lassitudinem,
3063 661 3114 707 et
3139 653 3333 725 hujus-
3357 677 3361 682 ·

1734 737 1904 791 modi.
1934 735 2374 806 Persecutioncs,
2407 739 2633 808 diaboli,
2661 741 2744 798 vel
2789 743 3160 800 membrorum
3184 745 3327 816 ejus,

1733 827 1982 897 insidias,
2015 831 2402 898 contumelias,
2425 831 2658 905 flagella,
2688 835 2939 903 iniurias,
2981 846 3206 894 mortes.
3236 837 3332 894 in-

1733 929 1816 976 ter
1839 937 1978 992 quas
2005 923 2356 992 tentationes,
2391 923 2648 998 discipuli
2678 943 2803 984 cum
2843 927 3067 985 Christo
3093 947 3202 986 non
3236 945 3331 987 so-

1734 1011 1848 1067 lum
1873 1013 1978 1069 ﬁde
2010 1022 2066 1070 et
2107 1015 2375 1072 charitate
2415 1028 2854 1089 permanserunt,
2897 1021 2992 1077 sed
3027 1022 3191 1078 etiam
3231 1039 3327 1079 eas

1733 1121 1859 1161 cum
1883 1103 2106 1165 Christo
2130 1108 2340 1179 experti
2370 1118 2518 1166 sunt.
2557 1109 2749 1185 Magna
2791 1121 2848 1168 et
2885 1113 3023 1169 mira
3053 1113 3157 1168 fuit
3193 1114 3350 1171 fides

1728 1207 1783 1253 et
1809 1198 2068 1255 meritum
2108 1201 2508 1271 apostolorum.
2553 1201 2746 1260 Nonne
2773 1204 2920 1260 enim
2972 1223 3228 1278 magnum
3271 1215 3326 1262 et

1728 1291 2051 1347 admirabile
2096 1291 2220 1360 fuit,
2253 1293 2401 1364 quod
2447 1295 2623 1364 illum,
2653 1313 2817 1368 quem
2852 1298 3108 1353 videbant
3142 1298 3322 1353 homi-

1726 1401 1876 1454 nem,
1903 1385 2199 1442 credebant
2226 1385 2396 1442 Deum
2424 1397 2512 1443 :et
2537 1405 2701 1460 quem
2728 1389 2988 1446 videbant
3011 1390 3320 1456 mortalem,

1725 1478 2025 1536 credebant
2046 1477 2452 1536 immortalem?
2475 1491 2530 1537 et
2551 1497 2714 1553 quem
2737 1482 2994 1538 videbant
3019 1481 3320 1549 inﬁrmum,

1725 1571 2026 1628 credebant
2057 1571 2526 1644 omnipotentem?
2563 1573 2668 1630 Sed
2711 1575 2844 1646 quid
2873 1574 2940 1630 ad
2972 1574 3076 1630 hoc
3119 1573 3322 1631 dicturi

1726 1677 1945 1730 sumus,
1983 1661 2182 1719 fratres
2210 1663 2450 1721 meitllli
2477 1681 2602 1722 cum
2623 1666 2848 1723 Christo
2873 1667 3054 1723 adhuc
3081 1666 3320 1734 inﬁrmo,

1723 1767 1900 1828 egeno
1922 1765 1977 1830 et
2006 1754 2246 1824 mortali,
2281 1757 2385 1814 ﬁde
2417 1766 2472 1813 et
2510 1758 2777 1813 charitate
2799 1768 3237 1830 permanserunt,
3264 1767 3346 1814 et'

1721 1864 1826 1905 nos
1847 1864 1974 1904 cum
2005 1849 2199 1906 eodem
2224 1848 2340 1920 jam
2363 1849 2688 1922 gloriﬁcato,
2707 1849 2821 1922 jam
2850 1847 3319 1918 imniortali,cmlo

1720 1947 1776 1996 et
1795 1948 1957 1996 terra:
1983 1939 2299 2011 imperanti,
2328 1955 2458 1997 vera
2483 1942 2588 1997 iide
2615 1950 2671 1998 et
2701 1941 2969 1998 charitate
2995 1955 3318 2010 permanere

1720 2047 1829 2086 non
1859 2031 2196 2102 possumus?
2241 2030 2321 2087 illi
2346 2047 2472 2088 cum
2513 2031 2738 2088 Christo
2765 2042 2820 2088 et
2850 2048 2950 2104 pro
2971 2032 3196 2087 Christo
3218 2046 3319 2101 pa-

1721 2123 1890 2180 tiente
1913 2123 2281 2195 patiebantur,
2311 2133 2370 2179 et
2395 2140 2499 2180 nos
2529 2141 2629 2196 pro
2674 2139 2741 2181 eo
2779 2124 2896 2197 jam
2932 2138 3065 2180 suos
3111 2122 3316 2195 gloriﬁ-

1719 2225 1902 2285 caute,
1932 2217 2045 2288 pati
2075 2217 2530 2274 reformidamus?

1793 2308 2056 2381 Sequitur
2083 2324 2211 2380 pars
2252 2309 2538 2380 quinta,in
2572 2323 2680 2381 qua
2725 2307 2994 2364 Dominus
3026 2306 3313 2378 prmium

1719 2401 2611 2472 apostolorumdemonstrat,cum
2635 2400 2820 2456 subdit
2846 2420 2858 2456 :
2893 2398 2962 2454 Et
2977 2416 3070 2472 ego
3091 2399 3334 2470 dispono-

1719 2495 1885 2562 vobis,
1897 2495 2037 2550 sicut
2050 2494 2309 2566 disposuit
2329 2495 2458 2548 mihi
2476 2493 2636 2548 Pater
2651 2510 3059 2566 meus,regnum,
3075 2492 3313 2547 utedatis

1718 2595 1766 2642 et
1780 2585 1972 2642 bibatis
1998 2603 2154 2657 super
2170 2603 2404 2641 mensam
2425 2603 2593 2642 meam
2611 2587 2667 2640 in
2690 2603 2848 2658 regno
2865 2602 2999 2654 meo,
3017 2595 3068 2641 et
3085 2585 3312 2640 sedentis

1719 2697 1877 2752 super
1919 2681 2142 2735 thronos
2168 2681 2468 2748 duodecim,
2483 2679 2790 2751 judicantes
2820 2679 3098 2734 duodecim
3145 2676 3314 2733 tribus

1720 2773 1918 2830 Israel.
1955 2773 2083 2832 Haec
2109 2785 2194 2832 est
2217 2775 2451 2833 mutatio
2479 2775 2686 2832 dextra:
2710 2773 2945 2844 Excelsi,
2968 2784 3027 2831 ut
3052 2773 3146 2846 qui
3168 2779 3328 2830 nunc

1719 2867 1960 2925 humiles
1991 2885 2120 2924 cum
2142 2867 2364 2926 Christo
2401 2868 2641 2942 gaudent
2664 2869 2980 2924 ministrare
3008 2867 3312 2934 conservis,

1720 2969 1849 3017 tunc
1861 2961 2126 3018 sublimes
2147 2979 2272 3018 cum
2289 2961 2510 3018 Christo
2533 2971 2779 3034 regnent.
2795 2962 2899 3030 Qui
2912 2979 3058 3017 nunc
3077 2959 3315 3033 gaudent

1717 3053 1931 3110 esurire
1958 3068 2084 3109 cum
2114 3053 2358 3123 Christo,
2392 3061 2523 3110 tunc
2544 3069 2671 3112 cum
2702 3052 2921 3109 Christo
2945 3051 3165 3108 aeternis
3185 3049 3317 3106 deli-

1718 3145 1820 3202 ciis
1845 3145 2180 3202 reﬁciantur.
2210 3143 2314 3214 Qui
2339 3163 2486 3202 nunc
2513 3146 2765 3202 laborant
2791 3155 2844 3201 ct
2870 3146 3151 3217 patiuntur
3187 3157 3313 3199 eum

1717 3236 1958 3305 Christo,
1987 3247 2118 3292 tunc
2147 3253 2272 3293 cum
2305 3237 2526 3293 Christo
2555 3237 2799 3293 sedeant.
2843 3234 2947 3303 Qui
2981 3250 3125 3290 nunc
3164 3233 3313 3304 inju-

1716 3338 1799 3386 ste
1821 3329 2162 3401 judicantur,
2196 3346 2321 3385 cum
2352 3329 2596 3397 Christo,
2628 3339 2759 3385 tunc
2784 3344 2909 3384 cmn
2933 3326 3155 3382 Christo
3182 3340 3314 3410 suos

1709 3421 1924 3492 jndices
1961 3421 2232 3493 judicent.
2279 3421 2580 3477 Constituit
2618 3433 2798 3478 autem
2845 3420 3131 3491 prteminm
3176 3433 3314 3488 apo-

1715 3514 1982 3570 stolorum
2015 3513 2066 3569 in
2093 3523 2356 3586 quatuor,
2385 3515 2594 3570 scilicet
2618 3515 2672 3569 in
2699 3515 2910 3568 honore
2937 3509 3224 3582 regnandi,
3256 3509 3312 3563 in

1713 3607 1987 3679 voluptate
2027 3606 2306 3679 epulandi,
2344 3607 2398 3662 in
2442 3607 2632 3678 requie
2663 3605 2908 3670 sedendi,
2943 3605 2998 3659 in
3045 3610 3313 3674 potestate

1707 3697 2016 3767 judicandi,
2064 3698 2321 3769 quamvis
2371 3707 2501 3754 tunc
2562 3706 2740 3754 cesset
2798 3696 2980 3752 omnis
3043 3694 3310 3767 piaalatio,

1713 3789 1896 3845 omnis
1921 3790 2220 3846 necessitas
2248 3791 2525 3862 epulandi,
2561 3791 2806 3858 sedendi,
2835 3789 3138 3862 iudicandi.
3171 3785 3309 3846 Cum

1712 3881 1859 3936 enim
1889 3881 1978 3936 illa
2021 3890 2225 3937 aeterna
2249 3882 2393 3937 bona
2421 3890 2572 3938 tanta
2604 3881 2733 3948 sint,
2773 3901 2791 3934 ι
2829 3897 2952 3953 qua:
2975 3879 3168 3936 oculus
3200 3893 3312 3938 non

1712 3973 1866 4042 vidit,
1893 3990 1991 4030 nec
2017 3974 2168 4032 auris
2195 3974 2424 4043 audivit,
2467 3991 2568 4030 nec
2603 3975 2658 4029 in
2709 3991 2804 4030 cor
2833 3973 3072 4028 hominis
3115 3986 3310 4027 ascena

1715 4065 1796 4122 dit
1819 4065 1870 4137 (1
1894 4065 2017 4123 Cor.
2040 4069 2124 4139 ιι),
2157 4087 2176 4118 ι
2217 4076 2434 4123 constat
2466 4068 2595 4139 quia
2631 4082 2732 4123 nec
2775 4064 3035 4122 humanis
3078 4075 3310 4135 possunt

1715 4155 1947 4226 exprimi
1972 4156 2171 4212 verbis.
2202 4155 2308 4212 Sed
2331 4156 2459 4228 quia
2491 4171 2715 4213 necesse
2735 4165 2853 4212 erat
2878 4171 2942 4211 ca
2981 4154 3141 4210 nobis
3161 4167 3309 4225 quo!

1712 4247 1989 4317 quomodo
2041 4247 2360 4319 signiﬁcari,
2420 4247 2542 4303 ideo
2597 4247 2977 4320 signiﬁcantur
3025 4236 3316 4302 vocabulis

1713 4339 1996 4394 translatis
2025 4339 2098 4395 ah
2121 4339 2228 4396 illis
2258 4340 2426 4396 rebus
2453 4353 2578 4411 quae
2606 4339 2782 4412 magis
2819 4339 2911 4395 hic
2953 4346 3302 4409 appetuntur.

1711 4430 1882 4504 Magis
1911 4441 2093 4487 autem
2137 4441 2458 4504 appetuntur
2500 4433 2555 4488 in
2596 4433 2701 4489 hac
2745 4434 2854 4490 vita
2909 4434 3106 4500 honor,
3152 4431 3315 4486 volu-.

37 4533 278 4594 tributum
294 4540 546 4609 reddere,
570 4543 734 4614 pedes
756 4525 959 4612 lavare,
977 4543 1209 4617 flagella,
1225 4545 1606 4614 contumelias,

1722 4535 1856 4598 ptas,
1883 4527 2097 4598 requies
2126 4537 2180 4582 et
2215 4536 2478 4600 potestas.
2529 4525 2664 4596 Quae
2705 4527 2923 4599 quidem
2961 4534 3122 4585 erunt
3163 4535 3218 4581 et
3249 4525 3306 4582 in

40 4623 248 4697 injurias
272 4633 570 4701 sustinere,
597 4651 656 4690 se
676 4651 776 4706 pro
801 4635 924 4692 aliis
953 4638 1115 4692 morti
1139 4651 1435 4709 opponere,
1469 4654 1608 4694 non-

39 4731 97 4772 ne
115 4719 211 4780 hoc
230 4724 408 4798 magis
448 4725 592 4782 servi
621 4742 786 4796 quam
831 4725 1066 4795 Domini,
1100 4729 1182 4784 vel
1227 4729 1391 4784 etiam
1437 4745 1608 4802 quam

40 4811 256 4871 ministri
281 4817 518 4876 ofﬁcium
547 4821 669 4877 est?
688 4818 800 4876 Nos
825 4835 1064 4892 quoque,
1091 4819 1288 4877 fratres
1315 4823 1442 4891 mei,
1471 4838 1608 4894 qua-

40 4899 317 4978 lescunque
347 4927 562 4982 sumus,
603 4913 782 4970 vicem
829 4911 1033 4967 Christi
1083 4910 1140 4966 in
1183 4909 1427 4969 Ecclesia
1455 4921 1608 4968 tene-

39 5005 169 5061 mus,
202 5012 309 5053 non
341 5000 519 5055 solum
551 5003 814 5071 ministri,
854 5004 948 5061 sed
983 5003 1148 5059 ctiam
1185 5004 1328 5060 servi
1367 5005 1604 5062 oilicium

40 5080 280 5146 fratribus
335 5092 537 5149 nostris
581 5095 960 5165 exhibeamus,
988 5115 1042 5155 et
1077 5099 1156 5156 eis
1206 5115 1308 5155 nos
1350 5100 1604 5168 subdere,

39 5177 187 5246 pedes
211 5197 399 5240 eorum
425 5185 625 5254 lavare,
672 5191 1034 5247 contumelias
1061 5202 1114 5248 et
1141 5193 1372 5263 injurias
1398 5209 1500 5264 pro
1525 5194 1606 5249 eis

39 5271 311 5341 sustinere,
345 5286 398 5332 et
427 5294 528 5349 pro
574 5279 654 5336 eis
698 5297 810 5335 non
851 5285 1028 5339 solum
1061 5295 1271 5352 nostra,
1301 5287 1394 5341 scd
1440 5288 1603 5342 etiam

38 5357 188 5416 vitam
216 5377 456 5423 nostram
487 5385 688 5439 ponere
715 5371 1058 5441 dubitemus;
1099 5376 1260 5444 alias,
1285 5377 1401 5432 veri
1424 5387 1607 5447 pasto-

39 5450 108 5506 ris
129 5455 359 5512 cilicium
385 5475 492 5516 non
520 5473 792 5520 tenemus.

101 5542 351 5617 Sequitur
381 5570 506 5624 pars
549 5567 767 5628 quarta,
798 5557 854 5613 in
902 5574 1010 5630 qua
1060 5558 1324 5618 Dominus
1365 5563 1605 5619 ostendit

39 5650 148 5704 qua:
175 5657 382 5699 summa
415 5649 487 5703 sit
539 5650 718 5705 meriti
759 5650 1153 5721 discipulorum
1191 5669 1439 5722 suorum,
1476 5671 1600 5712 cum

40 5727 242 5786 tihdit:
290 5732 384 5790 Vos
413 5748 588 5794 autem
613 5741 742 5796 estis
787 5743 877 5813 qui
915 5745 1280 5813 permansistis
1323 5763 1522 5800 mecum
1547 5748 1602 5802 in

42 5825 394 5885 trutationibus
421 5835 569 5889 meis.
615 5832 794 5904 Nulla,
826 5835 1024 5893 fratres
1048 5837 1173 5908 ntci,
1207 5839 1433 5896 tentatio
1459 5839 1592 5896 inte-

1716 4619 1809 4674 illa
1841 4629 2044 4675 mterna
2072 4619 2313 4688 vita,scd
2347 4637 2457 4676 non
2485 4621 2613 4678 talia
2644 4621 2824 4692 qualia
2857 4635 3021 4686 nunc,
3051 4619 3177 4690 quia
3202 4618 3308 4676 erit

1715 4711 1790 4768 ibi
1822 4713 2002 4768 honor
2038 4729 2202 4768 verus
2245 4723 2299 4770 et
2340 4713 2458 4770 sine
2495 4714 2759 4781 termino;
2791 4713 3042 4782 voluptas
3079 4725 3222 4778 vera,
3252 4721 3314 4770 ct.

1715 4805 1835 4862 sine
1865 4804 2112 4872 fastidio;
2139 4806 2362 4878 requies
2385 4821 2534 4872 vera,
2558 4814 2614 4861 et
2635 4805 2754 4862 sine
2777 4805 2904 4860 line.
2960 4803 3116 4871 Quod
3147 4803 3310 4860 nobis

1714 4895 2014 4951 concedere
2055 4894 2312 4967 dignetur
2355 4896 2570 4951 meritis
2605 4903 2660 4950 et
2689 4895 2944 4966 precibus
2984 4894 3126 4950 beati
3167 4893 3302 4950 Bar-

1719 4987 1996 5044 tholomaei
2047 4989 2396 5060 omnipotens
2442 4987 2730 5056 Dominus,
2772 4987 2952 5056 Pater,
3002 4986 3205 5057 Filius,
3250 4995 3308 5049 et

1715 5081 1952 5155 Spiritus
1973 5093 2217 5139 sanctus.
2258 5083 2450 5140 Amen.

2112 5171 2234 5229 Vita
2260 5172 2642 5229 Bartholomtei
2664 5173 2911 5243 apostoli.

1787 5265 2077 5332 Eusebius,
2129 5267 2196 5321 de
2251 5266 2308 5322 S.
2363 5265 2760 5322 Bartholomzco
2811 5285 2822 5320 :
2872 5265 3308 5326 Bartholomzeus

1714 5337 1924 5393 lndiam
1971 5336 2284 5392 citeriorem
2317 5338 2546 5392 sortitus
2572 5347 2698 5408 rest,
2742 5337 2835 5392 lib.
2866 5353 2947 5403 ιιι,
2985 5353 3106 5408 cap.
3160 5338 3217 5405 i,
3247 5346 3304 5398 et

1717 5411 1813 5463 lib.
1845 5425 1902 5475 v,
1929 5424 2050 5478 cap.
2077 5409 2170 5476 l0,
2199 5409 2280 5464 sic
2305 5409 2496 5465 scribit
2521 5427 2534 5464 :
2568 5407 2926 5464 Panunmium
2955 5407 3157 5476 ferunt,
3175 5425 3301 5464 cum

1715 5479 1784 5534 ad
1816 5479 1980 5551 Indos
2001 5480 2358 5551 pervenisset,
2392 5479 2660 5550 reperisse
2697 5481 2842 5551 quod
2869 5480 3303 5536 Bartholonueus

1715 5550 2000 5622 apostolus
2020 5550 2164 5621 apud
2186 5567 2280 5622 eos
2308 5551 2429 5622 ﬁdei
2458 5553 2665 5607 semina
2690 5550 2866 5622 prima
2894 5551 3216 5612 condiderit.
3248 5560 3303 5609 et

1715 5566 2000 5674 aposwlns
2020 5566 2164 5621 apud
2186 5567 2280 5606 eos
2308 5566 2429 5605 lltlel
2458 5566 2665 5607 semina
2690 5568 2866 5622 prima
2894 5566 3216 5612 continuerit.
3248 5566 3300 5609 et

1714 5620 1743 5694 ᾗ
1770 5621 1952 5694 attlimi
1983 5621 2324 5694 evangelium
2359 5620 2598 5694 Hebra'is
2625 5623 2888 5694 scriptum
2913 5623 3115 5694 litteris
3141 5622 3300 5694 dere-

1984 5661 2118 5675 υνυ..
2160 5661 2324 5675 νην...
2359 5661 2530 5681 ne...”
2553 5661 2598 5678 ,ο
2625 5661 2729 5678 ου..
2773 5661 2886 5678 ω...
2917 5661 3111 5677 um.”
3141 5661 3268 5676 ne...

1711 5693 1952 5764 liquerit,
2111 5661 2720 5750 fouebimusVadianus
2738 5661 3090 5750 Ιέίίιιιιιξιιιίηἰι
3103 5693 3160 5746 S.
3177 5691 3302 5748 Bar-

1710 5763 1986 5820 tholotnazi
2019 5783 2031 5818 :
2065 5765 2209 5820 inter
2225 5765 2624 5836 suppliciorum
2652 5781 2848 5836 genera
2875 5764 3298 5836 excoriationem

1713 5836 1907 5892 Persas
1925 5836 2202 5894 habuisse.
2223 5835 2587 5907 Mareellinus,
2605 5835 2698 5891 lib.
2715 5853 2874 5904 χχιιι,
2899 5835 3060 5890 tradit
3078 5849 3294 5910 pomata

1706 5964 1760 6004 ’τέ
1809 5988 1814 5994 -
