3850 6318
45 336 180 406 “57.

1163 333 1496 392 ΗΟΜΙΙΔᾹΞ.
1529 321 1600 376 ξ-
1627 333 1670 392 l.
1697 333 1790 390 DE
1814 334 2162 396 TEMPOBE.

3140 341 3282 402 H38

45 465 154 511 tur:
183 448 510 514 Carmentem
535 446 650 502 dies
675 453 1002 517 opportunus
1023 446 1338 527 "accidisset.
1363 447 1466 504 Cui
1496 462 1596 518 op-

1710 450 1961 522 Baptista:
1982 453 2040 506 in
2065 453 2235 508 disco.
2261 448 2640 520 Eece,lratres
2669 452 2798 521 mei,
2829 451 3072 512 Herodes
3101 470 3166 512 ex
3191 455 3292 511 in--

44 557 302 618 portunus,
358 549 414 598 et
468 540 538 596 ad
577 538 711 611 quid
749 539 1136 612 opportunus?
1171 537 1467 604 Herodiadi
1519 539 1590 594 ad

42 633 368 693 occidendum
401 629 686 700 Joannem,
729 631 878 703 quod
919 639 1047 687 ante
1109 646 1222 686 non
1268 639 1500 702 poterat.
1523 628 1593 685 Et

42 729 184 784 etiam
219 723 319 796 ipsi
384 721 604 791 Herodi,
633 722 732 794 qui
765 731 898 780 tunc
930 722 1034 779 sibi
1076 721 1232 779 visus
1262 730 1349 778 est
1381 722 1592 793 justam

43 819 216 874 habere
261 814 607 872 occasionem
641 813 924 870 occidendi
957 822 1242 880 sanctum,
1273 829 1438 885 quam
1467 822 1595 868 ante

41 926 134 968 non
163 906 404 964 habebat.
437 903 674 960 Herodes
711 904 910 976 natalis
946 906 1031 960 sui
1055 921 1256 959 caenam
1281 905 1426 974 fecit.
1454 902 1594 971 Quia

41 1005 163 1060 enim
195 999 432 1056 Herodes
483 998 630 1056 diem
679 997 879 1054 natalis
930 997 1018 1054 sui
1071 997 1268 1070 agebat
1321 995 1594 1068 festivam,

42 1098 144 1154 ideo
169 1093 359 1152 meruit
378 1099 612 1148 mortem
657 1089 860 1146 habere
901 1089 1210 1162 lugubrem.
1247 1087 1307 1143 ln
1337 1088 1426 1144 die
1448 1086 1596 1144 enim

41 1187 210 1244 natalis
235 1183 430 1251 nostri,
465 1182 662 1238 fratres
704 1181 834 1249 mei,
871 1179 1131 1236 festivare
1159 1195 1270 1235 non
1309 1179 1594 1247 debemus,

42 1279 119 1334 sed
144 1278 318 1349 potius
357 1277 566 1348 lugere,
599 1275 750 1346 quia,
785 1273 1008 1344 quando
1037 1272 1093 1328 in
1137 1271 1286 1328 hunc
1329 1271 1598 1326 mundum

42 1374 300 1438 intramus,
349 1370 405 1424 in
456 1369 740 1424 miseriam
777 1375 834 1422 et
870 1367 1089 1436 culpam
1129 1365 1404 1421 eadimus.
1459 1362 1601 1419 Hine

39 1477 111 1524 est
145 1465 283 1538 quod
326 1461 550 1534 quando
578 1462 747 1517 homo
785 1459 1052 1526 nascitur,
1079 1459 1264 1530 lugere
1288 1465 1486 1529 potest,
1524 1455 1602 1510 ri-

41 1558 148 1616 dere
171 1571 272 1612 non
297 1561 504 1626 potest.
529 1551 753 1608 Obitum
787 1566 921 1608 vero
971 1558 1290 1606 sanctorum
1336 1548 1601 1604 debemus

42 1647 391 1715 solemnizare,
410 1645 674 1717 quoniam
702 1652 835 1701 tunc
855 1651 1066 1700 exuunt
1106 1641 1406 1709 miseriam,
1434 1650 1490 1698 et
1513 1639 1596 1696 vi-

40 1752 132 1797 tam
155 1739 424 1815 accipiunt
453 1738 752 1812 gloriosam
781 1746 836 1794 et
865 1746 1148 1794 aeternam.
1198 1734 1355 1792 Unde
1403 1743 1458 1790 et
1507 1749 1602 1791 eo-

42 1850 144 1889 rum
169 1832 410 1888 natalitia
438 1845 844 1902 nuncupamus.
871 1828 936 1883 Et
961 1829 1163 1900 quibus
1195 1827 1322 1898 fecit
1360 1826 1604 1882 Herodes

43 1925 260 1982 orenam?
291 1922 412 1980 Non
453 1923 787 1995 pauperibus
820 1931 875 1978 et
894 1921 1227 1992 h05pitibns,
1266 1921 1360 1978 sed
1394 1919 1602 1991 princi-

43 2017 177 2089 pibus
202 2025 255 2074 et
293 2015 554 2085 tribunis,
603 2024 658 2072 et
709 2013 902 2086 primis
957 2013 1212 2080 Galilzeze,
1248 2023 1606 2082 contemnens

45 2111 329 2166 mandatum
380 2109 605 2165 Domini
661 2107 897 2164 dicentis
937 2123 958 2176 ε,
990 2126 1010 2159 ί
1048 2104 1187 2162 Cum
1233 2103 1372 2160 facis
1434 2118 1604 2174 prau-

45 2204 192 2269 dimn.
235 2204 343 2261 noli
375 2218 576 2260 vocare
621 2201 853 2280 amicos,
903 2214 1086 2266 neque
1138 2196 1338 2253 fratres
1393 2205 1518 2252 tuos
1553 2201 1608 2250 et

46 2297 234 2366 divites,
261 2313 328 2354 ne
355 2296 503 2353 forte
529 2296 822 2352 reinvitent
858 2304 929 2364 te,
953 2303 1008 2350 et
1037 2292 1133 2350 ﬁat
1165 2291 1265 2348 tibi
1294 2289 1605 2359 retributio,

48 2390 126 2447 sed
163 2406 290 2447 voca
337 2405 614 2463 pauperes
637 2397 692 2445 et
715 2387 944 2463 debiles,
976 2395 1032 2442 et
1062 2386 1257 2442 beatus
1302 2384 1433 2452 eris,
1477 2381 1608 2454 quia

49 2497 144 2538 non
165 2483 357 2538 habent
385 2481 534 2538 unde
565 2481 871 2537 retribuant
894 2478 1022 2546 tibi;
1051 2477 1386 2534 retribuetur
1422 2485 1606 2551 autem

48 2575 94 2630 in
118 2574 806 2645 resurrectionejustornm
849 2570 1004 2643 (Luc.
1045 2570 1180 2641 ειν).
1205 2589 1224 2622 ι
1263 2567 1396 2626 Cum
1431 2575 1610 2622 autent

48 2671 266 2725 intrasset
289 2669 411 2740 ﬁlia
437 2667 608 2740 ipsius
649 2665 997 2736 Herodiadis,
1028 2671 1077 2718 et
1111 2662 1382 2728 saltasset,
1418 2668 1469 2715 et
1490 2659 1611 2730 pla-

49 2765 216 2821 cuisset
263 2761 490 2828 Herodi,
543 2759 804 2831 simulque
853 2755 1325 2821 discumbentibus,
1391 2769 1484 2807 rex
1532 2752 1610 2806 ait

49 2857 247 2926 puellae:
279 2855 409 2910 Pete
441 2872 474 2908 a
503 2869 584 2920 me
613 2854 752 2925 quod
783 2851 884 2918 vis,
934 2857 984 2904 et
1025 2847 1164 2903 dabo
1201 2847 1318 2902 tibi.
1352 2845 1423 2900 Et
1452 2845 1613 2916 jura-

51 2954 110 3008 rit
128 2951 362 3023 illi,quia
382 2947 648 3021 quidquid
669 2945 909 3018 petieris,
964 2942 1101 2998 dabo
1125 2943 1241 2997 tibi.
1277 2940 1424 2996 Licet
1450 2939 1614 2995 diuti—

50 3045 176 3098 dium
205 3043 346 3114 regni
375 3041 504 3096 mei.
535 3039 676 3097 Ecce
703 3047 841 3110 quot
866 3037 1019 3105 mala
1054 3035 1388 3108 proveniunt
1412 3049 1480 3089 ex
1521 3025 1610 3089 in;

49 3135 220 3206 gluvie.
237 3134 401 3203 Quia,
415 3148 542 3189 cum
561 3131 803 3188 Herodes
825 3128 1119 3201 superfluae
1142 3135 1198 3184 et
1224 3125 1498 3198 frequenti
1522 3125 1610 3180 in-

51 3235 207 3282 tentus
227 3235 372 3282 esset
404 3216 1044 3290 comessationi,eecidit
1083 3219 1140 3275 in
1172 3233 1416 3274 amorem
1443 3232 1617 3273 mere-

52 3319 240 3375 tricum.
282 3319 444 3376 Sicut
495 3318 644 3373 enim
713 3313 970 3388 genitalia
1025 3311 1262 3385 pendent
1300 3327 1368 3367 ex
1403 3322 1613 3380 ventre,

52 3409 113 3465 ita
137 3411 339 3468 luxuria
365 3427 440 3467 ex
463 3408 722 3482 ingluvie.
761 3406 827 3463 Et
846 3422 949 3480 pro
985 3406 1177 3462 ordine
1217 3405 1612 3472 membrorum,

50 3509 122 3558 est
159 3505 286 3560 ordo
325 3503 614 3558 vitiorum.
669 3498 826 3556 Unde
865 3499 1064 3572 legitur
1103 3496 1250 3568 quod
1282 3494 1614 3552 abundantia

49 3598 188 3668 panis
228 3597 329 3653 fuit
353 3611 528 3654 causa
556 3591 855 3650 Sodomitis
894 3590 1274 3665 ignominiosae
1300 3587 1615 3644 fornicatio-

51 3689 126 3744 nis
152 3688 358 3763 (Ezech.
394 3685 554 3760 xvi).
582 3683 797 3741 Rursus
834 3683 966 3754 quia
1006 3682 1249 3737 intentus
1272 3687 1392 3736 erat
1423 3694 1616 3750 super-

51 3782 154 3838 ﬂua:
177 3792 228 3838 et
258 3780 536 3854 frequenti
582 3773 990 3842 comessationi,
1051 3767 1248 3831 ceci'dit
1290 3773 1342 3828 in
1372 3787 1612 3828 amorem

50 3874 305 3942 saltatrite,
354 3872 678 3938 mimorum,
729 3877 784 3924 et
835 3866 1173 3924 scurrilium.
1231 3863 1509 3936 Scriptum
1525 3871 1617 3918 est

49 3967 214 4022 enim:
250 3987 268 4020 ι
314 3964 473 4022 Sedit
514 3962 752 4035 populus
818 3960 1154 4016 manducare
1201 3967 1257 4014 et
1305 3956 1510 4023 bibere,
1561 3962 1618 4034 et

51 4070 389 4120 surrexerunt
415 4059 604 4116 ludere
628 4057 829 4131 (Exod.
865 4055 1065 4127 xxxu).
1114 4073 1134 4106 ι
1166 4052 1380 4110 Rursus
1421 4068 1490 4108 ex
1518 4067 1614 4108 ea-

50 4154 157 4209 dem
178 4169 341 4212 causa
363 4151 566 4210 cecidit
594 4153 651 4206 in
677 4149 1142 4206 inconsideratam
1188 4146 1616 4219 promissionem

49 4256 94 4300 et
129 4247 478 4303 temerarium
531 4244 929 4315 juramentum.
991 4239 1051 4296 In
1115 4237 1617 4295 eomessationibus

48 4339 176 4395 enim
196 4342 333 4396 solet
351 4337 635 4395 abundare
665 4332 1096 4404 multiloquium,
1137 4346 1202 4385 ex
1225 4345 1336 4401 quo
1365 4328 1618 4400 provenit

49 4430 435 4488 inconsiderata
481 4428 686 4486 locutio
725 4435 780 4482 et
824 4424 1174 4482 temerarium
1205 4422 1614 4493 juramentum;

1636 1801 1678 1860 Β

1695 544 2049 614 temperantia
2099 543 2362 616 ingluviei
2402 552 2457 599 et
2509 545 2744 600 luxuriae
2785 546 2854 601 ad
2883 555 3146 616 quantam
3183 564 3252 603 ve

1693 635 1776 692 nit
1807 636 2103 692 cmeitatem
2129 637 2350 703 mentis,
2384 646 2444 692 ut
2480 637 2664 692 mallet
2709 639 2960 694 occidere
3008 647 3120 694 tam
3157 654 3270 694 san-

1694 739 1842 786 ctum
1891 728 2094 796 virum,
2136 745 2302 800 quam
2340 730 2693 785 temerarium
2744 739 2958 786 mutare
2999 730 3285 801 jurameu-

1695 830 1835 890 tum,
1875 823 2061 879 mallet
2082 823 2253 878 Deum
2281 831 2339 878 et
2359 823 2611 880 homines
2641 824 2914 881 oﬁ‘endere
2935 841 3102 897 quam
3125 827 3283 881 adul-

1695 925 1868 973 teram
1919 925 1974 972 et
2016 915 2347 972 saltatricem
2397 915 2736 985 contristari,
2793 919 2978 973 mallet
3024 933 3287 989 apparere

1698 1009 1900 1080 impius
1920 1025 2085 1080 quam
2119 1009 2471 1081 vaniloquus,
2507 1009 2693 1064 mallet
2743 1025 2904 1066 suum
2949 1011 3182 1065 natalem
3233 1018 3290 1065 ct

1699 1117 1914 1158 clx-nam
1973 1111 2083 1156 tam
2135 1102 2464 1167 solenmem,
2494 1111 2549 1158 et
2583 1112 2661 1158 tot
2701 1103 3009 1175 principum
3044 1119 3278 1175 praesen-

1698 1194 1832 1251 tiam
1889 1195 2192 1266 sanguineo
2243 1196 2422 1266 capite
2476 1197 2647 1252 occisi
2693 1197 2935 1254 hominis
2989 1199 3286 1262 maculare,

1699 1302 1867 1359 quam
1919 1287 2179 1342 adulterae
2223 1296 2333 1342 tam
2382 1288 2703 1359 sacrilegam
2765 1289 3082 1358 petitionem
3124 1289 3292 1344 dene-

1701 1395 1853 1452 gare.
1877 1378 2058 1452 lmpii,
2090 1395 2328 1451 quorum
2359 1380 2545 1436 nullus
2594 1380 2850 1437 inventus
2881 1381 3091 1452 estqui
3120 1392 3290 1437 teme-

1701 1473 1903 1529 rariam
1929 1472 2074 1544 regis
2101 1471 2523 1542 promissionem
2561 1481 2618 1528 et
2651 1472 3028 1542 jnramentum
3083 1471 3290 1528 saniori

1701 1563 1937 1622 consilio
1977 1571 2226 1620 moneret
2279 1578 2405 1619 esse
2456 1564 2877 1635 permutandum
2906 1607 2922 1634 ,
2986 1565 3291 1636 praesertim

1703 1673 1830 1714 cum
1853 1657 2106 1714 viderent
2142 1672 2269 1713 eum
2312 1656 2696 1713 contristatum
2727 1672 2848 1713 esse
2875 1666 3096 1728 propter
3138 1656 3294 1728 jura-

1708 1760 1978 1818 mentum,
2007 1750 2114 1807 nisi
2146 1749 2287 1805 forte
2321 1749 2707 1804 intellexerunt
2739 1749 3017 1804 tristitiam
3047 1749 3196 1820 regis
3228 1747 3298 1802 ti—

1707 1853 1852 1899 ctam
1889 1858 2034 1911 esse,
2084 1851 2139 1898 et
2180 1858 2307 1898 eum
2342 1841 2446 1898 sub
2470 1841 2564 1897 tali
2593 1841 2950 1898 excusatione
2998 1839 3299 1895 voluntatis

1707 1951 1822 1993 suae
1880 1934 2251 2007 impletionem
2299 1934 2703 2006 praestruxisse.
2755 1931 2896 1989 Ecce
2947 1930 3192 1987 Herodes
3245 1938 3301 1986 et

1706 2026 1996 2095 llerodias,
2040 2035 2263 2082 mentes
2296 2026 2364 2082 de
2405 2025 2642 2097 ingluvie
2676 2024 2732 2080 in
2760 2009 3127 2092 adulterium,
3149 2031 3204 2078 et
3231 2020 3302 2076 de

1707 2120 1978 2176 adulterio
2010 2118 2064 2174 in
2097 2117 2299 2175 mentis
2321 2117 2736 2183 caecitatem,de
2759 2117 3004 2172 caecitate
3026 2116 3081 2171 in
3120 2115 3301 2170 homi-

1707 2213 1914 2269 cidium
1948 2211 2296 2282 patriarchae,
2319 2218 2374 2266 et
2405 2210 2625 2268 demum
2657 2209 2713 2264 in
2742 2217 3004 2264 aeternam
3050 2206 3302 2278 praeeipi-

1709 2313 1896 2362 tantur
1948 2303 2380 2360 damnationem.
2459 2289 2668 2369 Quarto
2697 2317 2828 2356 vero
2891 2299 3302 2354 demonstratur

1708 2396 1989 2470 quomodo
2038 2394 2168 2450 boni
2217 2393 2506 2466 proficiant
2552 2393 2620 2449 de
2659 2393 2805 2448 bono
2849 2391 2904 2446 in
2954 2390 3152 2445 melius
3205 2403 3304 2460 per

1708 2490 1973 2548 Joannem
2010 2487 2331 2568 Baptistam.
2357 2485 2483 2555 Qui,
2513 2495 2575 2541 ut
2602 2490 3077 2556 pra'monstratum
3098 2490 3201 2549 est,
3237 2480 3307 2537 de

1709 2582 1857 2639 bono
1886 2581 2194 2650 charitatis,
2225 2578 2457 2652 profecit
2496 2578 2551 2634 in
2579 2578 2725 2634 bono
2774 2573 3210 2648 praedicationis;
3236 2572 3308 2631 da

1710 2677 1857 2733 bono
1904 2665 2332 2747 prtedieationis,
2380 2673 2438 2730 in
2491 2671 2829 2742 triumphum
2883 2667 3178 2740 martyrii;
3237 2665 3307 2722 de

1711 2768 1990 2838 triumpho
2019 2765 2289 2838 martyrii,
2314 2764 2371 2820 in
2401 2772 2664 2821 aeternam
2703 2760 3126 2825 beatitudinem,
3146 2757 3306 2830 juxta

1711 2860 1859 2932 quod
1904 2859 2101 2932 legitur
2149 2859 2206 2914 in
2262 2856 2589 2930 Apocalypsi
2627 2875 2640 2910 :
2679 2854 2899 2912 Justum
2947 2860 3032 2908 est
3055 2860 3160 2929 uti
3211 2849 3307 2920 qui

1712 2967 1940 3015 sanctus
1986 2965 2091 3026 est,
2137 2955 2512 3012 sanetilicetur
2545 2953 2727 3010 adhuc
2759 2951 2945 3023 (Apoc.
2993 2947 3152 3019 xxu).
3193 2965 3212 3000 ›
3239 2945 3309 3000 Et

1711 3051 2006 3110 Psalmista
2028 3070 2054 3128 γε
2092 3071 2110 3104 ς
2141 3049 2341 3106 Beatus
2360 3051 2464 3116 vir,
2497 3047 2659 3118 cujus
2688 3055 2772 3102 est
2801 3043 3070 3099 auxilium
3096 3040 3196 3096 abs
3229 3047 3302 3106 te,

1640 3166 1686 3230 ρ
1717 3145 2070 3204 ascensiones
2115 3143 2168 3198 in
2228 3142 2394 3199 corde
2420 3157 2522 3197 suo
2550 3137 2823 3209 disposuit
2850 3136 2905 3190 in
2933 3135 3074 3190 valle
3129 3133 3309 3205 laet-y-

1719 3255 1960 3306 marum,
1998 3236 2054 3292 in
2095 3237 2218 3291 loco
2259 3250 2424 3306 quem
2451 3231 2658 3304 posuit.
2704 3228 2920 3285 Etenim
2972 3224 3314 3284 benedictio-

1716 3351 1842 3392 nem
1863 3333 2017 3390 dabit
2042 3331 2340 3403 legislator,
2382 3348 2412 3391 ‹Δ
2439 3328 2597 3384 ibunt
2621 3327 2690 3382 de
2712 3325 2914 3380 virtute
2940 3323 2994 3378 in
3022 3321 3305 3399 virtutem,

1716 3426 1992 3483 videbitur
2038 3422 2183 3479 Deus
2243 3421 2474 3478 deorum
2505 3418 2561 3474 in
2594 3417 2726 3474 Sion
2777 3413 2954 3489 (Psa'l.
2990 3410 3243 3481 Lxxxm).
3283 3428 3301 3460 ι

1715 3517 1829 3575 Nos
1878 3517 2084 3587 itaque,
2121 3513 2320 3570 fratres
2356 3511 2487 3580 mei,
2519 3496 2689 3566 vitam
2717 3519 2772 3565 et
2803 3505 3069 3563 malitiam
3113 3515 3311 3574 pravo-

1713 3625 1840 3666 rum
1871 3609 2226 3672 detestantes,
2255 3601 2688 3659 comessationes
2715 3608 2769 3654 et
2805 3597 3099 3654 ebrietates
3129 3589 3310 3661 fugia-

1717 3720 1865 3772 mus,
1891 3699 2246 3772 meretricum
2273 3705 2329 3753 et
2357 3695 2725 3760 saltatricum,
2762 3700 2818 3766 et
2847 3701 3164 3746 scurrarum
3208 3699 3308 3755 pe-

1717 3805 1858 3854 stem
1902 3793 2180 3866 fugiamus
2203 3797 2259 3846 et
2278 3788 2570 3854 evitemus,
2603 3793 2658 3840 et
2693 3785 2748 3840 in
2777 3780 2995 3838 silentio
3023 3786 3077 3832 et
3101 3787 3309 3846 tempe-

1717 3889 1894 3946 rantia
1943 3884 2314 3950 eomedeutes,
2371 3893 2586 3936 sacram
2645 3876 2937 3953 lectionem
2995 3869 3310 3934 audiamus,

1717 3978 2151 4050 multiloquium,
2187 3971 2592 4043 stultiloquium
2613 3977 2667 4025 et
2689 3963 2978 4024 temeraria
2999 3961 3312 4034 juramenta

1724 4089 2036 4132 caveamus.
2066 4071 2171 4128 Sed
2199 4078 2253 4125 et
2278 4067 2325 4124 si
2361 4064 2493 4136 quid
2529 4061 2669 4118 forte
2709 4055 2998 4115 temerarie
3041 4051 3312 4124 promise-

1719 4171 1898 4228 rimus
1947 4166 2029 4222 vel
2067 4163 2460 4236 juraverimus,
2535 4156 2734 4212 melius
2791 4160 2878 4208 est
2921 4148 3055 4204 illud
3097 4155 3313 4202 mutare

1715 4277 1884 4334 quam
1913 4260 1968 4315 in
1988 4235 2146 4330 pejus
2171 4267 2447 4312 corruere.
2477 4247 2691 4305 Juravit
2718 4259 2942 4318 quoque
2965 4239 3137 4295 David
3159 4235 3307 4310 quod

1720 4331 1996 4410 occideret
2036 4347 2208 4404 Nabal
2266 4345 2517 4409 stultum,
2554 4339 2646 4396 sed
2670 4338 2736 4394 ad
2762 4336 2997 4408 primam
3049 4331 3316 4387 interces-

1722 4446 1932 4502 sionem
1977 4439 2192 4512 Abigail
2227 4433 2512 4510 prudentis
2541 4431 2781 4497 feminae,
2820 4426 3094 4484 revocath
3123 4436 3312 4479 ensem

44 4525 256 4582 crimina
284 4525 434 4582 enim
461 4521 788 4589 criminibus
810 4519 1188 4575 vindicantur:
1215 4515 1360 4571 unde
1382 4513 1621 4570 Joannes
1652 4529 1699 4588 ο
1726 4538 1781 4592 in
1814 4535 2090 4608 vaginam,
2116 4547 2217 4587 nec
2239 4528 2444 4600 aliquid
2474 4526 2647 4597 culpa,
2671 4522 2764 4580 mli
2791 4520 3034 4595 periurio
3061 4534 3119 4573 se
3141 4513 3315 4571 (ιοιυίι

47 4616 98 4674 in
134 4617 457 4692 Apocalypsi
485 4635 498 4672 :
525 4615 742 4671 Justum
769 4622 855 4669 est
883 4620 945 4668 ut
976 4629 994 4663 ι
1027 4610 1124 4683 qui
1154 4609 1210 4665 in
1233 4609 1486 4667 sordibus
1513 4615 1609 4676 est,

1710 4601 2066 4696 contraxisse
2089 4621 2144 4695 (Ι
2171 4621 2305 4692 Reg.
2344 4617 2497 4696 xxv).
2530 4613 2759 4671 Joannis
2804 4628 2932 4668 vero
2966 4607 3310 4664 sanctitatem

48 4711 308 4769 sordescat
336 4710 518 4768 adhuc
549 4707 733 4780 (Apoc.
771 4704 930 4776 xxii).
961 4724 978 4756 ι
1362 4775 1366 4778 ⁵

111 4799 401 4874 Sequitur:
440 4800 573 4868 Qua:
605 4815 727 4854 cum
774 4797 1011 4865 exiisset,
1047 4795 1188 4849 dixit
1233 4792 1397 4848 matri
1449 4807 1563 4846 sua:
1601 4808 1620 4846 :

51 4891 177 4960 Quid
195 4893 413 4964 petam?
436 4892 506 4946 At
535 4891 635 4948 illa
664 4889 806 4944 dixit
827 4889 874 4942 ei
901 4903 920 4942 :
955 4885 1129 4958 Caput
1167 4883 1396 4939 Joannis
1427 4882 1623 4954 Bapti-

47 4993 154 5040 sta.
185 4984 321 5040 Ecce
371 4983 503 5054 quid
533 4979 812 5037 crudelius
856 4988 943 5036 est
969 4977 1275 5034 meretrice.
1341 4975 1620 5046 Scriptum

36 5083 123 5132 est
140 5078 282 5134 enim
317 5096 330 5131 :
369 5096 387 5130 ι
417 5075 538 5132 Νοη
563 5083 648 5131 est
677 5082 842 5144 caput
889 5072 1128 5154 nequius
1149 5085 1316 5141 super
1345 5080 1509 5140 caput
1533 5079 1623 5122 eo-

48 5167 197 5237 lubri,
242 5178 430 5226 etnon
473 5177 560 5225 est
605 5167 812 5222 malitia
864 5180 1032 5235 super
1062 5163 1328 5218 malitiam
1371 5159 1648 5216 mulieris-

48 5260 228 5332 (Eccli.
255 5263 404 5336 xxv).
439 5283 458 5314 »
491 5261 559 5318 Ει
593 5262 760 5317 oblita
791 5274 956 5317 sexus
986 5257 1093 5326 sui,
1119 5257 1286 5312 oblita
1316 5255 1542 5328 pudoris
1569 5262 1624 5312 et

49 5355 374 5425 reverentiae,
401 5355 452 5410 in
485 5365 598 5410 tam
631 5353 861 5409 solemni
891 5351 1165 5418 convivio,
1213 5359 1268 5406 et
1307 5364 1494 5405 coram
1543 5355 1624 5404 tot

19 5449 395 5523 principibus,
441 5451 695 5524 jugulum
724 5459 838 5505 tam
894 5446 1234 5504 sanctissimi
1273 5445 1536 5524 hominis,
1572 5450 1629 5498 et

48 5542 114 5597 ob
148 5555 256 5600 tam
290 5543 600 5620 pudendam
626 5557 850 5600 causam
887 5540 1170 5612 postulare
1193 5554 1302 5594 non
1329 5523 1622 5594 erubescit.

50 5631 115 5718 Et
135 5637 473 5693 contristatus
491 5645 590 5704 est,
626 5635 820 5707 inquit,
863 5650 954 5688 rea:
990 5640 1203 5704 propter
1221 5629 1626 5702 jusjurandum,

50 5739 94 5781 et
108 5715 325 5796 propter
349 5730 505 5785 simul
533 5726 919 5784 discumbentes
941 5724 1112 5780 noluit
1145 5715 1264 5778 eam
1294 5721 1624 5786 contristari,
1695 5719 1704 5728 “

57 5823 138 5882 ted
168 5819 328 5878 misso
353 5819 960 5895 spicttlatore,pt‘a'cepit
1001 5817 1184 5890 aﬂ'erri
1209 5825 1367 5888 caput
1398 5811 1625 5869 Joannis

1723 4719 2064 4783 aemulantes,
2094 4714 2374 4770 discamus
2413 4719 2469 4766 et
2517 4708 2831 4780 proximum
2881 4710 3144 4775 .nostru'n
3187 4711 3314 4752 vere

1703 4810 1969 4882 diligere,
1991 4805 2426 4877 delinquentium
2458 4798 2938 4868 vitia.corrigere,
2970 4809 3070 4866 pro
3097 4789 3312 4863 justitia

1722 4919 1832 4958 non
1861 4900 2039 4958 solum
2061 4906 2274 4965 nostra,
2303 4893 2399 4952 sed
2427 4893 2593 4950 etiam
2617 4890 2784 4945 vitam
2813 4895 3056 4942 nostram
3085 4895 3310 4953 ponere,

1723 4993 2000 5052 mundana
2053 4999 2423 5055 contemnere,
2481 4985 2549 5041 ad
2598 4993 2854 5039 aeternam
2919 4974 3310 5033 beatitudinem

1707 5065 1837 5145 toto
1866 5067 2145 5144 desiderio
2170 5082 2451 5140 festinare.
2483 5077 2637 5146 Quod
2665 5075 2922 5148 precibus
2951 5071 3036 5126 sui
3074 5083 3313 5140 praecur-

1723 5180 1869 5238 soris
1902 5188 1958 5237 et
1983 5177 2242 5249 baptista:
2283 5173 2550 5229 concedat
2570 5170 2728 5225 nobis
2771 5167 2916 5223 Deus
2957 5173 3012 5221 et
3045 5163 3313 5219 Dominus

1725 5281 1914 5330 noster
1962 5270 2124 5327 Jesus
2173 5267 2450 5334 Christus,
2503 5263 2596 5336 qui
2641 5278 2766 5320 cum
2813 5259 2974 5315 Patre
3025 5268 3080 5314 et
3103 5257 3309 5329 Spiritu

1723 5376 1915 5424 sancto
1952 5365 2087 5420 vivit
2107 5373 2162 5420 ct
2195 5369 2387 5435 regnat
2433 5357 2579 5415 Deus
2630 5351 2942 5429 peremnia
2985 5351 3183 5410 saecula
3209 5366 3312 5406 sa:-

1699 5439 1712 5521 ξ
1725 5459 1998 5516 culorum.
2023 5456 2220 5511 Amen.

1701 5621 1704 5626 .
1723 5575 1804 5631 De
1825 5530 2180 5644 decollatione
2202 5566 2624 5644 sanctijoanuis
2645 5564 2928 5635 Baptism.
2954 5563 3038 5618 Ea:
3058 5557 3308 5631 Baptis'..

2359 5639 2673 5693 Mantuano.

1724 5761 1988 5828 Herodes,
2029 5759 2242 5816 Herode
2260 5827 2265 5828 ί
2283 5766 2457 5822 satus,
2474 5741 2692 5810 vesana
2729 5765 2994 5828 propago,

1724 5833 1800 5892 De
1829 5821 1985 5896 patre
2019 5845 2222 5890 vesano
2247 5821 2714 5896 fratris'consorte
2734 5821 2968 5896 Philippi
