3850 6318
56 336 160 396 liii

1191 321 1519 382 l-IOMILUE.
1557 353 1624 368 ι·-
1650 323 1670 360 ¹
1717 323 1808 384 DE
1845 323 2193 386 TEMPORE.

3164 332 3306 396 ωε

53 471 372 532 licatiouibus
393 469 534 524 meis
600 463 914 536 implentini.
967 461 1142 517 Porio
1173 476 1302 517 vera
1343 459 1612 532 sapientia
1643 445 1688 505 Α
1717 460 1842 518 aliis
1873 461 2044 519 illam.
2085 459 2352 520 Similiter
2387 477 2648 536 magnum
2678 465 2967 538 praemium
3010 471 3303 545 accipient,

53 577 264 624 mentem
293 563 500 628 reﬁcit;
524 559 800 616 mundana
836 571 966 613 vero
995 554 1264 626 sapientia
1309 569 1424 609 non
1483 554 1610 610 rell-

50 665 131 728 eit,
151 659 238 717 sed
261 657 432 713 inflat.
477 653 630 710 Unde
680 661 737 710 et
769 652 912 709 bene
927 649 1272 723 signiﬁcatur
1295 663 1392 720 per
1426 647 1611 705 silices

51 770 272 819 sonoras,
323 750 598 815 inﬂantes,
650 762 762 803 non
813 744 1144 812 relicientes,
1205 741 1409 814 quibus
1457 741 1605 799 ﬁlius

49 852 280 923 prodigus
293 847 549 917 cupiebat
567 844 794 915 implere
805 852 1048 898 ventrem
1066 856 1249 909 suum,
1265 849 1442 897 etnon
1457 851 1610 911 pote-

47 941 271 1014 rat(Lue.
296 937 686 1010 xv).Quoniam
701 935 980 993 saecularis
991 933 1257 1007 sapientia
1282 932 1502 1005 garrula
1524 938 1610 988 est

49 1045 93 1091 et
117 1034 360 1100 inﬂativa,
387 1032 547 1087 cibus
569 1028 745 1102 magis
774 1042 1068 1100 porcorum
1097 1042 1266 1098 quam
1293 1025 1605 1082 hominum.

107 1127 350 1198 Sequitur
377 1141 480 1196 pas
509 1123 691 1192 tertia,
715 1124 902 1194 inqua
923 1121 1108 1178 divina
1131 1120 1396 1192 sapientia
1423 1129 1612 1178 esten-

49 1223 116 1276 dit
139 1219 305 1291 qualis
343 1218 465 1290 ipsa
504 1217 596 1273 sit.
633 1213 883 1272 Ostendit
912 1223 1098 1270 autem
1125 1227 1332 1270 seesse
1363 1211 1607 1279 dulcem,

49 1330 98 1370 se
113 1328 222 1370 esse
233 1321 515 1378 teternam,
530 1326 588 1367 se
607 1325 733 1366 esse
756 1307 1196 1366 desiderabilem.
1229 1307 1376 1363 Sane
1403 1322 1464 1364 se
1483 1320 1610 1363 esse

49 1405 232 1460 dulcem
253 1403 514 1472 ostendit,
547 1419 674 1460 cum
699 1401 833 1458 dicit
855 1413 871 1456 ξ
893 1399 1130 1473 Spiritus
1156 1415 1302 1456 meus
1327 1415 1486 1472 super
1497 1397 1609 1455 me!

47 1490 224 1557 dulcis,
248 1499 298 1545 et
332 1489 624 1545 hereditas
654 1505 772 1544 mea
796 1505 954 1559 super
977 1488 1079 1544 me!
1108 1497 1158 1543 et
1187 1488 1390 1559 favum.
1419 1485 1480 1543 Si
1507 1487 1608 1542 ali-

49 1581 160 1653 quid
183 1581 392 1638 dulcius
415 1581 741 1648 iuvenisset,
778 1580 915 1638 illud
947 1580 1242 1652 posuisset.
1288 1579 1356 1636 Et
1385 1579 1610 1652 quidem

50 1675 302 1746 inspiratio
341 1674 548 1731 divinae
580 1674 864 1746 sapientia:
915 1672 971 1728 in
1005 1673 1233 1740 sanctis,
1258 1671 1511 1744 quamvis
1540 1671 1613 1728 sit

51 1768 360 1837 particularis
381 1775 438 1823 et
465 1767 803 1833 umbratilis,
831 1775 1012 1822 tamen
1042 1780 1206 1836 super
1243 1779 1464 1824 omnem
1487 1764 1612 1824 dul-

52 1860 263 1915 tezlinem
310 1868 416 1917 est.
468 1857 580 1916 Sed
619 1867 826 1930 quanta
867 1858 1074 1930 putatis
1118 1857 1223 1914 erit
1270 1856 1504 1914 dulcedo
1547 1857 1603 1913 in

50 1959 205 2022 aperta
224 1953 580 2024 perceptione
610 1959 668 2008 et
702 1951 1019 2007 haereditate
1065 1951 1238 2018 illius,
1268 1965 1394 2022 qua:
1423 1950 1479 2006 in
1503 1949 1608 2006 Dei

49 2045 229 2101 visione
255 2045 388 2104 ﬁet?
417 2044 492 2105 Se
532 2059 664 2102 vero
694 2052 956 2100 aeternam
1002 2058 1126 2100 esse
1169 2041 1430 2110 ostendit,
1481 2051 1642 2099 cum‘

51 2138 237 2194 subdit:
271 2137 539 2194 Memoria
562 2154 678 2193 mea
717 2137 775 2192 in
797 2137 1136 2209 generatione
1159 2137 1503 2193 surculorum.
1532 2137 1612 2192 Ac

57 2231 95 2284 si
116 2240 282 2300 aperte
325 2231 476 2288 dicat
509 2249 525 2286 :
557 2229 840 2302 Sapientia
877 2229 1284 2287 mundanorum
1308 2231 1530 2302 peribit,
1556 2238 1613 2288 et

54 2337 142 2376 non
160 2301 254 2378 erit
282 2323 556 2384 memoria
599 2301 743 2394 ejus,
799 2323 1065 2394 quoniam
1116 2321 1173 2380 in
1228 2301 1327 2378 illa
1365 2322 1454 2380 die
1481 2337 1609 2394 per-

54 2413 186 2468 ibunt
206 2428 394 2470 omnes
417 2413 790 2486 cogitationes
811 2428 1023 2472 eorum.
1055 2412 1126 2468 At
1149 2428 1250 2486 ego
1274 2413 1329 2468 in
1344 2422 1610 2470 aeternum

54 2523 236 2576 maneo,
281 2519 334 2564 et
373 2508 484 2564 mei
535 2523 813 2564 memores
855 2507 909 2563 in
947 2515 1215 2564 aeternum
1261 2523 1486 2566 manere
1522 2507 1609 2568 fa—

53 2601 139 2654 cio.
165 2599 224 2656 Et
250 2602 440 2668 notitia
469 2617 646 2672 quam
676 2601 882 2656 habent
899 2600 969 2657 de
1000 2616 1091 2657 me
1115 2601 1173 2656 in
1200 2601 1306 2658 hac
1333 2602 1466 2670 vita,
1497 2617 1609 2657 non

52 2691 310 2762 auferetur,
339 2694 451 2750 imo
478 2693 799 2766 perﬁcietur
816 2693 896 2750 eis
922 2694 979 2749 in
995 2703 1199 2751 interna
1220 2695 1351 2751 vita.
1389 2693 1461 2751 Se
1483 2709 1609 2752 esse

51 2785 428 2842 desiderabilem
459 2787 728 2854 ostendit,
762 2803 888 2844 cum
936 2788 1126 2844 subdit
1155 2807 1168 2843 :
1201 2787 1308 2856 Qui
1343 2789 1506 2844 edunt
1528 2805 1611 2844 nte

53 2877 194 2932 adhuc
219 2880 467 2946 esuriant,
496 2891 548 2934 et
575 2881 669 2951 qui
714 2879 900 2937 bibunt
943 2898 1026 2936 me
1053 2881 1226 2936 adhuc
1255 2883 1459 2938 sitiant.
1494 2881 1612 2940 Hoc

52 2967 284 3038 siquidem
318 2970 557 3028 interest
592 2971 738 3028 inter
761 2972 987 3035 delicias
1017 2975 1331 3045 corporales
1353 2983 1408 3031 et
1441 2976 1607 3048 spiri-

54 3063 217 3128 tuales,
245 3075 297 3121 et
337 3064 484 3121 inter
517 3073 766 3122 terrenas
815 3073 870 3123 et
911 3075 1165 3134 aeternas,
1207 3068 1358 3139 quod
1398 3068 1609 3124 delicia:

52 3155 323 3224 corporales
376 3167 432 3213 et
465 3169 725 3226 terrena,
767 3173 896 3215 cum
926 3158 1356 3229 nonhabentur,
1392 3175 1606 3232 magna:
1633 3196 1677 3257 ϐ

51 3254 272 3312 putantur
290 3248 769 3305 etdesiderantur.
815 3247 979 3304 Enim
1010 3263 1143 3305 vero
1173 3265 1302 3308 cum
1327 3261 1604 3309 consueta:

51 3335 240 3404 fuerint,
261 3341 540 3399 vilescunt
557 3349 614 3398 et
633 3340 691 3396 in
715 3340 1006 3402 fastidium
1035 3351 1346 3402 vertuntur.
1369 3342 1441 3398 At
1470 3358 1604 3400 con-

50 3441 136 3502 tra,
153 3436 452 3508 spirituales
475 3447 538 3495 et
575 3447 794 3496 internae
823 3438 1053 3507 delicias,
1082 3455 1212 3498 cum
1238 3456 1350 3496 non
1397 3440 1607 3498 haben-

50 3531 139 3595 tur,
166 3529 318 3589 nulla!
367 3537 671 3603 putantur;
725 3529 928 3586 habita:
970 3545 1105 3586 vero
1145 3530 1479 3586 desiderium
1517 3546 1608 3588 ac-

49 3617 272 3690 cendunt,
319 3622 394 3678 ita
437 3630 632 3678 tamen
655 3621 801 3692 quod
830 3620 886 3676 in
931 3621 1053 3692 ipso
1078 3620 1355 3678 desiderio
1381 3621 1605 3679 satietas

48 3721 134 3779 est,
159 3712 287 3769 etin
333 3714 453 3786 ipsa
500 3702 750 3770 satietate
777 3713 1132 3770 desiderium.

101 3801 335 3874 Sequitur
348 3821 482 3876 pars
497 3813 715 3876 quarta,
731 3805 786 3862 in
804 3821 912 3877 qua
923 3805 1109 3862 divina
1127 3807 1394 3878 sapientia
1415 3816 1605 3865 osten-

47 3891 114 3947 d.t
136 3911 285 3966 quam
314 3899 480 3958 nobis
507 3899 657 3954 utilis
671 3899 762 3967 sit,
783 3914 911 3955 cum
931 3900 1118 3956 subdit
1141 3918 1156 3955 :
1181 3899 1290 3966 Qui
1311 3901 1464 3955 audit
1493 3916 1594 3969 me,

48 4001 131 4040 non
142 3990 507 4060 confundetur,
523 4001 574 4046 et
589 3993 678 4063 qui
698 4003 984 4062 operantur
996 3993 1054 4046 in
1070 4009 1152 4048 me
1169 4009 1273 4048 non
1287 3995 1600 4064 peccabunt,

49 4084 90 4128 et
112 4079 190 4147 qui
213 4079 486 4138 ducidant
515 4097 596 4138 me
621 4083 784 4136 vitam
803 4092 1062 4140 aeternam
1085 4085 1448 4155 possidebunt.
1487 4087 1594 4154 Qui

47 4171 194 4240 audit,
219 4174 412 4247 inquit,
450 4192 558 4244 me,
592 4176 826 4232 subaudi
865 4178 1050 4246 corde,
1073 4187 1127 4234 et
1166 4179 1450 4250 proposito
1469 4180 1604 4237 obe-

45 4257 330 4333 dieudi,etsi
349 4284 458 4324 non
490 4268 689 4325 habeat
712 4276 929 4339 tempus
959 4270 1243 4340 operandi,
1267 4281 1452 4327 tamen
1483 4287 1597 4328 non

46 4355 376 4417 confundetur
407 4362 465 4418 in
495 4361 584 4417 die
600 4361 794 4433 judicii
819 4361 887 4418 ad
904 4361 1476 4436 damnationem,quia
1496 4381 1600 4420 au-

45 4445 184 4505 dierit
208 4451 308 4510 hoc
333 4454 632 4511 consilium
655 4455 960 4528 sapientiai,
991 4464 1053 4511 ut
1078 4455 1509 4518 confunderetur
1531 4457 1600 4514 ad

1712 554 1808 626 qui
1827 555 2060 612 audiunt
2079 555 2248 613 corde
2283 557 2634 628 sapientiam,
2673 560 2856 632 majus
2882 562 2980 634 qui
3007 578 3306 635 operantur

1710 652 2016 710 secundum
2067 653 2240 721 illam,
2294 655 2598 711 maximum
2629 657 2727 730 qui
2757 659 2926 716 verbo
2971 670 3027 716 et
3051 664 3304 736 exemplo

1709 745 2008 817 explanant
2036 745 2208 803 illam.
2233 746 2439 806 Omnes
2461 757 2645 806 tamen
2667 751 2838 807 vitam
2865 752 3146 810 habebunt
3165 771 3305 812 sem-

1710 839 2004 911 piternam.
2035 839 2175 896 Cum
2212 841 2420 913 itaque,
2464 841 2666 901 fratres
2698 845 2828 912 mei,
2858 847 2976 903 haec
3002 848 3167 904 verba
3191 849 3306 908 sint
3334 845 3350 910 i

1711 930 2017 1001 sapientiai,
2077 939 2313 1002 possunt
2362 939 2420 990 et
2486 931 2664 990 beata:
2722 933 2933 1008 Virgini
2985 939 3302 1007 convenire,

1709 1037 1878 1092 quam
1912 1021 2031 1094 ipsa
2055 1021 2238 1081 Patris
2282 1024 2552 1096 sapientia
2583 1025 2641 1082 in
2683 1027 2964 1101 singulare
3005 1031 3303 1088 reclinatu-

1708 1113 1857 1170 rium
1889 1113 1995 1170 sibi
2015 1115 2317 1188 praelegit,
2341 1115 2634 1174 fabricavit
2655 1128 2712 1175 et
2738 1121 2974 1178 ornavit.
3007 1121 3106 1179 Est
3151 1124 3302 1182 enim

1715 1213 1930 1278 tropus,
1952 1206 2050 1278 qui
2080 1209 2414 1281 metonymia
2441 1221 2815 1283 nuncupatur,
2850 1214 3074 1285 quando
3107 1216 3302 1274 videli-

1711 1307 1797 1354 cet
1816 1297 1968 1370 quod
1989 1301 2236 1357 contenti
2271 1311 2378 1370 est,
2403 1303 2709 1360 continenti
2744 1307 3082 1363 attribuitur.
3115 1307 3304 1367 Potest

1689 1390 1884 1464 igitur
1909 1391 2066 1448 beata
2091 1391 2386 1465 Virgonos
2409 1395 2477 1452 ad
2517 1397 2938 1456 admirationem
2959 1409 3014 1456 et
3042 1402 3109 1456 ad
3133 1417 3302 1458 vene-

1709 1483 2005 1553 rationem,
2031 1485 2087 1540 id
2120 1493 2206 1542 est
2249 1485 2320 1542 ad
2365 1487 2676 1558 exemplum
2713 1489 2822 1557 sui,
2855 1506 2958 1547 nos
2997 1477 3302 1565 inritando,

1713 1577 1898 1635 dicere
1936 1597 1949 1632 :
1985 1577 2099 1650 Ego
2123 1579 2280 1650 quasi
2317 1579 2442 1634 vitis
2470 1580 2795 1652 fructiﬁcavi
2829 1585 3149 1641 suavitatem
3169 1587 3305 1642 odo-

1715 1675 1814 1742 ris,
1871 1689 1982 1729 non
2013 1675 2194 1731 solum
2255 1677 2567 1749 exemplum
2625 1690 2829 1735 sancta:
2873 1679 3000 1736 vita:
3049 1690 3105 1738 et
3147 1683 3306 1740 bona:

1713 1767 1995 1838 opinionis
2037 1768 2301 1825 universo
2343 1769 2552 1826 mundo
2604 1771 2935 1842 praebendo,
2989 1773 3086 1830 sed
3135 1774 3301 1829 etiam

1716 1861 1904 1927 illum,
1929 1861 2092 1933 cujus
2133 1863 2304 1919 odore
2347 1865 2556 1920 mortui
2599 1875 2914 1938 resurgunt,
2971 1867 3301 1938 generando.

1712 1953 1830 2027 Ego
1861 1953 2010 2010 enim
2047 1970 2174 2011 sum
2193 1955 2285 2011 illa
2318 1956 2474 2029 virga
2513 1957 2583 2014 de
2621 1973 2730 2029 qua
2774 1959 3026 2029 praedixit
3074 1958 3246 2016 Isaias
3287 1978 3303 2016 :

1719 2065 1738 2099 ι
1769 2045 2090 2119 Egredietur
2112 2047 2266 2120 virga
2300 2048 2369 2104 de
2397 2049 2583 2105 radice
2609 2047 2784 2117 Jesse,
2811 2058 2867 2106 et
2891 2049 2993 2106 llos
3027 2050 3094 2107 de
3123 2051 3307 2108 radice

1709 2139 1832 2211 ejus
1877 2139 2136 2196 ascendet
2191 2139 2331 2210 (Isa.
2365 2140 2468 2212 at).
2510 2160 2534 2194 ι
2592 2141 2661 2197 Et
2704 2140 2869 2198 ﬂores
2898 2143 3006 2199 mei
3040 2159 3149 2199 non
3174 2153 3307 2200 sunt

1711 2229 1928 2296 inanes,
1961 2229 2058 2286 sed
2085 2239 2216 2286 sunt
2245 2231 2456 2301 fructus
2484 2231 2700 2287 honoris
2724 2213 2774 2288 ei
2796 2233 3126 2290 honestatis:
3158 2236 3306 2292 ﬁlius

1711 2323 1915 2394 quippe
1943 2338 2104 2380 meus
2137 2323 2252 2395 ipse
2266 2323 2390 2393 llos,
2417 2324 2534 2396 ipse
2559 2333 2613 2382 et
2641 2324 2856 2382 fructus
2886 2326 2988 2383 llos
3015 2327 3305 2385 suavitatis

1713 2424 1770 2471 et
1793 2415 2007 2472 fructus
2031 2415 2326 2473 satietatis.
2353 2415 2432 2473 De
2459 2417 2581 2489 ejus
2601 2418 2872 2476 suavitate
2911 2419 3064 2477 Isaac
3088 2421 3142 2475 in
3175 2436 3302 2492 per-

1712 2523 1849 2564 sona
1879 2507 1973 2564 Dei
1998 2507 2180 2565 Patris
2206 2509 2315 2566 ait:
2345 2529 2364 2562 ι
2401 2508 2544 2567 Ecce
2577 2510 2715 2568 odor
2728 2511 2823 2566 ﬁlii
2847 2513 2978 2582 mei,
3003 2515 3148 2570 sicut
3166 2513 3305 2570 odor

1711 2601 1830 2673 agri
1878 2602 2048 2674 pleni,
2095 2604 2187 2661 cui
2240 2604 2522 2662 benedixit
2555 2602 2824 2663 Dominus
2854 2606 3008 2680 (Gen.
3038 2607 3236 2679 xxv").
3276 2626 3298 2662 ι

1710 2690 1789 2750 De
1812 2693 1934 2764 ejus
1962 2695 2214 2752 satietate
2237 2694 2529 2752 Psalmista
2570 2697 2844 2770 praedixit,
2871 2699 3064 2754 dicens
3095 2713 3112 2754 :
3147 2719 3166 2752 ι
3201 2697 3306 2754 Sa-

1712 2785 1892 2843 tiabor
1911 2801 2039 2842 cum
2071 2788 2388 2858 apparuerit
2415 2787 2588 2860 gloria
2619 2797 2712 2844 tua
2737 2787 2914 2861 (Psal.
2956 2790 3092 2861 xvr).
3127 2808 3146 2842 ι
3182 2788 3306 2862 Ipse

1705 2887 1797 2936 est
1832 2879 2040 2950 fruetus
2091 2881 2306 2936 honoris
2354 2891 2408 2937 et
2438 2883 2752 2949 honestatis,
2781 2883 3043 2954 quoniam
3080 2898 3304 2940 omnem

1711 2971 1980 3029 honorem
2000 2982 2058 3030 et
2091 2973 2437 3030 honestatem
2461 2975 2598 3034 etin
2630 2990 2690 3032 se
2732 2975 2917 3044 habet,
2951 2985 3005 3032 et
3051 2977 3140 3032 cui
3185 2977 3306 3033 vult

1707 3065 1933 3137 prabet.
1965 3063 2082 3138 Ego
2113 3076 2286 3121 mater
2317 3067 2554 3138 pulchra:
2577 3067 2902 3136 dilectionis,
2921 3078 2971 3122 et
2994 3069 3228 3139 timoris,
3251 3077 3303 3125 et

1707 3159 2022 3231 agnitionis,
2048 3168 2098 3214 et
2129 3169 2329 3216 sancte
2381 3161 2512 3233 spei.
2558 3158 2767 3216 Harum
2812 3161 3041 3229 scilicet,
3071 3171 3302 3218 ctetera-

1709 3267 1950 3324 rumque
1989 3253 2276 3321 virtutum,
2306 3269 2419 3310 non
2457 3255 2639 3312 solum
2685 3255 2935 3326 exempla
2987 3255 3304 3326 praebendo,

1692 3343 1810 3401 sed
1855 3342 2022 3400 etiam
2052 3343 2232 3406 illum.
2267 3344 2363 3415 qui
2407 3353 2495 3400 est
2536 3343 2778 3412 dilectio,
2818 3345 2974 3412 ﬁdes,
3027 3344 3194 3400 timor
3246 3353 3308 3401 et

1695 3449 1838 3506 spes
1857 3436 2108 3494 ninnium
2139 3435 2384 3492 fidelium
2413 3435 2745 3508 generando.
2772 3434 2844 3489 In
2873 3452 2954 3489 nte
2981 3436 3162 3506 gratia
3189 3451 3306 3490 ons-

1706 3527 1791 3584 nis
1812 3527 1914 3586 via:
1933 3536 1985 3584 et
2013 3528 2280 3594 veritatis,
2303 3528 2361 3582 in
2385 3543 2468 3582 nte
2486 3535 2566 3582 est
2590 3527 2763 3581 omnis
2785 3543 2902 3597 spes
2945 3527 3070 3583 vita:
3100 3536 3151 3582 et
3191 3527 3304 3580 sir-

1710 3619 1865 3676 tutis.
1897 3620 2172 3687 Quoniam
2194 3634 2306 3675 non
2339 3619 2520 3675 solum
2543 3619 2660 3676 haec
2682 3619 2737 3674 in
2759 3634 2849 3675 me
2873 3635 2972 3691 per
2989 3619 3304 3690 exemplum

1693 3713 1964 3780 ostendo,
1993 3713 2091 3770 sed
2119 3713 2287 3769 etiam
2313 3713 2470 3769 illum
2497 3712 2594 3784 qui
2634 3721 2721 3770 est
2765 3731 2784 3764 ι
2812 3712 3010 3784 plenus
3029 3713 3220 3784 gratiae
3247 3721 3306 3769 et

1705 3807 1958 3864 veritatis
1988 3805 2172 3880 (Joan.
2212 3806 2276 3877 l),
2319 3825 2338 3858 ι
2393 3807 2606 3877 quiest
2639 3823 2660 3858 ο
2698 3805 2810 3874 via,
2843 3806 3048 3861 veritas
3089 3814 3147 3861 et
3189 3805 3305 3864 vita

1694 3899 1892 3974 (Joan.
1945 3900 2082 3969 11v),
2117 3917 2140 3952 ι
2175 3897 2272 3970 qui
2312 3906 2397 3954 est
2434 3912 2583 3970 spes,
2629 3898 2805 3954 virtus
2851 3908 2903 3954 et
2954 3895 3302 3970 refrigerium

1705 3993 1958 4051 omnium
1986 3991 2258 4060 ﬁdelium,
2282 3991 2338 4046 in
2364 4006 2494 4048 meo
2509 3999 2668 4048 utero
2698 3997 2874 4064 gesto.
2911 3990 3156 4050 Transite
3174 4006 3304 4063 ergo

1695 4087 1776 4142 ad
1799 4102 1880 4142 nte
1911 4101 2014 4158 per
2029 4085 2422 4154 imitationem,
2461 4085 2556 4158 qui
2597 4085 2974 4158 concupiscitis
3003 4101 3106 4155 me,
3135 4084 3192 4143 id
3215 4094 3306 4144 est

1704 4177 1898 4245 vitam,
1939 4177 2368 4235 sanctimoniam
2395 4185 2450 4234 et
2476 4177 2708 4249 gloriam
2728 4193 2932 4246 meam,
2955 4187 3008 4234 et
3031 4195 3068 4233 a
3089 4195 3306 4251 genera-

1705 4269 1942 4326 tionibus
1971 4271 2128 4340 meis,
2151 4271 2206 4328 id
2228 4280 2320 4329 est
2350 4271 2423 4330 ab
2459 4269 2739 4345 Unigeniti
2764 4272 2876 4328 mei
2904 4273 3305 4330 benedictioni-

1703 4361 1811 4420 bus
1843 4363 2144 4434 implemini
2173 4383 2190 4421 :
2237 4363 2482 4437 Spiritus
2505 4367 2648 4422 enim
2679 4381 2849 4434 item,
2870 4365 2926 4422 id
2947 4375 3034 4424 est
3060 4366 3305 4440 Spiritus

1705 4463 1933 4513 sanctus
1973 4455 2070 4528 qui
2109 4455 2468 4528 singulariter
2508 4456 2570 4512 in
2609 4470 2704 4512 me
2747 4457 3066 4527 supervenit
3115 4463 3170 4513 et
3211 4469 3301 4517 ro-

47 4539 412 4628 pteuitcntiam.
446 4542 566 4602 Hoc
603 4554 690 4601 est
743 4545 892 4618 quod
945 4547 1064 4618 ipsa
1111 4547 1382 4618 sapientia
1421 4547 1602 4610 Patris
1635 4571 1681 4628 [ι
1706 4546 1970 4618 quiescit,
2025 4563 2186 4618 super
2224 4548 2329 4604 mel
2375 4560 2456 4604 est
2502 4548 2702 4605 dulcis.
2739 4547 2812 4603 Et
2846 4549 3132 4606 hareditas
3156 4565 3302 4616 mea,

44 4625 158 4686 dicit
205 4632 258 4688 in
305 4633 604 4708 Evangelio
645 4654 658 4694 :
703 4655 723 4696 ι
758 4635 866 4705 Qui
905 4653 1018 4696 non
1059 4639 1344 4696 erubuerit
1377 4655 1468 4698 me
1501 4656 1604 4697 nec

45 4735 177 4780 uicos
221 4741 527 4799 sermones,
565 4730 715 4790 hunc
765 4730 941 4790 Filius
975 4731 1220 4790 hominis
1267 4749 1379 4790 non
1405 4735 1603 4790 erube-

45 4824 162 4883 scet.
201 4835 322 4878 cum
370 4823 586 4882 venerit
626 4824 683 4880 in
701 4824 1020 4896 ~majestate
1049 4841 1174 4895 sua,
1202 4835 1258 4884 et
1284 4837 1601 4900 sanctorum

45 4912 331 4980 angelorum
381 4917 549 4989 (Luc.
613 4918 724 4990 ιχ).
765 4937 785 4974 ι
837 4917 910 4975 Et
961 4921 1054 4992 qui
1125 4930 1453 4992 operantur,
1513 4922 1602 4977 in-

45 5003 166 5071 tiuit,
200 5008 256 5062 in
297 5027 400 5078 me,
450 5028 554 5068 non
594 5011 909 5083 peccabunt,
932 5013 1169 5070 subaudi
1206 5014 1276 5070 ad
1341 5023 1598 5082 mortem,

44 5096 304 5168 Quoniam,
324 5103 370 5160 si
393 5103 718 5173 peccabunt,
736 5105 853 5176 jam
877 5119 988 5163 non
1013 5106 1390 5177 operabuntur
1412 5107 1466 5161 in
1489 5121 1598 5163 me.

47 5179 106 5234 Et
140 5190 245 5256 qui,
290 5191 490 5264 inquit,
523 5194 796 5254 ducidant
845 5213 948 5264 me,
977 5197 1031 5254 id
1065 5206 1164 5254 est.
1193 5197 1294 5268 qui
1321 5213 1409 5254 me
1434 5198 1601 5254 verbo

46 5280 92 5326 et
117 5282 356 5352 exemplo
383 5284 510 5344 aliis
531 5296 816 5358 exponunt
833 5295 894 5345 et
909 5288 1229 5360 explanant,
1251 5289 1418 5346 vitam
1445 5298 1602 5346 teter.

47 5379 154 5456 nam
169 5376 522 5440 possidebunt.
543 5377 658 5437 Hoc
677 5381 926 5453 estquod
946 5381 1076 5439 alibi
1098 5382 1318 5454 legitur,
1337 5383 1602 5456 quoniam

48 5455 174 5516 sicut
233 5467 400 5524 stellae
473 5469 804 5530 ﬁrmamenti
850 5471 1138 5545 fulgebunt
1182 5473 1282 5546 qui
1339 5473 1602 5531 erudiunt

46 5554 228 5616 multos
273 5560 440 5631 (Dan.
488 5565 610 5637 Ill).
649 5565 824 5626 Porro
845 5570 1050 5641 gradus
1085 5578 1170 5627 est
1198 5570 1258 5626 in
1291 5571 1376 5629 his
1400 5571 1601 5640 tribus,

49 5645 173 5704 sicut
197 5650 250 5708 in
281 5656 478 5713 merito
514 5660 603 5716 vel
651 5661 708 5718 in
759 5662 1009 5734 praemio.
1059 5661 1320 5735 Magnum
1369 5673 1456 5720 est
1503 5680 1604 5720 au-

47 5735 150 5838 fiire
197 5747 356 5806 corde
410 5754 754 5824 sapientiam,
800 5756 983 5828 majus
1030 5757 1250 5828 cperari
1297 5759 1601 5814 secundum

51 5843 224 5907 'PSam,
271 5842 571 5927 maximum
610 5858 695 5908 est
736 5850 903 5906 verbo
937 5858 992 5906 et
1025 5849 1280 5920 exemplo
1321 5849 1601 5907 elucidare

1707 4653 1876 4710 quam
1899 4637 2110 4696 scilicet
2141 4637 2318 4695 habeo
2337 4653 2468 4695 cum
2505 4638 2647 4697 Filio
2700 4653 2848 4706 meo,
2893 4653 3058 4711 super
3097 4638 3303 4696 choros

1709 4728 2056 4801 angelorum,
2081 4739 2169 4788 est
2195 4747 2355 4802 super
2376 4731 2479 4789 mel
2504 4741 2556 4788 et
2582 4731 2786 4802 fanum.
2804 4730 3066 4786 Memoria
3098 4747 3215 4786 mea
3240 4733 3302 4787 in

1707 4821 2044 4892 generatione
2089 4823 2434 4892 saeculorum,
2472 4824 2602 4895 quia
2655 4843 2678 4878 ι
2707 4839 2780 4880 ex
2807 4824 2912 4881 hoc
2961 4825 3180 4884 beatam
3207 4839 3302 4883 me

1704 4913 1890 4972 dicent
1915 4928 2114 4973 omnes
2137 4917 2522 4986 generationes
2547 4915 2704 4989 (Luc.
2735 4917 2800 4989 l).
2831 4937 2854 4972 δ
2885 4917 2993 4985 Qui
3021 4918 3186 4974 edunt
3214 4935 3298 4975 ius

1707 5007 1882 5066 adhuc
1909 5009 2168 5076 esui-ient,
2201 5019 2252 5065 et
2275 5011 2368 5081 qui
2397 5009 2584 5064 bibunt
2620 5026 2702 5066 me
2729 5011 2904 5065 adhuc
2926 5013 3128 5067 sitient.
3155 5011 3300 5081 Quia

1697 5111 1926 5173 quanto
1949 5102 2122 5176 aliqui
2158 5103 2348 5160 ﬁdeles
2389 5118 2576 5160 mores
2625 5112 2682 5160 et
2725 5104 2960 5164 virtutes
2987 5121 3140 5162 meas
3172 5123 3300 5179 per-

1709 5194 1891 5265 cipere
1937 5204 1996 5254 et
2026 5195 2236 5252 imitari
2294 5197 2576 5268 incipient,
2633 5204 2786 5253 tanto
2819 5199 3000 5272 magis
3038 5207 3094 5256 et
3122 5201 3303 5274 magis

1705 5304 1806 5347 eas
1859 5289 2338 5358 admirabuntur,"
2378 5298 2438 5346 et
2493 5305 2592 5346 eas
2672 5290 2848 5363 magis
2921 5293 3130 5350 sitient.
3189 5294 3298 5360 Qui

1701 5383 1868 5440 audit
1897 5399 2002 5452 me,
2050 5399 2150 5456 per
2199 5385 2586 5454 imitationem,
2633 5401 2746 5442 non
2804 5387 3195 5459 confundetur,
3245 5399 3298 5445 et

1704 5474 2104 5547 quioperantur
2127 5478 2185 5533 in
2212 5495 2316 5542 nte.
2337 5479 2394 5536 id
2420 5489 2508 5538 est
2532 5480 2838 5538 secundum
2879 5499 2992 5550 me,
3041 5499 3146 5538 non
3170 5499 3298 5552 pec-

1707 5578 1926 5626 eaount.
1950 5568 2022 5625 Et
2063 5573 2154 5643 qui
2191 5572 2462 5630 elueidant
2496 5591 2598 5642 ine,
2653 5575 2707 5632 id
2759 5587 2844 5632 est
2881 5591 3087 5646 mores,
3129 5576 3301 5632 virtu-

1708 5672 1812 5731 tes,
1867 5673 1924 5721 et
1969 5665 2318 5724 sanctitatem
2357 5683 2536 5724 meam
2587 5669 2773 5726 verbis
2824 5679 2880 5726 et
2917 5669 3076 5727 factis
3130 5685 3298 5742 expo—

1708 5768 1852 5813 nunt
1911 5765 1968 5814 et
2031 5758 2370 5828 praedicant,
2451 5761 2600 5816 titans
2670 5770 2926 5818 aeternam
3009 5762 3295 5822 habebunt.

1707 5847 1875 5921 Ecce,
1898 5849 2124 5908 domina
2173 5860 2229 5911 et
2286 5863 2461 5913 mater
2497 5864 2712 5927 nostra,
2756 5871 2860 5914 nos
2901 5857 3117 5920 minimi
3148 5858 3298 5916 servi
