3844 6318
555 399 578 453 ί
589 396 694 453 445

1736 369 2089 433 BADULPHI
2125 365 2475 425 ARDENTIS

3643 373 3752 430 ιιιι

534 514 631 572 .tni
661 521 812 567 tuam
846 507 1194 564 sanctitatem
1225 513 1278 559 et
1301 499 1528 574 gloriam
1560 493 1921 557 admiramur,
1951 488 2143 545 lauda-
2173 492 2215 549 Λ
2247 481 2535 552 Lxxxvm).
2571 499 2588 530 ι
2649 477 2800 534 Unde
2847 486 2902 532 et
2935 474 3207 532 Jeremias
3235 477 3395 550 longo
3421 487 3629 553 tempore
3663 501 3755 557 post

552 621 677 663 mus
731 613 786 658 ct
846 601 1249 672 praedicamus,
1306 593 1400 649 sed
1478 598 1661 645 tamen
1718 585 1884 657 digne
1938 580 2143 636 imitari

557 713 664 754 non
694 695 961 751 valemus.
1009 691 1134 746 Ideo
1171 681 1568 760 potentissimis
1593 677 1847 749 precibus
1894 675 2005 731 tuis
2040 688 2144 728 nos

556 789 778 859 adjuva,
829 786 917 841 fac
969 799 1070 838 nos
1116 776 1385 835 desiderio
1437 771 1675 828 transire
1720 767 1790 823 ad
1823 776 1897 830 te,
1929 766 2017 820 fac
2045 778 2146 819 nos

563 882 750 952 fugere
774 878 904 934 vitia
934 883 988 930 et
1017 881 1237 944 peccata
1273 876 1484 933 nostra,
1522 872 1578 919 et
1608 860 1844 918 transire
1869 859 1938 914 ad
1963 872 2148 912 mores

558 949 889 1036 ctvirtutes,
938 967 1026 1023 fac
1077 981 1177 1019 nos
1239 970 1594 1018 contemnere
1645 965 1862 1011 terrena
1907 961 1965 1007 et
2003 949 2148 1006 desi-

559 1063 755 1118 derare
791 1059 1057 1124 caelestia,
1102 1054 1313 1111 Sustine
1349 1067 1451 1107 nos
1499 1050 1639 1104 inter
1668 1045 1998 1102 tentationes
2025 1057 2149 1098 car-

569 1153 676 1218 nis,
709 1152 853 1206 inter
880 1147 1108 1204 insidias
1147 1143 1372 1209 diaboli,
1401 1141 1544 1196 inter
1580 1135 1958 1193 tribulationes
1983 1133 2150 1203 hujus

543 1242 771 1309 .mundi,
797 1240 1018 1312 quibus,
1043 1248 1096 1293 te
1123 1235 1446 1304 auxiliante,
1470 1231 1698 1294 teduce.
1721 1229 2005 1284 valeamus
2027 1239 2152 1296 per-

562 1334 747 1391 venire
758 1333 825 1388 ad
839 1333 929 1388 illa
942 1331 1140 1402 gaudia
1155 1332 1209 1384 in
1224 1327 1429 1399 quibus
1443 1334 1498 1380 tu
1515 1325 1571 1379 in
1587 1333 1851 1378 aeternum
1867 1335 1995 1376 cum
2012 1317 2152 1376 Filio

561 1438 658 1484 tuo
686 1427 910 1492 laetaris,
936 1424 1124 1480 cuiest
1150 1423 1396 1478 honoret
1413 1417 1585 1489 gloria
1615 1431 1740 1472 cum
1766 1413 1925 1470 Patre
1950 1421 2005 1470 et
2036 1411 2154 1484 Spi-

541 1520 668 1584 ritu
688 1527 879 1576 sancto
903 1534 997 1588 per
1025 1516 1212 1571 omnia
1247 1513 1444 1568 saecula
1471 1511 1818 1567 smculorum.
1857 1510 2052 1564 Amen.

1244 1603 1464 1660 XXXV.

814 1720 865 1758 ΙΝ
893 1719 1069 1758 EODEM
1091 1715 1280 1756 FESTO.
1309 1713 1480 1754 SEBMO
1502 1713 1602 1752 DEE
1627 1709 1906 1750 VANGELIO.

635 1798 793 1853 Liber
805 1797 1154 1869 generationis
1166 1793 1200 1847 J
1205 1811 1295 1848 esu
1308 1790 1637 1861 Christi,ﬁlit
1655 1787 1846 1854 David,
1862 1787 1966 1858 ﬁlii
1983 1785 2156 1840 Abra-

565 1892 691 1945 ham
733 1889 954 1962 (Matth.
988 1889 1048 1957 ι).
1098 1886 1164 1940 Ει
1187 1886 1416 1956 reliqua.
1444 1882 1574 1938 Duae
1603 1889 1732 1937 sunt
1775 1878 2156 1951 generationes

568 1981 784 2037 Domini
809 1982 980 2036 nostri
1000 1978 1131 2034 Jesu
1156 1977 1381 2043 Christi,
1402 1974 1597 2030 fratres
1623 1973 1762 2028 mei:
1789 1986 1902 2027 una
1927 1980 2154 2035 mterna,

568 2076 740 2130 altera
774 2074 1036 2128 humana.
1065 2071 1170 2126 Per
1191 2071 1339 2125 illam
1362 2077 1524 2124 natus
1549 2075 1632 2124 est
1667 2073 1795 2122 ante
1820 2075 2064 2134 tempora
2091 2062 2159 2118 de

574 2168 683 2224 Deo
719 2167 876 2222 Patre
914 2166 1058 2222 Deus
1087 2181 1269 2220 verus.
1304 2163 1409 2219 Per
1448 2162 1612 2218 istam
1640 2169 1803 2216 natus
1825 2168 1910 2216 est
1940 2158 1993 2212 in
2021 2165 2160 2214 tem-

569 2276 702 2331 pore
723 2260 789 2316 de
811 2261 1050 2314 humana
1073 2265 1248 2312 matre
1274 2257 1440 2312 homo
1463 2271 1646 2312 verus.
1672 2253 1774 2310 Per
1811 2252 1960 2308 illam
1997 2260 2160 2306 natus

568 2362 656 2410 est
683 2353 1016 2409 aeternaliter
1041 2351 1108 2406 de
1136 2349 1296 2405 Patre
1341 2350 1461 2405 sine
1492 2361 1688 2404 matre.
1733 2345 1839 2402 Per
1877 2346 2041 2401 istam
2076 2351 2162 2399 est

547 2443 949 2514 .temporalitcr
976 2452 1138 2498 natus
1168 2442 1235 2496 de
1258 2440 1485 2511 Virgine
1520 2448 1695 2495 matre
1718 2436 1836 2494 sine
1864 2447 2037 2509 patre.
2064 2435 2159 2492 Illa

569 2523 846 2608 generatio
861 2544 944 2590 cst
962 2531 1548 2604 incomprehensibilis,
1563 2531 1668 2586 ista
1679 2529 1965 2585 mirabilis.
1982 2527 2057 2584 De
2070 2528 2161 2583 illa

517 2660 522 2664 -
567 2627 888 2692 dixitlsaias
899 2628 1161 2698 propheta
1178 2646 1190 2682 :
1211 2647 1230 2680 ι
1241 2626 1681 2691 Generationem,
1695 2624 1890 2696 inquit,
1903 2619 2161 2695 ejus'quis

568 2722 918 2778 enarrabit?»
963 2720 1099 2792 (Isa.
1126 2720 1270 2790 Lm.)
1304 2719 1379 2776 De
1403 2719 1508 2777 ista
1530 2719 1661 2784 dicit
1702 2719 1792 2774 hic
1829 2717 2161 2790 evangelista

572 2813 891 2871 Matthaaus:
927 2813 1084 2869 Liber
1103 2814 1459 2885 generationis
1479 2813 1610 2867 Jesu
1647 2811 1870 2878 Christi,
1902 2811 2159 2877 subaudi,

574 2906 665 2962 hic
692 2914 799 2963 est.
828 2905 894 2961 Et
920 2914 1004 2962 est
1028 2906 1116 2962 hic
1144 2907 1305 2976 quasi
1331 2906 1524 2962 titulus
1555 2920 1836 2975 exponens
1874 2904 2161 2959 materiam

577 2997 860 3068 sequentis
901 2997 1044 3051 libri.
1103 2995 1278 3052 Porro
1317 3004 1556 3067 quatuor
1596 3003 1727 3052 sunt
1779 2995 2163 3067 generationes

571 3089 924 3160 temporales.
965 3089 1149 3145 Prima
1194 3089 1297 3144 fuit
1335 3105 1438 3146 nec
1465 3091 1532 3145 de
1560 3088 1679 3145 viro
1715 3105 1815 3145 nec
1833 3089 1902 3145 de
1927 3088 2153 3157 femina,

2225 574 2454 639 David,
2481 582 2536 628 et
2560 571 2675 643 jam
2729 570 2985 626 tendente
3021 584 3195 640 regno
3213 567 3511 627 Iudaeorum
3535 575 3592 630 ad
3612 576 3756 646 tinem,

2247 668 2353 723 ait:
2374 687 2392 718 ι
2416 665 2555 721 Ecce
2582 663 2700 720 dies
2728 663 2977 730 veniunt,
3008 674 3146 719 mc".
3168 679 3448 730 Dominus,
3480 671 3761 726 etsusc'taho

2249 759 2419 815 David
2461 773 2680 830 germen
2703 753 2947 822 Iustum,
2975 764 3030 811 et
3068 757 3325 829 regnabit
3351 774 3464 824 rex,
3509 770 3559 814 et
3597 764 3762 834 sapiens

2248 853 2373 919 erit,
2403 862 2458 908 et
2481 851 2642 907 faciet
2663 849 2932 920 judicium
2963 858 3018 906 ct
3041 850 3316 920 justitiam
3353 851 3409 905 in
3429 860 3579 908 terra.
3611 853 3667 910 Et
3689 857 3765 912 hoc

2247 952 2335 999 est
2375 959 2576 998 nomen
2626 942 2776 1012 quod
2831 941 3108 998 vocabunt
3157 942 3600 1001 eum:Dominus
3635 947 3768 1017 justus

2235 1045 2439 1096 noster
2459 1034 2597 1106 (Jer.
2628 1036 2809 1105 nni).
2842 1055 2860 1088 ι

2323 1128 2626 1185 Exordiens
2656 1127 2822 1200 igitur
2851 1127 3187 1200 evangelista
3213 1127 3423 1185 Christi
3450 1132 3770 1202 genealogiam,

2253 1222 2332 1278 ait
2363 1241 2376 1277 :
2405 1222 2680 1276 Abraham
2705 1222 2886 1292 genuit
2921 1219 3105 1286 Isaac,
3141 1219 3303 1274 Isaac
3334 1231 3508 1275 autem
3539 1225 3684 1293 genuit
3700 1224 3772 1279 Ja-

2253 1315 2369 1384 cob,
2397 1325 2502 1372 etc.
2527 1313 2586 1369 In
2613 1315 2718 1370 hac
2739 1315 2906 1386 igitur
2927 1314 3268 1386 genealogia,
3297 1315 3494 1371 fratres
3509 1317 3773 1387 charissim,

2254 1414 2492 1478 quatuor
2517 1404 2867 1461 considerare
2893 1403 3122 1460 debetis.
3156 1403 3338 1474 ipsius
3367 1406 3666 1478 genealogia
3679 1425 3778 1478 qua-

2255 1500 2485 1564 litatem,
2516 1513 2877 1569 personarum
2902 1496 3298 1563 diversitatem,
3322 1513 3600 1552 numerum
3617 1500 3781 1554 etordi-

2257 1608 2404 1655 nem.
2438 1592 2504 1648 Et
2531 1593 2792 1662 primum,
2820 1590 3001 1662 qualis
3024 1599 3110 1646 est
3139 1589 3248 1645 ista
3282 1590 3780 1662 genealogiaiAdmi-

2241 1687 2468 1753 rabilis,
2493 1693 2682 1742 sancta
2726 1693 2781 1739 et
2823 1683 3108 1740 fructuosa
3139 1702 3152 1738 :
3186 1682 3524 1738 admirabilis
3559 1692 3647 1749 est,
3669 1692 3711 1738 et
3743 1685 3782 1738 in

2259 1778 2530 1850 principio
2573 1785 2628 1832 et
2677 1776 2732 1831 in
2773 1775 2900 1830 fine.
2944 1773 3270 1829 Mirabiliter
3316 1775 3520 1844 quippe
3543 1773 3780 1836 Abraham,

2259 1884 2386 1925 cum
2436 1883 2604 1923 senex
2647 1874 2823 1932 esset,
2864 1865 2932 1921 de
2970 1875 3146 1920 matre
3185 1865 3366 1920 sterili
3405 1874 3460 1920 et
3504 1866 3609 1920 seni
3649 1865 3787 1931 genuit

2258 1960 2430 2016 lsaac.
2445 1959 2748 2016 Mirabilius
2756 1974 2887 2014 vero
2903 1958 3276 2014 sacratissima
3291 1956 3459 2030 Virgo
3469 1957 3622 2012 Maria
3635 1957 3792 2028 alsqm

2198 2066 2206 2073 '
2258 2053 2363 2109 viri
2394 2053 2673 2109 consortio
2695 2051 2903 2123 genuit,
2918 2065 3028 2106 non
3050 2051 3515 2121 qualemcunque,
3549 2049 3788 2120 sedipsum

2262 2146 2356 2202 Dei
2399 2145 2620 2211 Filium,
2679 2145 2851 2200 Deum
2884 2153 2942 2200 et
2969 2145 3289 2200 Creatorem
3321 2159 3508 2199 suum.
3539 2141 3694 2196 Prima

2260 2239 2541 2311 generatio
2591 2236 2950 2303 admirabilis,
3000 2235 3132 2306 quia
3175 2243 3373 2291 contra
3426 2244 3684 2299 naturam;
3717 2234 3793 2288 ista

2260 2348 2392 2389 vero
2413 2331 2737 2398 mirabilior,
2761 2331 2891 2401 quia
2922 2345 3089 2401 supra
3109 2338 3165 2385 et
3185 2337 3379 2384 contra
3401 2313 3793 2382 naturamfl'mle

2262 2429 2400 2485 bene
2442 2443 2536 2499 per
2576 2425 2883 2482 mirabilem
2931 2425 3099 2495 virgae
3146 2423 3336 2478 Aaron
3386 2420 3797 2476 fructificaticnem

2265 2522 2608 2594 priefigurata
2640 2531 2744 2576 est.
2781 2518 2938 2575 Sicut
2975 2518 3123 2574 enim
3153 2517 3309 2588 virga
3341 2516 3524 2570 Aaron
3553 2531 3664 2570 cum
3689 2515 3798 2569 sicca

2261 2625 2432 2682 esset,
2461 2615 2581 2670 sine
2601 2611 2936 2669 adminiculo
2957 2610 3160 2666 radicis
3182 2609 3273 2665 vel
3300 2608 3571 2673 humoris,
3592 2606 3803 2662 mirabili-

2220 2709 2230 2739 '
2264 2717 2347 2764 ter
2369 2707 2553 2762 ﬂoruit
2576 2717 2630 2762 et
2659 2720 2828 2762 nuces
2851 2703 3101 2776 protulit,
3132 2702 3208 2758 ita
3238 2702 3354 2756 imo
3376 2701 3674 2757 mirabilius
3688 2700 3804 2754 beata

2265 2799 2430 2870 Virgo
2462 2798 2653 2867 Maria,
2678 2813 2802 2854 cum
2826 2797 3026 2852 ardore
3055 2793 3295 2865 Spiritus
3329 2793 3509 2850 sancti
3548 2792 3709 2848 omnis
3734 2807 3808 2846 πρ

2265 2894 2468 2965 pidilas
2499 2893 2554 2947 in
2580 2906 2645 2946 ea
2676 2898 2824 2947 esset
2843 2889 3141 2954 desiccata,
3177 2886 3302 2942 sine
3335 2883 3596 2941 exteriori
3626 2882 3810 2938 admini-

2249 2969 2392 3043 culo
2421 2984 2668 3056 concepit
2706 2969 2768 3040 ei
2794 2982 3024 3054 peperit.
3063 2981 3269 3036 Sancta
3295 2994 3430 3035 vero
3459 2987 3546 3034 est
3568 2980 3664 3034 ista
3689 2992 3814 3047 gene-

2266 3081 2428 3147 ratio,
2467 3078 2600 3149 quia
2648 3085 2838 3132 sancta
2864 3085 2949 3132 est
2982 3073 3410 3138 radix,sanctus
3432 3071 3622 3142 stipes,
3639 3077 3815 3124 sanctus

573 3191 637 3238 ut
695 3159 915 3254 quando
965 3181 1110 3238 Deus
1158 3180 1418 3238 formavit
1473 3182 1713 3253 primum
1765 3181 2046 3239 hominem
2097 3185 2159 3240 de

2267 3185 2520 3240 truncus,
2535 3170 2778 3227 sanctior
2797 3166 2964 3240 Virgo
2985 3165 3178 3233 Maria,
3204 3165 3591 3222 sanctissimus
3610 3177 3722 3218 vero
3742 3159 3818 3214 nos

575 3285 741 3331 terra.
792 3275 1043 3330 Secunda
1079 3273 1182 3331 fuit
1213 3275 1281 3331 de
1327 3275 1447 3329 viro
1474 3275 1593 3330 sine
1625 3272 1852 3342 femina,
1898 3283 1959 3331 ut
1987 3291 2165 3346 quan-

573 3367 645 3423 do
700 3366 847 3424 Deus
905 3367 1160 3424 formavit
1201 3369 1488 3424 mulierem
1546 3368 1614 3424 de
1656 3369 1826 3424 latere
1881 3369 1986 3424 viri
2038 3369 2167 3426 dor-

575 3460 816 3517 mientis.
874 3461 1057 3517 Tertia
1107 3470 1192 3518 est
1232 3462 1300 3518 de
1348 3461 1468 3517 viro
1496 3472 1550 3517 et
1583 3461 1652 3518 de
1712 3460 1935 3530 femina,
1974 3463 2167 3519 ethazc

578 3565 664 3612 est
689 3555 1027 3626 quotidiana.
1061 3553 1252 3610 Restat
1273 3563 1470 3625 quarta
1514 3554 1584 3611 de
1635 3552 1839 3611 femina
1878 3555 1998 3612 sine
2023 3556 2164 3622 viro,

575 3655 630 3703 et
655 3647 772 3702 haec
791 3655 876 3701 est
901 3645 1196 3717 singularis
1220 3645 1500 3718 generatio
1526 3644 1658 3701 Jesu
1693 3644 1932 3702 Christi.~
1958 3646 2167 3716 Prima,

575 3747 631 3794 et
653 3738 912 3805 secunda,
937 3751 992 3794 et
1017 3737 1179 3793 tertia
1199 3738 1480 3809 generatio
1509 3736 1614 3794 fuit
1647 3737 1716 3794 ad
1745 3739 1973 3795 humani
2003 3756 2169 3812 gene-

576 3831 656 3886 ris
681 3829 1152 3901 propagationem.
1197 3827 1325 3885 Haec
1346 3829 1540 3902 ultima
1570 3839 1768 3900 quarta
1802 3829 1908 3885 fuit
1944 3830 2012 3886 ad
2045 3831 2168 3901 ejus

579 3924 1032 3995 redemptionem.
1061 3921 1172 3982 Illze
1197 3932 1308 3980 tres
1338 3939 1435 3995 per
1477 3923 1905 3980 inobedientiam
1948 3939 2171 3979 corrue-

578 4027 739 4086 runt;
770 4019 888 4074 haee
909 4025 1104 4089 quarta
1131 4016 1462 4074 restauravit
1487 4017 1678 4073 ruinas
1699 4031 1913 4072 eorum.
1951 4014 2049 4072 Est
2069 4016 2171 4088 igi-

579 4120 679 4169 tur
701 4114 817 4169 haac
838 4112 1119 4184 generatio
1167 4112 1381 4169 caeteris
1419 4111 1614 4184 major,
1640 4111 1947 4166 mirabilior
1987 4119 2043 4166 et
2071 4127 2172 4165 no-

562 4205 668 4261 bis
689 4205 894 4261 utilior.
923 4203 1120 4276 Major,
1139 4206 1270 4276 quia
1294 4205 1473 4276 major
1501 4212 1588 4261 est
1627 4203 1722 4275 qui
1759 4203 2027 4270 nascitur,
2062 4203 2173 4259 sci-

581 4299 707 4354 licet
731 4296 828 4354 Dei
853 4296 1046 4354 Filius.
1083 4296 1405 4365 Mirabilior,
1427 4297 1556 4369 quia
1579 4296 1886 4353 mirabilius
1915 4306 1998 4352 est
2023 4297 2173 4367 quod

581 4390 730 4449 Deus
756 4391 812 4446 in
841 4389 1017 4447 forma
1061 4392 1206 4448 servi
1247 4391 1316 4447 de
1338 4388 1567 4446 muliere
1615 4387 1873 4460 dignatus
1905 4397 1992 4445 est
2015 4387 2171 4444 nasci

579 4500 749 4556 quam
777 4485 948 4556 quod
991 4501 1212 4542 servum
1247 4481 1560 4554 plasmavit.
1596 4479 1766 4537 Nobis
1793 4482 2000 4550 utilior,
2031 4497 2172 4553 quo-

2267 3276 2321 3322 et
2348 3265 2593 3331 fructus;
2645 3269 2872 3318 sanctus
2915 3259 3063 3316 enim
3111 3257 3218 3313 fuit
3263 3256 3548 3312 Abraham
3587 3262 3640 3309 et
3677 3253 3818 3308 meti

2268 3357 2615 3431 patriarchae,
2661 3355 2758 3427 qui
2802 3362 2932 3411 sunt
2973 3351 3152 3423 prima
3204 3349 3468 3406 credendi
3516 3349 3627 3403 via.
3672 3345 3822 3401 Sancti

2267 3466 2489 3524 quoque
2531 3449 2834 3521 prophetas,
2884 3448 2982 3518 qui
3032 3444 3261 3501 fuerunt
3309 3457 3583 3515 organum
3628 3439 3820 3511 Spiritus

2269 3545 2468 3602 sancti.
2497 3541 2688 3599 Sancti
2718 3554 2940 3612 quoque
2964 3554 3141 3610 reges,
3175 3536 3271 3609 qui
3299 3536 3619 3592 habuerunt
3643 3535 3820 3604 sapien-

2269 3635 2403 3690 tiam
2445 3649 2504 3690 se
2541 3641 2595 3689 et
2638 3632 2780 3688 alios
2827 3630 3070 3703 regendi.
3122 3627 3380 3684 Sanctior
3424 3641 3557 3682 vero
3584 3625 3822 3681 fuitheata

2272 3724 2438 3798 Virgo
2457 3723 2652 3789 Maria,
2675 3737 2799 3794 quae
2818 3729 2905 3778 est
2926 3719 3188 3792 templum
3215 3718 3336 3786 Dei,
3361 3719 3665 3774 sacrarium
3691 3714 3826 3786 Spiri-

2270 3827 2361 3875 tus
2389 3817 2588 3884 sancti,
2619 3816 2755 3872 cella
2796 3822 3129 3881 aromatum,
3178 3810 3473 3883 paradlSus
3530 3811 3826 3866 deliciarum.

2273 3911 2668 3968 Sanctissimus
2694 3923 2823 3965 vero
2853 3906 3089 3985 Sanctus
3121 3914 3467 3973 sanctorum,
3494 3903 3642 3960 Deus
3672 3913 3720 3958 et
3748 3902 3831 3954 Do-

2272 4006 2457 4062 minus
2483 4013 2670 4060 nostcr
2700 4001 2863 4058 Jesus
2882 4000 3159 4066 Christus,
3206 4000 3262 4054 in
3288 4015 3402 4071 quo
3442 3999 3652 4055 habitat

2272 4098 2554 4170 plenitudo
2579 4096 2887 4153 divinitatis
2917 4095 3278 4165 corporaliter
3300 4092 3443 4164 (Col.
3472 4094 3563 4164 ιι),
3589 4101 3641 4148 et
3665 4101 3840 4162 septem

2273 4193 2499 4264 spiritus
2532 4191 2690 4247 missi
2714 4190 2771 4244 in
2799 4203 3022 4244 omnem
3051 4196 3277 4244 terram.
3310 4185 3670 4242 Sanctitatem
3703 4185 3840 4253 huius

2275 4285 2640 4359 generationis
2677 4281 2980 4354 praevidens
3018 4279 3189 4336 Isaias
3209 4280 3289 4335 ait
3317 4298 3331 4333 :
3364 4299 3384 4332 ι
3415 4279 3730 4352 Egredietur
3749 4278 3840 4332 vir-

2273 4395 2342 4451 ga
2377 4379 2444 4435 de
2473 4378 2659 4434 radice
2691 4375 2865 4443 Iesse,
2896 4383 2951 4431 et
2978 4373 3080 4430 flos
3111 4375 3181 4430 de
3223 4373 3411 4430 radice
3440 4374 3568 4446 ejus
3597 4372 3840 4440 ascendet,

2275 4481 2332 4528 ct
2376 4471 2681 4542 requiescet
2729 4483 2895 4539 super
2927 4484 3054 4524 eum
3080 4466 3320 4538 Spiritus
3363 4467 3621 4534 Domini,

581 4577 734 4633 niam
762 4577 954 4633 utilius
987 4584 1073 4633 est
1110 4575 1272 4631 nobis
1315 4573 1384 4629 ad
1425 4573 1596 4628 vitam
1639 4581 1904 4629 teternam
1953 4575 2159 4630 renasci

2275 4563 2557 4635 sapientia:
2591 4569 2648 4618 ct
2693 4561 3018 4629 intellectus,
3055 4560 3281 4632 spiritus
3306 4560 3532 4617 consilii
3565 4571 3618 4614 et
3655 4559 3840 4624 fortita-i

582 4669 754 4741 (quod
795 4670 1065 4726 habemus
1097 4683 1196 4739 per
1223 4666 1431 4723 Christi
1473 4665 1862 4738 nativitatem),
1907 4683 2076 4738 quam
2099 4668 2170 4724 ad

579 4775 815 4820 mortem
841 4764 896 4818 in
928 4764 1034 4818 hoc
1063 4760 1452 4825 saeculonasci
1473 4775 1571 4831 per
1595 4759 1778 4838 carnis
1806 4761 2168 4817 nativitatem.

579 4854 720 4911 Cum
749 4855 933 4925 itaque
961 4854 1030 4909 de
1065 4854 1169 4909 hac
1203 4853 1322 4909 sola
1355 4851 1560 4908 Christi
1587 4853 1940 4925 generatione
1970 4852 2057 4908 hic
2085 4853 2172 4908 in»

580 4948 771 5005 tendat
787 4945 1076 5002 Matthaeus
1106 4960 1286 5017 agere,
1324 4960 1425 5000 cur
1463 4943 1628 5000 altius
1655 4943 1940 4999 exorditur
1974 4944 2176 5000 multas

582 5038 816 5096 texendo
839 5034 1250 5107 generationes?
1270 5035 1342 5092 Ut
1363 5036 1615 5093 videlicet
1635 5034 1890 5092 ostendat
1909 5033 2174 5103 Hebraeis,

579 5131 785 5208 quibus
829 5129 1070 5199 scripsit,
1107 5145 1166 5185 se
1199 5145 1310 5185 non
1334 5130 1630 5203 cujuslibet
1684 5129 1891 5186 Christi
1937 5129 2178 5185 scribere

581 5221 1014 5296 generationem,
1050 5223 1144 5278 sed
1183 5223 1328 5280 illius
1364 5223 1541 5280 solius
1573 5223 1668 5294 qui
1721 5222 1966 5294 antiquis
2005 5222 2176 5294 patri-

580 5315 686 5384 bus
727 5314 782 5374 in
836 5314 952 5386 lege
993 5315 1297 5385 promissus
1332 5325 1436 5372 est.
1497 5315 1654 5373 Unde
1713 5324 1770 5372 et
1825 5316 1966 5372 duos
1993 5326 2175 5386 patres

581 5406 868 5476 praeponit,
901 5407 1070 5463 David
1096 5409 1304 5465 scilicet
1325 5420 1379 5466 et
1403 5409 1706 5477 Abraham,
1733 5409 1938 5481 quibus
1964 5408 2176 5480 specia-

582 5493 706 5549 liter
735 5495 802 5550 de
828 5495 1067 5564 Christo,
1113 5498 1180 5554 de
1215 5498 1425 5554 semine
1472 5512 1668 5554 eorum
1709 5499 2012 5564 nascituro,
2041 5503 2171 5568 pro-

581 5585 775 5651 missio
825 5585 967 5644 facta
998 5599 1106 5656 est.
1128 5590 1362 5646 Abrahae
1415 5589 1617 5661 quippe
1665 5590 1872 5647 dictum
1893 5603 1980 5648 est
2015 5611 2028 5646 :
2067 5611 2085 5642 ι
2115 5590 2175 5646 In

580 5680 791 5747 semine
816 5689 912 5736 tuo
940 5681 1328 5744 benedicentur
1351 5698 1544 5739 omnes
1555 5690 1742 5754 gentes
1767 5682 1920 5755 (Gen.
1941 5684 2121 5755 xxiii).
2151 5703 2170 5736 ι

581 5769 650 5828 Et
679 5772 850 5830 David
888 5793 900 5829 :
940 5795 959 5828 ‹
1003 5774 1070 5830 Ει
1101 5790 1303 5846 ponam
1355 5776 1411 5832 in
1465 5776 1728 5832 saeculum
1762 5777 1946 5847 saeculi
1985 5790 2172 5834 semen

580 5862 720 5948 ejus,
769 5874 824 5920 et
877 5865 1134 5921 thronum
1211 5865 1333 5937 ejus
1387 5865 1528 5923 sicut
1582 5865 1700 5924 dies
1745 5867 1930 5924 saeculi
1993 5867 2168 5940 (Psal.

2277 4633 2444 4726 diuis,
2489 4660 2715 4730 spiritus
2760 4658 3002 4715 scientia:
3021 4666 3076 4713 et
3104 4656 3344 4728 pietatis,
3390 4667 3447 4714 et
3481 4657 3713 4728 rcplehit

2279 4751 2508 4822 spiritus
2542 4751 2756 4806 timoris
2807 4749 3024 4805 Domini
3063 4747 3200 4821 (Isa.
3244 4750 3343 4819 xi).
3394 4769 3416 4802 ι
3455 4747 3626 4805 Utii‘s
3657 4741 3840 4820 quo-xlii

2277 4853 2364 4900 est
2384 4843 2702 4916 genealogia
2742 4842 2921 4909 nobis,
2961 4842 3010 4898 si
3047 4851 3230 4898 tamen
3261 4843 3615 4899 sanctitatem
3655 4839 3840 4900 Pard

2280 4939 2697 5010 praepositorum
2725 4937 2919 4993 imitati
2944 4935 3230 5005 fuerimus,
3255 4937 3303 4992 si
3337 4937 3410 4992 ad
3439 4938 3741 5007 exemplum

2280 5033 2648 5088 triarcharum
2672 5040 2818 5088 recte
2838 5031 3088 5088 vivamus
3109 5041 3165 5087 et
3184 5032 3512 5096 doceamus,
3535 5032 3584 5087 si
3612 5032 3682 5086 ad
3703 5019 3840 5096 caeni

2282 5126 2432 5196 plum
2467 5125 2739 5180 bonorum
2773 5141 2964 5197 regum
2996 5141 3099 5181 nos
3120 5135 3174 5180 et
3198 5125 3339 5179 alios
3373 5125 3517 5180 bene
3539 5125 3750 5196 θοι-τίει

2281 5228 2337 5274 et
2365 5233 2642 5290 regamus,
2671 5235 2718 5273 ει
2755 5219 2821 5273 ad
2853 5218 3164 5288 exemplum
3211 5217 3386 5272 beata:
3427 5215 3696 5290 Virginis,
3722 5215 3839 5294 muni

2279 5310 2492 5377 ditiam,
2531 5310 2893 5366 humilitatem
2939 5319 2997 5365 et
3034 5325 3252 5364 omnem
3288 5309 3642 5364 sanctitatem
3688 5308 3748 5361 ha

2280 5403 2619 5470 Studeamus;
2639 5404 2686 5458 si
2705 5403 2893 5458 Jcsum
2925 5402 3204 5460 Christum
3234 5403 3519 5474 diligendo
3541 5415 3601 5458 ut
3616 5403 3756 5458 Bede

2281 5504 2456 5550 torem
2478 5504 2754 5560 nostrum,
2787 5495 3066 5565 sequendo
3087 5504 3142 5550 et
3161 5503 3431 5565 praecepta
3459 5496 3589 5564 ejus
3617 5493 3744 5548 facie

2281 5588 2401 5658 ejus
2452 5588 2844 5659 redemptionis
2889 5588 3004 5644 fieri
3061 5590 3363 5660 participes
3401 5590 3742 5646 laboremus.

2283 5684 2424 5738 hanc
2457 5685 2604 5739 enim
2637 5685 3031 5757 genealogiam,
3061 5685 3215 5741 misit
3245 5683 3396 5740 Deus
3416 5682 3670 5739 Verbum
3709 5689 3834 5738 sua!

2278 5787 2540 5847 tanquam
2576 5778 2799 5833 hamum
2833 5778 2884 5832 in
2911 5793 3078 5832 carne
3107 5778 3532 5843 absconditum,
3561 5779 3709 5833 inter

2281 5872 2507 5927 humani
2541 5872 2778 5944 generis,
2813 5881 2872 5927 nt
2896 5887 2962 5927 eo
2993 5872 3273 5930 diabolum
3311 5883 3565 5944 caperet,
3601 5883 3658 5928 et
3692 5884 3784 5927 nos
3813 5872 3839 5944 1

3722 5552 3840 5925 ὲ
