3850 6318
55 339 217 398 1445

1225 337 1558 396 ΒΟΜΙΙΜΕ.
1600 367 1672 380 --
1705 339 1746 396 l.
1783 339 1870 394 DE
1890 339 2236 400 TEMPORE.

3233 358 3372 418 {"6

55 455 192 525 ejus
225 450 386 508 fauce
422 451 699 508 liberaret.
748 449 887 506 Hinc
929 451 1090 507 beato
1122 450 1226 509 Joh
1246 453 1378 510 dicit
1407 473 1420 509 :
1455 474 1474 506 ι
1509 451 1666 509 Nun-
1697 457 1746 516 Α
1772 452 2217 546 ita-Redemptor
2257 470 2444 516 noster
2471 477 2570 532 per
2600 464 2964 539 quadraginta
3014 468 3154 527 duas
3190 488 3374 546 gene-

54 547 204 616 quid
227 545 412 616 capies
455 544 755 603 Leviathan
798 545 1000 602 hamo?
1020 564 1040 597 ι
1077 544 1201 620 (Job
1229 546 1346 618 χι.)
1377 546 1671 616 Subaudis,

59 648 131 692 ut
152 655 280 710 ego,
301 637 422 708 qui,
443 637 575 693 dum
597 637 797 692 Filium
825 653 1009 694 meum
1049 639 1579 710 tanquam\hamum
1615 639 1670 694 in
1703 669 1706 672 ~

54 747 238 788 carne
257 713 558 798 abscondo,
585 730 863 786 diabolum
887 732 1073 789 carnis
1091 733 1310 788 avidum
1337 733 1522 804 capio.
1543 732 1669 800 Qui,

56 824 204 878 dum
231 823 410 891 illum,
435 823 491 878 in
523 839 688 893 quem
708 823 799 894 jus
827 839 937 879 non
978 823 1234 893 habebat,
1267 825 1466 897 glutire
1500 825 1669 896 cupit,

56 916 236 983 etiam
261 931 436 986 genus
471 915 775 970 humanum
803 916 858 971 in
885 931 997 987 quo
1014 915 1108 988 jus
1135 918 1336 974 habere
1357 918 1666 986 videbatur,

58 1009 292 1064 amittit.
344 1008 621 1076 Secundo,
657 1007 1056 1065 consideranda
1093 1019 1176 1066 est
1214 1009 1506 1068 diversitas
1546 1027 1670 1082 per-

58 1118 359 1169 sonarum,
395 1117 519 1174 quae
547 1101 604 1157 in
639 1103 742 1158 hac
763 1115 1043 1173 ponuntur
1070 1104 1421 1177 genealogia;
1450 1120 1670 1176 ponun-

58 1205 162 1251 tur
207 1205 392 1252 autem
436 1197 528 1254 hic
561 1205 671 1252 tam
699 1197 803 1251 viri
833 1211 1000 1268 quam
1041 1197 1319 1266 mulieres,
1351 1207 1462 1256 tam
1497 1197 1670 1254 Judaei

57 1305 242 1358 quam
321 1288 551 1359 gentiles
584 1331 600 1356 ,
671 1297 783 1346 tam
867 1304 1024 1360 reges
1095 1305 1261 1361 quam
1338 1289 1666 1359 inferiores,

55 1389 186 1434 tam
235 1381 578 1451 antiquiores
614 1397 779 1451 quam
821 1381 1276 1452 juniores,~tam
1328 1383 1459 1440 boni
1500 1367 1668 1456 quam

56 1471 206 1527 mali
252 1491 266 1526 :
317 1487 508 1528 omnes
554 1473 704 1530 enim
760 1474 969 1531 Christi
1025 1475 1400 1548 redemptione
1457 1478 1668 1551 indige-

56 1567 226 1622 bant.
279 1565 348 1622 Et
396 1566 518 1624 ideo
581 1567 649 1623 de
692 1568 940 1624 omnium
992 1585 1192 1640 genere
1240 1585 1465 1627 carnem
1510 1587 1668 1628 sum-

51 1657 178 1726 psit
209 1700 224 1724 ,
282 1667 344 1710 ut
384 1673 578 1714 omnes
628 1659 938 1715 redimeret.
1002 1657 1157 1715 Sicut
1198 1659 1346 1716 enim
1399 1661 1528 1717 mali
1577 1663 1666 1717 in-

57 1750 335 1820 digehant
368 1760 718 1821 peccatorum
763 1751 1114 1820 remissione,
1149 1753 1225 1808 ita
1282 1753 1414 1808 boni
1451 1755 1656 1827 indige-

61 1840 211 1895 bant
247 1841 402 1913 regni
432 1843 698 1898 caelorum
740 1843 1048 1912 apertione,
1079 1843 1230 1914 quod
1261 1843 1369 1900 nisi
1408 1859 1506 1916 per
1541 1860 1669 1901 san—
1703 1828 1743 1884 Β

59 1934 300 2002 guinem
343 1933 550 1990 Christi
593 1943 807 2006 poterat
837 1935 1058 2006 aperiri.
1087 1934 1196 1992 Sed
1245 1946 1300 1993 et
1329 1937 1499 2009 aliqui
1537 1938 1668 1993 mali

59 2027 198 2081 ideo
261 2025 321 2081 in
367 2027 470 2082 hac
521 2027 876 2099 generatione
917 2038 1110 2085 sancta
1142 2029 1566 2096 interseruntur,
1608 2038 1670 2085 ut

58 2117 394 2175 ostendatur
415 2118 678 2174 malitiam
705 2134 818 2175 non
843 2119 1038 2176 obesse
1059 2120 1360 2188 sanctitati,
1381 2121 1664 2191 quoniam,

54 2212 227 2282 juxta
247 2211 592 2284 prophetam,
626 2231 644 2264 ι
681 2213 866 2271 anima
895 2229 1019 2284 quae
1042 2214 1368 2285 peccaverit,
1405 2214 1520 2284 ipsa
1555 2230 1668 2270 mo-

59 2306 268 2374 rietur,
321 2315 375 2362 ct
422 2305 571 2362 filius
599 2321 709 2361 non
756 2308 996 2378 portabit
1017 2308 1358 2379 iniquitatem
1389 2307 1581 2378 patris,
1611 2317 1668 2364 et

60 2408 229 2468 pater
261 2414 370 2454 non
389 2399 644 2470 portabit
669 2399 1022 2471 iniquitatem
1049 2401 1145 2456 lilii
1170 2401 1388 2472 (Ezech.
1420 2402 1600 2470 xvut).
1636 2418 1659 2453 ο

57 2488 296 2546 Iustitia
321 2491 459 2562 justi
485 2506 651 2562 super
675 2505 800 2546 eum
827 2491 951 2557 erit,
981 2501 1035 2547 et
1074 2491 1324 2563 impietas
1374 2492 1524 2563 impii
1561 2493 1667 2550 erit

59 2599 242 2654 super
265 2599 412 2640 eum.
443 2582 564 2640 Non
598 2584 748 2640 enim
797 2593 956 2639 nocet
999 2587 1146 2640 bono
1171 2585 1311 2655 patri
1347 2585 1551 2641 malitia
1577 2587 1665 2643 sui

61 2674 268 2752 filii,“si
304 2684 484 2732 tamen
513 2685 680 2747 prout
709 2677 886 2748 potuit
928 2692 1054 2732 eum
1083 2676 1342 2732 correxit.
1371 2676 1481 2734 Nec
1503 2692 1666 2737 nocet

61 2767 221 2838 bono
269 2766 382 2822 filio
413 2767 619 2822 malitia
651 2767 737 2824 sui
773 2767 979 2838 patris,
1031 2767 1078 2823 si
1107 2783 1233 2824 cum
1280 2769 1525 2828 imitatus
1555 2788 1664 2828 non

61 2858 259 2914 fuerit.
291 2859 440 2917 Alias
463 2869 520 2916 et
546 2861 754 2932 malitia
782 2861 876 2916 filii
905 2868 1064 2918 nocet
1097 2861 1236 2932 patri
1269 2864 1581 2936 negligenti,
1607 2878 1666 2922 nt

37 2961 300 3022 apparet
327 2953 384 3008 in
422 2953 564 3022 Heli,
599 2964 654 3011 et
688 2955 895 3010 malitia
924 2955 1099 3026 patris
1128 2967 1284 3013 nocet
1313 2958 1424 3014 lilio
1453 2972 1663 3030 patrem

59 3046 331 3101 imitanti.
367 3047 518 3103 Unde
547 3047 846 3104 Dominus:
882 3068 900 3101 ι
949 3047 1082 3121 Ego,
1115 3050 1315 3123 inquit,
1355 3069 1480 3109 smn
1520 3054 1664 3110 Deus

61 3139 298 3205 zelotes,
343 3140 632 3196 vindicans
665 3150 890 3211 peccata
920 3152 1138 3213 patrum
1185 3144 1240 3200 in
1289 3145 1450 3213 filios,
1488 3162 1663 3218 usque

58 3232 126 3287 in
173 3231 388 3286 tertiam
423 3242 480 3288 et
523 3242 778 3304 quartam
817 3237 1223 3308 generationem
1263 3237 1462 3310 (Exod.
1500 3219 1614 3311 x‘x).
1640 3261 1658 3294 ι

61 3322 184 3380 Sed
211 3339 314 3379 nec
339 3326 651 3382 econtrario
675 3327 896 3396 bonitas
920 3329 1094 3401 patris
1119 3331 1340 3401 prodest
1359 3333 1506 3389 malo
1531 3335 1664 3402 tilio,

60 3418 188 3472 imo
211 3427 392 3485 nocet,
414 3415 548 3475 dum
573 3421 916 3492 propositum
933 3433 990 3478 et
1002 3423 1315 3492 proximum
1343 3426 1448 3482 sibi
1473 3442 1664 3482 exem-

57 3509 225 3581 plum
247 3511 402 3583 sequi
423 3513 746 3569 contemnit.
769 3511 881 3570 Nec
910 3514 1128 3572 bonitas
1149 3515 1244 3572 filii
1277 3519 1495 3589 prodest
1521 3520 1667 3576 malo

57 3603 240 3675 patri,
290 3604 386 3674 qui
420 3620 525 3661 nec
566 3606 735 3662 verho
785 3623 888 3664 nec
916 3609 1170 3680 exemplo
1210 3625 1338 3666 eum
1385 3611 1662 3670 instruxit.

57 3695 264 3753 Tertio
283 3713 413 3754 vero
439 3714 705 3755 numerus
743 3701 1107 3758 attendendus
1131 3711 1236 3760 cst.
1263 3702 1668 3762 Enumerantur

57 3790 164 3846 hic
191 3790 555 3862 quadraginn
598 3792 724 3848 dure
774 3795 1156 3866 generationes
1183 3812 1358 3868 usque
1387 3799 1456 3854 ad
1501 3797 1665 3854 Chri-

55 3892 242 3940 stum.
295 3881 544 3940 Totidem
592 3900 813 3958 quoque
847 3887 1232 3945 mansionibus
1276 3889 1374 3946 filii
1407 3891 1570 3947 Israel
1596 3891 1665 3947 ad

58 3988 280 4034 terram
312 3977 699 4048 promissionis
742 3990 1128 4050 pervenerunt.
1177 3980 1291 4039 Nos
1320 3998 1542 4055 quoque
1572 4001 1668 4055 per

56 4069 320 4141 ejusdem
357 4073 572 4128 numeri
621 4083 1052 4142 sacramentum,
1085 4075 1140 4131 id
1167 4082 1253 4132 est
1283 4091 1382 4147 per
1412 4075 1662 4150 Decalogi

57 4165 124 4218 in
147 4173 388 4233 quatuor
410 4159 738 4238 Evangeliis,
763 4175 819 4222 et
842 4182 940 4238 per
973 4178 1210 4239 quatuor
1241 4169 1666 4244 Evangeliorum

55 4256 126 4310 in
159 4253 452 4328 Decalogo,
483 4272 610 4312 cum
641 4258 860 4330 gemina
904 4259 1170 4316 charitate
1195 4262 1567 4333 impletiouem
1597 4265 1666 4321 ad

57 4357 276 4402 terram
323 4349 710 4418 promissionis
751 4359 806 4406 et
848 4350 919 4406 ad
967 4351 1248 4410 Christum
1288 4357 1660 4426 pervenimus.

55 4436 375 4509 Decalogus
410 4439 559 4495 enim
611 4449 666 4496 et
697 4450 936 4513 quatuor
981 4443 1274 4518 Evangelia
1305 4447 1426 4510 sine
1446 4450 1662 4520 gemina

55 4531 359 4600 cbaritate,
391 4531 486 4588 Dei
515 4533 764 4592 videlicet
785 4544 861 4591 et.
871 4537 1132 4607 proximi,
1162 4554 1272 4596 non
1303 4551 1536 4612 possunt
1560 4559 1662 4600 nos

55 4626 136 4682 ad
165 4633 372 4681 terram
400 4627 784 4697 promissionis
816 4637 872 4686 et
905 4629 976 4688 ad
1029 4629 1312 4689 Christum
1341 4635 1658 4705 perducere.

57 4717 228 4777 Unde
256 4717 525 4777 Dominus
563 4721 620 4777 in
647 4720 976 4796 Evangelio:
1009 4743 1029 4778 ι
1077 4723 1137 4782 In
1159 4726 1267 4795 his,
1292 4727 1490 4801 inquit,
1519 4730 1660 4788 duo-

54 4813 172 4871 bus
201 4813 497 4882 mandatis,
529 4823 642 4872 tota
683 4817 770 4872 lex
809 4817 1010 4890 pendet
1033 4828 1092 4876 et
1137 4823 1416 4894 prophetae
1438 4823 1658 4896 (Matth.

57 4903 232 4974 uti).
263 4923 284 4956 ι
317 4903 385 4960 Et
410 4903 699 4963 Psalmista
725 4926 740 4964 :
772 4927 792 4962 ‹
827 4908 1008 4980 Viam,
1042 4911 1251 4984 inquit,
1275 4914 1660 4972 mandatorum

59 5009 294 5054 tuorum
339 4999 588 5068 cucurri,
639 5015 767 5058 cum
811 5003 1056 5060 dilatasti
1102 5020 1200 5062 cor
1247 5022 1430 5062 meum
1465 5008 1486 5078 (
1504 5007 1657 5065 Psal.

30 5075 296 5160 'cxvm),
334 5111 353 5142 ι
405 5092 669 5151 subaudis
691 5110 790 5166 per
814 5096 1138 5153 charitatem
1181 5114 1306 5170 quae
1352 5075 1664 5157 extenditur

47 5183 238 5239 etiam
271 5198 446 5254 usque
474 5184 544 5241 ad
575 5185 883 5242 inimicum.
909 5185 1067 5255 Quod
1093 5189 1224 5246 alibi
1245 5205 1528 5262 exponens
1549 5194 1657 5250 ait:

41 5296 86 5336 ,ι
129 5275 328 5332 Omnis
357 5280 854 5338 consummationis
875 5280 988 5336 vidi
1015 5281 1201 5351 tinem,
1233 5283 1404 5340 latum
1430 5286 1678 5343 manda-'

57 5379 186 5424 tum
238 5377 352 5424 tum
387 5369 553 5427 nimis
594 5369 807 5443 (Ibid.).
843 5390 862 5423 ι
903 5371 1124 5439 Quanto
1181 5374 1330 5429 enim
1383 5373 1556 5431 Deum
1607 5385 1664 5432 et

57 5459 386 5532 proximum
438 5461 737 5520 ferventius
782 5464 1097 5537 diligimus,
1151 5475 1304 5523 tanto
1344 5465 1562 5524 facilius
1604 5479 1660 5526 et

57 5552 316 5611 velocius
370 5555 629 5612 mandata
677 5555 773 5612 Dei
829 5558 1226 5627 percurrimus.
1290 5558 1447 5617 Sicut
1493 5561 1661 5634 igitur

45 5647 168 5703 ﬁlii
215 5645 382 5706 Israel
409 5665 506 5720 per
532 5650 894 5723 quadraginta
916 5651 1056 5708 duas
1095 5653 1412 5712 mansiones
1443 5656 1510 5712 ad
1549 5656 1656 5712 llu-

57 5740 220 5796 vium
237 5739 498 5799 Jordanis
525 5753 912 5814 pervenerunt,
950 5760 1113 5816 quem
1149 5747 1300 5804 sicco
1323 5749 1460 5820 pede
1486 5751 1658 5806 mira-

43 5832 251 5890 .biiiter
274 5842 634 5912 transeuntes
654 5843 857 5892 terram
879 5835 1264 5910 promissionis
1291 5838 1653 5906 intraverunt,

1693 4586 1741 4646 D

1776 543 2016 600 rationes
2039 547 2189 602 venit
2209 548 2280 603 ad
2310 549 2536 606 ﬂuvium
2570 563 2775 611 nostra:
2811 543 3370 634 mortalitatis,quem

1775 634 2227 696 victoriosissime
2255 646 2633 712 pertransiens
2659 648 2859 704 cmlum
2891 650 3137 710 intravit.

1845 761 1957 820 Nos
2002 779 2244 836 quoque,
2284 767 2482 826 fratres
2527 773 2665 839 mei,
2703 789 2800 844 per
2841 775 3090 850 Decalogi
3140 781 3192 836 in
3234 798 3365 854 qua-

1772 863 1902 910 tuor
1950 855 2296 930 Evangeliis,
2333 873 2388 918 et
2439 879 2537 934 per
2565 879 2805 936 quatuor
2849 867 3272 942 Evangeliorum
3317 875 3372 930 in

1777 947 2044 1022 Decalogo
2116 966 2243 1007 cum
2321 955 2538 1025 gemina
2601 958 2872 1017 cbaritate
2954 963 3389 1036 impletiouem,

1772 1039 2011 1096 stadium
2080 1041 2246 1115 hujus
2299 1047 2425 1100 vitae
2477 1047 2712 1105 feliciter
2766 1069 2941 1124 usque
3013 1057 3079 1111 ad
3135 1069 3370 1115 mortem

1770 1129 2077 1199 currimus;
2129 1147 2296 1204 quam
2333 1136 2470 1192 salvi
2517 1146 2902 1210 transeuntes,
2941 1144 2995 1199 in
3039 1155 3194 1202 terra?
3238 1165 3371 1218 pro.

1771 1221 2055 1279 missionis
2105 1225 2474 1284 desideratam
2525 1233 2770 1302 requiem
2816 1235 3106 1293 intramus.
3152 1239 3364 1305 Quarto

1770 1316 1936 1372 etiam
1966 1318 2104 1375 ordo
2126 1321 2492 1379 attendendus
2522 1333 2629 1380 est.
2655 1324 2958 1385 Ordinatur
2987 1333 3188 1403 quipm
3225 1350 3367 1404 prte-

1770 1410 1916 1470 fatus
1941 1431 2207 1472 numerus
2237 1433 2334 1487 per
2371 1427 2484 1474 tres
2516 1431 2738 1478 tesserae
2767 1424 3026 1491 decades,
3063 1427 3113 1482 id
3150 1436 3232 1482 cst
3271 1443 3370 1498 per

1768 1516 2006 1576 quatuor
2032 1507 2223 1563 denas.
2257 1507 2439 1565 Prima
2467 1513 2811 1580 protenditur
2841 1515 2909 1569 ab
2958 1517 3235 1572 Abraham
3276 1535 3370 1572 us-

1767 1614 1877 1670 que
1933 1600 2000 1655 ad
2037 1599 2208 1658 David
2240 1617 2446 1673 regem,
2499 1603 2552 1657 id
2595 1614 2732 1660 esta
2763 1606 2852 1660 via
2901 1607 3156 1663 credendi
3191 1626 3368 1679 usque

1767 1691 1836 1744 ad
1866 1691 2142 1762 regimen;
2181 1693 2423 1748 secunda
2455 1709 2486 1748 a
2517 1693 2685 1749 David
2713 1710 2886 1768 usque
2912 1697 2978 1752 ad
3004 1699 3365 1770 transmigra-

1771 1781 2008 1849 tionem;
2039 1783 2198 1838 tertia
2223 1799 2254 1839 a
2279 1785 2767 1858 transmigratione
2783 1789 3036 1858 usquead
3058 1789 3364 1846 Christum.

1771 1871 1830 1927 in
1877 1887 1988 1943 quo
2040 1874 2234 1930 ordine
2298 1875 2437 1930 ordo
2487 1876 2665 1933 nostri
2715 1876 2994 1948 profectus
3045 1889 3359 1950 nostra!th

1771 1964 2094 2020 salvationis
2120 1966 2301 2033 nobis,
2354 1966 2554 2023 fratres
2581 1963 2712 2036 mei,
2735 1969 3166 2026 demonstratur.
3193 1969 3236 2024 Α
3262 1971 3368 2026 tide

1768 2056 1918 2112 enim
1953 2073 2076 2128 qua:
2105 2064 2189 2114 est
2231 2057 2648 2114 fundamentum
2687 2061 2934 2116 omnium
2976 2063 3276 2129 virtutum,
3312 2071 3368 2118 et

1768 2147 1888 2206 sine
1922 2165 2031 2221 qua
2071 2149 2208 2205 nihil
2244 2159 2423 2221 potest
2452 2152 2670 2222 placere
2716 2153 2829 2209 Deo
2861 2153 3050 2227 (Hebr.
3081 2157 3185 2227 xi),
3218 2155 3363 2211 viam

1767 2240 1835 2298 ad
1883 2243 2166 2298 Christum
2216 2243 2530 2314 incipimus.
2588 2243 2723 2312 Qum
2775 2261 2888 2301 non
2950 2247 3184 2314 sullicit,
3235 2249 3368 2319 quia

1775 2353 1794 2387 ι
1827 2333 1962 2392 fides
1982 2336 2119 2408 ,sine
2143 2335 2405 2408 operibus
2448 2346 2666 2393 mortua
2697 2345 2784 2394 est
2815 2335 2957 2410 (Jac.
2993 2338 3078 2411 rt),
3116 2357 3135 2391 ι
3170 2341 3265 2395 sed
3295 2354 3366 2395 ex

1767 2439 1831 2480 ea
1861 2424 2209 2496 proficientes
2229 2435 2281 2482 et
2305 2442 2400 2498 per
2423 2427 2860 2498 quatuordecim,
2887 2428 2938 2483 id
2964 2437 3046 2484 est
3071 2445 3170 2500 per
3197 2429 3366 2485 Deca-

1768 2519 1875 2591 logi
1899 2528 1951 2574 et
1971 2529 2207 2590 quatuor
2230 2518 2650 2591 Evangeliorum
2673 2521 3001 2588 doctrinam,
3021 2525 3088 2577 ad
3113 2538 3363 2593 regnum,

1768 2627 1880 2685 quo
1901 2613 2109 2669 scilicet
2141 2628 2242 2668 nos
2268 2622 2323 2668 et
2345 2613 2484 2668 alios
2513 2613 2652 2668 bene
2675 2628 2864 2685 regere
2889 2615 3150 2682 sciamus,
3177 2631 3368 2687 perve-

1751 2705 1971 2760 nimus.
2007 2704 2113 2760 Sed
2145 2720 2244 2760 ncc
2269 2704 2357 2761 hic
2376 2704 2642 2761 debemus
2670 2721 2910 2776 cessare,
2937 2706 3049 2764 imo
3081 2709 3147 2762 ad
3187 2718 3366 2763 trans-

1765 2799 2147 2871 migrationem
2194 2798 2393 2854 divina:
2441 2797 2920 2871 contemplationis
2952 2809 3067 2856 toto
3094 2799 3368 2858 desiderio

1769 2891 2025 2958 tendere;
2053 2907 2220 2962 quam
2250 2906 2346 2961 per
2368 2891 2811 2961 quatuordecim,
2847 2893 2900 2948 id
2925 2901 3008 2949 est
3035 2909 3132 2965 per
3156 2903 3363 2965 srptcm

1765 2985 1908 3040 dona
1946 2983 2184 3056 Spiritus
2213 2985 2412 3049 sancti,
2453 2983 2505 3038 in
2547 2986 2764 3056 gemina
2797 2986 3064 3042 cbaritate
3103 2987 3364 3058 duplicati

1766 3077 2122 3148 acquirimus.
2151 3074 2350 3132 Unctio
2371 3079 2520 3132 enim
2556 3078 2794 3149 Spiritus
2813 3078 2972 3135 docet
2991 3097 3091 3136 nos
3132 3079 3182 3152 (1
3200 3079 3360 3135 Joau.

1693 3184 1738 3248 ς
1771 3170 1834 3236 ιι)
1867 3169 2094 3225 interius
2119 3184 2232 3239 quo
2261 3171 2483 3226 tendere
2507 3171 2827 3238 debeamus,
2859 3182 2913 3229 ct
2939 3172 3239 3230 inflammat
3261 3189 3364 3230 nos

1771 3278 1867 3332 per
1896 3277 2084 3316 verum
2116 3278 2359 3319 amorem
2381 3304 2396 3328 ,
2430 3273 2489 3318 ut
2517 3274 2631 3319 toto
2666 3265 2942 3321 desiderio
2970 3282 3000 3321 a
3036 3267 3265 3323 terrenis
3293 3266 3363 3323 ad

1770 3361 1992 3415 attenta,
2023 3366 2052 3406 a
2079 3351 2288 3407 mundo
2317 3353 2383 3408 ad
2413 3351 2582 3408 Deum
2611 3356 3086 3426 transmigrcmns.
3119 3357 3222 3412 Sed
3247 3359 3362 3413 lucc

1771 3443 2180 3515 transmigratio
2201 3445 2680 3515 contemplationis
2702 3449 2934 3518 aenigma
2958 3458 3042 3504 est
3061 3458 3114 3504 ct
3140 3450 3364 3504 umbra-

1771 3535 1902 3590 tilis.
1941 3554 1961 3587 ι
1998 3534 2076 3590 Ex
2109 3545 2263 3607 parte
2285 3537 2432 3592 enim
2464 3537 2553 3594 hic
2585 3541 3004 3609 cognoscimus,
3035 3550 3087 3596 et
3113 3557 3177 3597 ex
3209 3551 3364 3613 parte

1769 3627 2160 3699 prophetamus
2210 3627 2265 3696 (Ι
2310 3629 2434 3685 Cor.
2491 3633 2634 3697 xm).
2685 3650 2703 3682 υ
2772 3629 2926 3687 Unde
2979 3631 3239 3688 Dominus
3293 3635 3363 3690 ad

1768 3717 2021 3792 Moysen:
2059 3739 2077 3772 ι
2105 3717 2223 3775 Non
2259 3720 2464 3776 videbit
2507 3739 2616 3788 me,
2670 3723 2866 3795 inquit,
2911 3725 3076 3780 homo
3118 3737 3170 3782 et
3222 3727 3366 3782 viret

1769 3812 1967 3884 (Exod.
2003 3813 2219 3882 uxr").
2242 3833 2261 3864 ι
2296 3812 2610 3886 Propterea,
2643 3815 2838 3872 fratres
2866 3818 2992 3884 mei,
3021 3818 3091 3873 ab
3113 3818 3214 3876 hac
3243 3835 3316 3875 un
3343 3849 3366 3862 -

1769 3906 1950 3962 hratili
2001 3905 2483 3976 contemplationis
2538 3909 3022 3980 trausmigrationc
3064 3911 3131 3966 ad
3178 3925 3363 3968 verum

1771 3995 1863 4053 Dei
1888 3999 2152 4055 visionem
2183 3999 2449 4056 debemus
2497 3998 2779 4070 festinare,
2815 4002 3098 4072 cupientes
3139 4003 3362 4060 dissolvi
3409 4027 3417 4034 -

1768 4098 1824 4146 et
1883 4107 2007 4147 esse
2059 4108 2184 4148 cum
2233 4092 2458 4148 Christo
2517 4091 2791 4164 (Philipp.
2827 4095 2906 4164 1).
2961 4095 3040 4151 Ad
3082 4095 3227 4168 quod
3268 4111 3364 4168 per

1767 4185 2184 4255 quatuordecim
2217 4185 2589 4256 pervenimus,
2628 4185 2682 4240 id
2711 4197 2790 4242 cst
2829 4203 2927 4258 per
2954 4187 3150 4259 duplex
3181 4197 3364 4261 septe-

1770 4278 2011 4344 narium,
2045 4277 2152 4334 hoc
2193 4288 2277 4334 est
2331 4293 2428 4349 per
2466 4277 2736 4349 duplicem
2787 4281 3037 4351 corporis
3074 4289 3130 4336 et
3165 4281 3365 4337 anima:

1765 4375 2034 4444 requiem,
2053 4389 2177 4444 qum
2198 4374 2252 4428 in
2275 4373 2620 4444 depositione
2643 4373 2811 4445 hujus
2829 4373 3180 4431 mortalitatis
3201 4375 3365 4446 iustis

1749 4465 2066 4520 confertur.
2111 4463 2264 4520 Unde
2297 4463 2591 4520 Psalmista
2620 4481 2633 4516 :
2667 4484 2683 4514 ι
2714 4464 2852 4520 Cum
2891 4463 3122 4532 dederit,
3164 4467 3362 4538 inquit,

1767 4557 1982 4614 dilectis
2027 4558 2144 4614 suis
2181 4574 2460 4622 somnum,
2491 4574 2620 4614 ecce
2656 4557 2949 4614 limreditas
2991 4559 3225 4628 Domini,
3270 4561 3362 4614 lilii

1769 4667 1981 4708 merces
2003 4649 2213 4708 fructus
2237 4652 2442 4708 ventris
2466 4651 2639 4724 (Psal.
2668 4651 2874 4720 cxxvt).
2911 4671 2931 4707 ι
2959 4653 3034 4710 Ac
3061 4653 3104 4710 si
3128 4653 3360 4708 diceret:

1769 4742 1910 4798 Dum
1941 4727 2073 4798 sunt
2117 4743 2172 4798 in
2215 4743 2322 4800 hoc
2361 4745 2562 4801 smculo
2594 4745 2754 4801 electi
2799 4763 2924 4802 cum
2959 4747 3235 4818 reprobis,
3265 4747 3362 4804 lilii

1765 4835 1954 4891 libera:
1981 4851 2107 4891 cum
2139 4837 2266 4894 filiis
2294 4838 2509 4894 ancillae
2531 4839 2696 4895 simul
2726 4840 3079 4912 vapulantur,
3110 4839 3362 4912 allligun-

1751 4934 1876 4993 ‘tur,
1927 4934 1982 4981 et
2022 4927 2308 4998 patiuntur
2352 4929 2739 4986 tribulationes
2783 4929 2950 5001 hujus
2999 4930 3210 4986 mundi.
3255 4931 3364 4989 Sed

1773 5035 1792 5068 ι
1822 5032 1948 5073 cum
2004 5018 2215 5076 dederit
2269 5019 2538 5077 Dominus
2599 5021 2815 5078 dilectis
2871 5024 2989 5081 suis
3040 5039 3295 5080 somnum
3336 5045 3356 5080 ι

1763 5109 2069 5180 corporalis
2089 5112 2304 5180 mortis,
2324 5131 2344 5166 ε
2367 5128 2495 5170 ecce
2519 5133 2538 5166 ι
2555 5130 2704 5172 nunc
2723 5115 2888 5172 datur
2907 5117 2987 5173 eis
3020 5137 3038 5169 ι
3071 5117 3364 5179 haereditas

1751 5201 2020 5284 Domini,
2077 5203 2176 5260 ﬁlii
2236 5221 2449 5263 merces
2495 5206 2712 5265 fructus
2772 5209 3016 5277 ventris,
3075 5228 3094 5262 ι
3154 5211 3364 5269 scilicet

1765 5294 2068 5366 virginalis.
2101 5294 2328 5367 Propter
2354 5297 2461 5354 hoc
2489 5297 2638 5354 enim
2669 5297 2842 5355 Filius
2869 5297 2966 5356 Dei
3007 5315 3068 5356 se
3106 5299 3363 5358 humilia-

1760 5387 1864 5456 vit,
1893 5395 1948 5444 et
1969 5389 2039 5446 de
2063 5388 2288 5462 Virgine
2321 5402 2485 5450 natus
2517 5402 2633 5461 est,
2672 5404 2734 5450 ut
2755 5403 3014 5451 aeternam
3049 5396 3210 5452 nohis
3239 5412 3380 5452 me»

1763 5492 1979 5537 reretur
2007 5481 2405 5539 hatreditatem.
2444 5483 2675 5556 Propter
2701 5487 2808 5543 hoc
2847 5494 2934 5542 est
2971 5487 3150 5542 factus
3189 5487 3362 5556 parti-

1763 5587 1893 5644 ceps
1948 5572 2177 5630 vilitatis
2230 5577 2456 5643 nostrae,
2517 5585 2578 5632 ut
2635 5592 2738 5634 nos
2796 5575 2999 5633 faceret
3049 5576 3360 5633 cohaeredes

1763 5662 2122 5722 beatitudinis
2155 5681 2290 5734 suae,
2333 5666 2603 5724 claritatis
2645 5683 2780 5734 suae,
2815 5668 3002 5739 gloriae
3035 5682 3167 5724 suae.
3213 5665 3360 5722 Vile-

1762 5764 1920 5812 scant
1960 5755 2126 5829 igitur
2161 5757 2341 5826 nobis,
2384 5758 2586 5815 fratres
2620 5757 2956 5824 charissimi,
2997 5758 3218 5825 divitiae,
3252 5757 3358 5812 ho-

1762 5862 1949 5918 nores,
2001 5850 2308 5923 voluptates
2367 5859 2420 5907 et
2473 5851 2660 5922 gloriae
2715 5850 3028 5918 swculares,
3089 5849 3360 5918 vilescunt
