3844 6318
539 376 679 434 1447

1801 357 2151 416 RADULPHI
2190 354 2537 414 ARDENTIS

3623 365 3711 422 “48

535 493 696 551 nobis
715 502 1057 562 quaecunque
1077 485 1133 541 in
1154 485 1262 540 hoc
1275 483 1476 541 szeculo
1491 481 1761 548 videmus,
1782 491 2126 550 quaecunque
2155 479 2201 540 Α
2231 473 2365 529 mini
2395 473 2604 544 ejectus
2631 480 2736 538 est,
2773 470 3029 543 gentibus
3060 471 3264 541 ubique
3291 479 3537 528 terrarum
3560 475 3610 530 ad
3627 494 3716 548 pra.

537 585 627 640 hic
647 581 1013 654 possidemus,
1045 592 1146 648 pro
1181 575 1474 632 mercanda
1517 572 1607 626 illa
1648 578 1850 626 aeterna
1883 569 2120 624 beatitu-

536 676 664 731 dine
693 681 748 728 et
777 670 1110 735 haereditate,
1153 683 1253 738 per
1293 680 1457 736 opera
1501 661 1892 718 misericordiae
1931 658 2124 715 distri-

537 765 796 832 buamus,
817 762 886 818 ad
925 762 1016 816 illa
1052 767 1166 814 tota
1196 765 1398 823 mente,
1441 764 1556 810 toto
1582 752 1855 810 desiderio
1895 750 2122 806 festine-

513 873 683 920 .mus,
709 857 852 910 bona
880 853 1014 919 vita,
1041 850 1308 920 bonisque
1337 847 1584 904 moribus
1607 847 1676 902 ad
1715 845 1805 900 illa
1830 843 2123 916 pervenire

538 947 874 1003 studeamus.
889 942 1042 1010 Quod
1067 940 1277 996 meritis
1298 948 1352 994 et
1374 938 1627 1009 precibus
1648 936 1982 993 beatissima:
2001 933 2124 989 Vir-

537 1038 682 1111 ginis
734 1045 788 1092 et
836 1022 1027 1090 matris
1077 1049 1190 1088 suae
1242 1031 1402 1087 nobis
1449 1030 1714 1086 concedat
1760 1027 2025 1083 Dominus
2068 1035 2125 1083 et

538 1127 867 1196 Redemptor
895 1132 1081 1179 noster
1104 1121 1266 1178 Jesus
1292 1120 1565 1187 Christus,
1596 1119 1691 1190 qui
1721 1134 1848 1175 cum
1879 1118 2043 1174 Patre
2070 1127 2126 1174 et

538 1218 747 1288 Spiritu
781 1223 970 1271 sancto
1006 1215 1140 1269 vivit
1181 1222 1236 1269 et
1271 1221 1462 1285 regnat
1498 1211 1643 1268 Deus
1667 1227 1766 1282 per
1801 1210 1988 1266 omnia
2020 1225 2126 1266 sa:-

534 1310 655 1364 cula
681 1307 1030 1364 saeculorum.
1058 1307 1251 1361 Amen.

1216 1394 1453 1450 XXXVI.

843 1505 894 1543 IN
932 1503 1309 1542 ESALTATIONE
1349 1501 1566 1542 SANCTJ'I
1603 1500 1812 1540 CRUCIS.

609 1581 764 1635 Nunc
799 1581 1067 1651 judicium
1123 1589 1200 1634 est
1254 1579 1460 1645 mundi,
1507 1595 1644 1632 nunc
1686 1578 1926 1646 princeps
1968 1575 2126 1646 hujus

536 1675 717 1728 mundi
745 1674 987 1743 cjicietur
1009 1673 1156 1742 foras
1170 1670 1351 1743 (loan.
1366 1671 1486 1740 xu),
1511 1679 1563 1726 et
1579 1669 1808 1740 reliqua.
1824 1667 1949 1723 llaec
1967 1666 2128 1723 lectio

538 1764 711 1818 sancti
741 1762 1040 1832 Evangelii,
1065 1760 1262 1817 fratres
1275 1760 1806 1832 mei,quadripertita
1817 1770 1919 1814 est.
1941 1757 2128 1812 Primo

535 1855 684 1909 enim
735 1854 868 1908 dicit
903 1852 1167 1907 Dominus
1212 1868 1309 1924 per
1327 1851 1594 1922 judicium
1624 1849 1930 1920 principem
1961 1848 2126 1918 hujus

536 1945 729 2000 mundi
761 1945 1090 2016 ejiciendum
1136 1944 1202 2000 de
1233 1944 1457 2000 mundo.
1504 1942 1758 1999 Secundo
1785 1944 2128 2000 demonstrat

521 2052 638 2108 .per
680 2037 827 2108 quod
867 2038 974 2092 hoc
1009 2035 1192 2104 faciat,
1233 2045 1287 2090 et
1324 2035 1620 2106 quomodo.
1668 2033 1853 2090 Tertio
1895 2050 2128 2105 respon—

535 2127 728 2183 dentes
751 2125 944 2195 Judaei,
972 2143 1031 2182 se
1046 2127 1362 2199 mysterium
1389 2125 1864 2197 crucisignorasse
1897 2126 2128 2182 demon-

538 2228 736 2282 strant.
791 2219 1039 2287 Quarto,
1086 2217 1354 2274 Dominus
1395 2219 1648 2274 hortatur
1695 2235 1791 2275 eos
1831 2219 1898 2274 ad
1943 2219 2126 2274 tidem.

520 2310 720 2367 .Primo
742 2311 905 2383 igitur
925 2311 1164 2368 ostendit
1191 2310 1456 2368 Dominus
1482 2326 1580 2382 per
1609 2311 1877 2383 judicium
1920 2310 2130 2383 princi-

535 2419 660 2475 pem
697 2405 887 2460 mundi
916 2404 1242 2476 ejiciendum
1268 2403 1336 2459 de
1364 2404 1592 2471 mundo,
1618 2419 1744 2459 cum
1771 2402 1904 2458 dicit
1929 2421 1942 2456 :
1974 2400 2131 2456 Nunc

526 2497 796 2568 judicium
841 2505 919 2553 est
962 2498 1167 2553 mundi.
1217 2497 1390 2554 Porro
1433 2498 1536 2553 tria
1588 2505 1717 2553 sunt
1754 2497 1961 2569 judicia
1991 2493 2126 2552 Dei:

519 2605 707 2653 unum
744 2598 830 2648 est
862 2592 1271 2658 retributionis,
1308 2591 1457 2662 quod
1489 2591 1593 2647 erit
1634 2591 1691 2647 in
1737 2591 1866 2659 (ine,
1911 2591 2132 2663 quando

513 2681 682 2746 Deus
707 2703 725 2735 ‹
752 2684 942 2740 reddet
963 2685 1258 2756 unicuique
1273 2684 1574 2740 secundum
1596 2700 1760 2755 opera
1788 2700 1887 2740 sua
1911 2683 2129 2756 (Matth.

515 2776 671 2846 .xvr).
712 2796 730 2828 ι
761 2775 1006 2832 Alterum
1037 2788 1120 2834 est
1141 2777 1512 2846 discretionis,
1543 2777 1690 2848 quod
1719 2777 1779 2832 ﬁt
1804 2777 2047 2848 quotidie
2075 2777 2132 2832 in

520 2877 727 2924 sancta
750 2867 1014 2937 Ecclesia,
1037 2869 1257 2942 quando
1286 2869 1431 2926 Deus
1451 2869 1713 2926 discernit
1735 2869 1928 2924 merita
1944 2870 2134 2941 singu-

537 2959 741 3015 lorum.
777 2979 794 3012 ι
821 2958 924 3027 Qui
947 2969 1150 3028 autem,
1172 2961 1368 3032 inquit,
1394 2976 1480 3016 me
1495 2960 1710 3032 judicat
1737 2959 2003 3016 Dominus
2025 2970 2128 3016 est.

536 3047 683 3104 Nihil
709 3050 855 3105 enim
887 3052 1021 3105 mihi
1045 3051 1300 3108 conscius
1329 3067 1474 3119 sum,
1502 3050 1598 3106 sed
1624 3066 1730 3105 non
1761 3050 1815 3105 in
1845 3051 2134 3122 hocjusti~

519 3142 735 3200 .ﬁcatus
781 3160 904 3200 sum
951 3143 1005 3215 (Ι
1037 3144 1160 3201 Cor.
1193 3146 1290 3217 1v).
1329 3165 1347 3198 ι
1386 3144 1632 3200 Tertium
1665 3153 1750 3200 est
1791 3145 2132 3215 cxpulsionis
2157 3179 2204 3242 Ο

535 3236 740 3292 diaboli
768 3253 799 3293 a
819 3239 1073 3295 cordibus
1093 3239 1401 3304 hominum,
1415 3239 1483 3294 de
1510 3254 1621 3310 quo
1640 3237 1926 3307 Dominus,
1950 3239 2133 3295 immi-

536 3337 701 3385 nente
724 3345 822 3386 sua
844 3330 1118 3400 passione,
1142 3331 1245 3388 hoc
1270 3331 1415 3404 quod
1440 3331 1606 3388 modo
1627 3332 1938 3390 audivimus
1954 3333 2090 3389 dixit
2113 3352 2129 3390 :

515 3417 698 3488 .Nunc
728 3421 996 3491 judicium
1025 3432 1102 3476 est
1149 3424 1354 3480 mundi.
1388 3423 1546 3481 Nunc
1588 3426 1826 3497 agitatur
1854 3442 2020 3484 causa
2064 3427 2133 3484 de

535 3512 939 3570 habitatoribus
974 3515 1186 3584 mundi,
1217 3516 1343 3588 quis
1373 3518 1550 3590 magis
1595 3534 1692 3574 eos
1723 3517 1918 3575 debeat
1949 3521 2131 3590 possi-

533 3607 684 3675 dere,
735 3606 878 3664 Deus
917 3624 986 3664 an
1021 3609 1293 3666 diabolus.
1340 3610 1478 3666 Cum
1515 3613 1662 3668 enim
1700 3623 1960 3672 constans
1988 3621 2134 3672 esset

535 3701 683 3770 quod
714 3699 860 3757 Deus
907 3703 1172 3758 mundum
1214 3714 1269 3758 et
1316 3704 1653 3761 habitatores
1696 3706 1817 3776 ejus
1867 3715 2130 3778 tauquam

513 3803 816 3859 creaturas
843 3810 973 3851 suas
1005 3795 1130 3866 jure
1157 3797 1438 3868 possidere
1458 3799 1697 3868 deberet,
1729 3809 1910 3856 tamen
1935 3800 2130 3856 diabo-

533 3886 622 3941 lus
670 3887 956 3943 videbatur
989 3905 1085 3944 eos
1124 3889 1272 3960 juste
1312 3892 1620 3962 possidere,
1659 3909 1726 3948 eo
1768 3893 1916 3965 quod
1963 3894 2130 3950 homo

535 3988 729 4048 Sponte
759 3996 856 4035 sua
890 3996 949 4037 se
973 3981 1023 4036 ei
1059 3982 1412 4051 subdidisset,
1442 3993 1496 4039 et
1524 3985 1654 4055 quia
1679 4001 1804 4040 eum
1827 3985 1942 4056 jam
1969 3985 2132 4058 longa

513 4120 516 4124 .
533 4072 945 4142 praescriptione
969 4074 1328 4146 possedisset.
1361 4075 1500 4132 Cum
1525 4085 1705 4132 autem
1734 4075 2000 4134 Dominus
2029 4093 2118 4149 po-

514 4163 787 4229 ,tcstative
813 4174 1120 4221 creaturam
1149 4182 1307 4222 suam
1337 4168 1406 4224 ad
1430 4183 1489 4224 se
1515 4169 1776 4225 reducere
1796 4177 2003 4240 posset,
2030 4184 2133 4224 no-

517 4251 657 4321 ,luit,
685 4270 754 4310 ne
781 4256 1032 4314 diabolus
1057 4269 1508 4331 conquereretur,
1533 4276 1590 4316 se
1613 4277 1720 4316 nou
1745 4277 1843 4332 per
1859 4261 2130 4333 justitiam

534 4348 782 4418 spoliari,
829 4349 924 4404 sed
971 4366 1066 4422 per
1112 4353 1437 4424 potentiam.
1488 4351 1704 4409 Placuit
1749 4354 1918 4426 igitur
1963 4355 2016 4410 ei
2071 4363 2133 4411 ut

531 4439 779 4498 fraudem
807 4453 863 4499 et
903 4443 1158 4516 injuriam
1189 4447 1392 4502 diaboli
1425 4463 1535 4502 non
1562 4462 1661 4517 per
1689 4449 2012 4518 potentiam,
2034 4448 2130 4505 sed

531 4537 715 4608 potius
736 4553 832 4608 per
856 4537 1179 4610 sapientiam
1202 4549 1255 4595 et
1270 4540 1543 4611 justitiam
1563 4540 1822 4608 vinceret,
1849 4549 1904 4596 et
1924 4550 1984 4596 ut
2000 4557 2128 4597 eum
2159 4547 2207 4609 ι)
2232 4541 2487 4611 amplexu
2534 4547 2895 4596 attracturum
2927 4553 3024 4594 eos
3047 4539 3120 4592 ad
3145 4553 3206 4593 se
3242 4536 3618 4606 signiﬁcaret.
3649 4534 3712 4588 Et
3733 4536 3824 4585 has.

515 4647 641 4688 .non
693 4647 788 4703 per
824 4632 1059 4688 alienam
1105 4641 1388 4701 naturam,
1422 4634 1516 4690 sed
1545 4649 1642 4705 per
1671 4635 1917 4690 eamdem
1958 4650 2123 4706 quam

517 4734 906 4796 superaverat,
929 4733 1233 4796 superaret.
1257 4723 1561 4781 Occultavit
1594 4726 1759 4797 igitur
1786 4727 2010 4782 hamum
2041 4727 2126 4782 di-

529 4817 774 4873 vinitatis
805 4816 908 4872 sub
934 4816 1176 4870 humana
1206 4829 1393 4882 carne,
1429 4831 1539 4870 non
1566 4817 1786 4886 quidem
1814 4826 2122 4888 peccatum,

529 4909 625 4964 sed
654 4909 1066 4964 similitudinem
1089 4907 1303 4977 peccati
1332 4907 1586 4976 habente,
1610 4924 1773 4979 quem
1804 4911 1934 4965 dum
1965 4911 2125 4966 mali-

523 5019 671 5076 gnus
699 5002 884 5073 prme
906 5016 1059 5055 more
1082 5000 1243 5054 solito
1265 5001 1414 5072 cupit
1431 5017 1644 5073 capere,
1671 5002 1886 5073 capitur
1909 5002 2048 5074 ipse,
2070 5012 2124 5060 et

528 5096 660 5152 dum
697 5095 751 5149 in
779 5109 928 5160 eum,
957 5093 1012 5148 in
1053 5107 1217 5164 quem
1253 5092 1345 5163 jus
1388 5109 1496 5148 non
1530 5094 1782 5162 habebat,
1815 5096 2120 5166 praesumit,

526 5187 694 5243 etiam
724 5186 875 5240 illum
905 5185 960 5239 in
996 5200 1160 5256 quem
1184 5184 1277 5255 jus
1324 5186 1523 5242 habere
1565 5187 1852 5242 videbatur
1901 5187 2124 5242 amittit.

529 5277 646 5334 Hoc
683 5286 768 5333 est
799 5292 929 5348 ergo
965 5277 1113 5350 quod
1141 5277 1423 5348 sequitur:
1468 5278 1623 5334 Nunc
1656 5280 1904 5350 princeps
1940 5280 2126 5334 mumii

527 5372 684 5442 hujus
705 5371 947 5442 ejicietur
961 5371 1126 5442 foras.
1144 5368 1318 5426 Vocat
1338 5373 1809 5429 autemdiabolum
1825 5372 2128 5444 principem

528 5467 739 5534 mundi,
767 5481 876 5522 non
901 5465 1047 5537 quod
1078 5466 1132 5520 in
1160 5465 1367 5521 mundo
1391 5466 1754 5536 principatum
1780 5467 1999 5534 habeat,
2028 5466 2124 5523 sed

526 5561 655 5631 quia
705 5568 788 5615 est
815 5568 1006 5614 auctor
1048 5557 1269 5614 malitiae
1320 5557 1634 5626 mundanae,
1665 5567 1720 5614 et
1761 5558 1818 5614 in
1863 5559 2125 5616 cordibus

515 5652 797 5708 malorum
820 5651 1183 5722 principatur,
1205 5649 1300 5719 qui
1320 5663 1387 5704 ex
1413 5648 1518 5702 hoc
1537 5648 1684 5717 quod
1705 5649 1940 5721 diligunt
1963 5665 2124 5704 mun-

524 5743 679 5809 dum,
701 5743 921 5798 nomine
950 5741 1140 5797 mundi
1169 5749 1448 5796 merentur
1477 5739 1756 5809 appellari.
1787 5739 1862 5796 De
1882 5755 2119 5810 quorum

525 5847 708 5894 tamen
734 5837 992 5894 cordibus
1023 5850 1092 5890 ex
1138 5849 1334 5905 magna
1363 5844 1516 5905 parte
1543 5848 1640 5904 per
1668 5833 1976 5904 passionem
2010 5832 2117 5889 Do-

2222 565 2553 621 dicationem
2582 564 2956 634 apostolorum
2979 563 3331 619 credentibus
3352 574 3406 619 et
3428 565 3719 628 abrenuntiau-

2226 657 2374 714 tibus
2400 655 2622 712 diabolo
2648 664 2704 710 et
2729 657 2946 727 pompis
2988 656 3132 725 ejus.
3163 655 3268 721 Qui
3304 656 3512 726 quidem
3533 659 3721 730 diabolus,

2224 748 2481 820 quamvis
2510 763 2541 803 a
2572 747 2834 804 cordibus
2871 745 3312 818 patriarcharum
3351 757 3404 804 et
3432 751 3726 819 prophetarum

2224 841 2357 896 olim
2385 839 2592 911 ejectus
2618 839 2802 907 fuerit,
2827 848 3010 895 tamen
3036 856 3184 895 nunc
3198 839 3468 910 praecipue
3485 842 3731 916 dicitureje-

2225 941 2348 990 ctus
2371 949 2512 1001 esse,
2539 933 2666 1005 quia
2691 933 2839 1004 quod
2863 933 2994 988 olim
3020 932 3074 986 in
3104 933 3317 1003 paucis,
3351 950 3493 990 nunc
3512 934 3735 993 factumet

2226 1029 2282 1085 in
2312 1029 2521 1096 multis,
2553 1036 2608 1084 et
2642 1027 2772 1099 quia
2803 1035 3020 1082 tantum
3065 1042 3164 1096 per
3191 1026 3468 1097 passionis
3497 1027 3625 1083 tidem
3643 1030 3736 1086 sicut

2225 1136 2374 1177 nunc
2398 1121 2470 1176 ab
2492 1120 2633 1186 istis,
2668 1120 2742 1174 ita
2766 1119 2836 1176 ab
2862 1119 2970 1174 illis
2998 1118 3130 1172 olim
3156 1119 3366 1189 ejectus
3393 1127 3494 1174 est.

2300 1215 2561 1285 Sequitur
2600 1229 2729 1284 pars
2753 1213 3020 1277 secunda,
3052 1212 3108 1266 in
3141 1227 3252 1283 qua
3295 1214 3527 1269 ostendit
3553 1212 3740 1273 Dominus

2227 1323 2323 1379 per
2343 1322 2506 1378 quem
2532 1315 2589 1362 et
2609 1305 2891 1377 quomodo
2912 1304 3164 1361 diabolus
3187 1305 3256 1360 de
3287 1304 3492 1360 mundo
3521 1306 3742 1377 ejiciendus

2227 1398 2318 1465 sit,
2351 1412 2476 1452 cum
2509 1396 2696 1452 subdit
2731 1415 2744 1450 :
2789 1394 2860 1449 Et
2901 1411 2996 1466 ego
3028 1395 3076 1449 si
3100 1394 3376 1450 excitatus
3421 1395 3557 1464 fuero
3581 1414 3607 1448 α
3634 1408 3742 1461 tem,

2229 1488 2408 1541 omnia
2435 1486 2644 1540 traham
2673 1485 2744 1539 ad
2771 1485 3050 1554 meipsum.
3081 1481 3160 1540 Ac
3188 1485 3235 1539 si
3261 1493 3450 1555 aperte
3473 1483 3605 1540 dicat
3625 1505 3636 1540 :
3655 1483 3744 1556 Ego,
3836 1515 3837 1518 η

2229 1573 2284 1629 in
2314 1591 2426 1646 quo
2448 1575 2704 1646 princeps
2735 1572 2926 1629 mundi
2957 1572 3125 1644 hujus
3153 1589 3263 1628 non
3309 1573 3476 1629 habet
3505 1574 3747 1646 quidquam,

2229 1682 2296 1723 ex
2327 1681 2392 1722 eo
2422 1666 2567 1737 quod
2595 1681 2683 1720 me
2718 1664 2920 1735 injuste
2940 1663 3202 1719 exaltabit
3230 1664 3287 1718 in
3316 1678 3501 1730 cruce,
3521 1679 3626 1718 eum
3651 1665 3752 1735 juste

2228 1757 2504 1828 dejiciam,
2531 1765 2589 1812 et
2616 1770 2868 1827 possessa
2896 1757 2967 1811 ab
2993 1770 3061 1811 eo
3093 1755 3320 1826 injuste,
3362 1756 3432 1810 ad
3457 1772 3538 1811 me
3558 1757 3674 1826 juste
3692 1773 3753 1811 re-

2161 1829 2202 1886 Β
2229 1850 2448 1904 ducam.
2477 1847 2632 1904 Unde
2674 1857 2728 1904 et
2758 1849 2863 1903 hoc
2904 1862 3186 1918 exponens
3219 1848 3552 1920 evangelista
3583 1850 3719 1904 soluit
3744 1867 3755 1904 :

2233 1942 2348 1997 Hoc
2386 1953 2562 1996 autem
2584 1983 2598 2007 ,
2638 1941 2848 2012 inquit,
2875 1939 3116 2006 dicebat,
3166 1939 3482 2010 signiﬁcans
3517 1957 3609 2009 qua
3642 1953 3758 1994 uerte

2228 2043 2362 2090 esset
2406 2033 2718 2087 moriturus.
2749 2030 2924 2086 Porro
2958 2046 3087 2086 cum
3121 2038 3239 2084 tota
3282 2029 3520 2084 Trinitas
3550 2030 3759 2085 diabolum

2230 2127 2453 2198 ejecerit
2482 2143 2513 2182 a
2555 2126 2816 2182 cordibus
2842 2124 3155 2192 hominum,
3190 2133 3249 2179 et
3272 2123 3529 2180 homines
3561 2123 3619 2179 ad
3641 2140 3762 2180 sere

2231 2220 2471 2288 duxerit,
2507 2228 2688 2276 tamen
2714 2219 2820 2274 hoc
2842 2218 3157 2289 specialiter
3182 2217 3320 2273 dicit
3346 2217 3519 2272 Filius
3540 2216 3621 2272 Dei
3644 2233 3690 2273 se
3707 2217 3762 2272 is-

2232 2323 2473 2381 cturum,
2497 2327 2566 2368 eo
2585 2311 2733 2383 quod
2757 2311 2873 2382 ipse
2898 2319 3102 2368 nostrae
3128 2311 3495 2378 liberationis,
3517 2325 3616 2366 non
3635 2312 3760 2366 solun

2229 2422 2358 2464 cum
2388 2404 2551 2461 Patre
2571 2413 2626 2460 et
2658 2404 2867 2476 Spiritu
2907 2413 3102 2459 sancto
3141 2402 3248 2458 fuit
3286 2414 3501 2470 auctor,
3532 2403 3613 2458 sed
3645 2404 3761 2457 etiam

2232 2499 2507 2556 minister.
2535 2498 2658 2570 Ipse
2685 2498 2831 2553 enim
2867 2496 2972 2553 fuit
3002 2497 3056 2552 in
3092 2511 3263 2553 causa
3294 2506 3484 2552 nostra
3512 2497 3762 2561 advocatus,

2233 2591 2385 2662 pugil
2408 2599 2468 2646 et
2483 2598 2768 2662 patronus.
2798 2588 2980 2657 Quare
3001 2598 3185 2645 autem
3223 2589 3498 2644 Dominus
3525 2588 3681 2659 potius
3698 2603 3765 2642 vo-

2234 2684 2333 2739 luit
2359 2699 2456 2754 per
2479 2698 2699 2740 crucem
2742 2697 2908 2754 quam
2935 2682 3046 2737 alio
3085 2682 3251 2738 modo
3274 2681 3556 2737 diabolum
3584 2681 3767 2745 vilicare,

2233 2785 2289 2834 et
2321 2792 2454 2833 suos
2487 2777 2555 2832 ad
2582 2793 2641 2832 se
2670 2776 2948 2842 reducere,
2976 2775 3215 2831 ostendit
3243 2772 3514 2830 Dominus
3536 2789 3621 2845 per
3639 2773 3770 2844 tripli-

2234 2885 2353 2925 cem
2381 2871 2569 2942 ligurae
2590 2870 2774 2926 crucis
2797 2869 3207 2940 proprietatem,
3235 2881 3407 2938 quam
3435 2867 3606 2922 innuit
3625 2868 3671 2921 in
3687 2881 3777 2920 vero

2235 2962 2321 3019 bis
2347 2964 2484 3019 suis.
2517 2962 2664 3017 Crux
2696 2962 2843 3018 enim
2870 2978 2997 3017 cum
3029 2961 3102 3018 sit
3127 2961 3464 3017 vilissimum
3494 2975 3650 3032 genus
3666 2974 3780 3013 Iner-

2236 3055 2327 3121 tis,
2360 3063 2538 3110 tamcn
2567 3054 2677 3110 alta
2717 3063 2804 3110 est
2828 3068 2993 3124 super
3024 3062 3251 3120 terram,
3279 3060 3338 3108 et
3360 3053 3458 3124 qui
3482 3053 3535 3106 in
3559 3067 3621 3107 ea
3642 3051 3783 3109 cruci-

2236 3148 2438 3220 tigitur,
2466 3155 2685 3218 oportet
2711 3146 2939 3202 exaltari
2973 3162 3006 3201 a
3050 3156 3218 3201 terra.
3245 3144 3433 3200 Voluit
3462 3146 3620 3217 igitur
3639 3143 3785 3198 Domi-

2234 3257 2339 3296 nus
2365 3256 2426 3297 se
2457 3240 2552 3295 vili
2581 3248 2760 3295 morte
2803 3240 3160 3306 moriturum,
3184 3248 3371 3294 tamen
3413 3239 3470 3293 in
3503 3251 3657 3293 cruce
3672 3237 3788 3292 enl-

2233 3333 2480 3399 tandum,
2504 3340 2567 3388 ut
2590 3331 2924 3403 signiﬁcaret
2944 3345 3005 3385 se
3031 3345 3129 3402 per
3150 3329 3519 3385 humilitatem
3540 3338 3596 3385 et
3617 3329 3788 3399 patien-

2235 3425 2364 3481 tiam
2394 3425 2672 3481 diabolum
2700 3432 3111 3496 superaturum,
3132 3431 3190 3478 et
3223 3437 3392 3493 super
3431 3436 3647 3478 omnem
3672 3429 3792 3490 pate-
3836 3459 3837 3502 1

2232 3527 2428 3575 statem
2469 3517 2850 3584 exaltaudum,
2877 3516 3035 3587 juxta
3071 3514 3222 3586 quod
3261 3513 3566 3585 Apostolus
3602 3513 3664 3568 de
3701 3513 3794 3581 il’so

2232 3614 2309 3670 ait
2337 3633 2350 3669 :
2388 3633 2407 3665 ι
2436 3611 2755 3668 Humiliavit
2782 3609 3137 3680 semetipsum
3165 3606 3346 3663 factus
3374 3607 3638 3663 obediens
3659 3618 3794 3676 usqle
3836 3635 3837 3680 1

2231 3708 2300 3764 ad
2330 3715 2586 3774 mortem,
2619 3714 2851 3760 mortem
2887 3712 3071 3759 autem
3103 3702 3308 3758 crucis.
3338 3699 3588 3771 Pr0pter
3607 3698 3736 3769 quod
3755 3703 3796 3751 et

2233 3799 2377 3856 Deus
2405 3799 2665 3856 exaltavit
2688 3797 2844 3853 illum
2883 3805 2939 3852 et
2964 3795 3189 3852 donavit
3214 3794 3293 3850 illi
3339 3803 3546 3850 nomen
3569 3792 3706 3865 quoi
3731 3797 3802 3848 α

2233 3909 2398 3964 super
2426 3907 2592 3948 omne
2627 3907 2847 3958 nomen,
2879 3900 2943 3946 ut
2973 3891 3030 3944 in
3076 3888 3301 3944 nomine
3330 3886 3463 3944 Iesu
3494 3903 3658 3942 omne
3687 3900 3798 3956 gena

2229 3984 2480 4041 ﬂectatur
2526 3985 2757 4058 (Philip.
2780 3985 2865 4056 u);
2896 4003 2916 4037 ι
2959 3982 3176 4040 Rursus
3219 3999 3356 4040 crux
3407 3983 3638 4040 brachia
3671 3982 3806 4037 hbet

2233 4092 2493 4148 expensa,
2525 4087 2580 4132 et
2603 4077 2700 4148 qui
2728 4077 2784 4131 in
2812 4092 2878 4132 ea
2922 4076 3178 4149 atﬁgitur,
3211 4077 3463 4133 extensis
3488 4074 3804 4132 brachiissi-

2232 4169 2382 4226 milis
2397 4177 2478 4224 est
2499 4168 2705 4224 amanti
2725 4168 3082 4238 amplexanti,
3103 4177 3156 4223 et
3186 4167 3250 4222 ad
3270 4183 3332 4223 se
3357 4168 3588 4222 trabem
3615 4162 3808 4220 τοὶωὰ

2236 4261 2419 4318 Voluit
2445 4276 2576 4334 ergo
2620 4260 2889 4317 Dominus
2923 4275 2982 4316 se
3025 4259 3084 4314 in
3123 4275 3290 4316 cruce
3316 4259 3573 4314 extensis
3599 4255 3812 4313 brachii

2233 4370 2334 4427 pro
2360 4353 2676 4411 hominibus
2703 4353 2868 4420 mori,
2912 4359 3186 4423 quatenus
3226 4351 3464 4406 nimiam
3511 4350 3812 4406 citas-itan

2233 4464 2400 4520 quam
2445 4463 2575 4519 erga
2614 4445 2866 4502 homines
2911 4445 3145 4500 habebat
3197 4444 3639 4507 demonstraret,
3675 4453 3728 4496 et
3765 4454 3812 4494 se

2233 4642 2317 4690 est
2354 4633 2502 4704 quod
2539 4632 2620 4688 ait
2651 4650 2666 4687 :
2706 4631 2903 4687 Omnia
2935 4631 3146 4686 traham
3177 4641 3246 4684 α
3288 4630 3584 4700 uicimus.

2231 4735 2469 4798 quatuor
2495 4726 2719 4783 brachia
2747 4742 2883 4782 crux
2912 4725 3096 4791 habet,
3124 4724 3328 4796 quibus
3367 4734 3626 4796 quatuor
3653 4717 3838 4798 Iunii

2230 4828 2413 4891 partes
2449 4819 2691 4889 respicit.
2723 4817 2979 4876 Christus
3005 4832 3248 4889 quoque,
3283 4817 3340 4872 in
3385 4832 3564 4873 cruce
3611 4814 3838 4891 positi

2230 4912 2408 4983 capite
2428 4912 2653 4983 respicit
2674 4911 2966 4979 orientem,
2995 4911 3225 4982 pedibus
3245 4911 3632 4977 occidentem,
3651 4910 3812 4965 ἀπα

2229 5013 2501 5071 austrum,
2533 5003 2757 5060 sinistra
2798 5003 3136 5073 aquilonem.
3181 5000 3284 5056 Per
3325 5003 3486 5072 quod
3513 4997 3830 5073 sig-iiuna.

2229 5094 2499 5152 Dominus
2530 5109 2590 5150 se
2617 5109 2713 5165 per
2738 5109 2962 5150 crucem
2984 5093 3054 5149 de
3073 5093 3331 5150 omnibus
3363 5096 3572 5150 mundi
3599 5093 3838 5165 mihi

2230 5189 2486 5246 homines
2504 5189 2573 5244 ad
2594 5204 2654 5244 se
2675 5195 3001 5243 tracturum.
3023 5186 3092 5242 Et
3110 5187 3215 5242 hoc
3229 5196 3316 5242 est
3336 5188 3496 5258 quod
3521 5189 3626 5252 ait,
3645 5183 3838 5258 suis]

2227 5279 2346 5337 Hoc
2369 5290 2580 5348 autem,
2606 5279 2806 5336 fratres
2833 5279 2965 5346 mei,
2989 5277 3200 5335 faciens
3221 5295 3323 5350 pro
3349 5280 3526 5337 nobis
3553 5277 3838 5359 Domini

2231 5375 2472 5431 ostendit
2514 5374 2672 5430 mbis
2703 5373 2834 5443 quid
2875 5387 2976 5443 pro
3025 5388 3093 5427 eo
3125 5371 3306 5428 facere
3354 5374 3660 5430 debemus.
3695 5369 3732 5425 l3

2227 5464 2423 5522 Petrus
2458 5465 2538 5520 ait
2569 5483 2583 5520 :
2633 5484 2652 5517 ι
2684 5463 2944 5520 Christus
2982 5479 3182 5534 passus
3197 5472 3294 5519 est
3319 5481 3426 5535 pro
3465 5465 3662 5529 nolis,
3690 5459 3796 5515 vni

2228 5559 2548 5629 relinquens
2597 5557 2906 5627 exemplum
2962 5566 3023 5610 ut
3063 5557 3376 5626 sequamini
3427 5557 3674 5628 vestigia

2228 5649 2283 5721 (1
2309 5648 2459 5704 Pctr.
2491 5650 2609 5720 ιι).»
2630 5648 2787 5705 Dedit
2809 5648 2976 5720 igitur
3005 5647 3168 5704 nobis
3194 5650 3552 5720 mulina),
3571 5664 3688 5720 qua

2226 5755 2338 5798 non
2362 5731 2654 5800 timeamus
2673 5756 2773 5812 pro
2797 5755 2868 5796 eo
2902 5749 3107 5797 etcum
3131 5756 3200 5798 eo
3228 5742 3528 5799 humiliari
3555 5753 3614 5798 et
3635 5738 3762 5812 pati.

2223 5849 2351 5890 cum
2390 5849 2462 5888 eo
2487 5833 2742 5891 volumus
2773 5833 3025 5889 exaltari.
3055 5832 3162 5890 Per
3195 5836 3585 5892 humilitatem
3613 5833 3758 5890 enim

3779 5701 3838 5992 i
