3844 6318
107 385 204 446 m9

1115 365 1446 423 IIOMILIE.
1473 398 1538 406 —-
1568 365 1607 422 I.
1655 365 1741 422 DE
1780 365 2126 422 TENPORE.

3131 377 3270 434 I450

102 493 337 577 “gentiam
361 485 558 542 venitur
581 482 648 539 ad
674 497 924 554 regnum,
948 479 1110 539 'sicut
1144 495 1242 552 per
1268 477 1578 558 superbiam
1611 484 1657 544 Α
1685 487 1740 577 et
1759 463 2149 577 damnationis,
2173 480 2918 577 vos_comprehendant._Nam
2948 488 3041 558 qui
3077 493 3270 549 ambu-

98 570 256 647 vemtur
271 581 325 638 ad
346 577 617 632 infernum.
642 572 800 629 Dedit
818 573 985 644 igitur
1005 587 1198 628 rursus
1221 570 1381 627 nobis
1394 586 1580 626 exem-

97 683 220 756 plum,
237 683 286 729 ut
307 685 390 743 pro
412 681 474 722 eo
503 675 556 722 et
580 665 647 721 ad
679 663 1092 722 similitudinem
1129 662 1249 734 ejus
1276 678 1377 756 per
1389 661 1579 756 chari-

93 754 216 831 tatem
235 777 394 821 omnes
418 758 658 815 homines
679 757 1151 839 amplecterentur,
1179 763 1234 811 et
1258 755 1326 811 ad
1348 754 1578 826 diligen-

91 867 184 925 dum
213 859 352 914 Deum
375 861 423 909 et
447 867 566 918 nos,
607 850 887 908 beneﬁciis
921 849 1318 906 attraheremus
1344 862 1454 903 non
1483 861 1578 903 so-

87 959 170 1013 lum
202 960 351 1016 notos,
375 946 458 1004 sed
485 945 648 1000 etiam
679 956 1041 1015 quoscunque
1067 941 1134 998 de
1158 940 1579 1012 quibuscunque

86 1045 272 1122 partibus
300 1039 490 1105 mundi,
516 1047 571 1094 et
590 1036 660 1094 ad
687 1035 996 1108 exemplum
1023 1034 1143 1106 ejus
1169 1033 1448 1090 diabolum
1477 1033 1576 1088 de-

78 1145 219 1214 jicere,
240 1146 285 1194 et
301 1148 416 1190 vasa
435 1129 760 1202 captivitatis
779 1129 830 1186 ei
853 1127 1091 1196 auferre,
1117 1137 1172 1183 et
1193 1126 1262 1183 ad
1289 1126 1458 1182 Deum
1490 1140 1577 1179 re-

79 1236 226 1290 ducere
239 1229 568 1284 decertemus.

129 1321 336 1394 Sequitur
357 1331 476 1389 pars
498 1314 678 1383 tertia,
709 1315 765 1370 in
800 1329 908 1386 qua
932 1312 1093 1370 turba
1121 1309 1438 1368 Judteorum
1469 1308 1578 1365 Do-

74 1416 185 1471 mino
206 1409 534 1481 respondens,
564 1406 904 1462 demonstrat
935 1418 996 1460 se
1030 1403 1349 1475 mysterium
1395 1401 1577 1458 crucis

74 1507 307 1576 ignorasse,
333 1515 450 1556 cum
486 1497 706 1554 subdit:
749 1494 864 1550 Nos
887 1494 1190 1550 audivimus
1230 1510 1297 1549 ea:
1319 1492 1429 1564 lege
1450 1492 1576 1564 quia

69 1595 254 1652 Clarium
292 1597 458 1646 manet
501 1589 556 1642 in
596 1597 874 1643 ueternum.
911 1584 981 1640 Et
1019 1584 1280 1656 quomodo
1309 1592 1366 1638 tu
1393 1583 1576 1638 dicis:

72 1689 231 1758 Oportet
253 1682 465 1739 exaltari
487 1679 692 1736 Filium
724 1678 995 1734 hominis?
1025 1675 1165 1733 Cum
1190 1675 1456 1733 Dominus
1478 1674 1576 1730 ob-

63 1794 181 1836 scure
198 1783 404 1833 mortem
430 1789 588 1830 suam
641 1772 698 1828 in
740 1786 907 1828 cruce
953 1769 1342 1841 signiﬁcasset,
1392 1775 1572 1823 tamen

204 1867 700 1924 citointellexerunt
752 1879 898 1929 eam,
923 1871 1111 1934 utpote
1149 1861 1246 1932 qui
1294 1861 1364 1916 de
1403 1875 1468 1915 ea
1518 1859 1571 1913 iu
1608 1833 1650 1893 Β

58 1969 190 2018 mente
207 1975 296 2016 sua
317 1959 428 2032 jam
475 1957 802 2014 tractabant.
843 1954 976 2020 Qui:
1020 1961 1099 2008 est
1138 1951 1260 2016 iste,
1298 1950 1576 2022 inquiunt,

63 2055 188 2109 Filius
203 2053 409 2108 hominis
426 2053 452 2107 .9
469 2050 631 2122 quasi
657 2049 844 2106 dicant
865 2066 879 2104 :
905 2045 1024 2102 Non
1048 2056 1132 2103 est
1153 2045 1432 2111 Christus,
1449 2045 1578 2115 quia

52 2144 506 2216 estcruciﬁgendus.
533 2141 828 2209 Caeterum,
870 2140 1014 2196 sicut
1044 2137 1380 2210 perpetuitas
1426 2138 1578 2208 regni

52 2236 204 2293 Christi
223 2237 274 2292 in
295 2237 406 2308 lege
425 2235 733 2309 signiﬁcata
755 2243 859 2302 est,
891 2233 966 2288 ita
1000 2241 1055 2288 et
1081 2231 1203 2302 ejus
1222 2230 1427 2302 passio.
1462 2230 1580 2286 Sic-

51 2339 90 2384 ut
124 2329 246 2384 enim
303 2329 370 2385 de
414 2327 572 2400 regni
620 2327 741 2398 ejus
793 2324 1156 2397 perpetuitate
1207 2322 1415 2378 dictum
1463 2333 1575 2378 est:

52 2421 484 2494 «luitiplicabitur
511 2421 638 2492 ejus
663 2417 988 2490 imperium,
1024 2425 1081 2473 ct
1115 2415 1267 2488 pacis
1317 2430 1444 2470 non.
1473 2414 1580 2470 erit

44 2515 132 2571 finis
166 2513 286 2586 (Ita.
330 2515 443 2587 tr);
477 2534 497 2566 ι
531 2515 611 2570 ita
657 2521 714 2570 et
755 2511 824 2568 de
872 2509 1130 2582 passione
1166 2509 1288 2582 ejus
1335 2507 1574 2564 dicitur:

48 2626 60 2658 t
91 2607 212 2664 Sicut
241 2608 355 2664 ovis
381 2608 448 2664 ad
497 2606 834 2665 occisionem
864 2605 1118 2673 ducetur,
1179 2611 1237 2660 et
1275 2601 1421 2660 sicut
1457 2601 1578 2658 ovis

38 2715 174 2755 coram
198 2701 445 2757 tondente
482 2715 548 2756 se
579 2700 940 2765 obmutescet,
991 2697 1074 2754 sic
1122 2710 1232 2752 non
1262 2695 1470 2766 aperiet
1511 2710 1576 2751 os

39 2808 156 2847 suum
188 2792 314 2865 (ha.
338 2796 483 2865 Lm).
525 2813 548 2846 ι
589 2791 697 2848 Sed
747 2791 920 2847 Judaei
945 2789 1363 2861 perpetuitatem
1399 2788 1574 2859 regni,

35 2893 238 2956 tanquam
259 2886 482 2942 Christo
515 2885 660 2941 bene
683 2883 1122 2948 convenientem,
1172 2880 1574 2945 intellexerant,

33 2979 283 3046 passionem
307 2994 441 3034 vero
479 2994 656 3050 quam
690 2976 1002 3032 nullatenus
1040 2974 1308 3046 putabant
1353 2971 1575 3028 Christo

30 3069 282 3138 conterere,
311 3071 633 3142 intelligere
661 3083 770 3125 non
809 3075 1084 3140 poterant.
1118 3063 1235 3122 Hoc
1269 3073 1356 3121 est
1401 3063 1572 3131 enim,

29 3171 69 3215 ut
89 3162 149 3216 ait
169 3163 479 3234 Apostolus,
509 3161 839 3234 mysterium
868 3158 1251 3216 absconditum
1273 3172 1305 3213 a
1335 3157 1573 3250 sarculis,
1605 3187 1649 3250 ο

26 3262 63 3308 et
81 3255 201 3325 quod
228 3255 730 3327 nenmprincipum
753 3253 922 3325 hujus
941 3252 1128 3309 saeculi
1155 3251 1413 3324 cognovit
1433 3249 1574 3321 (Col.

27 3347 68 3410 ι).
106 3347 222 3414 Quis
255 3349 404 3404 enim
448 3347 765 3419 intelligere
798 3353 986 3417 posset
1039 3344 1210 3401 Deum
1258 3358 1360 3415 pro
1402 3343 1580 3399 homi-

27 3437 165 3507 nibus,
201 3440 583 3497 immortalem
613 3454 716 3511 pro
748 3437 1075 3494 mortalibus
1101 3436 1184 3492 sic
1213 3434 1580 3492 moriturum?

27 3535 96 3591 ἰαὶ
118 3554 206 3595 nec
233 3541 403 3596 etiam
432 3540 676 3612 quidam
709 3538 873 3595 hodie
899 3538 1014 3610 jam
1064 3537 1342 3608 impletum
1389 3545 1447 3592 et
1493 3544 1579 3591 at-

30 3637 216 3686 estatam
265 3631 485 3689 Christi
550 3629 871 3703 passionem
918 3627 1144 3686 credere
1188 3627 1400 3683 volunt.
1435 3625 1577 3693 Quia

30 3719 120 3776 nim
142 3722 407 3780 diabolice
438 3734 500 3780 et
523 3722 768 3794 superbe
798 3721 1039 3792 sapiunt,
1071 3727 1126 3776 et
1179 3719 1436 3775 virtutem
1477 3717 1580 3773 hu-

32 3814 208 3874 tilitatis
232 3826 287 3874 et
308 3819 616 3891 patientiae
631 3817 958 3888 despiciunt,
989 3830 1111 3871 eam
1139 3814 1248 3870 Deo
1285 3813 1582 3870 convenire

30 3912 344 3967 oncredunt.
388 3912 479 3969 Ac
524 3909 848 3966 econtrario
889 3908 1034 3964 sicut
1087 3905 1231 3963 Deus
1279 3905 1581 3962 detestatur

31 4015 175 4058 mrtem
212 4005 580 4076 superbiam,
616 4003 694 4058 ita
718 4001 896 4074 diligit
925 4000 1313 4056 humilitatem.
1343 3998 1410 4055 Et
1438 3999 1582 4056 sicut

31 4101 400 4169 arsuperbiam
446 4100 777 4154 humanum
823 4111 997 4168 genus
1041 4093 1221 4150 fuerat
1276 4093 1582 4165 praecipita-

31 4201 103 4257 ι,
122 4189 190 4245 ita
226 4207 327 4262 per
361 4190 761 4247 humilitatem
784 4186 975 4243 statuit
1006 4184 1151 4242 Deus
1173 4184 1305 4240 illud
1330 4198 1584 4256 reparan-

33 4295 109 4336 ιω.
137 4281 245 4340 Nos
274 4299 546 4356 quoque,
599 4280 801 4337 fratres
836 4281 968 4347 mei,
1016 4277 1436 4349 Redemptorem
1478 4292 1580 4333 no-

35 4385 131 4427 rum
163 4385 498 4447 sequentes,
547 4388 808 4429 amemus
836 4370 1580 4442 humilitatem,patientiam,

40 4477 322 4535 npertatem
354 4477 416 4523 et
452 4465 825 4524 charitatem.
878 4462 1006 4519 Haec
1056 4471 1187 4518 sunt
1232 4461 1378 4518 enim
1429 4476 1580 4516 arma

40 4569 62 4607 r
82 4572 191 4626 quae
219 4558 502 4613 Christus
528 4555 820 4612 diabolum
850 4552 1203 4625 expugnavit,
1256 4561 1313 4608 et
1341 4566 1443 4608 nos
1491 4567 1582 4608 re-
1619 4539 1661 4594 ί)

33 4649 134 4714 mit,
167 4650 490 4706 ostendens
519 4646 686 4719 quod
721 4661 818 4717 per
851 4645 968 4700 haec
1002 4643 1192 4699 eadem
1223 4658 1377 4699 arma
1415 4635 1578 4714 opor-

71 4742 479 4797 nosdiabolum
515 4751 870 4810 expugnare,
900 4745 954 4792 et
972 4736 1041 4792 ad
1071 4735 1304 4807 patriam
1332 4744 1576 4791 nostram

37 4831 138 4888 lire.

38 4922 278 4998 Sequitur
306 4944 454 5000 pars
487 4932 734 4998 quarta,
778 4921 834 4978 in
877 4936 987 4993 qua
1031 4919 1296 4977 Dominus
1329 4919 1581 4976 hortatur

37 5017 156 5077 imos
185 5022 256 5077 ad
284 5021 473 5077 ﬁdem
509 5014 972 5074 dicens:-Adhuc
1006 5012 1274 5067 modicum
1314 5011 1493 5068 lumen
1526 5013 1583 5067 in

41 5115 86 5168 is
105 5125 199 5183 est,
236 5117 352 5171 hoc
374 5113 631 5171 scilicet
663 5109 792 5180 quia
813 5107 980 5163 modo
1005 5105 1245 5174 dixistis,
1268 5105 1398 5178 quia
1426 5104 1585 5161 Chri-

38 5213 246 5259 tutanet
290 5204 356 5258 in
395 5211 718 5263 cateruam,
764 5194 861 5270 sed
914 5207 1023 5248 non
1069 5190 1287 5258 suﬁicit,
1321 5191 1582 5262 quoniam

42 5296 279 5352 tsulﬁcit
317 5295 501 5350 vobis
534 5288 776 5347 credere
819 5286 1026 5343 Christi
1057 5285 1438 5352 aeternitatem,
1476 5285 1585 5340 nisi

43 5386 134 5442 iter
152 5387 416 5444 credatis
442 5391 511 5440 et
534 5380 676 5451 ejus
702 5377 1035 5449 passionem.
1059 5374 1157 5431 Vel
1190 5384 1366 5432 certe:
1397 5375 1584 5430 Adhuc

43 5485 197 5539 ticum
227 5485 430 5540 lumen
461 5483 530 5536 in
559 5475 718 5532 vobis
756 5483 856 5542 est,
881 5474 934 5530 id
956 5482 1060 5540 est,
1089 5488 1191 5547 ego
1217 5472 1312 5544 qui
1349 5489 1472 5531 sum
1500 5474 1586 5531 lu-

43 5591 78 5642 t,
107 5577 296 5634 adhuc
327 5570 686 5633 modicum,
715 5564 770 5621 id
798 5573 902 5633 est,
930 5564 1148 5620 modico
1175 5573 1419 5635 tempore
1443 5565 1586 5620 inter

49 5683 190 5723 sum.
219 5665 582 5727 Ambulate,
624 5657 880 5726 subaudi,
905 5657 1174 5715 credendo
1195 5666 1252 5713 et
1277 5657 1414 5713 bene
1451 5673 1552 5729 Ope
1574 5688 1584 5701 ι

19 5747 118 5830 fio,
141 5762 276 5817 dum
298 5761 506 5816 lucem
534 5749 761 5806 habetis
779 5758 1101 5821 praesentem
1123 5758 1178 5808 et
1199 5765 1260 5806 se
1279 5749 1433 5807 vobis
1451 5751 1585 5807 oﬁ‘e-

45 5871 151 5924 em,
191 5867 252 5911 ut
294 5868 418 5908 non
470 5842 733 5902 tenebrae
787 5843 1151 5912 inﬁdelitatis,
1196 5843 1583 5900 excaecatiouis

244 5950 578 6012 PATROL.
625 5935 806 5997 CLV.

1683 569 1837 623 latin
1865 570 2114 638 tenebris,
2142 572 2307 626 nescit
2331 587 2434 644 quo
2458 573 2638 628 vadat.
2660 571 2925 648 Quisquis
2973 579 3123 638 enim
3149 584 3270 643 sine

1681 675 1810 718 vera
1837 659 1942 716 ﬁde
1977 669 2081 730 est,
2119 675 2304 718 errare
2336 671 2533 734 potest,
2565 665 2847 723 ambulare
2901 683 3014 725 non
3063 682 3265 743 potest.

1681 752 1749 809 Et
1775 754 1822 810 si
1851 755 2000 810 enim
2027 755 2252 827 quidam
2280 757 2524 815 inﬁdeles
2553 759 2842 818 vidcantur
2884 763 2938 818 in
2970 765 3117 822 bono
3141 784 3270 839 pro-

1681 844 1864 910 ﬁcere,
1897 846 2056 903 bonis
2091 848 2349 919 operibus
2396 850 2540 906 bona
2567 867 2730 922 opera
2759 853 3031 924 addendo,
3085 866 3268 916 tamen

1679 949 1900 1009 propter
1931 937 2036 996 hoc
2060 954 2168 994 non
2195 943 2516 1011 perveniunt
2533 944 2598 999 ad
2618 945 2870 1014 salutem,
2909 950 3040 1020 quia
3062 951 3270 1024 impos-

1680 1030 1838 1087 sibile
1859 1031 2159 1103 estaliquid
2176 1033 2292 1090 sine
2321 1033 2424 1091 ﬁde
2443 1035 2656 1107 placere
2668 1036 2799 1094 Deo.
2828 1039 2991 1099 Fides
3019 1042 3164 1099 enim
3187 1053 3272 1102 est

1679 1121 1766 1176 via
1796 1121 1864 1177 ad
1891 1122 2146 1179 salutem.
2182 1123 2330 1180 Bona
2355 1141 2484 1182 vero
2508 1142 2608 1200 per
2635 1129 2963 1188 eharitatem
2993 1117 3266 1204 operatio,

1679 1222 1762 1269 est
1781 1214 2102 1270 ambulatio.
2139 1214 2294 1271 Sicut
2324 1216 2491 1289 igitur
2510 1233 2611 1275 nec
2655 1221 2958 1278 ambulatio
3010 1223 3129 1281 sine
3158 1225 3268 1296 via,

1679 1321 1781 1363 nec
1807 1305 1893 1362 via
1933 1307 2054 1362 sine
2077 1307 2448 1366 ambulatione
2476 1320 2658 1382 potest
2708 1328 2811 1370 nos
2853 1314 3153 1385 perducere
3202 1319 3270 1374 ad

1678 1401 2018 1470 propositam
2047 1413 2249 1456 metam
2270 1443 2286 1470 ,
2324 1401 2397 1458 ita
2424 1419 2524 1460 nec
2545 1405 2689 1460 bona
2717 1407 2962 1478 operatio
2985 1408 3105 1466 sine
3138 1409 3268 1479 ﬁde,

1678 1507 1782 1549 nec
1809 1492 1941 1549 ﬁdes
1972 1493 2091 1550 sine
2116 1494 2433 1564 operatione
2455 1494 2744 1552 habentem
2769 1506 2984 1570 tempus
3005 1510 3060 1556 et
3086 1501 3268 1559 locum

1678 1596 1858 1658 potest
1881 1587 2083 1644 dueere
2111 1590 2181 1645 ad
2204 1589 2457 1646 salutem.
2491 1589 2648 1646 Sicut
2675 1592 2822 1648 enim
2880 1596 3146 1666 scriptum
3185 1608 3269 1654 est

1678 1677 1824 1748 quod
1846 1677 2111 1749 quidquid
2136 1679 2196 1735 ﬁt
2220 1680 2339 1736 sine
2369 1680 2474 1736 ﬁde
2495 1690 2778 1752 peccatum
2809 1692 2916 1750 est,
2946 1685 3020 1739 ita
3048 1693 3103 1740 et
3134 1686 3245 1753 seri

1679 1778 1832 1840 ptum
1865 1780 1982 1839 est,
2026 1772 2173 1842 quod
2219 1792 2238 1823 α
2283 1771 2418 1828 ﬁdes
2458 1773 2579 1829 sine
2630 1773 2889 1844 operibus
2917 1769 3147 1833 mortua
3187 1785 3274 1833 cst

1678 1857 1821 1927 (Jac.
1848 1861 1932 1930 ll).
1974 1879 1992 1912 ι
2023 1859 2178 1916 Unde
2205 1871 2260 1917 et
2287 1863 2500 1919 subdit:
2533 1862 2671 1917 Dum
2705 1864 2872 1918 lucem
2891 1865 3116 1934 habetis,
3141 1868 3275 1923 sub-

1679 1952 1840 2010 audis
1891 1963 2216 2023 praesentem
2243 1963 2299 2009 et
2335 1970 2395 2010 se
2424 1954 2581 2010 vobis
2605 1954 2946 2024 offerentem,
2987 1959 3185 2014 credite
3217 1959 3275 2014 in

1678 2044 1874 2110 lucem,
1905 2052 1961 2100 ct
1987 2060 2095 2101 non
2117 2061 2450 2117 quocunque
2477 2047 2665 2113 modo,
2709 2047 2962 2105 diabolus
2986 2051 3133 2106 enim
3155 2067 3275 2110 cre-

1679 2136 1759 2192 dit
1785 2146 1840 2191 et
1859 2137 2252 2203 contremiscit,
2291 2139 2382 2192 sed
2412 2147 2466 2191 ut
2504 2138 2608 2208 ﬁlii
2633 2138 2769 2194 lucis
2786 2141 2908 2196 sitis
2945 2141 3271 2212 imitatione,

1680 2227 1990 2299 adoptione,
2018 2228 2353 2284 haereditate.
2387 2228 2543 2297 Quod
2571 2239 2702 2286 tunc
2743 2231 2960 2288 dicebat
3005 2231 3274 2294 Dominus

1679 2318 2040 2392 Judmis,ego,
2064 2321 2260 2376 fratres
2281 2323 2409 2388 mei,
2436 2337 2582 2377 nunc
2610 2321 2734 2379 dico
2752 2323 2909 2380 vobis
2931 2343 2945 2380 :
2965 2324 3270 2396 Ambulate,

1678 2412 1806 2465 dum
1834 2413 2007 2466 lucem
2043 2413 2271 2480 habetis,
2300 2423 2357 2467 ut
2396 2429 2500 2468 non
2543 2413 2765 2470 tenebrtr
2809 2431 2896 2470 uos
2930 2418 3271 2488 comprehen-

1678 2501 1828 2556 dant.
1870 2520 1888 2554 ε
1917 2500 2256 2573 Operamini,
2286 2503 2418 2560 dum
2449 2504 2568 2561 dies
2591 2515 2698 2572 est,
2729 2507 2858 2578 quia
2884 2507 3034 2564 venit
3077 2524 3184 2565 nox
3215 2510 3270 2565 in

1677 2608 1785 2664 qua
1818 2609 1981 2650 nemo
2020 2604 2200 2666 potest
2235 2597 2451 2667 operari
2492 2595 2676 2667 (Joan.
2712 2601 2810 2669 Ix).
2848 2619 2867 2652 ι
2924 2599 3273 2658 Pmnitemini

1677 2696 1732 2742 et
1757 2686 2141 2742 convertimini
2169 2687 2238 2743 ad
2281 2686 2574 2744 Dominum
2606 2690 2737 2746 dum
2791 2701 3006 2765 tempus
3032 2693 3271 2762 habetis,

1675 2778 1938 2848 quoniam
1978 2779 2094 2850 jam
2123 2779 2294 2836 instat
2333 2789 2548 2852 tempus
2597 2783 2652 2837 in
2683 2798 2795 2855 quo
2831 2799 2943 2841 non
2993 2787 3266 2857 poteritis.

1677 2865 1744 2924 Et
1763 2869 1856 2940 qui
1885 2870 2050 2926 modo
2067 2869 2198 2926 dum
2222 2880 2421 2941 potest,
2454 2872 2670 2943 operari
2689 2890 2798 2930 non
2817 2875 2955 2942 vult,
2984 2885 3116 2934 tunc
3144 2893 3272 2933 cum

1677 2961 1822 3018 volet
1842 2963 2081 3032 operari,
2121 2978 2232 3018 non
2262 2965 2481 3034 poterit.
2526 2964 2854 3036 Peusemus,
2899 2967 3097 3026 fratres
3140 2971 3271 3038 mai,

1679 3053 1940 3118 (proraiam
1973 3051 2240 3110 Dominus
2268 3054 2362 3126 qui
2400 3071 2547 3112 nunc
2577 3071 2677 3114 nos
2729 3058 3164 3117 misericorditer
3201 3063 3273 3118 ad

1679 3145 2060 3214 paenitentiam
2089 3157 2372 3218 exspectat
2402 3157 2458 3203 et
2478 3149 2680 3206 clamat
2703 3169 2716 3205 :
2737 3169 2756 3203 ς
2787 3149 3181 3208 Convertimini
3205 3154 3275 3210 ad

1681 3253 1790 3305 me,
1817 3247 1872 3294 et
1907 3254 2010 3311 ego
2039 3248 2331 3297 convertar
2351 3242 2418 3296 ad
2449 3257 2546 3298 vos
2575 3241 2766 3314 (Zach.
2796 3245 2860 3316 ι),
2895 3264 2914 3298 t
2965 3253 3097 3302 tunc
3127 3263 3277 3304 seve-

1679 3331 1798 3387 rius
1841 3332 2314 3402 contemptoribus
2343 3333 2460 3389 suis
2496 3335 2755 3391 clamabit
2784 3355 2796 3392 :
2827 3356 2847 3389 (
2878 3336 3075 3405 Amen,
3112 3354 3274 3395 amen

1679 3423 1804 3479 dico
1854 3423 2031 3491 vobis,
2083 3425 2274 3481 nescio
2315 3440 2412 3482 vos
2444 3424 2665 3496 (Matth.
2709 3429 2858 3496 xxv).
2894 3447 2913 3481 ι
2955 3427 3274 3502 Propterea,

1681 3513 1880 3572 fratres
1914 3515 2044 3583 mei,
2084 3524 2301 3587 tempus
2344 3517 2412 3574 ad
2441 3518 2820 3588 paenitentiam
2872 3521 3033 3578 nobis
3083 3521 3274 3579 datum

1681 3623 1790 3664 non
1832 3610 2149 3680 perdamus,
2197 3609 2390 3667 sordes
2431 3620 2781 3681 peccatorum
2820 3623 3134 3672 nostrorum
3186 3617 3270 3672 la-

1681 3699 1885 3771 crymis
1942 3699 2255 3766 abluamus,
2310 3715 2513 3772 corpus
2547 3712 2798 3758 nostrum
2851 3719 2979 3760 cum
3029 3705 3178 3763 vitiis
3215 3716 3273 3762 et

1681 3791 2143 3863 concupiscentiis
2163 3792 2570 3864 cruciﬁgamus,
2592 3794 2761 3851 vitam
2791 3807 3037 3853 nostram
3061 3797 3116 3852 in
3152 3814 3270 3854 me-

1680 3881 1790 3939 lius
1813 3891 2111 3950 mutemus,
2141 3883 2484 3942 orationibus
2502 3928 2516 3953 ,
2537 3885 2765 3956 jejuuiis
2791 3897 2845 3945 et
2875 3889 3134 3959 operibus
3168 3889 3275 3946 mi-

1682 3977 1998 4033 sericordiae
2046 3976 2402 4046 insistamus,
2454 3980 2725 4036 mundum
2777 3991 2832 4038 et
2877 3983 3275 4054 concupiscen-

1683 4069 1815 4124 tiam
1841 4069 1963 4140 ejus
1987 4078 2429 4138 contemnamus,
2455 4072 2522 4128 ad
2550 4073 2828 4130 celestem
2878 4075 3113 4147 patriam
3158 4084 3278 4134 toto

1681 4162 1957 4218 desiderio
1983 4163 2293 4220 tendamus.
2317 4165 2399 4220 Ad
2427 4179 2594 4236 quam
2617 4181 2720 4222 nos
2749 4167 3012 4239 perducat
3033 4169 3129 4240 qui
3175 4184 3276 4241 pro

1683 4257 1844 4314 nobis
1871 4259 2116 4330 crucitigi
2149 4258 2322 4314 voluit
2349 4257 2618 4316 Dominus
2669 4271 2858 4318 uoster
2897 4261 3059 4329 Jesus
3109 4262 3275 4320 Chri—

1683 4360 1824 4420 stns,
1886 4351 1982 4422 qui
2034 4365 2160 4406 cum
2201 4350 2362 4408 Patre
2409 4362 2466 4408 et
2528 4350 2737 4423 Spiritu
2798 4362 2991 4410 sancto
3040 4355 3174 4411 vivit
3221 4365 3278 4411 et

1685 4452 1875 4514 regnat
1918 4441 2061 4498 Deus
2106 4459 2204 4513 per
2229 4444 2411 4499 omnia
2443 4446 2644 4500 saecula
2689 4448 3038 4504 seculorum.
3076 4448 3273 4504 Amen.

2354 4595 2618 4652 XXXVII.

2108 4722 2158 4762 IN
2198 4721 2366 4764 FESTO
2401 4723 2560 4764 BEA'I'I
2607 4725 2888 4766 ΙΔττΜΙ.

1773 4830 1915 4886 Vidit
1933 4829 2090 4886 Iesus
2099 4831 2363 4886 hominem
2377 4830 2637 4886 sedentem
2653 4833 2710 4886 in
2725 4832 2939 4901 telonio,
2965 4830 3279 4892 Matthcum

1690 4925 1898 4979 nomine
1930 4923 2147 4995 (Matth.
2176 4925 2274 4990 lx).
2306 4922 2373 4978 Et
2398 4923 2626 4994 reliqua.
2651 4921 2924 4990 Quoniam
2957 4925 3270 4984 solemnita-

1690 5026 1798 5072 tem
1819 5017 1964 5073 beati
1984 5015 2219 5072 Mattbaei
2242 5015 2475 5087 apostoli
2501 5025 2556 5070 et
2570 5015 2935 5086 evangelista,
2964 5017 3144 5086 hodie,
3168 5017 3276 5074 fra-

1687 5118 1798 5165 tres
1822 5110 1950 5176 mei,
1979 5109 2342 5174 celebramus,
2369 5115 2516 5164 recte
2558 5107 2722 5164 lectio
2765 5108 3100 5180 evangelica,
3141 5125 3245 5166 con
3263 5142 3279 5154 ο

1688 5201 1960 5258 vcrsionis
1987 5201 2108 5271 ejus
2130 5201 2418 5256 continens
2450 5199 2760 5268 historiam,
2804 5199 2862 5255 in
2896 5199 3139 5258 Ecclesia
3190 5217 3280 5259 re--

1687 5293 1906 5350 citatur.
1931 5291 2030 5348 Est
2056 5302 2235 5348 autem
2264 5291 2380 5348 haec
2421 5291 2581 5348 lectio
2602 5292 3060 5363 quinquepertita.
3093 5293 3279 5351 Primo

1688 5385 1834 5441 enim
1865 5383 2133 5440 Dominus
2167 5383 2316 5438 videt
2354 5392 2410 5439 et
2442 5391 2604 5439 vocat
2629 5382 2944 5440 Matthaeum
2973 5386 3277 5452 ;secundo,

1687 5473 1976 5531 Matthteus
2019 5472 2270 5545 sequitur
2309 5487 2467 5541 eum;
2516 5473 2696 5541 tertio,
2736 5471 2897 5532 Jesus
2956 5476 3099 5547 apud
3147 5491 3272 5531 eum

1687 5565 1986 5624 manducat
2004 5581 2129 5623 cum
2180 5565 2596 5638 peccatoribus;
2637 5574 2854 5636 quarto,
2890 5583 3055 5638 super
3097 5566 3202 5622 hoc
3245 5581 3276 5624 a
3365 5555 3376 5559 ’

1686 5659 1978 5716 Ρὴεινίεεεὶε
2005 5659 2457 5733 reprehenditur;
2508 5659 2725 5728 quinto,
2754 5660 2820 5714 de
2856 5659 3019 5715 stulta
3050 5672 3278 5727 respon-

1686 5751 1841 5808 sione
1866 5750 2125 5807 Pharisaei
2159 5765 2191 5806 a
2208 5749 2440 5806 Domino
2465 5761 2886 5807 convmcuntur.
2914 5749 3157 5805 Primum
3185 5747 3282 5818 igi-

1687 5853 1779 5901 tur
1815 5843 2081 5902 Dominus
2108 5843 2428 5912 Matthteum'
2449 5845 2618 5913 videt,
2657 5858 2766 5899 non
2805 5843 2985 5901 solum
3012 5853 3276 5913 corpora-

2883 5935 2962 5994 [ιϐ
