  <div class='ocr_page' id='page_1' title='image "/cluster/home/n/w/nwhite01/storage/ocr_20150623/155/hvd.32044015473838/731.png"; bbox 0 0 3844 6318; ppageno 0'>
   <div class='ocr_carea' id='block_1_1' title="bbox 599 381 738 439">
    <p class='ocr_par' dir='ltr' id='par_1_1' title="bbox 599 381 738 439">
     <span class='ocr_line' id='line_1_1' title="bbox 599 381 738 439; baseline -0.007 0"><span class='ocrx_word' id='word_1_1' title='bbox 599 381 738 439; x_wconf 62' lang='grc'><strong>’1431</strong></span> 
     </span>
    </p>
   </div>
   <div class='ocr_carea' id='block_1_2' title="bbox 1746 338 3716 453">
    <p class='ocr_par' dir='ltr' id='par_1_2' title="bbox 1746 338 3716 453">
     <span class='ocr_line' id='line_1_2' title="bbox 1746 338 3716 453; baseline 0.01 -25"><span class='ocrx_word' id='word_1_2' title='bbox 1746 400 1751 405; x_wconf 63' lang='grc' dir='ltr'><strong>ι</strong></span> <span class='ocrx_word' id='word_1_3' title='bbox 1849 338 2193 431; x_wconf 57' lang='lat' dir='ltr'><strong>nuntiarat</strong></span> <span class='ocrx_word' id='word_1_4' title='bbox 2230 373 2580 430; x_wconf 78' lang='lat' dir='ltr'><strong>AltDENTlS</strong></span> <span class='ocrx_word' id='word_1_5' title='bbox 3641 392 3716 453; x_wconf 71' lang='lat' dir='ltr'><strong>tut</strong></span> 
     </span>
    </p>
   </div>
   <div class='ocr_carea' id='block_1_3' title="bbox 598 469 3720 566">
    <p class='ocr_par' dir='ltr' id='par_1_3' title="bbox 598 469 3720 566">
     <span class='ocr_line' id='line_1_3' title="bbox 598 469 3720 566; baseline -0.002 -14"><span class='ocrx_word' id='word_1_6' title='bbox 598 498 749 553; x_wconf 85' lang='lat' dir='ltr'><strong>libus</strong></span> <span class='ocrx_word' id='word_1_7' title='bbox 768 472 963 565; x_wconf 85' lang='lat' dir='ltr'><strong>oculis,</strong></span> <span class='ocrx_word' id='word_1_8' title='bbox 1006 470 1101 553; x_wconf 84' lang='lat' dir='ltr'><strong>sed</strong></span> <span class='ocrx_word' id='word_1_9' title='bbox 1122 469 1283 551; x_wconf 84' lang='lat' dir='ltr'><strong>etiam</strong></span> <span class='ocrx_word' id='word_1_10' title='bbox 1312 470 1487 548; x_wconf 86' lang='lat' dir='ltr'><strong>oculis</strong></span> <span class='ocrx_word' id='word_1_11' title='bbox 1509 470 1897 562; x_wconf 67' lang='lat' dir='ltr'><strong>ntisericortlize</strong></span> <span class='ocrx_word' id='word_1_12' title='bbox 1923 499 1975 545; x_wconf 87' lang='lat' dir='ltr'><strong>et</strong></span> <span class='ocrx_word' id='word_1_13' title='bbox 2012 490 2191 544; x_wconf 86' lang='lat' dir='ltr'><strong>oculis</strong></span> <span class='ocrx_word' id='word_1_14' title='bbox 2221 494 2266 551; x_wconf 81' lang='grc' dir='ltr'>Λ</span> <span class='ocrx_word' id='word_1_15' title='bbox 2298 488 2442 542; x_wconf 91' lang='lat' dir='ltr'><strong>venit</strong></span> <span class='ocrx_word' id='word_1_16' title='bbox 2484 488 2543 541; x_wconf 87' lang='lat' dir='ltr'><strong>in</strong></span> <span class='ocrx_word' id='word_1_17' title='bbox 2574 488 2719 541; x_wconf 89' lang='lat' dir='ltr'><strong>hunc</strong></span> <span class='ocrx_word' id='word_1_18' title='bbox 2765 489 3028 544; x_wconf 85' lang='lat' dir='ltr'><strong>mundum</strong></span> <span class='ocrx_word' id='word_1_19' title='bbox 3083 490 3264 549; x_wconf 81' lang='lat' dir='ltr'><strong>salvos</strong></span> <span class='ocrx_word' id='word_1_20' title='bbox 3313 492 3479 550; x_wconf 79' lang='lat' dir='ltr'><strong>facere</strong></span> <span class='ocrx_word' id='word_1_21' title='bbox 3519 511 3720 566; x_wconf 61' lang='lat' dir='ltr'><strong>paucam</strong></span> 
     </span>
    </p>
   </div>
   <div class='ocr_carea' id='block_1_4' title="bbox 602 580 2182 659">
    <p class='ocr_par' dir='ltr' id='par_1_4' title="bbox 602 580 2182 659">
     <span class='ocr_line' id='line_1_4' title="bbox 602 580 2182 659; baseline -0.006 -14"><span class='ocrx_word' id='word_1_22' title='bbox 602 589 982 659; x_wconf 65' lang='lat' dir='ltr'><strong>pnescientiae.</strong></span> <span class='ocrx_word' id='word_1_23' title='bbox 1008 588 1204 643; x_wconf 81' lang='lat' dir='ltr'><strong>Multos</strong></span> <span class='ocrx_word' id='word_1_24' title='bbox 1235 583 1374 640; x_wconf 86' lang='lat' dir='ltr'><strong>forte</strong></span> <span class='ocrx_word' id='word_1_25' title='bbox 1421 593 1549 638; x_wconf 89' lang='lat' dir='ltr'><strong>tunc</strong></span> <span class='ocrx_word' id='word_1_26' title='bbox 1590 580 1789 636; x_wconf 91' lang='lat' dir='ltr'><strong>ibidem</strong></span> <span class='ocrx_word' id='word_1_27' title='bbox 1820 580 2035 636; x_wconf 77' lang='lat' dir='ltr'><strong>videbat</strong></span> <span class='ocrx_word' id='word_1_28' title='bbox 2057 596 2182 635; x_wconf 87' lang='lat' dir='ltr'><strong>cor-</strong></span> 
     </span>
    </p>
   </div>
   <div class='ocr_carea' id='block_1_5' title="bbox 602 672 2186 753">
    <p class='ocr_par' dir='ltr' id='par_1_5' title="bbox 602 672 2186 753">
     <span class='ocr_line' id='line_1_5' title="bbox 602 672 2186 753; baseline -0.004 -16"><span class='ocrx_word' id='word_1_29' title='bbox 602 682 889 753; x_wconf 85' lang='lat' dir='ltr'><strong>poralibus</strong></span> <span class='ocrx_word' id='word_1_30' title='bbox 924 682 1121 747; x_wconf 89' lang='lat' dir='ltr'><strong>oculis,</strong></span> <span class='ocrx_word' id='word_1_31' title='bbox 1151 679 1245 735; x_wconf 92' lang='lat' dir='ltr'><strong>sed</strong></span> <span class='ocrx_word' id='word_1_32' title='bbox 1280 678 1443 733; x_wconf 91' lang='lat' dir='ltr'><strong>istum</strong></span> <span class='ocrx_word' id='word_1_33' title='bbox 1472 675 1648 730; x_wconf 90' lang='lat' dir='ltr'><strong>solum</strong></span> <span class='ocrx_word' id='word_1_34' title='bbox 1688 683 1817 729; x_wconf 92' lang='lat' dir='ltr'><strong>tunc</strong></span> <span class='ocrx_word' id='word_1_35' title='bbox 1866 672 1939 729; x_wconf 86' lang='lat' dir='ltr'><strong>ibi</strong></span> <span class='ocrx_word' id='word_1_36' title='bbox 1985 672 2186 730; x_wconf 85' lang='lat' dir='ltr'><strong>vidisse</strong></span> 
     </span>
    </p>
   </div>
   <div class='ocr_carea' id='block_1_6' title="bbox 602 765 2185 845">
    <p class='ocr_par' dir='ltr' id='par_1_6' title="bbox 602 765 2185 845">
     <span class='ocr_line' id='line_1_6' title="bbox 602 765 2185 845; baseline -0.007 -14"><span class='ocrx_word' id='word_1_37' title='bbox 602 785 882 843; x_wconf 73' lang='lat' dir='ltr'><strong>narratur,</strong></span> <span class='ocrx_word' id='word_1_38' title='bbox 910 783 965 830; x_wconf 89' lang='lat' dir='ltr'><strong>et</strong></span> <span class='ocrx_word' id='word_1_39' title='bbox 984 772 1159 843; x_wconf 88' lang='lat' dir='ltr'><strong>oculis</strong></span> <span class='ocrx_word' id='word_1_40' title='bbox 1180 767 1591 833; x_wconf 80' lang='lat' dir='ltr'><strong>misericordiae,</strong></span> <span class='ocrx_word' id='word_1_41' title='bbox 1614 767 1816 837; x_wconf 88' lang='lat' dir='ltr'><strong>quibus</strong></span> <span class='ocrx_word' id='word_1_42' title='bbox 1844 765 2065 845; x_wconf 84' lang='lat' dir='ltr'><strong>Petrum</strong></span> <span class='ocrx_word' id='word_1_43' title='bbox 2092 783 2185 821; x_wconf 87' lang='lat' dir='ltr'><strong>nc—</strong></span> 
     </span>
    </p>
   </div>
   <div class='ocr_carea' id='block_1_7' title="bbox 602 857 2185 938">
    <p class='ocr_par' dir='ltr' id='par_1_7' title="bbox 602 857 2185 938">
     <span class='ocr_line' id='line_1_7' title="bbox 602 857 2185 938; baseline -0.006 -16"><span class='ocrx_word' id='word_1_44' title='bbox 602 877 843 938; x_wconf 73' lang='lat' dir='ltr'><strong>gantem,</strong></span> <span class='ocrx_word' id='word_1_45' title='bbox 867 874 927 921; x_wconf 94' lang='lat' dir='ltr'><strong>ut</strong></span> <span class='ocrx_word' id='word_1_46' title='bbox 955 864 1261 936; x_wconf 76' lang='lat' dir='ltr'><strong>paeniteret,</strong></span> <span class='ocrx_word' id='word_1_47' title='bbox 1292 860 1449 927; x_wconf 82' lang='lat' dir='ltr'><strong>vidit,</strong></span> <span class='ocrx_word' id='word_1_48' title='bbox 1477 867 1533 915; x_wconf 91' lang='lat' dir='ltr'><strong>et</strong></span> <span class='ocrx_word' id='word_1_49' title='bbox 1569 859 1771 930; x_wconf 87' lang='lat' dir='ltr'><strong>quibus</strong></span> <span class='ocrx_word' id='word_1_50' title='bbox 1824 859 1964 915; x_wconf 78' lang='lat' dir='ltr'><strong>filios</strong></span> <span class='ocrx_word' id='word_1_51' title='bbox 2020 857 2185 913; x_wconf 81' lang='lat' dir='ltr'><strong>Israel</strong></span> 
     </span>
    </p>
   </div>
   <div class='ocr_carea' id='block_1_8' title="bbox 602 949 2186 1030">
    <p class='ocr_par' dir='ltr' id='par_1_8' title="bbox 602 949 2186 1030">
     <span class='ocr_line' id='line_1_8' title="bbox 602 949 2186 1030; baseline -0.004 -17"><span class='ocrx_word' id='word_1_52' title='bbox 602 959 657 1013; x_wconf 89' lang='lat' dir='ltr'><strong>in</strong></span> <span class='ocrx_word' id='word_1_53' title='bbox 684 958 918 1030; x_wconf 63' lang='lat' dir='ltr'><strong>{Egypto</strong></span> <span class='ocrx_word' id='word_1_54' title='bbox 947 956 1174 1011; x_wconf 87' lang='lat' dir='ltr'><strong>alllictos</strong></span> <span class='ocrx_word' id='word_1_55' title='bbox 1215 968 1274 1009; x_wconf 90' lang='lat' dir='ltr'><strong>se</strong></span> <span class='ocrx_word' id='word_1_56' title='bbox 1301 952 1507 1008; x_wconf 88' lang='lat' dir='ltr'><strong>vidisse</strong></span> <span class='ocrx_word' id='word_1_57' title='bbox 1552 950 1720 1007; x_wconf 89' lang='lat' dir='ltr'><strong>dicit:</strong></span> <span class='ocrx_word' id='word_1_58' title='bbox 1756 969 1775 1003; x_wconf 85' lang='lat' dir='ltr'><strong>t</strong></span> <span class='ocrx_word' id='word_1_59' title='bbox 1814 949 2017 1007; x_wconf 83' lang='lat' dir='ltr'><strong>Videtis</strong></span> <span class='ocrx_word' id='word_1_60' title='bbox 2074 949 2186 1006; x_wconf 90' lang='lat' dir='ltr'><strong>vidi</strong></span> 
     </span>
    </p>
   </div>
   <div class='ocr_carea' id='block_1_9' title="bbox 594 1040 2180 1118">
    <p class='ocr_par' dir='ltr' id='par_1_9' title="bbox 594 1040 2180 1118">
     <span class='ocr_line' id='line_1_9' title="bbox 594 1040 2180 1118; baseline -0.006 -14"><span class='ocrx_word' id='word_1_61' title='bbox 594 1051 943 1108; x_wconf 79' lang='lat' dir='ltr'><strong>afflictionem</strong></span> <span class='ocrx_word' id='word_1_62' title='bbox 995 1046 1179 1118; x_wconf 86' lang='lat' dir='ltr'><strong>populi</strong></span> <span class='ocrx_word' id='word_1_63' title='bbox 1209 1045 1315 1100; x_wconf 91' lang='lat' dir='ltr'><strong>mei</strong></span> <span class='ocrx_word' id='word_1_64' title='bbox 1343 1044 1438 1115; x_wconf 86' lang='lat' dir='ltr'><strong>qui</strong></span> <span class='ocrx_word' id='word_1_65' title='bbox 1476 1052 1561 1099; x_wconf 87' lang='lat' dir='ltr'><strong>est</strong></span> <span class='ocrx_word' id='word_1_66' title='bbox 1607 1042 1661 1097; x_wconf 90' lang='lat' dir='ltr'><strong>in</strong></span> <span class='ocrx_word' id='word_1_67' title='bbox 1706 1041 1942 1114; x_wconf 61' lang='lat' dir='ltr'><strong>[Egypto</strong></span> <span class='ocrx_word' id='word_1_68' title='bbox 1982 1040 2180 1111; x_wconf 76' lang='lat' dir='ltr'><strong>(Exod.</strong></span> 
     </span>
    </p>
   </div>
   <div class='ocr_carea' id='block_1_10' title="bbox 598 1133 2183 1210">
    <p class='ocr_par' dir='ltr' id='par_1_10' title="bbox 598 1133 2183 1210">
     <span class='ocr_line' id='line_1_10' title="bbox 598 1133 2183 1210; baseline -0.004 -15"><span class='ocrx_word' id='word_1_69' title='bbox 598 1142 704 1210; x_wconf 88' lang='lat' dir='ltr'><strong>tu).</strong></span> <span class='ocrx_word' id='word_1_70' title='bbox 750 1160 769 1193; x_wconf 77' lang='grc' dir='ltr'><strong><em>ι</em></strong></span> <span class='ocrx_word' id='word_1_71' title='bbox 808 1138 911 1195; x_wconf 85' lang='lat' dir='ltr'><strong>Sed</strong></span> <span class='ocrx_word' id='word_1_72' title='bbox 935 1146 989 1193; x_wconf 93' lang='lat' dir='ltr'><strong>et</strong></span> <span class='ocrx_word' id='word_1_73' title='bbox 1028 1153 1155 1193; x_wconf 87' lang='lat' dir='ltr'><strong>eum</strong></span> <span class='ocrx_word' id='word_1_74' title='bbox 1184 1138 1348 1192; x_wconf 87' lang='lat' dir='ltr'><strong>etiam</strong></span> <span class='ocrx_word' id='word_1_75' title='bbox 1396 1136 1575 1190; x_wconf 89' lang='lat' dir='ltr'><strong>oculis</strong></span> <span class='ocrx_word' id='word_1_76' title='bbox 1616 1134 1973 1206; x_wconf 82' lang='lat' dir='ltr'><strong>praescicntiae</strong></span> <span class='ocrx_word' id='word_1_77' title='bbox 2026 1133 2183 1201; x_wconf 89' lang='lat' dir='ltr'><strong>vidit,</strong></span> 
     </span>
    </p>
   </div>
   <div class='ocr_carea' id='block_1_11' title="bbox 596 1225 2183 1302">
    <p class='ocr_par' dir='ltr' id='par_1_11' title="bbox 596 1225 2183 1302">
     <span class='ocr_line' id='line_1_11' title="bbox 596 1225 2183 1302; baseline -0.003 -18"><span class='ocrx_word' id='word_1_78' title='bbox 596 1241 782 1301; x_wconf 82' lang='lat' dir='ltr'><strong>utpote</strong></span> <span class='ocrx_word' id='word_1_79' title='bbox 826 1246 989 1302; x_wconf 87' lang='lat' dir='ltr'><strong>quem</strong></span> <span class='ocrx_word' id='word_1_80' title='bbox 1024 1230 1093 1285; x_wconf 90' lang='lat' dir='ltr'><strong>ab</strong></span> <span class='ocrx_word' id='word_1_81' title='bbox 1145 1238 1350 1285; x_wconf 65' lang='lat' dir='ltr'><strong>aeterno</strong></span> <span class='ocrx_word' id='word_1_82' title='bbox 1389 1228 1872 1298; x_wconf 63' lang='lat' dir='ltr'><strong>praedestinaverat</strong></span> <span class='ocrx_word' id='word_1_83' title='bbox 1921 1241 2018 1282; x_wconf 86' lang='lat' dir='ltr'><strong>vas</strong></span> <span class='ocrx_word' id='word_1_84' title='bbox 2070 1225 2183 1281; x_wconf 86' lang='lat' dir='ltr'><strong>ele-</strong></span> 
     </span>
    </p>
   </div>
   <div class='ocr_carea' id='block_1_12' title="bbox 595 1317 2185 1397">
    <p class='ocr_par' dir='ltr' id='par_1_12' title="bbox 595 1317 2185 1397">
     <span class='ocr_line' id='line_1_12' title="bbox 595 1317 2185 1397; baseline -0.003 -18"><span class='ocrx_word' id='word_1_85' title='bbox 595 1324 794 1397; x_wconf 87' lang='lat' dir='ltr'><strong>ctionis</strong></span> <span class='ocrx_word' id='word_1_86' title='bbox 822 1331 873 1379; x_wconf 90' lang='lat' dir='ltr'><strong>et</strong></span> <span class='ocrx_word' id='word_1_87' title='bbox 917 1322 1225 1393; x_wconf 83' lang='lat' dir='ltr'><strong>apostolum</strong></span> <span class='ocrx_word' id='word_1_88' title='bbox 1266 1337 1323 1376; x_wconf 84' lang='lat' dir='ltr'><strong>in</strong></span> <span class='ocrx_word' id='word_1_89' title='bbox 1361 1319 1609 1376; x_wconf 78' lang='lat' dir='ltr'><strong>Ecclesia</strong></span> <span class='ocrx_word' id='word_1_90' title='bbox 1653 1335 1751 1376; x_wconf 89' lang='lat' dir='ltr'><strong>sua</strong></span> <span class='ocrx_word' id='word_1_91' title='bbox 1799 1317 2067 1375; x_wconf 89' lang='lat' dir='ltr'><strong>futurum.</strong></span> <span class='ocrx_word' id='word_1_92' title='bbox 2112 1317 2185 1374; x_wconf 91' lang='lat' dir='ltr'><strong>Ut</strong></span> 
     </span>
    </p>
   </div>
   <div class='ocr_carea' id='block_1_13' title="bbox 594 1410 2185 1487">
    <p class='ocr_par' dir='ltr' id='par_1_13' title="bbox 594 1410 2185 1487">
     <span class='ocr_line' id='line_1_13' title="bbox 594 1410 2185 1487; baseline -0.003 -16"><span class='ocrx_word' id='word_1_93' title='bbox 594 1417 727 1487; x_wconf 88' lang='lat' dir='ltr'><strong>quid</strong></span> <span class='ocrx_word' id='word_1_94' title='bbox 747 1415 917 1471; x_wconf 83' lang='lat' dir='ltr'><strong>vidit?</strong></span> <span class='ocrx_word' id='word_1_95' title='bbox 949 1415 1248 1470; x_wconf 81' lang='lat' dir='ltr'><strong>hominem.</strong></span> <span class='ocrx_word' id='word_1_96' title='bbox 1296 1412 1364 1468; x_wconf 83' lang='lat' dir='ltr'><strong>Et</strong></span> <span class='ocrx_word' id='word_1_97' title='bbox 1406 1411 1666 1487; x_wconf 86' lang='lat' dir='ltr'><strong>qualem?</strong></span> <span class='ocrx_word' id='word_1_98' title='bbox 1715 1410 2092 1482; x_wconf 88' lang='lat' dir='ltr'><strong>publicanum,</strong></span> <span class='ocrx_word' id='word_1_99' title='bbox 2125 1410 2185 1466; x_wconf 89' lang='lat' dir='ltr'><strong>ut</strong></span> 
     </span>
    </p>
   </div>
   <div class='ocr_carea' id='block_1_14' title="bbox 594 1502 2184 1577">
    <p class='ocr_par' dir='ltr' id='par_1_14' title="bbox 594 1502 2184 1577">
     <span class='ocr_line' id='line_1_14' title="bbox 594 1502 2184 1577; baseline -0.004 -13"><span class='ocrx_word' id='word_1_100' title='bbox 594 1509 735 1565; x_wconf 89' lang='lat' dir='ltr'><strong>alius</strong></span> <span class='ocrx_word' id='word_1_101' title='bbox 758 1508 1092 1577; x_wconf 73' lang='lat' dir='ltr'><strong>evangelista</strong></span> <span class='ocrx_word' id='word_1_102' title='bbox 1132 1507 1316 1563; x_wconf 87' lang='lat' dir='ltr'><strong>tradit.</strong></span> <span class='ocrx_word' id='word_1_103' title='bbox 1332 1505 1398 1561; x_wconf 89' lang='lat' dir='ltr'><strong>Et</strong></span> <span class='ocrx_word' id='word_1_104' title='bbox 1427 1504 1518 1560; x_wconf 90' lang='lat' dir='ltr'><strong>ubi</strong></span> <span class='ocrx_word' id='word_1_105' title='bbox 1549 1518 1674 1559; x_wconf 92' lang='lat' dir='ltr'><strong>eum</strong></span> <span class='ocrx_word' id='word_1_106' title='bbox 1701 1503 1868 1558; x_wconf 81' lang='lat' dir='ltr'><strong>vidit?</strong></span> <span class='ocrx_word' id='word_1_107' title='bbox 1895 1502 1953 1558; x_wconf 89' lang='lat' dir='ltr'><strong>In</strong></span> <span class='ocrx_word' id='word_1_108' title='bbox 1979 1502 2184 1558; x_wconf 90' lang='lat' dir='ltr'><strong>telonio</strong></span> 
     </span>
    </p>
   </div>
   <div class='ocr_carea' id='block_1_15' title="bbox 591 1589 2181 1668">
    <p class='ocr_par' dir='ltr' id='par_1_15' title="bbox 591 1589 2181 1668">
     <span class='ocr_line' id='line_1_15' title="bbox 591 1589 2181 1668; baseline -0.006 -12"><span class='ocrx_word' id='word_1_109' title='bbox 591 1599 895 1656; x_wconf 74' lang='lat' dir='ltr'><strong>sedentem.</strong></span> <span class='ocrx_word' id='word_1_110' title='bbox 926 1598 1004 1654; x_wconf 84' lang='lat' dir='ltr'><strong>Ac</strong></span> <span class='ocrx_word' id='word_1_111' title='bbox 1033 1597 1079 1653; x_wconf 90' lang='lat' dir='ltr'><strong>si</strong></span> <span class='ocrx_word' id='word_1_112' title='bbox 1114 1608 1302 1668; x_wconf 87' lang='lat' dir='ltr'><strong>aperte</strong></span> <span class='ocrx_word' id='word_1_113' title='bbox 1325 1597 1471 1652; x_wconf 88' lang='lat' dir='ltr'><strong>dicat</strong></span> <span class='ocrx_word' id='word_1_114' title='bbox 1500 1613 1512 1650; x_wconf 90' lang='lat'><strong>:</strong></span> <span class='ocrx_word' id='word_1_115' title='bbox 1540 1593 1691 1649; x_wconf 77' lang='lat' dir='ltr'><strong>Vidit</strong></span> <span class='ocrx_word' id='word_1_116' title='bbox 1725 1593 1947 1664; x_wconf 87' lang='lat' dir='ltr'><strong>quidem</strong></span> <span class='ocrx_word' id='word_1_117' title='bbox 2000 1589 2181 1649; x_wconf 78' lang='lat' dir='ltr'><strong>homi-</strong></span> 
     </span>
    </p>
   </div>
   <div class='ocr_carea' id='block_1_16' title="bbox 593 1684 2182 1758">
    <p class='ocr_par' dir='ltr' id='par_1_16' title="bbox 593 1684 2182 1758">
     <span class='ocr_line' id='line_1_16' title="bbox 593 1684 2182 1758; baseline -0.004 -15"><span class='ocrx_word' id='word_1_118' title='bbox 593 1703 720 1742; x_wconf 90' lang='lat' dir='ltr'><strong>nem</strong></span> <span class='ocrx_word' id='word_1_119' title='bbox 751 1689 843 1743; x_wconf 86' lang='lat' dir='ltr'><strong>sed</strong></span> <span class='ocrx_word' id='word_1_120' title='bbox 871 1696 1239 1758; x_wconf 85' lang='lat' dir='ltr'><strong>peccatorem,</strong></span> <span class='ocrx_word' id='word_1_121' title='bbox 1274 1695 1329 1741; x_wconf 92' lang='lat' dir='ltr'><strong>ct</strong></span> <span class='ocrx_word' id='word_1_122' title='bbox 1351 1686 1404 1741; x_wconf 89' lang='lat' dir='ltr'><strong>in</strong></span> <span class='ocrx_word' id='word_1_123' title='bbox 1445 1685 1727 1756; x_wconf 88' lang='lat' dir='ltr'><strong>proposito</strong></span> <span class='ocrx_word' id='word_1_124' title='bbox 1756 1684 2014 1755; x_wconf 87' lang='lat' dir='ltr'><strong>peccandi</strong></span> <span class='ocrx_word' id='word_1_125' title='bbox 2057 1699 2182 1755; x_wconf 89' lang='lat' dir='ltr'><strong>per-</strong></span> 
     </span>
    </p>
   </div>
   <div class='ocr_carea' id='block_1_17' title="bbox 593 1774 2180 1853">
    <p class='ocr_par' dir='ltr' id='par_1_17' title="bbox 593 1774 2180 1853">
     <span class='ocr_line' id='line_1_17' title="bbox 593 1774 2180 1853; baseline -0.002 -20"><span class='ocrx_word' id='word_1_126' title='bbox 593 1788 952 1834; x_wconf 87' lang='lat' dir='ltr'><strong>severantem.</strong></span> <span class='ocrx_word' id='word_1_127' title='bbox 980 1777 1339 1853; x_wconf 82' lang='lat' dir='ltr'><strong>Publicanum</strong></span> <span class='ocrx_word' id='word_1_128' title='bbox 1368 1777 1569 1847; x_wconf 88' lang='lat' dir='ltr'><strong>quippe</strong></span> <span class='ocrx_word' id='word_1_129' title='bbox 1590 1776 1790 1830; x_wconf 90' lang='lat' dir='ltr'><strong>dicitur</strong></span> <span class='ocrx_word' id='word_1_130' title='bbox 1810 1775 1905 1846; x_wconf 89' lang='lat' dir='ltr'><strong>qui</strong></span> <span class='ocrx_word' id='word_1_131' title='bbox 1949 1774 2180 1846; x_wconf 82' lang='lat' dir='ltr'><strong>publicis</strong></span> 
     </span>
    </p>
   </div>
   <div class='ocr_carea' id='block_1_18' title="bbox 2289 579 3421 655">
    <p class='ocr_par' dir='ltr' id='par_1_18' title="bbox 2289 579 3421 655">
     <span class='ocr_line' id='line_1_18' title="bbox 2289 579 3421 655; baseline 0.004 -23"><span class='ocrx_word' id='word_1_132' title='bbox 2289 593 2523 649; x_wconf 88' lang='lat' dir='ltr'><strong>quorum</strong></span> <span class='ocrx_word' id='word_1_133' title='bbox 2548 579 2757 649; x_wconf 88' lang='lat' dir='ltr'><strong>primus</strong></span> <span class='ocrx_word' id='word_1_134' title='bbox 2776 595 2876 651; x_wconf 77' lang='lat' dir='ltr'><strong>ego</strong></span> <span class='ocrx_word' id='word_1_135' title='bbox 2904 596 3030 636; x_wconf 89' lang='lat' dir='ltr'><strong>sum</strong></span> <span class='ocrx_word' id='word_1_136' title='bbox 3062 581 3118 653; x_wconf 87' lang='lat' dir='ltr'><strong>(I</strong></span> <span class='ocrx_word' id='word_1_137' title='bbox 3148 582 3285 638; x_wconf 86' lang='lat' dir='ltr'><strong>Tim.</strong></span> <span class='ocrx_word' id='word_1_138' title='bbox 3317 588 3376 655; x_wconf 85' lang='grc' dir='ltr'><strong>ι).</strong></span> <span class='ocrx_word' id='word_1_139' title='bbox 3408 605 3421 636; x_wconf 86' lang='grc' dir='ltr'><strong><em>ι</em></strong></span> 
     </span>
    </p>
   </div>
   <div class='ocr_carea' id='block_1_19' title="bbox 2290 670 3723 747">
    <p class='ocr_par' dir='ltr' id='par_1_19' title="bbox 2290 670 3723 747">
     <span class='ocr_line' id='line_1_19' title="bbox 2290 670 3723 747; baseline 0.006 -20"><span class='ocrx_word' id='word_1_140' title='bbox 2290 686 2297 691; x_wconf 74' lang='grc'><em>”</em></span> <span class='ocrx_word' id='word_1_141' title='bbox 2360 670 2623 742; x_wconf 84' lang='lat' dir='ltr'><strong>Sequitur</strong></span> <span class='ocrx_word' id='word_1_142' title='bbox 2650 691 2662 727; x_wconf 90' lang='lat'><strong>:</strong></span> <span class='ocrx_word' id='word_1_143' title='bbox 2706 671 2777 727; x_wconf 83' lang='lat' dir='ltr'><strong>Et</strong></span> <span class='ocrx_word' id='word_1_144' title='bbox 2807 674 2885 727; x_wconf 83' lang='lat' dir='ltr'><strong>ait</strong></span> <span class='ocrx_word' id='word_1_145' title='bbox 2906 673 2992 728; x_wconf 80' lang='lat' dir='ltr'><strong>illi</strong></span> <span class='ocrx_word' id='word_1_146' title='bbox 3022 693 3033 728; x_wconf 94' lang='lat'>:</span> <span class='ocrx_word' id='word_1_147' title='bbox 3062 673 3288 747; x_wconf 78' lang='lat' dir='ltr'><strong>Sequere</strong></span> <span class='ocrx_word' id='word_1_148' title='bbox 3324 695 3419 732; x_wconf 84' lang='lat' dir='ltr'><strong>me.</strong></span> <span class='ocrx_word' id='word_1_149' title='bbox 3451 679 3723 747; x_wconf 64' lang='lat' dir='ltr'><strong>Acsidicaa;</strong></span> 
     </span>
    </p>
   </div>
   <div class='ocr_carea' id='block_1_20' title="bbox 2288 762 3725 843">
    <p class='ocr_par' dir='ltr' id='par_1_20' title="bbox 2288 762 3725 843">
     <span class='ocr_line' id='line_1_20' title="bbox 2288 762 3725 843; baseline 0.009 -25"><span class='ocrx_word' id='word_1_150' title='bbox 2288 762 2500 834; x_wconf 89' lang='lat' dir='ltr'><strong>Linque</strong></span> <span class='ocrx_word' id='word_1_151' title='bbox 2541 764 2755 819; x_wconf 89' lang='lat' dir='ltr'><strong>lucrum</strong></span> <span class='ocrx_word' id='word_1_152' title='bbox 2803 766 3003 821; x_wconf 85' lang='lat' dir='ltr'><strong>mundi</strong></span> <span class='ocrx_word' id='word_1_153' title='bbox 3028 777 3085 822; x_wconf 83' lang='lat' dir='ltr'><strong>et</strong></span> <span class='ocrx_word' id='word_1_154' title='bbox 3117 767 3240 838; x_wconf 84' lang='lat' dir='ltr'><strong>ejus</strong></span> <span class='ocrx_word' id='word_1_155' title='bbox 3284 770 3725 843; x_wconf 59' lang='lat' dir='ltr'><strong>cupiditatemque</strong></span> 
     </span>
    </p>
   </div>
   <div class='ocr_carea' id='block_1_21' title="bbox 2286 854 3726 942">
    <p class='ocr_par' dir='ltr' id='par_1_21' title="bbox 2286 854 3726 942">
     <span class='ocr_line' id='line_1_21' title="bbox 2286 854 3726 942; baseline 0.01 -36"><span class='ocrx_word' id='word_1_156' title='bbox 2286 869 2532 926; x_wconf 82' lang='lat' dir='ltr'><strong>sequere.</strong></span> <span class='ocrx_word' id='word_1_157' title='bbox 2585 854 2829 926; x_wconf 87' lang='lat' dir='ltr'><strong>Sequere</strong></span> <span class='ocrx_word' id='word_1_158' title='bbox 2868 873 2954 912; x_wconf 90' lang='lat' dir='ltr'><strong>me</strong></span> <span class='ocrx_word' id='word_1_159' title='bbox 2987 872 3249 929; x_wconf 88' lang='lat' dir='ltr'><strong>corpore,</strong></span> <span class='ocrx_word' id='word_1_160' title='bbox 3292 874 3509 931; x_wconf 80' lang='lat' dir='ltr'><strong>sequere</strong></span> <span class='ocrx_word' id='word_1_161' title='bbox 3537 879 3598 920; x_wconf 85' lang='lat' dir='ltr'><strong>me</strong></span> <span class='ocrx_word' id='word_1_162' title='bbox 3620 873 3726 942; x_wconf 66' lang='lat' dir='ltr'><strong>corde,</strong></span> 
     </span>
    </p>
   </div>
   <div class='ocr_carea' id='block_1_22' title="bbox 2285 946 3727 1021">
    <p class='ocr_par' dir='ltr' id='par_1_22' title="bbox 2285 946 3727 1021">
     <span class='ocr_line' id='line_1_22' title="bbox 2285 946 3727 1021; baseline 0.008 -22"><span class='ocrx_word' id='word_1_163' title='bbox 2285 954 2515 1016; x_wconf 82' lang='lat' dir='ltr'><strong>sequere</strong></span> <span class='ocrx_word' id='word_1_164' title='bbox 2543 962 2628 1001; x_wconf 91' lang='lat' dir='ltr'><strong>me</strong></span> <span class='ocrx_word' id='word_1_165' title='bbox 2651 947 2979 1004; x_wconf 89' lang='lat' dir='ltr'><strong>imitatione.</strong></span> <span class='ocrx_word' id='word_1_166' title='bbox 3014 946 3258 1020; x_wconf 84' lang='lat' dir='ltr'><strong>Sequere</strong></span> <span class='ocrx_word' id='word_1_167' title='bbox 3277 965 3495 1021; x_wconf 85' lang='lat' dir='ltr'><strong>corpore</strong></span> <span class='ocrx_word' id='word_1_168' title='bbox 3515 967 3635 1010; x_wconf 77' lang='lat' dir='ltr'><strong>mean</strong></span> <span class='ocrx_word' id='word_1_169' title='bbox 3651 973 3727 1013; x_wconf 80' lang='lat' dir='ltr'><strong>cott-</strong></span> 
     </span>
    </p>
   </div>
   <div class='ocr_carea' id='block_1_23' title="bbox 2283 1038 3731 1116">
    <p class='ocr_par' dir='ltr' id='par_1_23' title="bbox 2283 1038 3731 1116">
     <span class='ocr_line' id='line_1_23' title="bbox 2283 1038 3731 1116; baseline 0.006 -23"><span class='ocrx_word' id='word_1_170' title='bbox 2283 1038 2672 1105; x_wconf 90' lang='lat' dir='ltr'><strong>versationem,</strong></span> <span class='ocrx_word' id='word_1_171' title='bbox 2705 1054 2935 1110; x_wconf 82' lang='lat' dir='ltr'><strong>sequere</strong></span> <span class='ocrx_word' id='word_1_172' title='bbox 2975 1040 3139 1096; x_wconf 90' lang='lat' dir='ltr'><strong>corde</strong></span> <span class='ocrx_word' id='word_1_173' title='bbox 3182 1057 3362 1097; x_wconf 83' lang='lat' dir='ltr'><strong>meam</strong></span> <span class='ocrx_word' id='word_1_174' title='bbox 3392 1043 3666 1116; x_wconf 76' lang='lat' dir='ltr'><strong>voluntatem,</strong></span> <span class='ocrx_word' id='word_1_175' title='bbox 3678 1066 3731 1105; x_wconf 75' lang='lat' dir='ltr'><strong><em>u-</em></strong></span> 
     </span>
    </p>
   </div>
   <div class='ocr_carea' id='block_1_24' title="bbox 2282 1130 3730 1200">
    <p class='ocr_par' dir='ltr' id='par_1_24' title="bbox 2282 1130 3730 1200">
     <span class='ocr_line' id='line_1_24' title="bbox 2282 1130 3730 1200; baseline 0.01 -16"><span class='ocrx_word' id='word_1_176' title='bbox 2282 1145 2452 1200; x_wconf 75' lang='lat' dir='ltr'><strong>quem</strong></span> <span class='ocrx_word' id='word_1_177' title='bbox 2480 1130 2787 1187; x_wconf 88' lang='lat' dir='ltr'><strong>imitatione</strong></span> <span class='ocrx_word' id='word_1_178' title='bbox 2816 1148 2996 1188; x_wconf 85' lang='lat' dir='ltr'><strong>meam</strong></span> <span class='ocrx_word' id='word_1_179' title='bbox 3021 1134 3210 1189; x_wconf 84' lang='lat' dir='ltr'><strong>vitam.</strong></span> <span class='ocrx_word' id='word_1_180' title='bbox 3251 1133 3497 1193; x_wconf 84' lang='lat' dir='ltr'><strong>Secundo</strong></span> <span class='ocrx_word' id='word_1_181' title='bbox 3516 1138 3730 1198; x_wconf 64' lang='lat' dir='ltr'><strong>demotum</strong></span> 
     </span>
    </p>
   </div>
   <div class='ocr_carea' id='block_1_25' title="bbox 2283 1219 3735 1299">
    <p class='ocr_par' dir='ltr' id='par_1_25' title="bbox 2283 1219 3735 1299">
     <span class='ocr_line' id='line_1_25' title="bbox 2283 1219 3735 1299; baseline 0.01 -24"><span class='ocrx_word' id='word_1_182' title='bbox 2283 1219 2570 1278; x_wconf 66' lang='lat' dir='ltr'><strong>Matthaius</strong></span> <span class='ocrx_word' id='word_1_183' title='bbox 2620 1222 2913 1279; x_wconf 91' lang='lat' dir='ltr'><strong>Dominum</strong></span> <span class='ocrx_word' id='word_1_184' title='bbox 2967 1235 3255 1281; x_wconf 87' lang='lat' dir='ltr'><strong>vocantem</strong></span> <span class='ocrx_word' id='word_1_185' title='bbox 3315 1243 3376 1283; x_wconf 83' lang='lat' dir='ltr'><strong>se</strong></span> <span class='ocrx_word' id='word_1_186' title='bbox 3424 1238 3633 1299; x_wconf 79' lang='lat' dir='ltr'><strong>secutum,</strong></span> <span class='ocrx_word' id='word_1_187' title='bbox 3660 1252 3735 1292; x_wconf 77' lang='lat' dir='ltr'><strong>cunt</strong></span> 
     </span>
    </p>
   </div>
   <div class='ocr_carea' id='block_1_26' title="bbox 2284 1304 3733 1394">
    <p class='ocr_par' dir='ltr' id='par_1_26' title="bbox 2284 1304 3733 1394">
     <span class='ocr_line' id='line_1_26' title="bbox 2284 1304 3733 1394; baseline 0.008 -26"><span class='ocrx_word' id='word_1_188' title='bbox 2284 1304 2565 1369; x_wconf 83' lang='lat' dir='ltr'><strong>subditur:</strong></span> <span class='ocrx_word' id='word_1_189' title='bbox 2597 1313 2667 1367; x_wconf 85' lang='lat' dir='ltr'><strong>Et</strong></span> <span class='ocrx_word' id='word_1_190' title='bbox 2690 1331 2930 1386; x_wconf 72' lang='lat' dir='ltr'><strong>surgens,</strong></span> <span class='ocrx_word' id='word_1_191' title='bbox 2958 1327 3167 1372; x_wconf 72' lang='lat' dir='ltr'><strong>secutus</strong></span> <span class='ocrx_word' id='word_1_192' title='bbox 3187 1328 3268 1374; x_wconf 70' lang='lat' dir='ltr'><strong>est</strong></span> <span class='ocrx_word' id='word_1_193' title='bbox 3293 1335 3430 1374; x_wconf 79' lang='lat' dir='ltr'><strong>eum.</strong></span> <span class='ocrx_word' id='word_1_194' title='bbox 3452 1319 3733 1394; x_wconf 75' lang='lat' dir='ltr'><strong>Lucasplelitu</strong></span> 
     </span>
    </p>
   </div>
   <div class='ocr_carea' id='block_1_27' title="bbox 2283 1406 3737 1489">
    <p class='ocr_par' dir='ltr' id='par_1_27' title="bbox 2283 1406 3737 1489">
     <span class='ocr_line' id='line_1_27' title="bbox 2283 1406 3737 1489; baseline 0.008 -26"><span class='ocrx_word' id='word_1_195' title='bbox 2283 1406 2443 1464; x_wconf 87' lang='lat' dir='ltr'><strong>dicit:</strong></span> <span class='ocrx_word' id='word_1_196' title='bbox 2482 1427 2500 1459; x_wconf 91' lang='lat' dir='ltr'><strong>t</strong></span> <span class='ocrx_word' id='word_1_197' title='bbox 2531 1406 2757 1465; x_wconf 80' lang='lat' dir='ltr'><strong>Relictis</strong></span> <span class='ocrx_word' id='word_1_198' title='bbox 2778 1409 3057 1479; x_wconf 88' lang='lat' dir='ltr'><strong>omnibus,</strong></span> <span class='ocrx_word' id='word_1_199' title='bbox 3079 1421 3302 1467; x_wconf 88' lang='lat' dir='ltr'><strong>secutus</strong></span> <span class='ocrx_word' id='word_1_200' title='bbox 3320 1422 3404 1468; x_wconf 88' lang='lat' dir='ltr'><strong>est</strong></span> <span class='ocrx_word' id='word_1_201' title='bbox 3423 1428 3533 1469; x_wconf 84' lang='lat' dir='ltr'><strong>eum</strong></span> <span class='ocrx_word' id='word_1_202' title='bbox 3555 1415 3737 1489; x_wconf 57' lang='lat' dir='ltr'><strong>(Lami:</strong></span> 
     </span>
    </p>
   </div>
   <div class='ocr_carea' id='block_1_28' title="bbox 2282 1498 3737 1571">
    <p class='ocr_par' dir='ltr' id='par_1_28' title="bbox 2282 1498 3737 1571">
     <span class='ocr_line' id='line_1_28' title="bbox 2282 1498 3737 1571; baseline 0.01 -19"><span class='ocrx_word' id='word_1_203' title='bbox 2282 1498 2340 1554; x_wconf 86' lang='lat' dir='ltr'><strong>In</strong></span> <span class='ocrx_word' id='word_1_204' title='bbox 2368 1515 2497 1571; x_wconf 92' lang='lat' dir='ltr'><strong>quo,</strong></span> <span class='ocrx_word' id='word_1_205' title='bbox 2541 1499 2737 1556; x_wconf 80' lang='lat' dir='ltr'><strong>fratres</strong></span> <span class='ocrx_word' id='word_1_206' title='bbox 2783 1502 2913 1569; x_wconf 87' lang='lat' dir='ltr'><strong>mei,</strong></span> <span class='ocrx_word' id='word_1_207' title='bbox 2959 1504 3285 1559; x_wconf 86' lang='lat' dir='ltr'><strong>attendenda</strong></span> <span class='ocrx_word' id='word_1_208' title='bbox 3330 1515 3421 1560; x_wconf 86' lang='lat' dir='ltr'><strong>est</strong></span> <span class='ocrx_word' id='word_1_209' title='bbox 3457 1515 3508 1560; x_wconf 84' lang='lat' dir='ltr'><strong>et</strong></span> <span class='ocrx_word' id='word_1_210' title='bbox 3536 1511 3737 1567; x_wconf 76' lang='lat' dir='ltr'><strong>vocationis</strong></span> 
     </span>
    </p>
   </div>
   <div class='ocr_carea' id='block_1_29' title="bbox 2282 1591 3747 1661">
    <p class='ocr_par' dir='ltr' id='par_1_29' title="bbox 2282 1591 3747 1661">
     <span class='ocr_line' id='line_1_29' title="bbox 2282 1591 3747 1661; baseline 0.01 -16"><span class='ocrx_word' id='word_1_211' title='bbox 2282 1591 2497 1648; x_wconf 89' lang='lat' dir='ltr'><strong>Domini</strong></span> <span class='ocrx_word' id='word_1_212' title='bbox 2522 1593 2661 1648; x_wconf 89' lang='lat' dir='ltr'><strong>mira</strong></span> <span class='ocrx_word' id='word_1_213' title='bbox 2681 1593 2941 1661; x_wconf 70' lang='lat' dir='ltr'><strong>elﬁcacia,</strong></span> <span class='ocrx_word' id='word_1_214' title='bbox 2971 1604 3026 1650; x_wconf 89' lang='lat' dir='ltr'><strong>et</strong></span> <span class='ocrx_word' id='word_1_215' title='bbox 3053 1596 3236 1650; x_wconf 82' lang='lat' dir='ltr'><strong>vocati</strong></span> <span class='ocrx_word' id='word_1_216' title='bbox 3261 1596 3418 1650; x_wconf 80' lang='lat' dir='ltr'><strong>velox</strong></span> <span class='ocrx_word' id='word_1_217' title='bbox 3445 1597 3747 1659; x_wconf 71' lang='lat' dir='ltr'><strong>obedientiallt</strong></span> 
     </span>
    </p>
   </div>
   <div class='ocr_carea' id='block_1_30' title="bbox 2282 1683 3743 1761">
    <p class='ocr_par' dir='ltr' id='par_1_30' title="bbox 2282 1683 3743 1761">
     <span class='ocr_line' id='line_1_30' title="bbox 2282 1683 3743 1761; baseline 0.006 -23"><span class='ocrx_word' id='word_1_218' title='bbox 2282 1683 2586 1740; x_wconf 89' lang='lat' dir='ltr'><strong>vocationis</strong></span> <span class='ocrx_word' id='word_1_219' title='bbox 2608 1684 2828 1755; x_wconf 89' lang='lat' dir='ltr'><strong>quidem</strong></span> <span class='ocrx_word' id='word_1_220' title='bbox 2861 1683 3077 1739; x_wconf 85' lang='lat' dir='ltr'><strong>Domini</strong></span> <span class='ocrx_word' id='word_1_221' title='bbox 3115 1685 3258 1741; x_wconf 88' lang='lat' dir='ltr'><strong>mira</strong></span> <span class='ocrx_word' id='word_1_222' title='bbox 3287 1684 3513 1747; x_wconf 68' lang='lat' dir='ltr'><strong>efﬁcacia</strong></span> <span class='ocrx_word' id='word_1_223' title='bbox 3531 1686 3577 1743; x_wconf 83' lang='lat' dir='ltr'><strong>in</strong></span> <span class='ocrx_word' id='word_1_224' title='bbox 3596 1689 3743 1761; x_wconf 73' lang='lat' dir='ltr'><strong>horap-</strong></span> 
     </span>
    </p>
   </div>
   <div class='ocr_carea' id='block_1_31' title="bbox 2282 1776 3752 1847">
    <p class='ocr_par' dir='ltr' id='par_1_31' title="bbox 2282 1776 3752 1847">
     <span class='ocr_line' id='line_1_31' title="bbox 2282 1776 3752 1847; baseline 0.005 -16"><span class='ocrx_word' id='word_1_225' title='bbox 2282 1785 2455 1846; x_wconf 90' lang='lat' dir='ltr'><strong>paret,</strong></span> <span class='ocrx_word' id='word_1_226' title='bbox 2478 1776 2738 1847; x_wconf 89' lang='lat' dir='ltr'><strong>quoniam</strong></span> <span class='ocrx_word' id='word_1_227' title='bbox 2784 1791 2951 1846; x_wconf 88' lang='lat' dir='ltr'><strong>quam</strong></span> <span class='ocrx_word' id='word_1_228' title='bbox 2978 1778 3091 1833; x_wconf 88' lang='lat' dir='ltr'><strong>cito</strong></span> <span class='ocrx_word' id='word_1_229' title='bbox 3119 1777 3279 1843; x_wconf 89' lang='lat' dir='ltr'><strong>dicit,</strong></span> <span class='ocrx_word' id='word_1_230' title='bbox 3315 1787 3425 1832; x_wconf 84' lang='lat' dir='ltr'><strong>ta</strong></span> <span class='ocrx_word' id='word_1_231' title='bbox 3459 1779 3752 1839; x_wconf 63' lang='lat' dir='ltr'><strong>citoeMJn</strong></span> 
     </span>
    </p>
   </div>
   <div class='ocr_carea' id='block_1_32' title="bbox 593 1847 3752 1940">
    <p class='ocr_par' dir='ltr' id='par_1_32' title="bbox 593 1847 3752 1940">
     <span class='ocr_line' id='line_1_32' title="bbox 593 1847 3752 1940; baseline 0.002 -16"><span class='ocrx_word' id='word_1_232' title='bbox 593 1869 893 1925; x_wconf 86' lang='lat' dir='ltr'><strong>sceleribus</strong></span> <span class='ocrx_word' id='word_1_233' title='bbox 924 1850 1183 1936; x_wconf 84' lang='lat' dir='ltr'><strong>foedatur,</strong></span> <span class='ocrx_word' id='word_1_234' title='bbox 1210 1868 1295 1923; x_wconf 86' lang='lat' dir='ltr'><strong>vel</strong></span> <span class='ocrx_word' id='word_1_235' title='bbox 1329 1869 1423 1939; x_wconf 91' lang='lat' dir='ltr'><strong>qui</strong></span> <span class='ocrx_word' id='word_1_236' title='bbox 1451 1866 1686 1937; x_wconf 87' lang='lat' dir='ltr'><strong>publicis</strong></span> <span class='ocrx_word' id='word_1_237' title='bbox 1730 1864 1960 1936; x_wconf 70' lang='lat' dir='ltr'><strong>negotiis</strong></span> <span class='ocrx_word' id='word_1_238' title='bbox 2004 1866 2179 1936; x_wconf 88' lang='lat' dir='ltr'><strong>impli-</strong></span> <span class='ocrx_word' id='word_1_239' title='bbox 2212 1847 2255 1907; x_wconf 77' lang='grc' dir='ltr'><strong>Β</strong></span> <span class='ocrx_word' id='word_1_240' title='bbox 2282 1884 2392 1940; x_wconf 85' lang='lat' dir='ltr'><strong>quo</strong></span> <span class='ocrx_word' id='word_1_241' title='bbox 2412 1860 2823 1923; x_wconf 84' lang='lat' dir='ltr'><strong>demonstratur</strong></span> <span class='ocrx_word' id='word_1_242' title='bbox 2849 1869 3113 1940; x_wconf 87' lang='lat' dir='ltr'><strong>quoniam</strong></span> <span class='ocrx_word' id='word_1_243' title='bbox 3152 1869 3298 1926; x_wconf 85' lang='lat' dir='ltr'><strong>sicut</strong></span> <span class='ocrx_word' id='word_1_244' title='bbox 3320 1870 3493 1926; x_wconf 84' lang='lat' dir='ltr'><strong>dicere</strong></span> <span class='ocrx_word' id='word_1_245' title='bbox 3521 1871 3681 1929; x_wconf 80' lang='lat' dir='ltr'><strong>Domini</strong></span> <span class='ocrx_word' id='word_1_246' title='bbox 3698 1882 3752 1929; x_wconf 80' lang='lat' dir='ltr'><strong>est</strong></span> 
     </span>
    </p>
   </div>
   <div class='ocr_carea' id='block_1_33' title="bbox 591 1956 2174 2032">
    <p class='ocr_par' dir='ltr' id='par_1_33' title="bbox 591 1956 2174 2032">
     <span class='ocr_line' id='line_1_33' title="bbox 591 1956 2174 2032; baseline -0.004 -15"><span class='ocrx_word' id='word_1_247' title='bbox 591 1970 770 2029; x_wconf 84' lang='lat' dir='ltr'><strong>catur,</strong></span> <span class='ocrx_word' id='word_1_248' title='bbox 800 1976 924 2031; x_wconf 74' lang='lat' dir='ltr'><strong>qua:</strong></span> <span class='ocrx_word' id='word_1_249' title='bbox 947 1960 1066 2016; x_wconf 87' lang='lat' dir='ltr'><strong>sine</strong></span> <span class='ocrx_word' id='word_1_250' title='bbox 1094 1968 1319 2032; x_wconf 86' lang='lat' dir='ltr'><strong>peccato</strong></span> <span class='ocrx_word' id='word_1_251' title='bbox 1342 1958 1425 2014; x_wconf 88' lang='lat' dir='ltr'><strong>vel</strong></span> <span class='ocrx_word' id='word_1_252' title='bbox 1452 1957 1540 2012; x_wconf 72' lang='lat' dir='ltr'><strong>vix</strong></span> <span class='ocrx_word' id='word_1_253' title='bbox 1564 1956 1653 2012; x_wconf 84' lang='lat' dir='ltr'><strong>vel</strong></span> <span class='ocrx_word' id='word_1_254' title='bbox 1682 1956 1996 2015; x_wconf 76' lang='lat' dir='ltr'><strong>nullatenus</strong></span> <span class='ocrx_word' id='word_1_255' title='bbox 2015 1972 2174 2011; x_wconf 78' lang='lat' dir='ltr'><strong>exer-</strong></span> 
     </span>
    </p>
   </div>
   <div class='ocr_carea' id='block_1_34' title="bbox 591 2048 2177 2126">
    <p class='ocr_par' dir='ltr' id='par_1_34' title="bbox 591 2048 2177 2126">
     <span class='ocr_line' id='line_1_34' title="bbox 591 2048 2177 2126; baseline -0.005 -14"><span class='ocrx_word' id='word_1_256' title='bbox 591 2057 704 2112; x_wconf 81' lang='lat' dir='ltr'><strong>Ceri</strong></span> <span class='ocrx_word' id='word_1_257' title='bbox 732 2062 981 2126; x_wconf 90' lang='lat' dir='ltr'><strong>possunt,</strong></span> <span class='ocrx_word' id='word_1_258' title='bbox 1009 2054 1189 2126; x_wconf 88' lang='lat' dir='ltr'><strong>qualis</strong></span> <span class='ocrx_word' id='word_1_259' title='bbox 1212 2060 1297 2109; x_wconf 90' lang='lat' dir='ltr'><strong>est</strong></span> <span class='ocrx_word' id='word_1_260' title='bbox 1325 2050 1621 2122; x_wconf 71' lang='lat' dir='ltr'><strong>negotiatio</strong></span> <span class='ocrx_word' id='word_1_261' title='bbox 1652 2058 1709 2105; x_wconf 90' lang='lat' dir='ltr'><strong>et</strong></span> <span class='ocrx_word' id='word_1_262' title='bbox 1731 2048 2019 2104; x_wconf 86' lang='lat' dir='ltr'><strong>telonium.</strong></span> <span class='ocrx_word' id='word_1_263' title='bbox 2073 2048 2177 2104; x_wconf 89' lang='lat' dir='ltr'><strong>Te-</strong></span> 
     </span>
    </p>
   </div>
   <div class='ocr_carea' id='block_1_35' title="bbox 588 2138 2173 2213">
    <p class='ocr_par' dir='ltr' id='par_1_35' title="bbox 588 2138 2173 2213">
     <span class='ocr_line' id='line_1_35' title="bbox 588 2138 2173 2213; baseline -0.004 -11"><span class='ocrx_word' id='word_1_264' title='bbox 588 2144 674 2204; x_wconf 76' lang='lat' dir='ltr'><strong>ios</strong></span> <span class='ocrx_word' id='word_1_265' title='bbox 703 2146 849 2201; x_wconf 91' lang='lat' dir='ltr'><strong>cnim</strong></span> <span class='ocrx_word' id='word_1_266' title='bbox 874 2144 1084 2213; x_wconf 62' lang='lat' dir='ltr'><strong>Graece,</strong></span> <span class='ocrx_word' id='word_1_267' title='bbox 1109 2143 1299 2200; x_wconf 85' lang='lat' dir='ltr'><strong>Latine</strong></span> <span class='ocrx_word' id='word_1_268' title='bbox 1322 2141 1523 2207; x_wconf 83' lang='lat' dir='ltr'><strong>dicitur</strong></span> <span class='ocrx_word' id='word_1_269' title='bbox 1546 2139 1788 2211; x_wconf 77' lang='lat' dir='ltr'><strong>vectigal.</strong></span> <span class='ocrx_word' id='word_1_270' title='bbox 1818 2138 2046 2195; x_wconf 87' lang='lat' dir='ltr'><strong>Constat</strong></span> <span class='ocrx_word' id='word_1_271' title='bbox 2078 2156 2173 2195; x_wconf 89' lang='lat' dir='ltr'><strong>au-</strong></span> 
     </span>
    </p>
   </div>
   <div class='ocr_carea' id='block_1_36' title="bbox 588 2224 2172 2313">
    <p class='ocr_par' dir='ltr' id='par_1_36' title="bbox 588 2224 2172 2313">
     <span class='ocr_line' id='line_1_36' title="bbox 588 2224 2172 2313; baseline -0.006 -17"><span class='ocrx_word' id='word_1_272' title='bbox 588 2252 698 2313; x_wconf 87' lang='lat' dir='ltr'><strong>tem</strong></span> <span class='ocrx_word' id='word_1_273' title='bbox 712 2224 971 2310; x_wconf 84' lang='lat' dir='ltr'><strong>quoniam</strong></span> <span class='ocrx_word' id='word_1_274' title='bbox 991 2238 1208 2311; x_wconf 75' lang='lat' dir='ltr'><strong>exigere</strong></span> <span class='ocrx_word' id='word_1_275' title='bbox 1228 2234 1533 2308; x_wconf 76' lang='lat' dir='ltr'><strong>vectigalia,</strong></span> <span class='ocrx_word' id='word_1_276' title='bbox 1557 2242 1611 2290; x_wconf 91' lang='lat' dir='ltr'><strong>ct</strong></span> <span class='ocrx_word' id='word_1_277' title='bbox 1633 2230 1947 2290; x_wconf 78' lang='lat' dir='ltr'><strong>exactiones</strong></span> <span class='ocrx_word' id='word_1_278' title='bbox 1973 2230 2172 2297; x_wconf 85' lang='lat' dir='ltr'><strong>facere,</strong></span> 
     </span>
    </p>
   </div>
   <div class='ocr_carea' id='block_1_37' title="bbox 584 2328 1235 2388">
    <p class='ocr_par' dir='ltr' id='par_1_37' title="bbox 584 2328 1235 2388">
     <span class='ocr_line' id='line_1_37' title="bbox 584 2328 1235 2388; baseline -0.006 -1"><span class='ocrx_word' id='word_1_279' title='bbox 584 2348 697 2388; x_wconf 90' lang='lat' dir='ltr'><strong>non</strong></span> <span class='ocrx_word' id='word_1_280' title='bbox 724 2339 811 2387; x_wconf 89' lang='lat' dir='ltr'><strong>est</strong></span> <span class='ocrx_word' id='word_1_281' title='bbox 841 2331 958 2388; x_wconf 85' lang='lat' dir='ltr'><strong>sine</strong></span> <span class='ocrx_word' id='word_1_282' title='bbox 983 2328 1235 2386; x_wconf 90' lang='lat' dir='ltr'><strong>crimine.</strong></span> 
     </span>
    </p>
   </div>
   <div class='ocr_carea' id='block_1_38' title="bbox 663 2414 2172 2492">
    <p class='ocr_par' dir='ltr' id='par_1_38' title="bbox 663 2414 2172 2492">
     <span class='ocr_line' id='line_1_38' title="bbox 663 2414 2172 2492; baseline -0.003 -19"><span class='ocrx_word' id='word_1_283' title='bbox 663 2419 805 2475; x_wconf 79' lang='lat' dir='ltr'><strong>Vidit</strong></span> <span class='ocrx_word' id='word_1_284' title='bbox 821 2420 985 2492; x_wconf 82' lang='lat' dir='ltr'><strong>igitur</strong></span> <span class='ocrx_word' id='word_1_285' title='bbox 1013 2418 1281 2474; x_wconf 79' lang='lat' dir='ltr'><strong>Dominus</strong></span> <span class='ocrx_word' id='word_1_286' title='bbox 1309 2415 1616 2483; x_wconf 82' lang='lat' dir='ltr'><strong>hominem,</strong></span> <span class='ocrx_word' id='word_1_287' title='bbox 1634 2414 1927 2488; x_wconf 75' lang='lat' dir='ltr'><strong>imaginem</strong></span> <span class='ocrx_word' id='word_1_288' title='bbox 1953 2414 2172 2486; x_wconf 89' lang='lat' dir='ltr'><strong>quidem</strong></span> 
     </span>
    </p>
   </div>
   <div class='ocr_carea' id='block_1_39' title="bbox 589 2507 2170 2590">
    <p class='ocr_par' dir='ltr' id='par_1_39' title="bbox 589 2507 2170 2590">
     <span class='ocr_line' id='line_1_39' title="bbox 589 2507 2170 2590; baseline -0.003 -24"><span class='ocrx_word' id='word_1_289' title='bbox 589 2512 684 2569; x_wconf 84' lang='lat' dir='ltr'><strong>Dei</strong></span> <span class='ocrx_word' id='word_1_290' title='bbox 706 2515 760 2569; x_wconf 92' lang='lat' dir='ltr'><strong>in</strong></span> <span class='ocrx_word' id='word_1_291' title='bbox 780 2530 839 2570; x_wconf 91' lang='lat' dir='ltr'><strong>se</strong></span> <span class='ocrx_word' id='word_1_292' title='bbox 864 2513 1177 2579; x_wconf 84' lang='lat' dir='ltr'><strong>habentem,</strong></span> <span class='ocrx_word' id='word_1_293' title='bbox 1222 2509 1316 2567; x_wconf 91' lang='lat' dir='ltr'><strong>sed</strong></span> <span class='ocrx_word' id='word_1_294' title='bbox 1340 2508 1727 2590; x_wconf 52' lang='lat' dir='ltr'><strong>eam‘peccatis</strong></span> <span class='ocrx_word' id='word_1_295' title='bbox 1757 2507 2170 2574; x_wconf 88' lang='lat' dir='ltr'><strong>delormantem,</strong></span> 
     </span>
    </p>
   </div>
   <div class='ocr_carea' id='block_1_40' title="bbox 577 2600 2174 2676">
    <p class='ocr_par' dir='ltr' id='par_1_40' title="bbox 577 2600 2174 2676">
     <span class='ocr_line' id='line_1_40' title="bbox 577 2600 2174 2676; baseline -0.003 -16"><span class='ocrx_word' id='word_1_296' title='bbox 577 2616 639 2662; x_wconf 78' lang='lat' dir='ltr'><strong>et</strong></span> <span class='ocrx_word' id='word_1_297' title='bbox 689 2608 744 2663; x_wconf 90' lang='lat' dir='ltr'><strong>in</strong></span> <span class='ocrx_word' id='word_1_298' title='bbox 784 2606 889 2661; x_wconf 91' lang='lat' dir='ltr'><strong>hoc</strong></span> <span class='ocrx_word' id='word_1_299' title='bbox 914 2604 1206 2676; x_wconf 83' lang='lat' dir='ltr'><strong>proposito</strong></span> <span class='ocrx_word' id='word_1_300' title='bbox 1236 2603 1643 2675; x_wconf 89' lang='lat' dir='ltr'><strong>perdurantem.</strong></span> <span class='ocrx_word' id='word_1_301' title='bbox 1699 2601 1916 2672; x_wconf 88' lang='lat' dir='ltr'><strong>Itaque,</strong></span> <span class='ocrx_word' id='word_1_302' title='bbox 1975 2600 2174 2656; x_wconf 80' lang='lat' dir='ltr'><strong>fratres</strong></span> 
     </span>
    </p>
   </div>
   <div class='ocr_carea' id='block_1_41' title="bbox 582 2675 2173 2766">
    <p class='ocr_par' dir='ltr' id='par_1_41' title="bbox 582 2675 2173 2766">
     <span class='ocr_line' id='line_1_41' title="bbox 582 2675 2173 2766; baseline -0.004 -15"><span class='ocrx_word' id='word_1_303' title='bbox 582 2696 717 2764; x_wconf 89' lang='lat' dir='ltr'><strong>mci,</strong></span> <span class='ocrx_word' id='word_1_304' title='bbox 748 2675 1070 2766; x_wconf 77' lang='lat' dir='ltr'><strong>exprimitur</strong></span> <span class='ocrx_word' id='word_1_305' title='bbox 1099 2694 1220 2764; x_wconf 88' lang='lat' dir='ltr'><strong>ejus</strong></span> <span class='ocrx_word' id='word_1_306' title='bbox 1260 2692 1503 2758; x_wconf 83' lang='lat' dir='ltr'><strong>miseria,</strong></span> <span class='ocrx_word' id='word_1_307' title='bbox 1534 2700 1595 2747; x_wconf 93' lang='lat' dir='ltr'><strong>ut</strong></span> <span class='ocrx_word' id='word_1_308' title='bbox 1636 2690 1813 2761; x_wconf 86' lang='lat' dir='ltr'><strong>major</strong></span> <span class='ocrx_word' id='word_1_309' title='bbox 1860 2688 2173 2745; x_wconf 82' lang='lat' dir='ltr'><strong>miserentis</strong></span> 
     </span>
    </p>
   </div>
   <div class='ocr_carea' id='block_1_42' title="bbox 586 2770 2170 2855">
    <p class='ocr_par' dir='ltr' id='par_1_42' title="bbox 586 2770 2170 2855">
     <span class='ocr_line' id='line_1_42' title="bbox 586 2770 2170 2855; baseline -0.004 -15"><span class='ocrx_word' id='word_1_310' title='bbox 586 2785 683 2840; x_wconf 74' lang='lat' dir='ltr'><strong>Dei</strong></span> <span class='ocrx_word' id='word_1_311' title='bbox 717 2792 975 2855; x_wconf 87' lang='lat' dir='ltr'><strong>appareat</strong></span> <span class='ocrx_word' id='word_1_312' title='bbox 1003 2781 1399 2849; x_wconf 86' lang='lat' dir='ltr'><strong>misericordia,</strong></span> <span class='ocrx_word' id='word_1_313' title='bbox 1429 2797 1554 2852; x_wconf 76' lang='lat' dir='ltr'><strong>qua:</strong></span> <span class='ocrx_word' id='word_1_314' title='bbox 1600 2780 1668 2836; x_wconf 89' lang='lat' dir='ltr'><strong>de</strong></span> <span class='ocrx_word' id='word_1_315' title='bbox 1707 2770 1825 2835; x_wconf 75' lang='lat' dir='ltr'><strong>tam</strong></span> <span class='ocrx_word' id='word_1_316' title='bbox 1880 2779 2028 2833; x_wconf 87' lang='lat' dir='ltr'><strong>malo</strong></span> <span class='ocrx_word' id='word_1_317' title='bbox 2060 2787 2170 2833; x_wconf 86' lang='lat' dir='ltr'><strong>tam</strong></span> 
     </span>
    </p>
   </div>
   <div class='ocr_carea' id='block_1_43' title="bbox 585 2870 2169 2941">
    <p class='ocr_par' dir='ltr' id='par_1_43' title="bbox 585 2870 2169 2941">
     <span class='ocr_line' id='line_1_43' title="bbox 585 2870 2169 2941; baseline -0.004 -10"><span class='ocrx_word' id='word_1_318' title='bbox 585 2883 837 2932; x_wconf 85' lang='lat' dir='ltr'><strong>sanctum</strong></span> <span class='ocrx_word' id='word_1_319' title='bbox 894 2873 1095 2939; x_wconf 72' lang='lat' dir='ltr'><strong>effecit,</strong></span> <span class='ocrx_word' id='word_1_320' title='bbox 1139 2880 1199 2928; x_wconf 92' lang='lat' dir='ltr'><strong>ut</strong></span> <span class='ocrx_word' id='word_1_321' title='bbox 1257 2887 1385 2927; x_wconf 89' lang='lat' dir='ltr'><strong>eum</strong></span> <span class='ocrx_word' id='word_1_322' title='bbox 1432 2887 1547 2926; x_wconf 79' lang='lat' dir='ltr'><strong>non</strong></span> <span class='ocrx_word' id='word_1_323' title='bbox 1605 2871 1784 2927; x_wconf 83' lang='lat' dir='ltr'><strong>solum</strong></span> <span class='ocrx_word' id='word_1_324' title='bbox 1839 2870 2169 2941; x_wconf 85' lang='lat' dir='ltr'><strong>discipulum</strong></span> 
     </span>
    </p>
   </div>
   <div class='ocr_carea' id='block_1_44' title="bbox 585 2962 2171 3036">
    <p class='ocr_par' dir='ltr' id='par_1_44' title="bbox 585 2962 2171 3036">
     <span class='ocr_line' id='line_1_44' title="bbox 585 2962 2171 3036; baseline -0.003 -14"><span class='ocrx_word' id='word_1_325' title='bbox 585 2982 771 3033; x_wconf 88' lang='lat' dir='ltr'><strong>suum,</strong></span> <span class='ocrx_word' id='word_1_326' title='bbox 809 2966 903 3022; x_wconf 81' lang='lat' dir='ltr'><strong>sed</strong></span> <span class='ocrx_word' id='word_1_327' title='bbox 931 2966 1095 3021; x_wconf 89' lang='lat' dir='ltr'><strong>etiam</strong></span> <span class='ocrx_word' id='word_1_328' title='bbox 1132 2964 1438 3036; x_wconf 85' lang='lat' dir='ltr'><strong>apostolum</strong></span> <span class='ocrx_word' id='word_1_329' title='bbox 1469 2962 1836 3029; x_wconf 80' lang='lat' dir='ltr'><strong>constituerit,</strong></span> <span class='ocrx_word' id='word_1_330' title='bbox 1871 2971 1926 3018; x_wconf 82' lang='lat' dir='ltr'><strong>et</strong></span> <span class='ocrx_word' id='word_1_331' title='bbox 1978 2964 2026 3019; x_wconf 85' lang='lat' dir='ltr'><strong>ei</strong></span> <span class='ocrx_word' id='word_1_332' title='bbox 2060 2971 2171 3018; x_wconf 79' lang='lat' dir='ltr'><strong>non</strong></span> 
     </span>
    </p>
   </div>
   <div class='ocr_carea' id='block_1_45' title="bbox 587 3045 2168 3130">
    <p class='ocr_par' dir='ltr' id='par_1_45' title="bbox 587 3045 2168 3130">
     <span class='ocr_line' id='line_1_45' title="bbox 587 3045 2168 3130; baseline -0.003 -16"><span class='ocrx_word' id='word_1_333' title='bbox 587 3059 765 3115; x_wconf 91' lang='lat' dir='ltr'><strong>solum</strong></span> <span class='ocrx_word' id='word_1_334' title='bbox 787 3058 1140 3130; x_wconf 71' lang='lat' dir='ltr'><strong>pmdicandi,</strong></span> <span class='ocrx_word' id='word_1_335' title='bbox 1173 3058 1269 3114; x_wconf 89' lang='lat' dir='ltr'><strong>sed</strong></span> <span class='ocrx_word' id='word_1_336' title='bbox 1306 3059 1471 3113; x_wconf 89' lang='lat' dir='ltr'><strong>etiam</strong></span> <span class='ocrx_word' id='word_1_337' title='bbox 1503 3055 1775 3114; x_wconf 87' lang='lat' dir='ltr'><strong>scribendi</strong></span> <span class='ocrx_word' id='word_1_338' title='bbox 1816 3045 2168 3128; x_wconf 76' lang='lat' dir='ltr'><strong>Evangelium</strong></span> 
     </span>
    </p>
   </div>
   <div class='ocr_carea' id='block_1_46' title="bbox 582 3131 2169 3221">
    <p class='ocr_par' dir='ltr' id='par_1_46' title="bbox 582 3131 2169 3221">
     <span class='ocr_line' id='line_1_46' title="bbox 582 3131 2169 3221; baseline -0.003 -17"><span class='ocrx_word' id='word_1_339' title='bbox 582 3131 966 3221; x_wconf 78' lang='lat' dir='ltr'><strong>auctoritatem</strong></span> <span class='ocrx_word' id='word_1_340' title='bbox 996 3133 1282 3219; x_wconf 71' lang='lat' dir='ltr'><strong>praeberet,</strong></span> <span class='ocrx_word' id='word_1_341' title='bbox 1311 3155 1373 3203; x_wconf 92' lang='lat' dir='ltr'><strong>ut</strong></span> <span class='ocrx_word' id='word_1_342' title='bbox 1398 3143 1809 3203; x_wconf 79' lang='lat' dir='ltr'><strong>communicato</strong></span> <span class='ocrx_word' id='word_1_343' title='bbox 1831 3161 1956 3201; x_wconf 87' lang='lat' dir='ltr'><strong>cum</strong></span> <span class='ocrx_word' id='word_1_344' title='bbox 1978 3161 2169 3218; x_wconf 88' lang='lat' dir='ltr'><strong>super—</strong></span> 
     </span>
    </p>
   </div>
   <div class='ocr_carea' id='block_1_47' title="bbox 2279 1958 3755 2034">
    <p class='ocr_par' dir='ltr' id='par_1_47' title="bbox 2279 1958 3755 2034">
     <span class='ocr_line' id='line_1_47' title="bbox 2279 1958 3755 2034; baseline 0.003 -20"><span class='ocrx_word' id='word_1_345' title='bbox 2279 1958 2483 2027; x_wconf 81' lang='lat' dir='ltr'><strong>fac’ere,</strong></span> <span class='ocrx_word' id='word_1_346' title='bbox 2502 1958 2658 2029; x_wconf 79' lang='lat' dir='ltr'><strong>juxta</strong></span> <span class='ocrx_word' id='word_1_347' title='bbox 2688 1959 2821 2016; x_wconf 89' lang='lat' dir='ltr'><strong>illud</strong></span> <span class='ocrx_word' id='word_1_348' title='bbox 2846 1976 2859 2013; x_wconf 90' lang='lat'><strong>:</strong></span> <span class='ocrx_word' id='word_1_349' title='bbox 2915 1980 2933 2013; x_wconf 86' lang='lat' dir='ltr'><strong>t</strong></span> <span class='ocrx_word' id='word_1_350' title='bbox 2965 1960 3084 2032; x_wconf 89' lang='lat' dir='ltr'><strong>Ipse</strong></span> <span class='ocrx_word' id='word_1_351' title='bbox 3116 1962 3256 2017; x_wconf 78' lang='lat' dir='ltr'><strong>dixit</strong></span> <span class='ocrx_word' id='word_1_352' title='bbox 3276 1970 3334 2017; x_wconf 89' lang='lat' dir='ltr'><strong>et</strong></span> <span class='ocrx_word' id='word_1_353' title='bbox 3360 1959 3493 2019; x_wconf 84' lang='lat' dir='ltr'><strong>facta</strong></span> <span class='ocrx_word' id='word_1_354' title='bbox 3516 1973 3621 2020; x_wconf 81' lang='lat' dir='ltr'><strong>sunt</strong></span> <span class='ocrx_word' id='word_1_355' title='bbox 3641 1964 3755 2034; x_wconf 64' lang='grc' dir='ltr'><strong>ιω.</strong></span> 
     </span>
    </p>
   </div>
   <div class='ocr_carea' id='block_1_48' title="bbox 2281 2051 3757 2131">
    <p class='ocr_par' dir='ltr' id='par_1_48' title="bbox 2281 2051 3757 2131">
     <span class='ocr_line' id='line_1_48' title="bbox 2281 2051 3757 2131; baseline 0.003 -26"><span class='ocrx_word' id='word_1_356' title='bbox 2281 2052 2478 2123; x_wconf 75' lang='lat' dir='ltr'><strong>xxxii),</strong></span> <span class='ocrx_word' id='word_1_357' title='bbox 2516 2070 2535 2103; x_wconf 82' lang='lat' dir='ltr'><strong>t</strong></span> <span class='ocrx_word' id='word_1_358' title='bbox 2577 2052 2653 2106; x_wconf 88' lang='lat' dir='ltr'><strong>ita</strong></span> <span class='ocrx_word' id='word_1_359' title='bbox 2683 2051 2805 2123; x_wconf 85' lang='lat' dir='ltr'><strong>ejus</strong></span> <span class='ocrx_word' id='word_1_360' title='bbox 2837 2068 3036 2110; x_wconf 82' lang='lat' dir='ltr'><strong>vocare</strong></span> <span class='ocrx_word' id='word_1_361' title='bbox 3064 2063 3161 2109; x_wconf 84' lang='lat' dir='ltr'><strong>est</strong></span> <span class='ocrx_word' id='word_1_362' title='bbox 3195 2055 3432 2110; x_wconf 80' lang='lat' dir='ltr'><strong>trahere.</strong></span> <span class='ocrx_word' id='word_1_363' title='bbox 3460 2053 3605 2112; x_wconf 80' lang='lat' dir='ltr'><strong>Vocat</strong></span> <span class='ocrx_word' id='word_1_364' title='bbox 3624 2058 3757 2131; x_wconf 74' lang='lat' dir='ltr'><strong>quippe</strong></span> 
     </span>
    </p>
   </div>
   <div class='ocr_carea' id='block_1_49' title="bbox 2277 2145 3761 2216">
    <p class='ocr_par' dir='ltr' id='par_1_49' title="bbox 2277 2145 3761 2216">
     <span class='ocr_line' id='line_1_49' title="bbox 2277 2145 3761 2216; baseline 0.007 -19"><span class='ocrx_word' id='word_1_365' title='bbox 2277 2158 2385 2197; x_wconf 87' lang='lat' dir='ltr'><strong>non</strong></span> <span class='ocrx_word' id='word_1_366' title='bbox 2411 2150 2521 2197; x_wconf 87' lang='lat' dir='ltr'><strong>tam</strong></span> <span class='ocrx_word' id='word_1_367' title='bbox 2543 2145 2788 2199; x_wconf 76' lang='lat' dir='ltr'><strong>exterius</strong></span> <span class='ocrx_word' id='word_1_368' title='bbox 2821 2161 2987 2216; x_wconf 77' lang='lat' dir='ltr'><strong>quam</strong></span> <span class='ocrx_word' id='word_1_369' title='bbox 3022 2145 3278 2202; x_wconf 88' lang='lat' dir='ltr'><strong>interius.</strong></span> <span class='ocrx_word' id='word_1_370' title='bbox 3332 2145 3512 2202; x_wconf 70' lang='lat' dir='ltr'><strong>Vocati</strong></span> <span class='ocrx_word' id='word_1_371' title='bbox 3531 2150 3761 2206; x_wconf 60' lang='lat' dir='ltr'><strong>vernulas</strong></span> 
     </span>
    </p>
   </div>
   <div class='ocr_carea' id='block_1_50' title="bbox 2276 2231 3761 2308">
    <p class='ocr_par' dir='ltr' id='par_1_50' title="bbox 2276 2231 3761 2308">
     <span class='ocr_line' id='line_1_50' title="bbox 2276 2231 3761 2308; baseline 0.005 -22"><span class='ocrx_word' id='word_1_372' title='bbox 2276 2231 2585 2287; x_wconf 89' lang='lat' dir='ltr'><strong>obedientia</strong></span> <span class='ocrx_word' id='word_1_373' title='bbox 2617 2232 2672 2287; x_wconf 91' lang='lat' dir='ltr'><strong>in</strong></span> <span class='ocrx_word' id='word_1_374' title='bbox 2715 2232 2820 2289; x_wconf 89' lang='lat' dir='ltr'><strong>hoc</strong></span> <span class='ocrx_word' id='word_1_375' title='bbox 2861 2233 3297 2303; x_wconf 82' lang='lat' dir='ltr'><strong>demonstratur,</strong></span> <span class='ocrx_word' id='word_1_376' title='bbox 3342 2237 3583 2308; x_wconf 82' lang='lat' dir='ltr'><strong>quoniam</strong></span> <span class='ocrx_word' id='word_1_377' title='bbox 3607 2250 3761 2294; x_wconf 73' lang='lat' dir='ltr'><strong>vnctus</strong></span> 
     </span>
    </p>
   </div>
   <div class='ocr_carea' id='block_1_51' title="bbox 2276 2321 3763 2393">
    <p class='ocr_par' dir='ltr' id='par_1_51' title="bbox 2276 2321 3763 2393">
     <span class='ocr_line' id='line_1_51' title="bbox 2276 2321 3763 2393; baseline 0.007 -18"><span class='ocrx_word' id='word_1_378' title='bbox 2276 2334 2386 2376; x_wconf 91' lang='lat' dir='ltr'><strong>non</strong></span> <span class='ocrx_word' id='word_1_379' title='bbox 2415 2321 2702 2389; x_wconf 86' lang='lat' dir='ltr'><strong>dubitavit,</strong></span> <span class='ocrx_word' id='word_1_380' title='bbox 2738 2338 2846 2378; x_wconf 90' lang='lat' dir='ltr'><strong>non</strong></span> <span class='ocrx_word' id='word_1_381' title='bbox 2876 2334 3127 2381; x_wconf 87' lang='lat' dir='ltr'><strong>moratus</strong></span> <span class='ocrx_word' id='word_1_382' title='bbox 3148 2335 3256 2393; x_wconf 86' lang='lat' dir='ltr'><strong>est,</strong></span> <span class='ocrx_word' id='word_1_383' title='bbox 3296 2342 3411 2383; x_wconf 85' lang='lat' dir='ltr'><strong>non</strong></span> <span class='ocrx_word' id='word_1_384' title='bbox 3437 2329 3763 2385; x_wconf 60' lang='lat' dir='ltr'><strong>rationum-</strong></span> 
     </span>
    </p>
   </div>
   <div class='ocr_carea' id='block_1_52' title="bbox 2275 2413 3765 2492">
    <p class='ocr_par' dir='ltr' id='par_1_52' title="bbox 2275 2413 3765 2492">
     <span class='ocr_line' id='line_1_52' title="bbox 2275 2413 3765 2492; baseline 0.007 -25"><span class='ocrx_word' id='word_1_385' title='bbox 2275 2413 2479 2484; x_wconf 78' lang='lat' dir='ltr'><strong>galium</strong></span> <span class='ocrx_word' id='word_1_386' title='bbox 2543 2414 2797 2482; x_wconf 86' lang='lat' dir='ltr'><strong>reddidit,</strong></span> <span class='ocrx_word' id='word_1_387' title='bbox 2851 2416 2947 2472; x_wconf 89' lang='lat' dir='ltr'><strong>sed</strong></span> <span class='ocrx_word' id='word_1_388' title='bbox 2996 2418 3246 2488; x_wconf 80' lang='lat' dir='ltr'><strong>periculo</strong></span> <span class='ocrx_word' id='word_1_389' title='bbox 3294 2420 3586 2492; x_wconf 84' lang='lat' dir='ltr'><strong>principum</strong></span> <span class='ocrx_word' id='word_1_390' title='bbox 3625 2431 3765 2492; x_wconf 61' lang='lat' dir='ltr'><strong>spem.</strong></span> 
     </span>
    </p>
   </div>
   <div class='ocr_carea' id='block_1_53' title="bbox 2279 2506 3768 2580">
    <p class='ocr_par' dir='ltr' id='par_1_53' title="bbox 2279 2506 3768 2580">
     <span class='ocr_line' id='line_1_53' title="bbox 2279 2506 3768 2580; baseline 0.007 -21"><span class='ocrx_word' id='word_1_391' title='bbox 2279 2520 2445 2576; x_wconf 89' lang='lat' dir='ltr'><strong>quam</strong></span> <span class='ocrx_word' id='word_1_392' title='bbox 2472 2506 2587 2561; x_wconf 82' lang='lat' dir='ltr'><strong>cito</strong></span> <span class='ocrx_word' id='word_1_393' title='bbox 2612 2507 2686 2562; x_wconf 83' lang='lat' dir='ltr'><strong>ad</strong></span> <span class='ocrx_word' id='word_1_394' title='bbox 2724 2523 2892 2563; x_wconf 85' lang='lat' dir='ltr'><strong>unam</strong></span> <span class='ocrx_word' id='word_1_395' title='bbox 2934 2510 3107 2565; x_wconf 85' lang='lat' dir='ltr'><strong>solam</strong></span> <span class='ocrx_word' id='word_1_396' title='bbox 3155 2512 3519 2580; x_wconf 81' lang='lat' dir='ltr'><strong>vocationem,</strong></span> <span class='ocrx_word' id='word_1_397' title='bbox 3559 2511 3768 2568; x_wconf 67' lang='lat' dir='ltr'><strong>Dominum</strong></span> 
     </span>
    </p>
   </div>
   <div class='ocr_carea' id='block_1_54' title="bbox 2275 2598 3773 2675">
    <p class='ocr_par' dir='ltr' id='par_1_54' title="bbox 2275 2598 3773 2675">
     <span class='ocr_line' id='line_1_54' title="bbox 2275 2598 3773 2675; baseline 0.005 -24"><span class='ocrx_word' id='word_1_398' title='bbox 2275 2605 2386 2651; x_wconf 87' lang='lat' dir='ltr'><strong>tam</strong></span> <span class='ocrx_word' id='word_1_399' title='bbox 2420 2598 2663 2655; x_wconf 78' lang='lat' dir='ltr'><strong>exterius</strong></span> <span class='ocrx_word' id='word_1_400' title='bbox 2699 2615 2864 2669; x_wconf 82' lang='lat' dir='ltr'><strong>quam</strong></span> <span class='ocrx_word' id='word_1_401' title='bbox 2921 2600 3155 2658; x_wconf 86' lang='lat' dir='ltr'><strong>interius</strong></span> <span class='ocrx_word' id='word_1_402' title='bbox 3197 2613 3423 2660; x_wconf 85' lang='lat' dir='ltr'><strong>secutus</strong></span> <span class='ocrx_word' id='word_1_403' title='bbox 3467 2613 3563 2661; x_wconf 83' lang='lat' dir='ltr'><strong>est.</strong></span> <span class='ocrx_word' id='word_1_404' title='bbox 3614 2603 3773 2675; x_wconf 71' lang='lat' dir='ltr'><strong>thuid</strong></span> 
     </span>
    </p>
   </div>
   <div class='ocr_carea' id='block_1_55' title="bbox 2241 2684 3773 2761">
    <p class='ocr_par' dir='ltr' id='par_1_55' title="bbox 2241 2684 3773 2761">
     <span class='ocr_line' id='line_1_55' title="bbox 2241 2684 3773 2761; baseline 0.005 -21"><span class='ocrx_word' id='word_1_405' title='bbox 2241 2684 2343 2741; x_wconf 73' lang='lat' dir='ltr'><strong>‘ad</strong></span> <span class='ocrx_word' id='word_1_406' title='bbox 2392 2686 2500 2742; x_wconf 89' lang='lat' dir='ltr'><strong>hoc</strong></span> <span class='ocrx_word' id='word_1_407' title='bbox 2547 2688 2878 2759; x_wconf 87' lang='lat' dir='ltr'><strong>respondere</strong></span> <span class='ocrx_word' id='word_1_408' title='bbox 2912 2691 3237 2761; x_wconf 74' lang='lat' dir='ltr'><strong>poterimus,</strong></span> <span class='ocrx_word' id='word_1_409' title='bbox 3289 2692 3488 2751; x_wconf 81' lang='lat' dir='ltr'><strong>fratres</strong></span> <span class='ocrx_word' id='word_1_410' title='bbox 3528 2695 3647 2752; x_wconf 71' lang='lat' dir='ltr'><strong>mei!</strong></span> <span class='ocrx_word' id='word_1_411' title='bbox 3680 2693 3773 2748; x_wconf 78' lang='lat' dir='ltr'><strong>llat-</strong></span> 
     </span>
    </p>
   </div>
   <div class='ocr_carea' id='block_1_56' title="bbox 2275 2779 3781 2845">
    <p class='ocr_par' dir='ltr' id='par_1_56' title="bbox 2275 2779 3781 2845">
     <span class='ocr_line' id='line_1_56' title="bbox 2275 2779 3781 2845; baseline 0.008 -11"><span class='ocrx_word' id='word_1_412' title='bbox 2275 2779 2449 2836; x_wconf 60' lang='lat' dir='ltr'><strong>thmus</strong></span> <span class='ocrx_word' id='word_1_413' title='bbox 2482 2779 2774 2836; x_wconf 85' lang='lat' dir='ltr'><strong>Dominum</strong></span> <span class='ocrx_word' id='word_1_414' title='bbox 2808 2782 2991 2839; x_wconf 90' lang='lat' dir='ltr'><strong>adhuc</strong></span> <span class='ocrx_word' id='word_1_415' title='bbox 3037 2786 3329 2844; x_wconf 88' lang='lat' dir='ltr'><strong>mortalem</strong></span> <span class='ocrx_word' id='word_1_416' title='bbox 3369 2788 3440 2844; x_wconf 87' lang='lat' dir='ltr'><strong>ad</strong></span> <span class='ocrx_word' id='word_1_417' title='bbox 3476 2803 3624 2845; x_wconf 75' lang='lat' dir='ltr'><strong>unam</strong></span> <span class='ocrx_word' id='word_1_418' title='bbox 3659 2788 3781 2844; x_wconf 74' lang='lat' dir='ltr'><strong>solam</strong></span> 
     </span>
    </p>
   </div>
   <div class='ocr_carea' id='block_1_57' title="bbox 2271 2870 3782 2952">
    <p class='ocr_par' dir='ltr' id='par_1_57' title="bbox 2271 2870 3782 2952">
     <span class='ocr_line' id='line_1_57' title="bbox 2271 2870 3782 2952; baseline 0.007 -28"><span class='ocrx_word' id='word_1_419' title='bbox 2271 2870 2613 2927; x_wconf 86' lang='lat' dir='ltr'><strong>vocationem</strong></span> <span class='ocrx_word' id='word_1_420' title='bbox 2653 2883 2876 2930; x_wconf 88' lang='lat' dir='ltr'><strong>secutus</strong></span> <span class='ocrx_word' id='word_1_421' title='bbox 2907 2884 3012 2943; x_wconf 86' lang='lat' dir='ltr'><strong>est,</strong></span> <span class='ocrx_word' id='word_1_422' title='bbox 3060 2886 3116 2933; x_wconf 91' lang='lat' dir='ltr'><strong>et</strong></span> <span class='ocrx_word' id='word_1_423' title='bbox 3141 2894 3245 2935; x_wconf 83' lang='lat' dir='ltr'><strong>nos</strong></span> <span class='ocrx_word' id='word_1_424' title='bbox 3268 2895 3397 2937; x_wconf 88' lang='lat' dir='ltr'><strong>eum</strong></span> <span class='ocrx_word' id='word_1_425' title='bbox 3423 2881 3535 2952; x_wconf 82' lang='lat' dir='ltr'><strong>jam</strong></span> <span class='ocrx_word' id='word_1_426' title='bbox 3570 2882 3782 2937; x_wconf 64' lang='lat' dir='ltr'><strong>immorta-</strong></span> 
     </span>
    </p>
   </div>
   <div class='ocr_carea' id='block_1_58' title="bbox 2272 2964 3791 3047">
    <p class='ocr_par' dir='ltr' id='par_1_58' title="bbox 2272 2964 3791 3047">
     <span class='ocr_line' id='line_1_58' title="bbox 2272 2964 3791 3047; baseline 0.008 -29"><span class='ocrx_word' id='word_1_427' title='bbox 2272 2964 2399 3033; x_wconf 90' lang='lat' dir='ltr'><strong>lem,</strong></span> <span class='ocrx_word' id='word_1_428' title='bbox 2422 2965 2477 3020; x_wconf 92' lang='lat' dir='ltr'><strong>in</strong></span> <span class='ocrx_word' id='word_1_429' title='bbox 2499 2966 2757 3024; x_wconf 90' lang='lat' dir='ltr'><strong>omnibus</strong></span> <span class='ocrx_word' id='word_1_430' title='bbox 2776 2967 3021 3037; x_wconf 89' lang='lat' dir='ltr'><strong>divitem,</strong></span> <span class='ocrx_word' id='word_1_431' title='bbox 3045 2969 3101 3026; x_wconf 88' lang='lat' dir='ltr'><strong>in</strong></span> <span class='ocrx_word' id='word_1_432' title='bbox 3123 2972 3268 3029; x_wconf 69' lang='lat' dir='ltr'><strong>coelo</strong></span> <span class='ocrx_word' id='word_1_433' title='bbox 3282 2981 3341 3030; x_wconf 90' lang='lat' dir='ltr'><strong>et</strong></span> <span class='ocrx_word' id='word_1_434' title='bbox 3371 2974 3431 3030; x_wconf 89' lang='lat' dir='ltr'><strong>in</strong></span> <span class='ocrx_word' id='word_1_435' title='bbox 3456 2985 3601 3032; x_wconf 78' lang='lat' dir='ltr'><strong>terra</strong></span> <span class='ocrx_word' id='word_1_436' title='bbox 3618 2992 3791 3047; x_wconf 61' lang='lat' dir='ltr'><strong>regem</strong></span> 
     </span>
    </p>
   </div>
   <div class='ocr_carea' id='block_1_59' title="bbox 2271 3057 3791 3140">
    <p class='ocr_par' dir='ltr' id='par_1_59' title="bbox 2271 3057 3791 3140">
     <span class='ocr_line' id='line_1_59' title="bbox 2271 3057 3791 3140; baseline 0.006 -25"><span class='ocrx_word' id='word_1_437' title='bbox 2271 3065 2422 3140; x_wconf 70' lang='lat' dir='ltr'><strong>tem,</strong></span> <span class='ocrx_word' id='word_1_438' title='bbox 2456 3066 2512 3114; x_wconf 91' lang='lat' dir='ltr'><strong>ct</strong></span> <span class='ocrx_word' id='word_1_439' title='bbox 2552 3057 2754 3115; x_wconf 89' lang='lat' dir='ltr'><strong>multas</strong></span> <span class='ocrx_word' id='word_1_440' title='bbox 2798 3061 3135 3131; x_wconf 84' lang='lat' dir='ltr'><strong>vocationes,</strong></span> <span class='ocrx_word' id='word_1_441' title='bbox 3184 3073 3243 3120; x_wconf 86' lang='lat' dir='ltr'><strong>et</strong></span> <span class='ocrx_word' id='word_1_442' title='bbox 3280 3065 3467 3123; x_wconf 85' lang='lat' dir='ltr'><strong>minas</strong></span> <span class='ocrx_word' id='word_1_443' title='bbox 3507 3076 3561 3123; x_wconf 87' lang='lat' dir='ltr'><strong>et</strong></span> <span class='ocrx_word' id='word_1_444' title='bbox 3596 3075 3791 3133; x_wconf 70' lang='lat' dir='ltr'><strong>terms.</strong></span> 
     </span>
    </p>
   </div>
   <div class='ocr_carea' id='block_1_60' title="bbox 2270 3148 3799 3225">
    <p class='ocr_par' dir='ltr' id='par_1_60' title="bbox 2270 3148 3799 3225">
     <span class='ocr_line' id='line_1_60' title="bbox 2270 3148 3799 3225; baseline 0.011 -22"><span class='ocrx_word' id='word_1_445' title='bbox 2270 3148 2482 3221; x_wconf 73' lang='lat' dir='ltr'><strong>flagella</strong></span> <span class='ocrx_word' id='word_1_446' title='bbox 2513 3159 2568 3206; x_wconf 91' lang='lat' dir='ltr'><strong>et</strong></span> <span class='ocrx_word' id='word_1_447' title='bbox 2601 3151 2997 3221; x_wconf 87' lang='lat' dir='ltr'><strong>promissiones</strong></span> <span class='ocrx_word' id='word_1_448' title='bbox 3023 3154 3183 3225; x_wconf 82' lang='lat' dir='ltr'><strong>sequi</strong></span> <span class='ocrx_word' id='word_1_449' title='bbox 3223 3158 3648 3215; x_wconf 69' lang='lat' dir='ltr'><strong>contemnimus.</strong></span> <span class='ocrx_word' id='word_1_450' title='bbox 3672 3156 3799 3220; x_wconf 64' lang='lat' dir='ltr'><strong>Unde.</strong></span> 
     </span>
    </p>
   </div>
   <div class='ocr_carea' id='block_1_61' title="bbox 573 3210 3799 3311">
    <p class='ocr_par' dir='ltr' id='par_1_61' title="bbox 573 3210 3799 3311">
     <span class='ocr_line' id='line_1_61' title="bbox 573 3210 3799 3311; baseline 0.002 -17"><span class='ocrx_word' id='word_1_451' title='bbox 573 3216 673 3295; x_wconf 64' lang='lat' dir='ltr'><strong>&#39;nis</strong></span> <span class='ocrx_word' id='word_1_452' title='bbox 695 3210 1299 3310; x_wconf 48' lang='lat' dir='ltr'><strong>spiritibus-vocabulo,</strong></span> <span class='ocrx_word' id='word_1_453' title='bbox 1331 3238 1665 3311; x_wconf 79' lang='lat' dir='ltr'><strong>evangelista</strong></span> <span class='ocrx_word' id='word_1_454' title='bbox 1698 3210 2077 3296; x_wconf 73' lang='lat' dir='ltr'><strong>nominaretur</strong></span> <span class='ocrx_word' id='word_1_455' title='bbox 2114 3247 2168 3295; x_wconf 81' lang='lat' dir='ltr'><strong>et</strong></span> <span class='ocrx_word' id='word_1_456' title='bbox 2196 3210 2239 3272; x_wconf 58' lang='grc' dir='ltr'>υ</span> <span class='ocrx_word' id='word_1_457' title='bbox 2270 3210 2467 3298; x_wconf 62' lang='lat' dir='ltr'><strong>fratres</strong></span> <span class='ocrx_word' id='word_1_458' title='bbox 2510 3210 2639 3309; x_wconf 79' lang='lat' dir='ltr'><strong>mei,</strong></span> <span class='ocrx_word' id='word_1_459' title='bbox 2677 3243 2910 3299; x_wconf 88' lang='lat' dir='ltr'><strong>multum</strong></span> <span class='ocrx_word' id='word_1_460' title='bbox 2948 3210 3251 3304; x_wconf 71' lang='lat' dir='ltr'><strong>formidare</strong></span> <span class='ocrx_word' id='word_1_461' title='bbox 3284 3248 3556 3306; x_wconf 84' lang='lat' dir='ltr'><strong>debemus</strong></span> <span class='ocrx_word' id='word_1_462' title='bbox 3593 3264 3655 3305; x_wconf 84' lang='lat' dir='ltr'><strong>ne</strong></span> <span class='ocrx_word' id='word_1_463' title='bbox 3697 3248 3799 3302; x_wconf 64' lang='lat' dir='ltr'><strong>Dm</strong></span> 
     </span>
    </p>
   </div>
   <div class='ocr_carea' id='block_1_62' title="bbox 580 3322 2159 3403">
    <p class='ocr_par' dir='ltr' id='par_1_62' title="bbox 580 3322 2159 3403">
     <span class='ocr_line' id='line_1_62' title="bbox 580 3322 2159 3403; baseline 0 -16"><span class='ocrx_word' id='word_1_464' title='bbox 580 3322 747 3388; x_wconf 80' lang='lat' dir='ltr'><strong>esset.</strong></span> <span class='ocrx_word' id='word_1_465' title='bbox 775 3322 949 3399; x_wconf 81' lang='lat' dir='ltr'><strong>Quod</strong></span> <span class='ocrx_word' id='word_1_466' title='bbox 968 3331 1313 3403; x_wconf 88' lang='lat' dir='ltr'><strong>omnipotens</strong></span> <span class='ocrx_word' id='word_1_467' title='bbox 1339 3341 1393 3387; x_wconf 91' lang='lat' dir='ltr'><strong>et</strong></span> <span class='ocrx_word' id='word_1_468' title='bbox 1423 3332 1547 3403; x_wconf 91' lang='lat' dir='ltr'><strong>pius</strong></span> <span class='ocrx_word' id='word_1_469' title='bbox 1570 3329 1835 3388; x_wconf 89' lang='lat' dir='ltr'><strong>Dominus</strong></span> <span class='ocrx_word' id='word_1_470' title='bbox 1861 3331 2037 3387; x_wconf 87' lang='lat' dir='ltr'><strong>voluit</strong></span> <span class='ocrx_word' id='word_1_471' title='bbox 2080 3329 2159 3387; x_wconf 86' lang='lat' dir='ltr'><strong>fa-’</strong></span> 
     </span>
    </p>
   </div>
   <div class='ocr_carea' id='block_1_63' title="bbox 2270 3334 3808 3411">
    <p class='ocr_par' dir='ltr' id='par_1_63' title="bbox 2270 3334 3808 3411">
     <span class='ocr_line' id='line_1_63' title="bbox 2270 3334 3808 3411; baseline 0.004 -22"><span class='ocrx_word' id='word_1_472' title='bbox 2270 3334 2430 3391; x_wconf 90' lang='lat' dir='ltr'><strong>nobis</strong></span> <span class='ocrx_word' id='word_1_473' title='bbox 2471 3335 2667 3403; x_wconf 90' lang='lat' dir='ltr'><strong>iratus,</strong></span> <span class='ocrx_word' id='word_1_474' title='bbox 2693 3336 3039 3409; x_wconf 76' lang='lat' dir='ltr'><strong>exigentibus</strong></span> <span class='ocrx_word' id='word_1_475' title='bbox 3081 3340 3299 3398; x_wconf 85' lang='lat' dir='ltr'><strong>meritis</strong></span> <span class='ocrx_word' id='word_1_476' title='bbox 3337 3345 3577 3411; x_wconf 79' lang='lat' dir='ltr'><strong>nostris,</strong></span> <span class='ocrx_word' id='word_1_477' title='bbox 3617 3357 3703 3398; x_wconf 79' lang='lat' dir='ltr'><strong>nos</strong></span> <span class='ocrx_word' id='word_1_478' title='bbox 3730 3356 3808 3395; x_wconf 73' lang='lat' dir='ltr'><strong>tm</strong></span> 
     </span>
    </p>
   </div>
   <div class='ocr_carea' id='block_1_64' title="bbox 582 3420 3801 3501">
    <p class='ocr_par' dir='ltr' id='par_1_64' title="bbox 582 3420 3801 3501">
     <span class='ocr_line' id='line_1_64' title="bbox 582 3420 3801 3501; baseline 0.002 -22"><span class='ocrx_word' id='word_1_479' title='bbox 582 3439 706 3481; x_wconf 87' lang='lat' dir='ltr'><strong>cere</strong></span> <span class='ocrx_word' id='word_1_480' title='bbox 738 3423 940 3495; x_wconf 89' lang='lat' dir='ltr'><strong>triplici</strong></span> <span class='ocrx_word' id='word_1_481' title='bbox 962 3423 1195 3479; x_wconf 82' lang='lat' dir='ltr'><strong>ratione.</strong></span> <span class='ocrx_word' id='word_1_482' title='bbox 1227 3421 1496 3490; x_wconf 89' lang='lat' dir='ltr'><strong>Primum,</strong></span> <span class='ocrx_word' id='word_1_483' title='bbox 1527 3430 1584 3478; x_wconf 93' lang='lat' dir='ltr'><strong>ut</strong></span> <span class='ocrx_word' id='word_1_484' title='bbox 1606 3420 2016 3494; x_wconf 76' lang='lat' dir='ltr'><strong>omnipotentite</strong></span> <span class='ocrx_word' id='word_1_485' title='bbox 2053 3438 2167 3480; x_wconf 68' lang='lat' dir='ltr'><strong>suae</strong></span> <span class='ocrx_word' id='word_1_486' title='bbox 2261 3426 2377 3497; x_wconf 88' lang='lat' dir='ltr'><strong>jam</strong></span> <span class='ocrx_word' id='word_1_487' title='bbox 2401 3425 2643 3483; x_wconf 78' lang='lat' dir='ltr'><strong>exterius</strong></span> <span class='ocrx_word' id='word_1_488' title='bbox 2666 3454 2671 3457; x_wconf 86' lang='lat'><strong><em>-</em></strong></span> <span class='ocrx_word' id='word_1_489' title='bbox 2692 3428 3033 3501; x_wconf 64' lang='lat' dir='ltr'><strong>interimque</strong></span> <span class='ocrx_word' id='word_1_490' title='bbox 3073 3440 3234 3489; x_wconf 86' lang='lat' dir='ltr'><strong>vocet</strong></span> <span class='ocrx_word' id='word_1_491' title='bbox 3276 3442 3341 3490; x_wconf 92' lang='lat' dir='ltr'><strong>ut</strong></span> <span class='ocrx_word' id='word_1_492' title='bbox 3366 3432 3707 3497; x_wconf 70' lang='lat' dir='ltr'><strong>Manlium,</strong></span> <span class='ocrx_word' id='word_1_493' title='bbox 3736 3431 3801 3485; x_wconf 72' lang='lat' dir='ltr'><strong>sel</strong></span> 
     </span>
    </p>
   </div>
   <div class='ocr_carea' id='block_1_65' title="bbox 580 3511 2166 3591">
    <p class='ocr_par' dir='ltr' id='par_1_65' title="bbox 580 3511 2166 3591">
     <span class='ocr_line' id='line_1_65' title="bbox 580 3511 2166 3591; baseline 0.001 -21"><span class='ocrx_word' id='word_1_494' title='bbox 580 3515 833 3591; x_wconf 76' lang='lat' dir='ltr'><strong>effectum</strong></span> <span class='ocrx_word' id='word_1_495' title='bbox 875 3514 1036 3572; x_wconf 86' lang='lat' dir='ltr'><strong>nobis</strong></span> <span class='ocrx_word' id='word_1_496' title='bbox 1061 3515 1479 3582; x_wconf 86' lang='lat' dir='ltr'><strong>demonstraret,</strong></span> <span class='ocrx_word' id='word_1_497' title='bbox 1522 3529 1632 3586; x_wconf 90' lang='lat' dir='ltr'><strong>qua</strong></span> <span class='ocrx_word' id='word_1_498' title='bbox 1677 3511 2166 3586; x_wconf 80' lang='lat' dir='ltr'><strong>quantumcunque</strong></span> 
     </span>
    </p>
   </div>
   <div class='ocr_carea' id='block_1_66' title="bbox 574 3594 2163 3685">
    <p class='ocr_par' dir='ltr' id='par_1_66' title="bbox 574 3594 2163 3685">
     <span class='ocr_line' id='line_1_66' title="bbox 574 3594 2163 3685; baseline 0.001 -26"><span class='ocrx_word' id='word_1_499' title='bbox 574 3606 929 3685; x_wconf 72' lang='lat' dir='ltr'><strong>sceleratum,</strong></span> <span class='ocrx_word' id='word_1_500' title='bbox 959 3594 1125 3677; x_wconf 75' lang='lat' dir='ltr'><strong>quam</strong></span> <span class='ocrx_word' id='word_1_501' title='bbox 1151 3606 1261 3662; x_wconf 89' lang='lat' dir='ltr'><strong>cito</strong></span> <span class='ocrx_word' id='word_1_502' title='bbox 1290 3603 1426 3672; x_wconf 91' lang='lat' dir='ltr'><strong>vult,</strong></span> <span class='ocrx_word' id='word_1_503' title='bbox 1456 3604 1781 3685; x_wconf 31' lang='lat' dir='ltr'><strong>justifieare&#39;</strong></span> <span class='ocrx_word' id='word_1_504' title='bbox 1810 3614 2011 3676; x_wconf 90' lang='lat' dir='ltr'><strong>potest.</strong></span> <span class='ocrx_word' id='word_1_505' title='bbox 2065 3606 2163 3661; x_wconf 83' lang='lat' dir='ltr'><strong>Se-</strong></span> 
     </span>
    </p>
   </div>
   <div class='ocr_carea' id='block_1_67' title="bbox 579 3682 2167 3767">
    <p class='ocr_par' dir='ltr' id='par_1_67' title="bbox 579 3682 2167 3767">
     <span class='ocr_line' id='line_1_67' title="bbox 579 3682 2167 3767; baseline 0 -17"><span class='ocrx_word' id='word_1_506' title='bbox 579 3682 784 3765; x_wconf 78' lang='lat' dir='ltr'><strong>cundo,</strong></span> <span class='ocrx_word' id='word_1_507' title='bbox 808 3706 870 3753; x_wconf 90' lang='lat' dir='ltr'><strong>ut</strong></span> <span class='ocrx_word' id='word_1_508' title='bbox 891 3697 1309 3754; x_wconf 87' lang='lat' dir='ltr'><strong>immensitatcm</strong></span> <span class='ocrx_word' id='word_1_509' title='bbox 1332 3696 1720 3753; x_wconf 72' lang='lat' dir='ltr'><strong>misericordiae</strong></span> <span class='ocrx_word' id='word_1_510' title='bbox 1730 3682 1845 3751; x_wconf 75' lang='lat' dir='ltr'><strong>sua:</strong></span> <span class='ocrx_word' id='word_1_511' title='bbox 1865 3696 2024 3752; x_wconf 88' lang='lat' dir='ltr'><strong>nobis</strong></span> <span class='ocrx_word' id='word_1_512' title='bbox 2044 3711 2167 3767; x_wconf 77' lang='lat' dir='ltr'><strong>ape-</strong></span> 
     </span>
    </p>
   </div>
   <div class='ocr_carea' id='block_1_68' title="bbox 577 3788 2161 3862">
    <p class='ocr_par' dir='ltr' id='par_1_68' title="bbox 577 3788 2161 3862">
     <span class='ocr_line' id='line_1_68' title="bbox 577 3788 2161 3862; baseline 0.001 -19"><span class='ocrx_word' id='word_1_513' title='bbox 577 3790 734 3858; x_wconf 85' lang='lat' dir='ltr'><strong>riret,</strong></span> <span class='ocrx_word' id='word_1_514' title='bbox 753 3805 917 3862; x_wconf 90' lang='lat' dir='ltr'><strong>quam</strong></span> <span class='ocrx_word' id='word_1_515' title='bbox 942 3790 1089 3846; x_wconf 90' lang='lat' dir='ltr'><strong>nulla</strong></span> <span class='ocrx_word' id='word_1_516' title='bbox 1100 3791 1364 3847; x_wconf 81' lang='lat' dir='ltr'><strong>scelerum</strong></span> <span class='ocrx_word' id='word_1_517' title='bbox 1378 3788 1673 3861; x_wconf 82' lang='lat' dir='ltr'><strong>ignominia</strong></span> <span class='ocrx_word' id='word_1_518' title='bbox 1691 3803 1951 3859; x_wconf 88' lang='lat' dir='ltr'><strong>superare</strong></span> <span class='ocrx_word' id='word_1_519' title='bbox 1962 3796 2161 3859; x_wconf 88' lang='lat' dir='ltr'><strong>potest.</strong></span> 
     </span>
    </p>
   </div>
   <div class='ocr_carea' id='block_1_69' title="bbox 567 3878 2163 3953">
    <p class='ocr_par' dir='ltr' id='par_1_69' title="bbox 567 3878 2163 3953">
     <span class='ocr_line' id='line_1_69' title="bbox 567 3878 2163 3953; baseline -0.001 -18"><span class='ocrx_word' id='word_1_520' title='bbox 567 3880 783 3949; x_wconf 80' lang='lat' dir='ltr'><strong>Tertio,</strong></span> <span class='ocrx_word' id='word_1_521' title='bbox 812 3881 1057 3937; x_wconf 74' lang='lat' dir='ltr'><strong>tttvenite</strong></span> <span class='ocrx_word' id='word_1_522' title='bbox 1078 3896 1228 3953; x_wconf 84' lang='lat' dir='ltr'><strong>spem</strong></span> <span class='ocrx_word' id='word_1_523' title='bbox 1258 3880 1515 3936; x_wconf 86' lang='lat' dir='ltr'><strong>omnibus</strong></span> <span class='ocrx_word' id='word_1_524' title='bbox 1542 3887 2030 3950; x_wconf 83' lang='lat' dir='ltr'><strong>quantumcunque</strong></span> <span class='ocrx_word' id='word_1_525' title='bbox 2055 3878 2163 3935; x_wconf 58' lang='lat' dir='ltr'><strong>cri-‘</strong></span> 
     </span>
    </p>
   </div>
   <div class='ocr_carea' id='block_1_70' title="bbox 577 3969 2160 4042">
    <p class='ocr_par' dir='ltr' id='par_1_70' title="bbox 577 3969 2160 4042">
     <span class='ocr_line' id='line_1_70' title="bbox 577 3969 2160 4042; baseline 0.001 -16"><span class='ocrx_word' id='word_1_526' title='bbox 577 3971 808 4042; x_wconf 86' lang='lat' dir='ltr'><strong>minosis</strong></span> <span class='ocrx_word' id='word_1_527' title='bbox 842 3971 1125 4042; x_wconf 67' lang='lat' dir='ltr'><strong>praeberet.</strong></span> <span class='ocrx_word' id='word_1_528' title='bbox 1177 3971 1317 4025; x_wconf 81' lang='lat' dir='ltr'><strong>Audi</strong></span> <span class='ocrx_word' id='word_1_529' title='bbox 1347 3969 1861 4040; x_wconf 39' lang='lat' dir='ltr'><strong>tamen,.peccator;</strong></span> <span class='ocrx_word' id='word_1_530' title='bbox 1900 3986 2010 4025; x_wconf 92' lang='lat' dir='ltr'><strong>non</strong></span> <span class='ocrx_word' id='word_1_531' title='bbox 2032 3985 2160 4040; x_wconf 85' lang='lat' dir='ltr'><strong>pro-</strong></span> 
     </span>
    </p>
   </div>
   <div class='ocr_carea' id='block_1_71' title="bbox 576 4061 2161 4133">
    <p class='ocr_par' dir='ltr' id='par_1_71' title="bbox 576 4061 2161 4133">
     <span class='ocr_line' id='line_1_71' title="bbox 576 4061 2161 4133; baseline 0.001 -16"><span class='ocrx_word' id='word_1_532' title='bbox 576 4063 799 4132; x_wconf 90' lang='lat' dir='ltr'><strong>ponitur</strong></span> <span class='ocrx_word' id='word_1_533' title='bbox 821 4063 917 4118; x_wconf 87' lang='lat' dir='ltr'><strong>tibi</strong></span> <span class='ocrx_word' id='word_1_534' title='bbox 942 4061 1228 4125; x_wconf 70' lang='lat' dir='ltr'><strong>Matthaaus</strong></span> <span class='ocrx_word' id='word_1_535' title='bbox 1259 4061 1559 4118; x_wconf 81' lang='lat' dir='ltr'><strong>tclonarius</strong></span> <span class='ocrx_word' id='word_1_536' title='bbox 1600 4061 1655 4115; x_wconf 90' lang='lat' dir='ltr'><strong>in</strong></span> <span class='ocrx_word' id='word_1_537' title='bbox 1674 4061 1986 4131; x_wconf 79' lang='lat' dir='ltr'><strong>exemplum</strong></span> <span class='ocrx_word' id='word_1_538' title='bbox 2035 4077 2161 4133; x_wconf 86' lang='lat' dir='ltr'><strong>pec-</strong></span> 
     </span>
    </p>
   </div>
   <div class='ocr_carea' id='block_1_72' title="bbox 577 4151 2158 4224">
    <p class='ocr_par' dir='ltr' id='par_1_72' title="bbox 577 4151 2158 4224">
     <span class='ocr_line' id='line_1_72' title="bbox 577 4151 2158 4224; baseline -0.001 -15"><span class='ocrx_word' id='word_1_539' title='bbox 577 4152 758 4220; x_wconf 91' lang='lat' dir='ltr'><strong>candi,</strong></span> <span class='ocrx_word' id='word_1_540' title='bbox 795 4152 889 4208; x_wconf 87' lang='lat' dir='ltr'><strong>sed</strong></span> <span class='ocrx_word' id='word_1_541' title='bbox 922 4153 976 4207; x_wconf 89' lang='lat' dir='ltr'><strong>in</strong></span> <span class='ocrx_word' id='word_1_542' title='bbox 1011 4154 1318 4224; x_wconf 76' lang='lat' dir='ltr'><strong>exemplum</strong></span> <span class='ocrx_word' id='word_1_543' title='bbox 1354 4152 1674 4223; x_wconf 80' lang='lat' dir='ltr'><strong>ptenitendi.</strong></span> <span class='ocrx_word' id='word_1_544' title='bbox 1711 4151 1856 4208; x_wconf 89' lang='lat' dir='ltr'><strong>Cave</strong></span> <span class='ocrx_word' id='word_1_545' title='bbox 1907 4167 1977 4208; x_wconf 91' lang='lat' dir='ltr'><strong>ne</strong></span> <span class='ocrx_word' id='word_1_546' title='bbox 2030 4169 2158 4224; x_wconf 86' lang='lat' dir='ltr'><strong>pec-</strong></span> 
     </span>
    </p>
   </div>
   <div class='ocr_carea' id='block_1_73' title="bbox 577 4240 2158 4318">
    <p class='ocr_par' dir='ltr' id='par_1_73' title="bbox 577 4240 2158 4318">
     <span class='ocr_line' id='line_1_73' title="bbox 577 4240 2158 4318; baseline 0.003 -21"><span class='ocrx_word' id='word_1_547' title='bbox 577 4243 689 4298; x_wconf 69' lang='lat' dir='ltr'><strong>ces.</strong></span> <span class='ocrx_word' id='word_1_548' title='bbox 719 4240 777 4297; x_wconf 87' lang='lat' dir='ltr'><strong>Si</strong></span> <span class='ocrx_word' id='word_1_549' title='bbox 809 4244 989 4299; x_wconf 77' lang='lat' dir='ltr'><strong>tamen</strong></span> <span class='ocrx_word' id='word_1_550' title='bbox 1017 4244 1346 4315; x_wconf 87' lang='lat' dir='ltr'><strong>peccaveris,</strong></span> <span class='ocrx_word' id='word_1_551' title='bbox 1371 4260 1482 4300; x_wconf 90' lang='lat' dir='ltr'><strong>non</strong></span> <span class='ocrx_word' id='word_1_552' title='bbox 1505 4244 1782 4317; x_wconf 86' lang='lat' dir='ltr'><strong>desperes,</strong></span> <span class='ocrx_word' id='word_1_553' title='bbox 1807 4245 2068 4318; x_wconf 86' lang='lat' dir='ltr'><strong>quoniam</strong></span> <span class='ocrx_word' id='word_1_554' title='bbox 2090 4247 2158 4302; x_wconf 91' lang='lat' dir='ltr'><strong>ad</strong></span> 
     </span>
    </p>
   </div>
   <div class='ocr_carea' id='block_1_74' title="bbox 575 4332 2161 4411">
    <p class='ocr_par' dir='ltr' id='par_1_74' title="bbox 575 4332 2161 4411">
     <span class='ocr_line' id='line_1_74' title="bbox 575 4332 2161 4411; baseline 0.004 -24"><span class='ocrx_word' id='word_1_555' title='bbox 575 4333 886 4405; x_wconf 82' lang='lat' dir='ltr'><strong>exemplum</strong></span> <span class='ocrx_word' id='word_1_556' title='bbox 962 4332 1219 4402; x_wconf 69' lang='lat' dir='ltr'><strong>Matthasi,</strong></span> <span class='ocrx_word' id='word_1_557' title='bbox 1286 4350 1385 4405; x_wconf 91' lang='lat' dir='ltr'><strong>per</strong></span> <span class='ocrx_word' id='word_1_558' title='bbox 1432 4335 1809 4405; x_wconf 76' lang='lat' dir='ltr'><strong>ptenitentiam</strong></span> <span class='ocrx_word' id='word_1_559' title='bbox 1876 4352 2161 4411; x_wconf 75' lang='lat' dir='ltr'><strong>resurgere</strong></span> 
     </span>
    </p>
   </div>
   <div class='ocr_carea' id='block_1_75' title="bbox 568 4420 2158 4505">
    <p class='ocr_par' dir='ltr' id='par_1_75' title="bbox 568 4420 2158 4505">
     <span class='ocr_line' id='line_1_75' title="bbox 568 4420 2158 4505; baseline 0.004 -26"><span class='ocrx_word' id='word_1_560' title='bbox 568 4434 758 4495; x_wconf 83' lang='lat' dir='ltr'><strong>potes,</strong></span> <span class='ocrx_word' id='word_1_561' title='bbox 802 4422 863 4482; x_wconf 37' lang='lat' dir='ltr'><strong>‘si</strong></span> <span class='ocrx_word' id='word_1_562' title='bbox 910 4435 1191 4496; x_wconf 91' lang='lat' dir='ltr'><strong>peccatum</strong></span> <span class='ocrx_word' id='word_1_563' title='bbox 1240 4434 1394 4480; x_wconf 86' lang='lat' dir='ltr'><strong>tuum</strong></span> <span class='ocrx_word' id='word_1_564' title='bbox 1441 4420 1809 4485; x_wconf 87' lang='lat' dir='ltr'><strong>accusaveris.</strong></span> <span class='ocrx_word' id='word_1_565' title='bbox 1868 4428 2158 4505; x_wconf 80' lang='lat' dir='ltr'><strong>Matthaeus</strong></span> 
     </span>
    </p>
   </div>
   <div class='ocr_carea' id='block_1_76' title="bbox 572 4514 3844 4619">
    <p class='ocr_par' dir='ltr' id='par_1_76' title="bbox 572 4514 3844 4619">
     <span class='ocr_line' id='line_1_76' title="bbox 572 4514 3844 4619; baseline 0.008 -51"><span class='ocrx_word' id='word_1_566' title='bbox 572 4515 719 4569; x_wconf 85' lang='lat' dir='ltr'><strong>enim</strong></span> <span class='ocrx_word' id='word_1_567' title='bbox 755 4530 865 4571; x_wconf 90' lang='lat' dir='ltr'><strong>non</strong></span> <span class='ocrx_word' id='word_1_568' title='bbox 898 4530 958 4571; x_wconf 89' lang='lat' dir='ltr'><strong>se</strong></span> <span class='ocrx_word' id='word_1_569' title='bbox 990 4524 1244 4584; x_wconf 82' lang='lat' dir='ltr'><strong>excusat,</strong></span> <span class='ocrx_word' id='word_1_570' title='bbox 1286 4514 1382 4571; x_wconf 88' lang='lat' dir='ltr'><strong>sed</strong></span> <span class='ocrx_word' id='word_1_571' title='bbox 1410 4516 1594 4588; x_wconf 83' lang='lat' dir='ltr'><strong>potius</strong></span> <span class='ocrx_word' id='word_1_572' title='bbox 1632 4529 1856 4575; x_wconf 88' lang='lat' dir='ltr'><strong>accusat</strong></span> <span class='ocrx_word' id='word_1_573' title='bbox 1889 4520 1957 4575; x_wconf 91' lang='lat' dir='ltr'><strong>de</strong></span> <span class='ocrx_word' id='word_1_574' title='bbox 1987 4522 2153 4576; x_wconf 85' lang='lat' dir='ltr'><strong>veteri</strong></span> <span class='ocrx_word' id='word_1_575' title='bbox 2190 4551 2234 4610; x_wconf 70' lang='grc' dir='ltr'>ο</span> <span class='ocrx_word' id='word_1_576' title='bbox 2256 4530 2528 4587; x_wconf 77' lang='lat' dir='ltr'><strong>voluntati</strong></span> <span class='ocrx_word' id='word_1_577' title='bbox 2570 4514 2821 4603; x_wconf 65' lang='lat' dir='ltr'><strong>propriae.</strong></span> <span class='ocrx_word' id='word_1_578' title='bbox 2879 4534 3121 4592; x_wconf 82' lang='lat' dir='ltr'><strong>Primam</strong></span> <span class='ocrx_word' id='word_1_579' title='bbox 3178 4538 3757 4598; x_wconf 73' lang='lat' dir='ltr'><strong>abl-enuntiationem</strong></span> 
     </span>
    </p>
   </div>
   <div class='ocr_carea' id='block_1_77' title="bbox 572 4605 2155 4677">
    <p class='ocr_par' dir='ltr' id='par_1_77' title="bbox 572 4605 2155 4677">
     <span class='ocr_line' id='line_1_77' title="bbox 572 4605 2155 4677; baseline 0.003 -16"><span class='ocrx_word' id='word_1_580' title='bbox 572 4614 817 4675; x_wconf 83' lang='lat' dir='ltr'><strong>peccato,</strong></span> <span class='ocrx_word' id='word_1_581' title='bbox 869 4620 994 4663; x_wconf 86' lang='lat' dir='ltr'><strong>cum</strong></span> <span class='ocrx_word' id='word_1_582' title='bbox 1049 4605 1225 4672; x_wconf 57' lang='lat' dir='ltr'><strong>dicit,&quot;</strong></span> <span class='ocrx_word' id='word_1_583' title='bbox 1261 4605 1517 4660; x_wconf 63' lang='lat' dir='ltr'><strong>sedxntent</strong></span> <span class='ocrx_word' id='word_1_584' title='bbox 1563 4608 1619 4660; x_wconf 83' lang='lat' dir='ltr'><strong>in</strong></span> <span class='ocrx_word' id='word_1_585' title='bbox 1677 4608 1891 4677; x_wconf 86' lang='lat' dir='ltr'><strong>telonio,</strong></span> <span class='ocrx_word' id='word_1_586' title='bbox 1937 4618 1991 4665; x_wconf 88' lang='lat' dir='ltr'><strong>et</strong></span> <span class='ocrx_word' id='word_1_587' title='bbox 2024 4610 2155 4665; x_wconf 88' lang='lat' dir='ltr'><strong>dum</strong></span> 
     </span>
    </p>
   </div>
   <div class='ocr_carea' id='block_1_78' title="bbox 572 4696 2154 4769">
    <p class='ocr_par' dir='ltr' id='par_1_78' title="bbox 572 4696 2154 4769">
     <span class='ocr_line' id='line_1_78' title="bbox 572 4696 2154 4769; baseline 0.004 -19"><span class='ocrx_word' id='word_1_588' title='bbox 572 4697 822 4752; x_wconf 87' lang='lat' dir='ltr'><strong>nominat</strong></span> <span class='ocrx_word' id='word_1_589' title='bbox 848 4712 907 4754; x_wconf 89' lang='lat' dir='ltr'><strong>se</strong></span> <span class='ocrx_word' id='word_1_590' title='bbox 930 4697 1151 4754; x_wconf 91' lang='lat' dir='ltr'><strong>nomine</strong></span> <span class='ocrx_word' id='word_1_591' title='bbox 1178 4696 1353 4769; x_wconf 77' lang='lat' dir='ltr'><strong>magis</strong></span> <span class='ocrx_word' id='word_1_592' title='bbox 1388 4705 1541 4766; x_wconf 87' lang='lat' dir='ltr'><strong>noto,</strong></span> <span class='ocrx_word' id='word_1_593' title='bbox 1573 4697 1887 4756; x_wconf 81' lang='lat' dir='ltr'><strong>Matthaeum</strong></span> <span class='ocrx_word' id='word_1_594' title='bbox 1915 4702 2154 4757; x_wconf 85' lang='lat' dir='ltr'><strong>nomine.</strong></span> 
     </span>
    </p>
   </div>
   <div class='ocr_carea' id='block_1_79' title="bbox 570 4787 2160 4861">
    <p class='ocr_par' dir='ltr' id='par_1_79' title="bbox 570 4787 2160 4861">
     <span class='ocr_line' id='line_1_79' title="bbox 570 4787 2160 4861; baseline 0.005 -20"><span class='ocrx_word' id='word_1_595' title='bbox 570 4787 677 4843; x_wconf 82' lang='lat' dir='ltr'><strong>A‘lii</strong></span> <span class='ocrx_word' id='word_1_596' title='bbox 725 4802 856 4844; x_wconf 91' lang='lat' dir='ltr'><strong>vero</strong></span> <span class='ocrx_word' id='word_1_597' title='bbox 890 4789 1239 4861; x_wconf 56' lang='lat' dir='ltr'><strong>evangelista;</strong></span> <span class='ocrx_word' id='word_1_598' title='bbox 1285 4788 1497 4859; x_wconf 79' lang='lat' dir='ltr'><strong>dicunt,</strong></span> <span class='ocrx_word' id='word_1_599' title='bbox 1554 4790 1775 4848; x_wconf 90' lang='lat' dir='ltr'><strong>nomine</strong></span> <span class='ocrx_word' id='word_1_600' title='bbox 1824 4791 1975 4849; x_wconf 90' lang='lat' dir='ltr'><strong>Levi.</strong></span> <span class='ocrx_word' id='word_1_601' title='bbox 2029 4793 2160 4850; x_wconf 81' lang='lat' dir='ltr'><strong>Erat</strong></span> 
     </span>
    </p>
   </div>
   <div class='ocr_carea' id='block_1_80' title="bbox 570 4879 2156 4957">
    <p class='ocr_par' dir='ltr' id='par_1_80' title="bbox 570 4879 2156 4957">
     <span class='ocr_line' id='line_1_80' title="bbox 570 4879 2156 4957; baseline 0.006 -23"><span class='ocrx_word' id='word_1_602' title='bbox 570 4879 720 4935; x_wconf 90' lang='lat' dir='ltr'><strong>enim</strong></span> <span class='ocrx_word' id='word_1_603' title='bbox 746 4879 1042 4935; x_wconf 87' lang='lat' dir='ltr'><strong>binomitts.</strong></span> <span class='ocrx_word' id='word_1_604' title='bbox 1077 4880 1181 4935; x_wconf 87' lang='lat' dir='ltr'><strong>Sed</strong></span> <span class='ocrx_word' id='word_1_605' title='bbox 1208 4879 1298 4935; x_wconf 90' lang='lat' dir='ltr'><strong>alii</strong></span> <span class='ocrx_word' id='word_1_606' title='bbox 1327 4880 1674 4951; x_wconf 56' lang='lat' dir='ltr'><strong>evangelista:</strong></span> <span class='ocrx_word' id='word_1_607' title='bbox 1703 4886 2156 4957; x_wconf 75' lang='lat' dir='ltr'><strong>coevangelistam</strong></span> 
     </span>
    </p>
   </div>
   <div class='ocr_carea' id='block_1_81' title="bbox 574 4971 2156 5047">
    <p class='ocr_par' dir='ltr' id='par_1_81' title="bbox 574 4971 2156 5047">
     <span class='ocr_line' id='line_1_81' title="bbox 574 4971 2156 5047; baseline 0.004 -21"><span class='ocrx_word' id='word_1_608' title='bbox 574 4986 737 5026; x_wconf 82' lang='lat' dir='ltr'><strong>suum</strong></span> <span class='ocrx_word' id='word_1_609' title='bbox 766 4971 951 5026; x_wconf 89' lang='lat' dir='ltr'><strong>minus</strong></span> <span class='ocrx_word' id='word_1_610' title='bbox 973 4978 1104 5026; x_wconf 93' lang='lat' dir='ltr'><strong>noto</strong></span> <span class='ocrx_word' id='word_1_611' title='bbox 1130 4971 1395 5027; x_wconf 88' lang='lat' dir='ltr'><strong>vocabulo</strong></span> <span class='ocrx_word' id='word_1_612' title='bbox 1427 4972 1712 5030; x_wconf 89' lang='lat' dir='ltr'><strong>nominare</strong></span> <span class='ocrx_word' id='word_1_613' title='bbox 1738 4975 2049 5047; x_wconf 89' lang='lat' dir='ltr'><strong>voluerunt,</strong></span> <span class='ocrx_word' id='word_1_614' title='bbox 2088 4994 2156 5034; x_wconf 89' lang='lat' dir='ltr'><strong>ne</strong></span> 
     </span>
    </p>
   </div>
   <div class='ocr_carea' id='block_1_82' title="bbox 572 5061 2156 5138">
    <p class='ocr_par' dir='ltr' id='par_1_82' title="bbox 572 5061 2156 5138">
     <span class='ocr_line' id='line_1_82' title="bbox 572 5061 2156 5138; baseline 0.004 -22"><span class='ocrx_word' id='word_1_615' title='bbox 572 5076 699 5117; x_wconf 89' lang='lat' dir='ltr'><strong>eum</strong></span> <span class='ocrx_word' id='word_1_616' title='bbox 721 5061 788 5117; x_wconf 91' lang='lat' dir='ltr'><strong>de</strong></span> <span class='ocrx_word' id='word_1_617' title='bbox 813 5061 981 5116; x_wconf 89' lang='lat' dir='ltr'><strong>veteri</strong></span> <span class='ocrx_word' id='word_1_618' title='bbox 1008 5061 1421 5118; x_wconf 90' lang='lat' dir='ltr'><strong>conversatione</strong></span> <span class='ocrx_word' id='word_1_619' title='bbox 1448 5073 1641 5120; x_wconf 87' lang='lat' dir='ltr'><strong>notare</strong></span> <span class='ocrx_word' id='word_1_620' title='bbox 1667 5062 1998 5121; x_wconf 89' lang='lat' dir='ltr'><strong>viderentur.</strong></span> <span class='ocrx_word' id='word_1_621' title='bbox 2035 5065 2156 5138; x_wconf 86' lang='lat' dir='ltr'><strong>Ipse</strong></span> 
     </span>
    </p>
   </div>
   <div class='ocr_carea' id='block_1_83' title="bbox 571 5153 2156 5228">
    <p class='ocr_par' dir='ltr' id='par_1_83' title="bbox 571 5153 2156 5228">
     <span class='ocr_line' id='line_1_83' title="bbox 571 5153 2156 5228; baseline 0.005 -20"><span class='ocrx_word' id='word_1_622' title='bbox 571 5167 704 5208; x_wconf 90' lang='lat' dir='ltr'><strong>vero</strong></span> <span class='ocrx_word' id='word_1_623' title='bbox 718 5153 873 5223; x_wconf 80' lang='lat' dir='ltr'><strong>juxta</strong></span> <span class='ocrx_word' id='word_1_624' title='bbox 902 5153 1046 5224; x_wconf 89' lang='lat' dir='ltr'><strong>quod</strong></span> <span class='ocrx_word' id='word_1_625' title='bbox 1071 5153 1332 5224; x_wconf 91' lang='lat' dir='ltr'><strong>scriptum</strong></span> <span class='ocrx_word' id='word_1_626' title='bbox 1356 5162 1468 5211; x_wconf 87' lang='lat' dir='ltr'><strong>est:</strong></span> <span class='ocrx_word' id='word_1_627' title='bbox 1503 5173 1521 5207; x_wconf 87' lang='lat' dir='ltr'><strong>t</strong></span> <span class='ocrx_word' id='word_1_628' title='bbox 1551 5153 1743 5213; x_wconf 82' lang='lat' dir='ltr'><strong>Justus</strong></span> <span class='ocrx_word' id='word_1_629' title='bbox 1755 5157 1909 5228; x_wconf 91' lang='lat' dir='ltr'><strong>prior</strong></span> <span class='ocrx_word' id='word_1_630' title='bbox 1929 5172 2156 5216; x_wconf 85' lang='lat' dir='ltr'><strong>accusa-</strong></span> 
     </span>
    </p>
   </div>
   <div class='ocr_carea' id='block_1_84' title="bbox 573 5232 2157 5320">
    <p class='ocr_par' dir='ltr' id='par_1_84' title="bbox 573 5232 2157 5320">
     <span class='ocr_line' id='line_1_84' title="bbox 573 5232 2157 5320; baseline 0.006 -23"><span class='ocrx_word' id='word_1_631' title='bbox 573 5250 661 5297; x_wconf 91' lang='lat' dir='ltr'><strong>tor</strong></span> <span class='ocrx_word' id='word_1_632' title='bbox 680 5250 765 5298; x_wconf 90' lang='lat' dir='ltr'><strong>est</strong></span> <span class='ocrx_word' id='word_1_633' title='bbox 800 5242 886 5298; x_wconf 88' lang='lat' dir='ltr'><strong>sui</strong></span> <span class='ocrx_word' id='word_1_634' title='bbox 921 5232 1106 5315; x_wconf 65' lang='lat' dir='ltr'><strong>(Pi-oti.</strong></span> <span class='ocrx_word' id='word_1_635' title='bbox 1139 5244 1321 5315; x_wconf 84' lang='lat' dir='ltr'><strong>xvttt),</strong></span> <span class='ocrx_word' id='word_1_636' title='bbox 1361 5264 1380 5297; x_wconf 75' lang='grc' dir='ltr'><strong><em>ι</em></strong></span> <span class='ocrx_word' id='word_1_637' title='bbox 1419 5244 1662 5316; x_wconf 88' lang='lat' dir='ltr'><strong>seipsum</strong></span> <span class='ocrx_word' id='word_1_638' title='bbox 1699 5248 1876 5320; x_wconf 79' lang='lat' dir='ltr'><strong>magis</strong></span> <span class='ocrx_word' id='word_1_639' title='bbox 1905 5257 2036 5306; x_wconf 91' lang='lat' dir='ltr'><strong>noto</strong></span> <span class='ocrx_word' id='word_1_640' title='bbox 2063 5266 2157 5305; x_wconf 86' lang='lat' dir='ltr'><strong>vo-</strong></span> 
     </span>
    </p>
   </div>
   <div class='ocr_carea' id='block_1_85' title="bbox 573 5334 2157 5411">
    <p class='ocr_par' dir='ltr' id='par_1_85' title="bbox 573 5334 2157 5411">
     <span class='ocr_line' id='line_1_85' title="bbox 573 5334 2157 5411; baseline 0.006 -21"><span class='ocrx_word' id='word_1_641' title='bbox 573 5334 769 5391; x_wconf 87' lang='lat' dir='ltr'><strong>cabulo</strong></span> <span class='ocrx_word' id='word_1_642' title='bbox 811 5344 981 5391; x_wconf 86' lang='lat' dir='ltr'><strong>vocat.</strong></span> <span class='ocrx_word' id='word_1_643' title='bbox 1024 5334 1084 5392; x_wconf 90' lang='lat' dir='ltr'><strong>ln</strong></span> <span class='ocrx_word' id='word_1_644' title='bbox 1124 5337 1373 5411; x_wconf 83' lang='lat' dir='ltr'><strong>catalogo</strong></span> <span class='ocrx_word' id='word_1_645' title='bbox 1416 5354 1636 5411; x_wconf 90' lang='lat' dir='ltr'><strong>quoque</strong></span> <span class='ocrx_word' id='word_1_646' title='bbox 1677 5342 2053 5411; x_wconf 88' lang='lat' dir='ltr'><strong>apostolorum</strong></span> <span class='ocrx_word' id='word_1_647' title='bbox 2097 5357 2157 5399; x_wconf 88' lang='lat' dir='ltr'><strong>se</strong></span> 
     </span>
    </p>
   </div>
   <div class='ocr_carea' id='block_1_86' title="bbox 570 5413 2159 5500">
    <p class='ocr_par' dir='ltr' id='par_1_86' title="bbox 570 5413 2159 5500">
     <span class='ocr_line' id='line_1_86' title="bbox 570 5413 2159 5500; baseline 0.007 -18"><span class='ocrx_word' id='word_1_648' title='bbox 570 5413 931 5498; x_wconf 85' lang='lat' dir='ltr'><strong>publicanum</strong></span> <span class='ocrx_word' id='word_1_649' title='bbox 960 5438 1119 5500; x_wconf 86' lang='lat' dir='ltr'><strong>vocat</strong></span> <span class='ocrx_word' id='word_1_650' title='bbox 1167 5430 1387 5488; x_wconf 89' lang='lat' dir='ltr'><strong>dicens:</strong></span> <span class='ocrx_word' id='word_1_651' title='bbox 1425 5451 1444 5484; x_wconf 85' lang='lat' dir='ltr'><strong>t</strong></span> <span class='ocrx_word' id='word_1_652' title='bbox 1474 5431 1715 5489; x_wconf 86' lang='lat' dir='ltr'><strong>Thomas</strong></span> <span class='ocrx_word' id='word_1_653' title='bbox 1761 5443 1817 5489; x_wconf 90' lang='lat' dir='ltr'><strong>et</strong></span> <span class='ocrx_word' id='word_1_654' title='bbox 1871 5434 2159 5493; x_wconf 66' lang='lat' dir='ltr'><strong>Mattbaeus</strong></span> 
     </span>
    </p>
   </div>
   <div class='ocr_carea' id='block_1_87' title="bbox 569 5504 2155 5601">
    <p class='ocr_par' dir='ltr' id='par_1_87' title="bbox 569 5504 2155 5601">
     <span class='ocr_line' id='line_1_87' title="bbox 569 5504 2155 5601; baseline 0.004 -27"><span class='ocrx_word' id='word_1_655' title='bbox 569 5519 915 5589; x_wconf 73' lang='lat' dir='ltr'><strong>publicanus.</strong></span> <span class='ocrx_word' id='word_1_656' title='bbox 954 5539 979 5599; x_wconf 76' lang='grc' dir='ltr'><strong>ι¹</strong></span> <span class='ocrx_word' id='word_1_657' title='bbox 1009 5518 1066 5574; x_wconf 88' lang='lat' dir='ltr'><strong>ltt</strong></span> <span class='ocrx_word' id='word_1_658' title='bbox 1095 5504 1209 5592; x_wconf 85' lang='lat' dir='ltr'><strong>quo</strong></span> <span class='ocrx_word' id='word_1_659' title='bbox 1235 5521 1413 5589; x_wconf 87' lang='lat' dir='ltr'><strong>nobis,</strong></span> <span class='ocrx_word' id='word_1_660' title='bbox 1450 5521 1648 5581; x_wconf 89' lang='lat' dir='ltr'><strong>fratres</strong></span> <span class='ocrx_word' id='word_1_661' title='bbox 1678 5523 1819 5592; x_wconf 89' lang='lat' dir='ltr'><strong>mei,</strong></span> <span class='ocrx_word' id='word_1_662' title='bbox 1846 5525 2155 5601; x_wconf 79' lang='lat' dir='ltr'><strong>exemplum</strong></span> 
     </span>
    </p>
   </div>
   <div class='ocr_carea' id='block_1_88' title="bbox 569 5604 2156 5684">
    <p class='ocr_par' dir='ltr' id='par_1_88' title="bbox 569 5604 2156 5684">
     <span class='ocr_line' id='line_1_88' title="bbox 569 5604 2156 5684; baseline 0.006 -21"><span class='ocrx_word' id='word_1_663' title='bbox 569 5611 908 5681; x_wconf 86' lang='lat' dir='ltr'><strong>proponitur,</strong></span> <span class='ocrx_word' id='word_1_664' title='bbox 959 5620 1231 5682; x_wconf 82' lang='lat' dir='ltr'><strong>quatenus</strong></span> <span class='ocrx_word' id='word_1_665' title='bbox 1275 5622 1496 5683; x_wconf 88' lang='lat' dir='ltr'><strong>peccata</strong></span> <span class='ocrx_word' id='word_1_666' title='bbox 1521 5614 1898 5684; x_wconf 84' lang='lat' dir='ltr'><strong>proximorum</strong></span> <span class='ocrx_word' id='word_1_667' title='bbox 1941 5604 2156 5673; x_wconf 85' lang='lat' dir='ltr'><strong>nostro-</strong></span> 
     </span>
    </p>
   </div>
   <div class='ocr_carea' id='block_1_89' title="bbox 568 5698 2155 5780">
    <p class='ocr_par' dir='ltr' id='par_1_89' title="bbox 568 5698 2155 5780">
     <span class='ocr_line' id='line_1_89' title="bbox 568 5698 2155 5780; baseline 0.006 -23"><span class='ocrx_word' id='word_1_668' title='bbox 568 5719 690 5757; x_wconf 86' lang='lat' dir='ltr'><strong>rum</strong></span> <span class='ocrx_word' id='word_1_669' title='bbox 731 5703 1009 5760; x_wconf 80' lang='lat' dir='ltr'><strong>discamus</strong></span> <span class='ocrx_word' id='word_1_670' title='bbox 1046 5713 1357 5761; x_wconf 87' lang='lat' dir='ltr'><strong>reverenter</strong></span> <span class='ocrx_word' id='word_1_671' title='bbox 1401 5714 1603 5778; x_wconf 80' lang='lat' dir='ltr'><strong>tegere,</strong></span> <span class='ocrx_word' id='word_1_672' title='bbox 1644 5710 1861 5780; x_wconf 87' lang='lat' dir='ltr'><strong>propria</strong></span> <span class='ocrx_word' id='word_1_673' title='bbox 1897 5725 2027 5766; x_wconf 91' lang='lat' dir='ltr'><strong>vero</strong></span> <span class='ocrx_word' id='word_1_674' title='bbox 2050 5698 2155 5766; x_wconf 88' lang='lat' dir='ltr'><strong>hu-</strong></span> 
     </span>
    </p>
   </div>
   <div class='ocr_carea' id='block_1_90' title="bbox 567 5794 2145 5887">
    <p class='ocr_par' dir='ltr' id='par_1_90' title="bbox 567 5794 2145 5887">
     <span class='ocr_line' id='line_1_90' title="bbox 567 5794 2145 5887; baseline 0.006 -40"><span class='ocrx_word' id='word_1_675' title='bbox 567 5795 768 5850; x_wconf 85' lang='lat' dir='ltr'><strong>ntiliter</strong></span> <span class='ocrx_word' id='word_1_676' title='bbox 795 5796 1062 5853; x_wconf 80' lang='lat' dir='ltr'><strong>confiteri.</strong></span> <span class='ocrx_word' id='word_1_677' title='bbox 1088 5794 1244 5853; x_wconf 86' lang='lat' dir='ltr'><strong>Unde</strong></span> <span class='ocrx_word' id='word_1_678' title='bbox 1269 5806 1321 5853; x_wconf 91' lang='lat' dir='ltr'><strong>et</strong></span> <span class='ocrx_word' id='word_1_679' title='bbox 1343 5795 1581 5857; x_wconf 78' lang='lat' dir='ltr'><strong>Paulus:</strong></span> <span class='ocrx_word' id='word_1_680' title='bbox 1613 5799 1921 5887; x_wconf 72' lang='lat' dir='ltr'><strong>tChristus,</strong></span> <span class='ocrx_word' id='word_1_681' title='bbox 1946 5801 2145 5887; x_wconf 71' lang='lat' dir='ltr'><strong>inquit.</strong></span> 
     </span>
    </p>
   </div>
   <div class='ocr_carea' id='block_1_91' title="bbox 2265 3522 3807 3587">
    <p class='ocr_par' dir='ltr' id='par_1_91' title="bbox 2265 3522 3807 3587">
     <span class='ocr_line' id='line_1_91' title="bbox 2265 3522 3807 3587; baseline 0.005 -10"><span class='ocrx_word' id='word_1_682' title='bbox 2265 3522 2508 3578; x_wconf 76' lang='lat' dir='ltr'><strong>exterius</strong></span> <span class='ocrx_word' id='word_1_683' title='bbox 2546 3531 2759 3581; x_wconf 89' lang='lat' dir='ltr'><strong>tantum</strong></span> <span class='ocrx_word' id='word_1_684' title='bbox 2786 3525 2852 3582; x_wconf 90' lang='lat' dir='ltr'><strong>ad</strong></span> <span class='ocrx_word' id='word_1_685' title='bbox 2890 3526 3181 3586; x_wconf 89' lang='lat' dir='ltr'><strong>tollendam</strong></span> <span class='ocrx_word' id='word_1_686' title='bbox 3210 3530 3383 3587; x_wconf 82' lang='lat' dir='ltr'><strong>nobis</strong></span> <span class='ocrx_word' id='word_1_687' title='bbox 3425 3531 3807 3587; x_wconf 63' lang='lat' dir='ltr'><strong>excusatio-en.</strong></span> 
     </span>
    </p>
   </div>
   <div class='ocr_carea' id='block_1_92' title="bbox 2271 3611 3811 3690">
    <p class='ocr_par' dir='ltr' id='par_1_92' title="bbox 2271 3611 3811 3690">
     <span class='ocr_line' id='line_1_92' title="bbox 2271 3611 3811 3690; baseline 0.01 -22"><span class='ocrx_word' id='word_1_688' title='bbox 2271 3611 2422 3670; x_wconf 88' lang='lat' dir='ltr'><strong>Unde</strong></span> <span class='ocrx_word' id='word_1_689' title='bbox 2462 3614 2579 3685; x_wconf 83' lang='lat' dir='ltr'><strong>ipse</strong></span> <span class='ocrx_word' id='word_1_690' title='bbox 2610 3615 2665 3671; x_wconf 90' lang='lat' dir='ltr'><strong>in</strong></span> <span class='ocrx_word' id='word_1_691' title='bbox 2693 3615 3021 3689; x_wconf 78' lang='lat' dir='ltr'><strong>Evangelio:</strong></span> <span class='ocrx_word' id='word_1_692' title='bbox 3060 3639 3080 3673; x_wconf 84' lang='lat' dir='ltr'><strong>t</strong></span> <span class='ocrx_word' id='word_1_693' title='bbox 3122 3619 3314 3678; x_wconf 87' lang='lat' dir='ltr'><strong>Sinon</strong></span> <span class='ocrx_word' id='word_1_694' title='bbox 3333 3623 3643 3690; x_wconf 83' lang='lat' dir='ltr'><strong>venissem,</strong></span> <span class='ocrx_word' id='word_1_695' title='bbox 3665 3621 3811 3690; x_wconf 63' lang='lat' dir='ltr'><strong>imit.</strong></span> 
     </span>
    </p>
   </div>
   <div class='ocr_carea' id='block_1_93' title="bbox 2264 3704 3844 3782">
    <p class='ocr_par' dir='ltr' id='par_1_93' title="bbox 2264 3704 3844 3782">
     <span class='ocr_line' id='line_1_93' title="bbox 2264 3704 3844 3782; baseline 0.007 -24"><span class='ocrx_word' id='word_1_696' title='bbox 2264 3712 2320 3758; x_wconf 84' lang='lat' dir='ltr'><strong>ct</strong></span> <span class='ocrx_word' id='word_1_697' title='bbox 2347 3704 2563 3763; x_wconf 91' lang='lat' dir='ltr'><strong>locutus</strong></span> <span class='ocrx_word' id='word_1_698' title='bbox 2589 3706 2671 3764; x_wconf 86' lang='lat' dir='ltr'><strong>eis</strong></span> <span class='ocrx_word' id='word_1_699' title='bbox 2698 3722 2810 3763; x_wconf 91' lang='lat' dir='ltr'><strong>non</strong></span> <span class='ocrx_word' id='word_1_700' title='bbox 2838 3707 3086 3779; x_wconf 87' lang='lat' dir='ltr'><strong>fuissem,</strong></span> <span class='ocrx_word' id='word_1_701' title='bbox 3112 3722 3416 3782; x_wconf 83' lang='lat' dir='ltr'><strong>peccatum</strong></span> <span class='ocrx_word' id='word_1_702' title='bbox 3444 3729 3565 3770; x_wconf 86' lang='lat' dir='ltr'><strong>non</strong></span> <span class='ocrx_word' id='word_1_703' title='bbox 3584 3713 3815 3769; x_wconf 63' lang='lat' dir='ltr'><strong>habetat.</strong></span> <span class='ocrx_word' id='word_1_704' title='bbox 3842 3704 3844 3757; x_wconf 76' lang='grc' dir='ltr'><strong>ἰ</strong></span> 
     </span>
    </p>
   </div>
   <div class='ocr_carea' id='block_1_94' title="bbox 2263 3795 3823 3875">
    <p class='ocr_par' dir='ltr' id='par_1_94' title="bbox 2263 3795 3823 3875">
     <span class='ocr_line' id='line_1_94' title="bbox 2263 3795 3823 3875; baseline 0.008 -22"><span class='ocrx_word' id='word_1_705' title='bbox 2263 3795 2423 3855; x_wconf 83' lang='lat' dir='ltr'><strong>Nunc</strong></span> <span class='ocrx_word' id='word_1_706' title='bbox 2460 3807 2644 3855; x_wconf 90' lang='lat' dir='ltr'><strong>autem</strong></span> <span class='ocrx_word' id='word_1_707' title='bbox 2675 3802 3087 3861; x_wconf 79' lang='lat' dir='ltr'><strong>excusationem</strong></span> <span class='ocrx_word' id='word_1_708' title='bbox 3125 3820 3237 3861; x_wconf 88' lang='lat' dir='ltr'><strong>non</strong></span> <span class='ocrx_word' id='word_1_709' title='bbox 3279 3806 3512 3863; x_wconf 79' lang='lat' dir='ltr'><strong>habent</strong></span> <span class='ocrx_word' id='word_1_710' title='bbox 3552 3806 3619 3863; x_wconf 79' lang='lat' dir='ltr'><strong>de</strong></span> <span class='ocrx_word' id='word_1_711' title='bbox 3650 3814 3823 3875; x_wconf 52' lang='lat' dir='ltr'><strong>pett“</strong></span> 
     </span>
    </p>
   </div>
   <div class='ocr_carea' id='block_1_95' title="bbox 2265 3887 3833 3964">
    <p class='ocr_par' dir='ltr' id='par_1_95' title="bbox 2265 3887 3833 3964">
     <span class='ocr_line' id='line_1_95' title="bbox 2265 3887 3833 3964; baseline 0.006 -18"><span class='ocrx_word' id='word_1_712' title='bbox 2265 3904 2367 3946; x_wconf 82' lang='lat' dir='ltr'><strong>suo</strong></span> <span class='ocrx_word' id='word_1_713' title='bbox 2400 3887 2583 3961; x_wconf 76' lang='lat' dir='ltr'><strong>(latin.</strong></span> <span class='ocrx_word' id='word_1_714' title='bbox 2617 3891 2732 3964; x_wconf 81' lang='lat' dir='ltr'><strong>xv).</strong></span> <span class='ocrx_word' id='word_1_715' title='bbox 2769 3913 2788 3945; x_wconf 71' lang='grc' dir='ltr'>ι</span> <span class='ocrx_word' id='word_1_716' title='bbox 2821 3892 2888 3949; x_wconf 83' lang='lat' dir='ltr'><strong>Et</strong></span> <span class='ocrx_word' id='word_1_717' title='bbox 2922 3894 3082 3951; x_wconf 85' lang='lat' dir='ltr'><strong>alibi:</strong></span> <span class='ocrx_word' id='word_1_718' title='bbox 3122 3915 3143 3950; x_wconf 71' lang='grc' dir='ltr'>ι</span> <span class='ocrx_word' id='word_1_719' title='bbox 3188 3896 3467 3955; x_wconf 82' lang='lat' dir='ltr'><strong>Clamavi</strong></span> <span class='ocrx_word' id='word_1_720' title='bbox 3508 3908 3578 3964; x_wconf 57' lang='grc' dir='ltr'><strong>,α</strong></span> <span class='ocrx_word' id='word_1_721' title='bbox 3604 3896 3833 3955; x_wconf 59' lang='lat' dir='ltr'><strong>rentum.</strong></span> 
     </span>
    </p>
   </div>
   <div class='ocr_carea' id='block_1_96' title="bbox 2263 3986 3827 4063">
    <p class='ocr_par' dir='ltr' id='par_1_96' title="bbox 2263 3986 3827 4063">
     <span class='ocr_line' id='line_1_96' title="bbox 2263 3986 3827 4063; baseline 0.012 -24"><span class='ocrx_word' id='word_1_722' title='bbox 2263 3998 2365 4056; x_wconf 80' lang='lat' dir='ltr'><strong>ego</strong></span> <span class='ocrx_word' id='word_1_723' title='bbox 2409 4000 2538 4041; x_wconf 90' lang='lat' dir='ltr'><strong>vero</strong></span> <span class='ocrx_word' id='word_1_724' title='bbox 2574 3986 2630 4041; x_wconf 91' lang='lat' dir='ltr'><strong>in</strong></span> <span class='ocrx_word' id='word_1_725' title='bbox 2680 3987 2900 4044; x_wconf 89' lang='lat' dir='ltr'><strong>interitu</strong></span> <span class='ocrx_word' id='word_1_726' title='bbox 2947 3998 3133 4046; x_wconf 83' lang='lat' dir='ltr'><strong>vestro</strong></span> <span class='ocrx_word' id='word_1_727' title='bbox 3181 3990 3392 4048; x_wconf 85' lang='lat' dir='ltr'><strong>ridebo</strong></span> <span class='ocrx_word' id='word_1_728' title='bbox 3445 3993 3469 4063; x_wconf 88' lang='lat'><strong>(</strong></span> <span class='ocrx_word' id='word_1_729' title='bbox 3493 3990 3658 4046; x_wconf 65' lang='lat' dir='ltr'><strong>Prov.</strong></span> <span class='ocrx_word' id='word_1_730' title='bbox 3708 3989 3773 4056; x_wconf 81' lang='grc'><strong>1)·</strong></span> <span class='ocrx_word' id='word_1_731' title='bbox 3812 4004 3827 4033; x_wconf 79' lang='grc'><strong>⁸</strong></span> 
     </span>
    </p>
   </div>
   <div class='ocr_carea' id='block_1_97' title="bbox 2261 4073 3844 4155">
    <p class='ocr_par' dir='ltr' id='par_1_97' title="bbox 2261 4073 3844 4155">
     <span class='ocr_line' id='line_1_97' title="bbox 2261 4073 3844 4155; baseline 0.008 -26"><span class='ocrx_word' id='word_1_732' title='bbox 2261 4073 2437 4132; x_wconf 80' lang='lat' dir='ltr'><strong>Porro</strong></span> <span class='ocrx_word' id='word_1_733' title='bbox 2462 4076 2517 4132; x_wconf 89' lang='lat' dir='ltr'><strong>in</strong></span> <span class='ocrx_word' id='word_1_734' title='bbox 2548 4076 2655 4134; x_wconf 93' lang='lat' dir='ltr'><strong>hoc</strong></span> <span class='ocrx_word' id='word_1_735' title='bbox 2696 4079 2844 4149; x_wconf 89' lang='lat' dir='ltr'><strong>quod</strong></span> <span class='ocrx_word' id='word_1_736' title='bbox 2883 4080 2975 4137; x_wconf 90' lang='lat' dir='ltr'><strong>hic</strong></span> <span class='ocrx_word' id='word_1_737' title='bbox 3010 4080 3235 4149; x_wconf 87' lang='lat' dir='ltr'><strong>dicitur,</strong></span> <span class='ocrx_word' id='word_1_738' title='bbox 3265 4098 3553 4155; x_wconf 66' lang='lat' dir='ltr'><strong>surgens,</strong></span> <span class='ocrx_word' id='word_1_739' title='bbox 3598 4093 3652 4138; x_wconf 82' lang='lat' dir='ltr'><strong>et</strong></span> 
     </span>
    </p>
   </div>
   <div class='ocr_carea' id='block_1_98' title="bbox 2260 4169 3844 4247">
    <p class='ocr_par' dir='ltr' id='par_1_98' title="bbox 2260 4169 3844 4247">
     <span class='ocr_line' id='line_1_98' title="bbox 2260 4169 3844 4247; baseline 0.004 -25"><span class='ocrx_word' id='word_1_740' title='bbox 2260 4169 2526 4237; x_wconf 73' lang='lat' dir='ltr'><strong>omnibus,</strong></span> <span class='ocrx_word' id='word_1_741' title='bbox 2551 4180 2762 4226; x_wconf 74' lang='lat' dir='ltr'><strong>secutus</strong></span> <span class='ocrx_word' id='word_1_742' title='bbox 2776 4180 2857 4226; x_wconf 73' lang='lat' dir='ltr'><strong>est</strong></span> <span class='ocrx_word' id='word_1_743' title='bbox 2881 4187 3024 4240; x_wconf 73' lang='lat' dir='ltr'><strong>eum,</strong></span> <span class='ocrx_word' id='word_1_744' title='bbox 3044 4173 3288 4244; x_wconf 84' lang='lat' dir='ltr'><strong>perfecta</strong></span> <span class='ocrx_word' id='word_1_745' title='bbox 3314 4176 3603 4234; x_wconf 55' lang='lat' dir='ltr'><strong>exomnis</strong></span> <span class='ocrx_word' id='word_1_746' title='bbox 3626 4169 3844 4247; x_wconf 66' lang='lat' dir='ltr'><strong>alier</strong></span> 
     </span>
    </p>
   </div>
   <div class='ocr_carea' id='block_1_99' title="bbox 2262 4261 3844 4331">
    <p class='ocr_par' dir='ltr' id='par_1_99' title="bbox 2262 4261 3844 4331">
     <span class='ocr_line' id='line_1_99' title="bbox 2262 4261 3844 4331; baseline 0.01 -16"><span class='ocrx_word' id='word_1_747' title='bbox 2262 4261 2418 4317; x_wconf 90' lang='lat' dir='ltr'><strong>tiatio</strong></span> <span class='ocrx_word' id='word_1_748' title='bbox 2432 4262 2861 4320; x_wconf 84' lang='lat' dir='ltr'><strong>demonstratur.</strong></span> <span class='ocrx_word' id='word_1_749' title='bbox 2880 4263 3022 4322; x_wconf 89' lang='lat' dir='ltr'><strong>Sunt</strong></span> <span class='ocrx_word' id='word_1_750' title='bbox 3031 4267 3177 4323; x_wconf 90' lang='lat' dir='ltr'><strong>enim</strong></span> <span class='ocrx_word' id='word_1_751' title='bbox 3192 4276 3316 4325; x_wconf 88' lang='lat' dir='ltr'><strong>tres</strong></span> <span class='ocrx_word' id='word_1_752' title='bbox 3333 4261 3844 4331; x_wconf 61' lang='lat' dir='ltr'><strong>abrenuntialiaml</strong></span> 
     </span>
    </p>
   </div>
   <div class='ocr_carea' id='block_1_100' title="bbox 2260 4347 3844 4429">
    <p class='ocr_par' dir='ltr' id='par_1_100' title="bbox 2260 4347 3844 4429">
     <span class='ocr_line' id='line_1_100' title="bbox 2260 4347 3844 4429; baseline 0.008 -25"><span class='ocrx_word' id='word_1_753' title='bbox 2260 4347 2442 4415; x_wconf 85' lang='lat' dir='ltr'><strong>Prima</strong></span> <span class='ocrx_word' id='word_1_754' title='bbox 2470 4352 2955 4411; x_wconf 82' lang='lat' dir='ltr'><strong>estabrenuntiare</strong></span> <span class='ocrx_word' id='word_1_755' title='bbox 2977 4356 3124 4413; x_wconf 90' lang='lat' dir='ltr'><strong>vitiis</strong></span> <span class='ocrx_word' id='word_1_756' title='bbox 3141 4367 3198 4413; x_wconf 86' lang='lat' dir='ltr'><strong>et</strong></span> <span class='ocrx_word' id='word_1_757' title='bbox 3211 4359 3674 4429; x_wconf 68' lang='lat' dir='ltr'><strong>cupiditatibus.</strong></span> <span class='ocrx_word' id='word_1_758' title='bbox 3691 4347 3844 4429; x_wconf 54' lang='lat' dir='ltr'><strong>Sensi</strong></span> 
     </span>
    </p>
   </div>
   <div class='ocr_carea' id='block_1_101' title="bbox 2259 4440 3844 4516">
    <p class='ocr_par' dir='ltr' id='par_1_101' title="bbox 2259 4440 3844 4516">
     <span class='ocr_line' id='line_1_101' title="bbox 2259 4440 3844 4516; baseline 0.004 -20"><span class='ocrx_word' id='word_1_759' title='bbox 2259 4440 2328 4497; x_wconf 91' lang='lat' dir='ltr'><strong>da</strong></span> <span class='ocrx_word' id='word_1_760' title='bbox 2343 4451 2433 4499; x_wconf 85' lang='lat' dir='ltr'><strong>est</strong></span> <span class='ocrx_word' id='word_1_761' title='bbox 2447 4444 2757 4500; x_wconf 89' lang='lat' dir='ltr'><strong>renuntiare</strong></span> <span class='ocrx_word' id='word_1_762' title='bbox 2775 4445 2910 4516; x_wconf 89' lang='lat' dir='ltr'><strong>ipsis</strong></span> <span class='ocrx_word' id='word_1_763' title='bbox 2932 4447 3116 4503; x_wconf 90' lang='lat' dir='ltr'><strong>rebus.</strong></span> <span class='ocrx_word' id='word_1_764' title='bbox 3156 4447 3359 4506; x_wconf 80' lang='lat' dir='ltr'><strong>Tertia</strong></span> <span class='ocrx_word' id='word_1_765' title='bbox 3378 4462 3486 4510; x_wconf 74' lang='lat' dir='ltr'><strong>est</strong></span> <span class='ocrx_word' id='word_1_766' title='bbox 3511 4440 3844 4516; x_wconf 52' lang='grc' dir='ltr'><strong>διιπεωεὺδή</strong></span> 
     </span>
    </p>
   </div>
   <div class='ocr_carea' id='block_1_102' title="bbox 2262 4622 3844 4702">
    <p class='ocr_par' dir='ltr' id='par_1_102' title="bbox 2262 4622 3844 4702">
     <span class='ocr_line' id='line_1_102' title="bbox 2262 4622 3844 4702; baseline 0.008 -24"><span class='ocrx_word' id='word_1_767' title='bbox 2262 4622 2525 4694; x_wconf 76' lang='lat' dir='ltr'><strong>telligitur</strong></span> <span class='ocrx_word' id='word_1_768' title='bbox 2572 4623 2773 4682; x_wconf 88' lang='lat' dir='ltr'><strong>fecisse</strong></span> <span class='ocrx_word' id='word_1_769' title='bbox 2823 4629 3108 4698; x_wconf 86' lang='lat' dir='ltr'><strong>apostolus</strong></span> <span class='ocrx_word' id='word_1_770' title='bbox 3155 4644 3292 4685; x_wconf 86' lang='lat' dir='ltr'><strong>cum</strong></span> <span class='ocrx_word' id='word_1_771' title='bbox 3362 4632 3625 4699; x_wconf 84' lang='lat' dir='ltr'><strong>dicitut,</strong></span> <span class='ocrx_word' id='word_1_772' title='bbox 3668 4622 3844 4702; x_wconf 59' lang='lat' dir='ltr'><strong>mimi</strong></span> 
     </span>
    </p>
   </div>
   <div class='ocr_carea' id='block_1_103' title="bbox 2254 4715 3844 4792">
    <p class='ocr_par' dir='ltr' id='par_1_103' title="bbox 2254 4715 3844 4792">
     <span class='ocr_line' id='line_1_103' title="bbox 2254 4715 3844 4792; baseline 0.009 -21"><span class='ocrx_word' id='word_1_773' title='bbox 2254 4715 2495 4792; x_wconf 87' lang='lat' dir='ltr'><strong>subaudi</strong></span> <span class='ocrx_word' id='word_1_774' title='bbox 2543 4731 2575 4772; x_wconf 89' lang='lat' dir='ltr'><strong>a</strong></span> <span class='ocrx_word' id='word_1_775' title='bbox 2610 4717 2762 4775; x_wconf 89' lang='lat' dir='ltr'><strong>vitiis</strong></span> <span class='ocrx_word' id='word_1_776' title='bbox 2797 4727 2854 4774; x_wconf 88' lang='lat' dir='ltr'><strong>et</strong></span> <span class='ocrx_word' id='word_1_777' title='bbox 2898 4720 3306 4792; x_wconf 72' lang='lat' dir='ltr'><strong>cupiditatibus</strong></span> <span class='ocrx_word' id='word_1_778' title='bbox 3370 4726 3540 4783; x_wconf 83' lang='lat' dir='ltr'><strong>suis.</strong></span> <span class='ocrx_word' id='word_1_779' title='bbox 3603 4715 3844 4785; x_wconf 51' lang='lat' dir='ltr'><strong>Sectam</strong></span> 
     </span>
    </p>
   </div>
   <div class='ocr_carea' id='block_1_104' title="bbox 2259 4791 3837 4886">
    <p class='ocr_par' dir='ltr' id='par_1_104' title="bbox 2259 4791 3837 4886">
     <span class='ocr_line' id='line_1_104' title="bbox 2259 4791 3837 4886; baseline 0.003 -24"><span class='ocrx_word' id='word_1_780' title='bbox 2259 4791 2579 4879; x_wconf 80' lang='lat' dir='ltr'><strong>intelligitur</strong></span> <span class='ocrx_word' id='word_1_781' title='bbox 2604 4807 2799 4866; x_wconf 83' lang='lat' dir='ltr'><strong>fecisse</strong></span> <span class='ocrx_word' id='word_1_782' title='bbox 2818 4811 2984 4866; x_wconf 88' lang='lat' dir='ltr'><strong>etiam</strong></span> <span class='ocrx_word' id='word_1_783' title='bbox 3010 4828 3135 4867; x_wconf 90' lang='lat' dir='ltr'><strong>cum</strong></span> <span class='ocrx_word' id='word_1_784' title='bbox 3164 4813 3433 4886; x_wconf 84' lang='lat' dir='ltr'><strong>dicitur,</strong></span> <span class='ocrx_word' id='word_1_785' title='bbox 3468 4817 3685 4873; x_wconf 65' lang='lat' dir='ltr'><strong>relictis</strong></span> <span class='ocrx_word' id='word_1_786' title='bbox 3726 4806 3837 4867; x_wconf 61' lang='grc' dir='ltr'><strong>θεά</strong></span> 
     </span>
    </p>
   </div>
   <div class='ocr_carea' id='block_1_105' title="bbox 2261 4896 3835 4973">
    <p class='ocr_par' dir='ltr' id='par_1_105' title="bbox 2261 4896 3835 4973">
     <span class='ocr_line' id='line_1_105' title="bbox 2261 4896 3835 4973; baseline 0.01 -23"><span class='ocrx_word' id='word_1_787' title='bbox 2261 4897 2377 4963; x_wconf 74' lang='lat' dir='ltr'><strong>bus.</strong></span> <span class='ocrx_word' id='word_1_788' title='bbox 2416 4896 2678 4967; x_wconf 87' lang='lat' dir='ltr'><strong>Tertiam,</strong></span> <span class='ocrx_word' id='word_1_789' title='bbox 2700 4915 2825 4956; x_wconf 91' lang='lat' dir='ltr'><strong>cum</strong></span> <span class='ocrx_word' id='word_1_790' title='bbox 2868 4901 3240 4973; x_wconf 80' lang='lat' dir='ltr'><strong>subjungitur,</strong></span> <span class='ocrx_word' id='word_1_791' title='bbox 3273 4919 3543 4963; x_wconf 73' lang='lat' dir='ltr'><strong>secqu</strong></span> <span class='ocrx_word' id='word_1_792' title='bbox 3566 4917 3648 4962; x_wconf 76' lang='lat' dir='ltr'><strong>est</strong></span> <span class='ocrx_word' id='word_1_793' title='bbox 3669 4921 3793 4965; x_wconf 71' lang='grc' dir='ltr'><strong>αιιτ</strong></span> <span class='ocrx_word' id='word_1_794' title='bbox 3824 4902 3835 4949; x_wconf 75' lang='grc' dir='ltr'><strong>ί</strong></span> 
     </span>
    </p>
   </div>
   <div class='ocr_carea' id='block_1_106' title="bbox 2252 4989 3844 5073">
    <p class='ocr_par' dir='ltr' id='par_1_106' title="bbox 2252 4989 3844 5073">
     <span class='ocr_line' id='line_1_106' title="bbox 2252 4989 3844 5073; baseline 0.004 -28"><span class='ocrx_word' id='word_1_795' title='bbox 2252 4998 2346 5051; x_wconf 85' lang='lat' dir='ltr'><strong>est</strong></span> <span class='ocrx_word' id='word_1_796' title='bbox 2373 4989 2706 5046; x_wconf 88' lang='lat' dir='ltr'><strong>voluntatem</strong></span> <span class='ocrx_word' id='word_1_797' title='bbox 2736 4992 2879 5063; x_wconf 87' lang='lat' dir='ltr'><strong>ejus,</strong></span> <span class='ocrx_word' id='word_1_798' title='bbox 2903 5008 3013 5048; x_wconf 90' lang='lat' dir='ltr'><strong>non</strong></span> <span class='ocrx_word' id='word_1_799' title='bbox 3041 5009 3237 5053; x_wconf 86' lang='lat' dir='ltr'><strong>.suam.</strong></span> <span class='ocrx_word' id='word_1_800' title='bbox 3286 4997 3591 5057; x_wconf 79' lang='lat' dir='ltr'><strong>Perfecte</strong></span> <span class='ocrx_word' id='word_1_801' title='bbox 3612 4998 3844 5073; x_wconf 63' lang='lat' dir='ltr'><strong>igiturll</strong></span> 
     </span>
    </p>
   </div>
   <div class='ocr_carea' id='block_1_107' title="bbox 2263 5081 3839 5161">
    <p class='ocr_par' dir='ltr' id='par_1_107' title="bbox 2263 5081 3839 5161">
     <span class='ocr_line' id='line_1_107' title="bbox 2263 5081 3839 5161; baseline 0.01 -25"><span class='ocrx_word' id='word_1_802' title='bbox 2263 5081 2425 5138; x_wconf 89' lang='lat' dir='ltr'><strong>nibus</strong></span> <span class='ocrx_word' id='word_1_803' title='bbox 2468 5082 2893 5152; x_wconf 86' lang='lat' dir='ltr'><strong>abrenuntiavit,</strong></span> <span class='ocrx_word' id='word_1_804' title='bbox 2935 5085 3031 5156; x_wconf 87' lang='lat' dir='ltr'><strong>qui</strong></span> <span class='ocrx_word' id='word_1_805' title='bbox 3052 5087 3200 5143; x_wconf 85' lang='lat' dir='ltr'><strong>vitiis</strong></span> <span class='ocrx_word' id='word_1_806' title='bbox 3256 5092 3441 5161; x_wconf 84' lang='lat' dir='ltr'><strong>suis,</strong></span> <span class='ocrx_word' id='word_1_807' title='bbox 3470 5095 3655 5149; x_wconf 75' lang='lat' dir='ltr'><strong>rebus</strong></span> <span class='ocrx_word' id='word_1_808' title='bbox 3694 5089 3839 5155; x_wconf 52' lang='grc' dir='ltr'><strong>δείξει</strong></span> 
     </span>
    </p>
   </div>
   <div class='ocr_carea' id='block_1_108' title="bbox 2261 5169 3837 5249">
    <p class='ocr_par' dir='ltr' id='par_1_108' title="bbox 2261 5169 3837 5249">
     <span class='ocr_line' id='line_1_108' title="bbox 2261 5169 3837 5249; baseline 0.011 -25"><span class='ocrx_word' id='word_1_809' title='bbox 2261 5170 2428 5226; x_wconf 90' lang='lat' dir='ltr'><strong>etiam</strong></span> <span class='ocrx_word' id='word_1_810' title='bbox 2463 5169 2729 5228; x_wconf 82' lang='lat' dir='ltr'><strong>voluntati</strong></span> <span class='ocrx_word' id='word_1_811' title='bbox 2776 5190 2891 5249; x_wconf 69' lang='lat' dir='ltr'><strong>sua:</strong></span> <span class='ocrx_word' id='word_1_812' title='bbox 2926 5175 3393 5249; x_wconf 65' lang='lat' dir='ltr'><strong>abrenuntiavit.</strong></span> <span class='ocrx_word' id='word_1_813' title='bbox 3449 5181 3531 5240; x_wconf 80' lang='lat' dir='ltr'><strong>Et</strong></span> <span class='ocrx_word' id='word_1_814' title='bbox 3563 5198 3688 5249; x_wconf 79' lang='lat' dir='ltr'><strong>nos,</strong></span> <span class='ocrx_word' id='word_1_815' title='bbox 3714 5180 3837 5241; x_wconf 59' lang='lat' dir='ltr'><strong>[nili</strong></span> 
     </span>
    </p>
   </div>
   <div class='ocr_carea' id='block_1_109' title="bbox 2263 5248 3836 5333">
    <p class='ocr_par' dir='ltr' id='par_1_109' title="bbox 2263 5248 3836 5333">
     <span class='ocr_line' id='line_1_109' title="bbox 2263 5248 3836 5333; baseline 0.01 -19"><span class='ocrx_word' id='word_1_816' title='bbox 2263 5261 2390 5327; x_wconf 89' lang='lat' dir='ltr'><strong>mei,</strong></span> <span class='ocrx_word' id='word_1_817' title='bbox 2423 5260 2473 5317; x_wconf 88' lang='lat' dir='ltr'><strong>si</strong></span> <span class='ocrx_word' id='word_1_818' title='bbox 2514 5276 2623 5317; x_wconf 88' lang='lat' dir='ltr'><strong>non</strong></span> <span class='ocrx_word' id='word_1_819' title='bbox 2665 5248 2964 5333; x_wconf 77' lang='lat' dir='ltr'><strong>possumus</strong></span> <span class='ocrx_word' id='word_1_820' title='bbox 3002 5248 3169 5323; x_wconf 86' lang='lat' dir='ltr'><strong>rebus</strong></span> <span class='ocrx_word' id='word_1_821' title='bbox 3205 5274 3469 5330; x_wconf 76' lang='lat' dir='ltr'><strong>nostris</strong></span> 
     </span>
    </p>
   </div>
   <div class='ocr_carea' id='block_1_110' title="bbox 2263 5351 3828 5440">
    <p class='ocr_par' dir='ltr' id='par_1_110' title="bbox 2263 5351 3828 5440">
     <span class='ocr_line' id='line_1_110' title="bbox 2263 5351 3828 5440; baseline 0.009 -33"><span class='ocrx_word' id='word_1_822' title='bbox 2263 5351 2454 5407; x_wconf 89' lang='lat' dir='ltr'><strong>saltem</strong></span> <span class='ocrx_word' id='word_1_823' title='bbox 2487 5352 2943 5421; x_wconf 85' lang='lat' dir='ltr'><strong>abrenuntiemus</strong></span> <span class='ocrx_word' id='word_1_824' title='bbox 2969 5355 3122 5412; x_wconf 89' lang='lat' dir='ltr'><strong>vitiis</strong></span> <span class='ocrx_word' id='word_1_825' title='bbox 3156 5368 3210 5414; x_wconf 89' lang='lat' dir='ltr'><strong>et</strong></span> <span class='ocrx_word' id='word_1_826' title='bbox 3240 5365 3765 5440; x_wconf 75' lang='lat' dir='ltr'><strong>concupiscentiis</strong></span> <span class='ocrx_word' id='word_1_827' title='bbox 3789 5370 3828 5429; x_wconf 72' lang='lat' dir='ltr'><strong>ll</strong></span> 
     </span>
    </p>
   </div>
   <div class='ocr_carea' id='block_1_111' title="bbox 2261 5443 3828 5527">
    <p class='ocr_par' dir='ltr' id='par_1_111' title="bbox 2261 5443 3828 5527">
     <span class='ocr_line' id='line_1_111' title="bbox 2261 5443 3828 5527; baseline 0.013 -29"><span class='ocrx_word' id='word_1_828' title='bbox 2261 5444 2411 5500; x_wconf 82' lang='lat' dir='ltr'><strong>stris.</strong></span> <span class='ocrx_word' id='word_1_829' title='bbox 2464 5443 2522 5499; x_wconf 90' lang='lat' dir='ltr'><strong>Si</strong></span> <span class='ocrx_word' id='word_1_830' title='bbox 2560 5460 2668 5502; x_wconf 89' lang='lat' dir='ltr'><strong>non</strong></span> <span class='ocrx_word' id='word_1_831' title='bbox 2711 5461 3006 5517; x_wconf 87' lang='lat' dir='ltr'><strong>possumus</strong></span> <span class='ocrx_word' id='word_1_832' title='bbox 3055 5450 3415 5523; x_wconf 82' lang='lat' dir='ltr'><strong>relinquere</strong></span> <span class='ocrx_word' id='word_1_833' title='bbox 3470 5462 3688 5527; x_wconf 80' lang='lat' dir='ltr'><strong>omnia,</strong></span> <span class='ocrx_word' id='word_1_834' title='bbox 3716 5456 3828 5527; x_wconf 54' lang='lat' dir='ltr'><strong>sala</strong></span> 
     </span>
    </p>
   </div>
   <div class='ocr_carea' id='block_1_112' title="bbox 2257 5534 3824 5617">
    <p class='ocr_par' dir='ltr' id='par_1_112' title="bbox 2257 5534 3824 5617">
     <span class='ocr_line' id='line_1_112' title="bbox 2257 5534 3824 5617; baseline 0.011 -26"><span class='ocrx_word' id='word_1_835' title='bbox 2257 5534 2635 5607; x_wconf 84' lang='lat' dir='ltr'><strong>relinquamus</strong></span> <span class='ocrx_word' id='word_1_836' title='bbox 2653 5536 2945 5607; x_wconf 74' lang='lat' dir='ltr'><strong>superﬂua.</strong></span> <span class='ocrx_word' id='word_1_837' title='bbox 2974 5537 3186 5596; x_wconf 81' lang='lat' dir='ltr'><strong>Victum</strong></span> <span class='ocrx_word' id='word_1_838' title='bbox 3214 5544 3411 5603; x_wconf 85' lang='lat' dir='ltr'><strong>enim</strong></span> <span class='ocrx_word' id='word_1_839' title='bbox 3436 5559 3507 5606; x_wconf 78' lang='lat' dir='ltr'><strong>et</strong></span> <span class='ocrx_word' id='word_1_840' title='bbox 3534 5538 3824 5617; x_wconf 63' lang='lat' dir='ltr'><strong>vestitui?</strong></span> 
     </span>
    </p>
   </div>
   <div class='ocr_carea' id='block_1_113' title="bbox 2258 5625 3765 5713">
    <p class='ocr_par' dir='ltr' id='par_1_113' title="bbox 2258 5625 3765 5713">
     <span class='ocr_line' id='line_1_113' title="bbox 2258 5625 3765 5713; baseline 0.01 -32"><span class='ocrx_word' id='word_1_841' title='bbox 2258 5625 2478 5694; x_wconf 87' lang='lat' dir='ltr'><strong>bentes,</strong></span> <span class='ocrx_word' id='word_1_842' title='bbox 2516 5626 2604 5683; x_wconf 90' lang='lat' dir='ltr'><strong>his</strong></span> <span class='ocrx_word' id='word_1_843' title='bbox 2647 5630 2890 5685; x_wconf 90' lang='lat' dir='ltr'><strong>contenti</strong></span> <span class='ocrx_word' id='word_1_844' title='bbox 2935 5631 3112 5707; x_wconf 82' lang='lat' dir='ltr'><strong>simus</strong></span> <span class='ocrx_word' id='word_1_845' title='bbox 3158 5631 3212 5703; x_wconf 84' lang='grc' dir='ltr'><strong>(Ι</strong></span> <span class='ocrx_word' id='word_1_846' title='bbox 3252 5634 3436 5696; x_wconf 80' lang='lat' dir='ltr'><strong>Tim.</strong></span> <span class='ocrx_word' id='word_1_847' title='bbox 3476 5647 3589 5713; x_wconf 74' lang='lat' dir='ltr'><strong>vt),</strong></span> <span class='ocrx_word' id='word_1_848' title='bbox 3639 5652 3699 5698; x_wconf 88' lang='lat' dir='ltr'><strong>ut</strong></span> <span class='ocrx_word' id='word_1_849' title='bbox 3727 5640 3765 5696; x_wconf 73' lang='lat' dir='ltr'><strong>si</strong></span> 
     </span>
    </p>
   </div>
   <div class='ocr_carea' id='block_1_114' title="bbox 2242 5713 3767 5799">
    <p class='ocr_par' dir='ltr' id='par_1_114' title="bbox 2242 5713 3767 5799">
     <span class='ocr_line' id='line_1_114' title="bbox 2242 5713 3767 5799; baseline 0.012 -29"><span class='ocrx_word' id='word_1_850' title='bbox 2242 5716 2522 5781; x_wconf 77' lang='lat' dir='ltr'><strong>habentes</strong></span> <span class='ocrx_word' id='word_1_851' title='bbox 2565 5728 2825 5791; x_wconf 88' lang='lat' dir='ltr'><strong>tanquam</strong></span> <span class='ocrx_word' id='word_1_852' title='bbox 2874 5713 2983 5778; x_wconf 84' lang='lat' dir='ltr'><strong>non</strong></span> <span class='ocrx_word' id='word_1_853' title='bbox 3042 5724 3388 5799; x_wconf 77' lang='lat' dir='ltr'><strong>habentes,</strong></span> <span class='ocrx_word' id='word_1_854' title='bbox 3444 5744 3509 5791; x_wconf 77' lang='lat' dir='ltr'><strong>et</strong></span> <span class='ocrx_word' id='word_1_855' title='bbox 3565 5720 3767 5793; x_wconf 65' lang='lat' dir='ltr'><strong>utentes</strong></span> 
     </span>
    </p>
   </div>
   <div class='ocr_carea' id='block_1_115' title="bbox 2255 5808 3601 5895">
    <p class='ocr_par' dir='ltr' id='par_1_115' title="bbox 2255 5808 3601 5895">
     <span class='ocr_line' id='line_1_115' title="bbox 2255 5808 3601 5895; baseline 0.017 -34"><span class='ocrx_word' id='word_1_856' title='bbox 2255 5808 2479 5877; x_wconf 87' lang='lat' dir='ltr'><strong>mundo,</strong></span> <span class='ocrx_word' id='word_1_857' title='bbox 2512 5818 2768 5881; x_wconf 90' lang='lat' dir='ltr'><strong>tanquam</strong></span> <span class='ocrx_word' id='word_1_858' title='bbox 2793 5828 2899 5895; x_wconf 86' lang='lat' dir='ltr'><strong>non</strong></span> <span class='ocrx_word' id='word_1_859' title='bbox 2924 5821 3139 5870; x_wconf 85' lang='lat' dir='ltr'><strong>utentes</strong></span> <span class='ocrx_word' id='word_1_860' title='bbox 3167 5813 3220 5886; x_wconf 88' lang='grc' dir='ltr'><strong>(ι</strong></span> <span class='ocrx_word' id='word_1_861' title='bbox 3264 5818 3428 5879; x_wconf 85' lang='lat' dir='ltr'><strong>Cor.</strong></span> <span class='ocrx_word' id='word_1_862' title='bbox 3470 5828 3601 5891; x_wconf 78' lang='lat' dir='ltr'><strong>vit).</strong></span> 
     </span>
    </p>
   </div>
  </div>
