3850 6318
107 387 129 442 1
149 384 238 442 Ξ53

1232 376 1562 434 ΠΟΜΠᾹΑΞ.
1586 378 1722 449 —-_l.
1762 377 1850 432 DE
1886 379 2232 436 TEMPORE.

3235 394 3377 451 “5'4

168 498 381 565 Tertio,
432 495 841 552 demonstratur
888 492 1157 550 Dominus
1195 495 1337 566 apud
1368 494 1682 551 Matthaenm
1713 499 1759 557 Α
1791 511 1902 553 uno
1928 509 2215 569 peccatore
2242 499 2619 570 paenitentiam
2646 513 2840 575 agente
2888 507 3069 582 (ibid),
3099 530 3123 565 ι
3162 520 3376 585 quanto

99 590 458 648 manducasse
483 604 609 644 cum
650 587 906 645 subditur
934 605 949 643 :
984 583 1054 640 Et
1081 586 1281 657 factum
1311 596 1411 655 est,
1439 588 1677 641 discunt-

96 685 240 738 bciue
280 699 341 738 eo
363 681 423 736 in
481 681 648 749 tome,
676 693 792 735 ecce
820 679 979 734 multi
1000 678 1273 751 publicani
1301 689 1351 735 et
1381 690 1677 751 peccatores

97 777 349 831 vadentes
393 774 794 829 discumbebant
851 789 971 827 cum
1026 789 1087 828 eo
1130 782 1182 828 et
1225 773 1506 844 discipulis
1539 773 1676 844 ejus.

94 868 261 924 l’erro
288 866 434 939 quod
458 865 748 922 Mattbazus
774 865 840 921 de
874 880 934 923 se
975 864 1299 920 humilitatis
1331 881 1497 922 causa
1518 865 1678 921 inde-

95 960 375 1017 tcrminate
426 960 593 1028 dicit,
620 950 821 1015 'Lucas
866 950 1109 1029 apertius
1168 957 1395 1029 exponit
1441 960 1674 1015 dicens:

100 1072 119 1103 ε
151 1049 290 1118 Quia
326 1048 456 1106 fecit
497 1049 551 1105 ei
605 1047 736 1105 Levi
765 1048 1079 1106 convivium
1124 1063 1387 1121 magnum
1419 1046 1477 1104 in
1510 1047 1679 1105 domo

92 1159 182 1198 sua
211 1140 364 1215 (Luc.
391 1142 467 1215 v).
504 1160 523 1195 ι
567 1140 708 1198 Hinc
736 1141 955 1198 discant
1002 1140 1305 1209 auditores,
1343 1140 1673 1213 prredicato-

90 1253 173 1291 res
222 1244 282 1292 et
322 1235 625 1293 munitores
648 1250 778 1292 suos
807 1234 1109 1306 suscipere,
1166 1248 1393 1319 pascere
1419 1241 1473 1290 ct
1502 1245 1678 1289 nono—

88 1343 225 1383 rare.
258 1324 413 1383 Unde
461 1325 727 1383 Dominus
756 1327 975 1399 inquit:
1030 1348 1050 1380 ι
1081 1326 1315 1383 Edentcs
1336 1335 1392 1383 et
1426 1325 1677 1382 bibentes

86 1435 204 1492 qua
236 1420 381 1491 apud
412 1419 536 1476 illos
563 1428 689 1476 sunt
718 1417 871 1492 (Luc.
900 1418 979 1489 x).
1011 1439 1031 1471 ι
1082 1417 1149 1474 Et
1175 1416 1471 1489 Apostolus
1497 1434 1510 1471 :
1550 1435 1569 1468 ε
1617 1414 1676 1472 Si

85 1513 261 1581 vobis,
287 1512 484 1584 inquit,
517 1512 824 1584 spiritualia
845 1510 1273 1579 seminavimus,
1300 1525 1563 1582 magnum
1589 1519 1678 1567 est

85 1605 128 1660 si
148 1613 330 1662 vestra
358 1605 604 1661 carnalia
629 1613 902 1661 metamus
924 1602 980 1677 (Ι
1003 1602 1129 1660 Cor.
1165 1602 1267 1676 ιχ).
1296 1621 1316 1656 ι
1346 1600 1505 1660 Sicut
1527 1601 1675 1658 enim

84 1699 137 1755 bi
156 1698 359 1755 debent
379 1698 487 1755 illis
509 1698 841 1770 spiritualia,
867 1698 949 1755 sic
973 1698 1053 1754 illi
1082 1697 1286 1754 debent
1305 1695 1431 1755 istis
1454 1705 1642 1766 tempo
1658 1724 1674 1736 -

82 1789 232 1845 ralia.
258 1789 574 1847 Conversus
604 1789 771 1862 igitur
791 1787 1079 1846 Matthreus
1102 1787 1335 1860 suscipit
1360 1786 1672 1855 Christum,

1786 587 1962 678 magis
1989 604 2155 661 super
2182 591 2370 647 multis
2400 593 2779 664 peccatoribus
2807 599 3186 668 pmnitentiam
3208 620 3377 678 agen-

1784 679 1933 737 tibus
1950 682 1965 735 t
2226 722 2229 727 .
3162 721 3169 731 ς

1853 770 2081 840 Quarto,
2114 772 2382 832 Dominus
2408 791 2441 833 a
2466 776 2759 838 Pbarisaeis
2784 770 3221 858 reprehenditur,
3247 807 3376 849 cum

1780 861 2067 935 discipulis
2093 864 2215 937 ejus
2242 866 2432 925 dicunt
2458 887 2471 924 :
2506 867 2823 936 Quarecum
2847 874 3147 946 publicanis
3175 889 3227 937 et
3252 898 3379 954 pec-

1779 955 2049 1013 actoribus
2073 957 2360 1015 manducet
2385 962 2638 1033 magister
2658 974 2823 1020 vester
2837 966 2865 1021 .9
2886 966 2968 1025 Ac
2997 970 3045 1025 si
3069 980 3261 1044 aperte
3288 973 3379 1039 di;-

1780 1056 1911 1105 cant
1936 1066 1953 1119 ;
1980 1048 2347 1129 Consentiens
2371 1061 2458 1110 est
2473 1054 2541 1111 in
2580 1057 2743 1130 culpa
2767 1060 2871 1128 eis,
2897 1062 2992 1134 qui
3020 1066 3377 1123 consentiens

1778 1148 1867 1197 est
1888 1140 1970 1197 eis
1992 1141 2052 1197 in
2079 1157 2259 1200 canta.
2291 1143 2358 1200 Hi
2406 1145 2464 1202 in
2492 1148 2670 1209 tribus
2710 1163 2956 1222 peccant.
2985 1154 3213 1227 ,Primo,
3243 1158 3377 1230 quia

1772 1233 2046 1306 justitiam
2075 1252 2243 1308 quam
2269 1253 2381 1294 non
2408 1238 2613 1298 habent
2637 1243 2739 1301 sibi
2782 1257 3062 1320 arrogant.
3093 1248 3370 1321 Secundo,

1778 1324 1910 1398 quia
1931 1324 2225 1383 Dominum
2255 1328 2324 1385 de
2350 1329 2535 1390 dubiis
2556 1333 2825 1406 judicent.
2858 1336 3063 1410 Tertio,
3090 1342 3223 1413 quia
3249 1358 3373 1415 pec-

1777 1416 2063 1475 catoribus
2088 1434 2202 1476 non
2228 1423 2658 1495 compatiuntur,
2684 1428 2781 1485 sed
2806 1445 2904 1488 eos
2930 1440 3290 1497 contemnunt
3314 1445 3375 1493 et

1777 1506 2164 1581 dedignantur.
2212 1509 2275 1566 ln
2308 1512 2528 1583 quibus
2581 1516 2757 1577 tribus
2802 1534 3003 1585 senon
3024 1538 3151 1583 esse
3188 1524 3372 1596 justus
3462 1550 3467 1558 ι

1776 1598 2179 1661 demonstrant.
2224 1600 2413 1661 Primo
2438 1606 2609 1677 enim,
2640 1609 2688 1666 si
2713 1626 2840 1667 vere
2861 1612 2999 1684 justi
3029 1625 3234 1686 essent,
3266 1617 3369 1677 bo.-

1776 1706 1913 1748 num
1936 1706 2050 1748 non
2079 1693 2329 1752 habitum
2400 1697 2508 1754 sibi
2526 1714 2660 1765 _non
2693 1715 3035 1776 arrogarent,
3062 1707 3158 1764 sed
3187 1708 3372 1780 potius

1778 1784 2026 1842 habitum
2050 1785 2490 1860 dissimularent,
2517 1800 2574 1848 et
2595 1792 2652 1848 in
2678 1796 2855 1852 oculis
2882 1797 3002 1855 suis
3028 1813 3259 1870 parvum
3280 1802 3372 1866 vel

83 1896 183 1936 non
218 1881 402 1938 solum
428 1879 809 1953 corporaliter,
833 1881 928 1939 sed
953 1881 1119 1938 etiam
1143 1880 1522 1953 spiritualiter,
1549 1880 1671 1950 ipso
1702 1861 1748 1922 Β
1774 1878 1987 1935 nullum
2016 1889 2294 1951 putarent.
2326 1882 2465 1951 Quis
2490 1885 2641 1943 enim
2669 1888 2993 1960 gloriabitur
3019 1861 3288 1949 mundum
3309 1908 3373 1949 se

81 1971 313 2029 Domino
330 1980 467 2031 teste
494 1993 551 2030 ει
580 1971 639 2030 Si
665 1973 790 2046 quis
811 1972 985 2045 diligit
1006 1989 1114 2043 me,
1144 1987 1455 2031 sermonem
1485 1986 1673 2028 meum

81 2065 353 2135 servabit,
393 2075 448 2123 et
472 2064 637 2122 Pater
665 2062 823 2123 meus
851 2066 1041 2139 diliget
1065 2081 1215 2134 cum,
1243 2074 1301 2122 et
1324 2065 1393 2121 ad
1427 2080 1555 2121 eum
1578 2079 1672 2120 ve-

81 2159 318 2227 niemus,
347 2167 404 2215 et
441 2159 785 2216 mansionem
837 2159 983 2231 apud
1025 2174 1153 2215 eum
1195 2156 1666 2229 faciemuonan.

80 2252 219 2322 xiv).
255 2271 276 2305 ι
311 2250 497 2309 Pascit
516 2266 740 2324 quoque
767 2266 894 2308 eum
925 2266 1039 2308 non
1080 2251 1258 2309 solum
1286 2250 1668 2322 corporaliter,

80 2343 167 2399 sed
188 2345 361 2400 etiam
410 2345 792 2417 spiritualitcr,
836 2344 1028 2402 eodem
1058 2352 1372 2413 attestante,
1401 2344 1496 2416 qui
1543 2343 1620 2400 ait
1650 2363 1667 2400 :

84 2455 102 2488 ‹
132 2434 277 2494 Ecce
305 2446 393 2494 sto
423 2436 492 2493 ad
523 2438 728 2495 ostium
747 2446 802 2494 et
835 2437 1016 2509 pulso.
1061 2435 1120 2493 Si
1150 2436 1277 2509 quis
1306 2435 1543 2493 audierit
1572 2451 1670 2492 vo-

76 2543 188 2584 cem
220 2545 427 2597 meam,
453 2537 511 2585 et
539 2529 817 2601 aperuerit
838 2529 1090 2602 januam,
1126 2528 1366 2586 introibo
1393 2527 1464 2584 ad
1488 2527 1667 2597 illum,

76 2629 127 2676 et
163 2621 400 2678 cenabo
432 2636 561 2678 cum
612 2620 728 2692 illo,
754 2624 828 2678 ‘et
874 2621 991 2695 ipse
1030 2628 1250 2679 mecum
1281 2620 1466 2693 (Apoc.
1495 2620 1602 2693 ιιι).
1642 2640 1663 2674 ι

77 2710 191 2768 Stat
218 2714 426 2786 quippe
449 2712 720 2772 Dominus
756 2714 825 2771 ad
859 2714 1065 2771 ostium
1102 2720 1158 2771 et
1184 2712 1388 2785 pulsat,
1416 2728 1542 2770 cum
1572 2716 1669 2770 'vo-

76 2806 341 2863 luntatem
392 2822 575 2876 suam,
605 2807 692 2863 vel
726 2821 827 2879 per
889 2802 1267 2880 praédicatoris
1313 2802 1524 2873 vocem,
1582 2806 1669 2861 vel

76 2914 165 2969 per
192 2899 615 2972 inspirationem
653 2916 835 2970 suam,
883 2898 941 2956 in
965 2914 1065 2957 cor
1093 2910 1344 2957 nostrum
1373 2899 1669 2957 immittere

74 2991 289 3063 qumrit.
321 2992 521 3049 Audita
546 3008 678 3050 vero
699 3008 835 3051 voce
856 2994 996 3068 ejus,
1019 2994 1248 3066 januam
1281 2993 1331 3050 ei
1364 2997 1664 3066 aperimus,

73 3083 295 3154 quando
316 3085 656 3142 voluntatem
690 3101 848 3143 suam
870 3094 1150 3159 gratanter
1173 3071 1496 3157 accipimus,
1520 3093 1575 3143 et
1598 3087 1669 3144 ad

1772 1967 1978 2026 habere
2022 1971 2159 2027 cor?
2201 1971 2344 2031 ilinc
2384 1972 2679 2034 Psalmista
2725 1979 2797 2036 ad
2845 1979 3141 2051 Dominum
3190 2000 3206 2041 :
3252 2001 3275 2037 ι
3307 1982 3373 2041 In

1772 2067 2067 2131 conspectu
2108 2070 2205 2118 tuo
2228 2078 2341 2121 non
2361 2064 2751 2137 justilicabitur
2777 2074 2960 2137 omnis
2978 2074 3169 2131 vivens
3191 2074 3368 2148 (Psal.

1771 2150 1963 2242 cxtn).
1997 2171 2017 2204 ι
2073 2151 2143 2210 Et
2182 2154 2229 2212 si
2266 2165 2419 2214 astra
2443 2174 2561 2220 non
2589 2171 2721 2219 sunt
2746 2166 2953 2223 munda
2981 2167 3041 2224 in
3068 2178 3369 2242 conspectu

1770 2240 1913 2338 ejus,
1938 2252 2001 2300 ut
2022 2245 2101 2303 ait
2122 2245 2228 2304 Job
2260 2247 2385 2321 (Job
2416 2255 2570 2324 xxv),
2596 2258 2991 2326 quantominus
3017 2261 3186 2320 homo
3206 2240 3369 2338 cujus

1770 2333 1883 2391 vita
1913 2351 2022 2393 non
2052 2347 2139 2394 est
2162 2339 2270 2397 nisi
2298 2343 2549 2413 tentatio,
2576 2354 2633 2417 et
2666 2348 2765 2419 qui
2791 2349 3019 2409 domum
3047 2353 3261 2413 habitat
3274 2333 3369 2415 lu-

1770 2436 1938 2497 team,
1968 2431 2064 2502 qui
2092 2441 2147 2503 et
2173 2440 2455 2492 terrenum
2500 2436 2667 2496 habet
2694 2426 3154 2504 fundamentum?
3193 2446 3370 2507 Debe-

1768 2538 1897 2616 mus
1941 2526 2130 2595 enim,
2182 2526 2384 2589 fratres
2428 2533 2581 2604 mei,
2623 2535 2827 2596 dicere
2852 2554 2980 2597 cum
3032 2544 3295 2616 propheta
3348 2564 3366 2603 :

1776 2632 1797 2666 ο
1828 2611 2031 2689 Omnes
2053 2616 2286 2689 justitize
2312 2630 2516 2681 nostra;
2554 2627 2719 2697 quasi
2768 2642 2987 2702 pannus
3010 2611 3369 2696 menstruam

1769 2715 1897 2763 ante
1926 2717 1999 2778 te,
2029 2708 2261 2769 Domine
2282 2713 2421 2785 (Isa.
2450 2719 2620 2791 thv).
2651 2739 2672 2783 ρ
2703 2719 2979 2794 Secundo,
3002 2725 3052 2783 si
3077 2741 3207 2785 vere
3225 2728 3368 2801 justi

1768 2811 1977 2870 essent,
2001 2803 2320 2877 .Dominum
2351 2809 2420 2867 de
2448 2814 2789 2871 comestione
2815 2831 2944 2873 cum
2980 2803 3368 2890 peccatoribus

1768 2905 1879 2947 non
1903 2892 2236 2964 judicarent.
2269 2896 2600 2960 Manducare
2624 2904 2774 2962 enim
2794 2922 2931 2973 cum
2958 2913 3364 2983 peccatoribus,

1768 2984 2108 3081 quiaupotest
2135 2998 2193 3045 et
2219 2991 2368 3048 bono
2413 3002 2470 3051 et
2515 2997 2664 3054 malo
2706 2999 2897 3059 animo
2943 3001 3086 3074 ﬁeri,
3113 3015 3202 3066 est
3225 3020 3368 3081 opus

1768 3075 2108 3150 indili'erens,
2138 3091 2195 3139 et
2232 3082 2356 3142 ideo
2386 3101 2499 3143 non
2528 3089 2792 3150 debemus
2833 3104 2888 3152 et
2914 3096 3237 3169 bujusmodi
3260 3075 3368 3158 in.

75 3175 409 3251 implendum
435 3194 556 3235 eam
595 3193 820 3251 operam
847 3178 1064 3236 damus.
1101 3179 1296 3236 C(enat
1321 3194 1452 3235 vero
1480 3178 1670 3236 nobis—
1693 3222 1740 3287 Ο
1770 3184 1936 3287 (iqu
1961 3172 2230 3287 ἱιξάῖεξιτθζ
2280 3192 2383 3235 nec
2429 3178 2726 3287 inmmalam
2755 3194 2968 3287 ρπιθηι
2994 3187 3364 3262 interpretari.

73 3286 216 3341 cum,
248 3283 302 3328 et
337 3287 440 3328 nos
478 3287 605 3328 cum
628 3290 633 3295 ’
654 3272 769 3341 illo,
797 3272 1019 3345 quando
1056 3272 1175 3345 ipse
1217 3273 1462 3345 pascitur
1489 3280 1546 3329 et
1570 3273 1666 3330 de-

74 3360 303 3421 lectatur
348 3372 537 3421 nostra
565 3364 876 3434 devotione,
906 3374 959 3423 et
993 3381 1093 3423 nos
1132 3365 1255 3438 ejus
1282 3381 1489 3423 amore.
1524 3364 1667 3424 Hinc

73 3454 288 3512 discant
312 3456 698 3526 praedicatores
715 3469 770 3515 et
796 3469 1044 3531 pastores
1070 3466 1274 3515 sancta:
1291 3458 1571 3524 EccleSize,
1604 3468 1666 3517 ut

72 3549 292 3620 quando
313 3558 672 3607 cmnantcum
695 3551 931 3623 subditis
958 3551 1095 3619 suis,
1126 3551 1303 3624 magis
1325 3550 1666 3609 delectentur

72 3642 126 3697 in
154 3642 454 3699 devotione
494 3656 709 3712 eorum,
742 3658 909 3715 quam
946 3643 1003 3699 in
1045 3643 1383 3700 comestione
1414 3644 1663 3701 ciborum

72 3734 449 3806 appositorum
475 3752 489 3791 :
518 3735 695 3808 magis
718 3736 772 3791 in
794 3751 987 3792 eorum
1015 3734 1260 3808 profectu
1283 3738 1451 3807 quam
1482 3735 1537 3791 in
1561 3751 1665 3793 suo

70 3840 186 3881 esu.
232 3822 340 3893 Qui
394 3824 551 3881 enim
591 3824 769 3900 magis
792 3827 991 3898 quaerit
1029 3842 1060 3882 a
1091 3825 1324 3883 subditis
1364 3826 1481 3883 suis
1512 3826 1665 3898 pasci

71 3907 430 3989 corporaliter
449 3933 612 3989 quam
641 3918 1015 3990 spiritualiter,
1038 3934 1150 3974 non
1169 3926 1378 3989 pastor,
1404 3918 1500 3974 sed
1520 3934 1665 3975 mer-

70 4007 327 4064 cenarius
343 4017 446 4064 est.
472 4006 592 4064 Non
615 4010 793 4066 solum
827 4008 1123 4067 Dominum
1142 4021 1196 4067 et
1211 4008 1509 4084 discipulos
1532 4026 1665 4071 suos

70 4097 359 4157 Matthazus
392 4104 603 4174 pascit,
643 4094 740 4159 sed
768 4101 935 4160 etiam
990 4103 1196 4161 multos
1236 4104 1564 4176 publicanos
1610 4118 1666 4166 et

69 4201 406 4262 peccatores.
475 4193 544 4250 Et
596 4194 827 4267 pulchro
885 4210 1127 4268 veroque
1199 4198 1503 4271 praesagio,
1567 4200 1666 4272 qui

69 4286 355 4355 apostolus
386 4295 441 4343 et
488 4287 680 4344 doctor
707 4287 949 4361 gentium
985 4298 1105 4346 erat
1152 4287 1409 4360 futurus,
1461 4292 1518 4349 in
1548 4293 1665 4366 pri-

66 4390 154 4430 ma
218 4391 320 4432 sua
367 4377 724 4435 conversione
762 4388 1114 4451 peccatorum
1176 4396 1397 4455 gregem
1443 4392 1569 4455 post
1604 4400 1665 4441 se

67 4468 243 4523 trahit
284 4478 338 4525 et
393 4471 598 4541 pascit,
653 4470 1005 4545 oblciumque
1061 4476 1472 4546 evangelizandi
1514 4478 1662 4549 quod

1769 3262 1866 3318 sed
1895 3263 2081 3334 potius
2109 3265 2167 3321 in
2212 3267 2437 3326 bonam.
2487 3269 2694 3341 Tertio,
2726 3274 2776 3332 si
2824 3291 2950 3334 vere
2977 3277 3117 3349 justi
3156 3291 3364 3351 essent,

1764 3362 2116 3442 peccatorum
2156 3358 2393 3418 miseria:
2419 3377 2516 3435 per
2552 3364 2876 3447 charitatem
2899 3379 3363 3442 compatercntur,

1767 3458 1871 3535 nec
1897 3460 1994 3502 eos
2021 3455 2454 3522 contemnerent,
2504 3470 2607 3513 nec
2636 3456 3084 3530 dedignarentur,
3136 3462 3237 3520 sed
3258 3478 3364 3535 po-

1767 3534 1879 3619 tius
1927 3536 2010 3593 eis
2052 3539 2573 3613 condescenderent,
2603 3556 2666 3603 ut
2691 3539 2789 3604 eus
2816 3548 3039 3608 Christo
3066 3534 3364 3625 lucriface-

1768 3616 1909 3684 rent.
1939 3628 2171 3700 Quarto,
2202 3631 2469 3718 Dominus
2495 3635 2804 3696 Pharisasos
2831 3640 2900 3698 dc
2926 3642 3135 3715 iniusta
3174 3616 3363 3718 repre-

1767 3722 2035 3781 hensione
2059 3714 2327 3797 confuta‘t,
2354 3744 2480 3785 cum
2506 3728 2589 3787 eis
2614 3732 2954 3805 respondens
2988 3714 3138 3793 dicit
3170 3756 3199 3815 ⁸ε
3235 3714 3364 3801 Non

1765 3822 1845 3868 est
1879 3830 2009 3886 opus
2040 3815 2335 3872 valentibus
2368 3818 2592 3887 medico,
2620 3821 2714 3897 sed
2746 3821 2884 3880 male
2914 3823 3250 3883 habentibus.
3281 3826 3364 3903 Ac

1767 3904 1816 3962 si
1860 3915 2050 3978 aperte
2096 3907 2245 3965 dicat
2278 3927 2292 3964 :
2324 3907 2488 3979 Justi,
2520 3913 2712 3984 quales
2745 3929 2855 3984 vos
2881 3930 3008 3974 esse
3048 3918 3360 3996 aestimatis,

1767 4010 1880 4083 non
1927 3997 2173 4072 indigent
2209 3998 2596 4072 justiﬁcatorc,
2642 4008 2739 4063 sed
2782 4017 3118 4079 peccatores,
3167 4013 3363 4084 quales

1766 4091 1859 4148 isti
1884 4107 1944 4150 se
1967 4109 2109 4150 esse.
2150 4093 2210 4151 In
2238 4112 2351 4169 quo
2376 4098 2545 4155 verbo
2575 4097 2844 4159 Dominus
2875 4103 3362 4174 reprehensionem

1766 4182 2171 4243 Pharisaeorum
2198 4189 2587 4248 convenienter
2611 4190 2882 4260 confutat,
2910 4196 3208 4255 ostendens
3228 4213 3363 4256 con-

1768 4286 1854 4334 tra
1880 4278 1986 4335 tria
2014 4295 2139 4352 qua:
2164 4281 2241 4337 illi
2269 4281 2324 4338 in
2352 4284 2535 4341 verbis
2561 4286 2680 4344 suis
2710 4287 3175 4359 signiticaverant,
3205 4291 3362 4348 vide-

1765 4372 1894 4431 licet
1923 4383 1979 4431 et
2003 4390 2063 4432 se
2091 4391 2203 4432 non
2233 4379 2666 4436 consentientem
2700 4383 3103 4452 peccatoribus,
3132 4384 3227 4441 sed
3255 4398 3360 4456 po-

1769 4463 1879 4522 tius
1909 4466 2183 4525 medicum
2213 4480 2563 4538 peccatorum
2592 4488 2736 4540 esse,
2767 4482 2821 4530 et
2849 4473 3019 4545 ipsos,
3046 4475 3206 4546 juxta
3240 4477 3361 4547 opi-

66 4570 183 4616 erat
210 4561 553 4633 expleturus,
576 4564 649 4621 ab
666 4564 893 4622 exordio
917 4566 1041 4623 iidei
1079 4580 1195 4625 sua:
1215 4569 1399 4641 cwpit.
1433 4564 1554 4626 Non
1578 4585 1665 4627 so-

1771 4557 1987 4614 nionem
2017 4575 2197 4627 suam,
2237 4560 2601 4632 justiﬁcatore
2650 4578 2761 4621 non
2812 4564 3075 4637 indigere,
3124 4575 3181 4622 ct
3223 4564 3362 4623 istos

68 4648 181 4707 lu'm
216 4654 362 4709 enim
390 4656 509 4727 qui
537 4654 764 4714 fratrem
809 4674 973 4716 suum
1022 4660 1220 4729 verbo,
1245 4661 1340 4717 sed
1366 4661 1530 4718 etiam
1567 4663 1665 4735 qui

67 4746 322 4816 exemplo
347 4744 547 4817 erudit,
578 4749 945 4807 ministerium
968 4752 1107 4824 gerit
1138 4752 1402 4810 doctoris.
1446 4752 1532 4809 llli
1563 4768 1668 4826 pu-

65 4834 275 4893 blicani
328 4848 383 4895 et
407 4850 725 4911 peccatores
764 4848 882 4914 jam
921 4843 990 4899 ad
1032 4843 1395 4901 imitationem
1424 4845 1664 4902 Matthxi

45 4926 354 4986 'Christum
376 4932 768 5004 sequebantur,
789 4943 925 4992 teste
955 4934 1139 4993 Marco
1153 4936 1433 5008 quidicit:
1462 4957 1481 4990 ι
1511 4935 1665 4992 Multi

67 5021 349 5091 publicani
399 5032 463 5079 et"
504 5024 824 5095 peccatores
871 5026 1294 5084 discumbebant
1349 5043 1476 5085 cum
1530 5026 1663 5085 Iesu

70 5109 272 5182 (Marc.
298 5113 382 5184 ιι).
422 5132 442 5167 ι
472 5112 644 5171 Erant
665 5115 817 5190 enim
855 5116 1015 5172 multi
1042 5117 1138 5189 qui
1159 5116 1324 5173 etiam
1358 5117 1665 5190 sequeban-

68 5212 163 5259 tur
180 5220 328 5262 eum.
362 5204 504 5276 Quia
552 5208 723 5282 igitur
761 5202 875 5266 non
906 5226 1053 5267 unus
1097 5210 1195 5268 sed
1239 5211 1398 5267 multi
1427 5210 1662 5269 conver-

71 5297 119 5354 si
143 5310 320 5370 erant,
350 5319 462 5361 non
492 5304 767 5376 privatum
817 5306 914 5364 sed
962 5307 1208 5365 solemne
1248 5307 1564 5389 convivium
1607 5319 1665 5367 et

72 5392 329 5463 gaudium
358 5405 479 5452 erat
506 5396 915 5456 celebrandum.
957 5398 1017 5455 Si
1046 5399 1217 5469 enim,
1243 5399 1404 5472 juxta
1428 5401 1662 5472 parabo—

75 5485 207 5554 iam,
245 5490 454 5559 epulari
489 5499 545 5548 et
587 5492 824 5564 gaudere
868 5494 1194 5565 oportebat,
1246 5493 1462 5551 dicente
1508 5502 1665 5565 patre

79 5594 100 5628 ι
125 5578 254 5649 quia
272 5580 415 5639 illius
436 5598 593 5640 meus
624 5593 874 5642 mortuus
901 5584 1082 5642 fuerat
1108 5594 1163 5642 et
1186 5572 1404 5655 revixit,
1432 5587 1667 5658 perierat

76 5675 129 5725 et
151 5670 404 5752 inventus
421 5685 506 5733 est
529 5675 683 5749 (Luc.
707 5677 821 5750 xv‘),
849 5698 867 5731 ι
896 5680 1069 5735 multo
1092 5679 1270 5751 magis
1292 5694 1439 5735 nunc
1452 5680 1663 5750 epulari

69 5769 123 5818 et
165 5769 404 5836 gaudere
440 5771 748 5841 oportebat,
780 5772 908 5844 quia
939 5771 1095 5828 multi
1126 5771 1223 5827 lilii
1253 5780 1411 5828 erant
1437 5773 1662 5842 mortui,

60 5864 117 5912 et
145 5862 487 5919 revixerunt.
519 5861 656 5921 Nam
686 5864 735 5921 si
783 5883 803 5914 ε
834 5864 1099 5936 gaudium
1121 5872 1202 5922 est
1244 5865 1299 5923 in
1325 5865 1467 5939 cutio
1497 5882 1664 5936 super

1767 4660 2085 4721 peccatores
2101 4667 2225 4709 esse
2251 4661 2306 4710 et
2334 4653 2577 4726 indigere
2593 4654 2975 4727 justiﬁcatorc.
3007 4654 3105 4713 Est
3131 4672 3264 4729 ergo
3294 4673 3360 4715 ac

1767 4743 1816 4801 si
1846 4743 2061 4801 dicatur
2098 4764 2113 4799 :
2152 4732 2267 4817 Ego
2297 4747 2517 4817 quidem
2562 4762 2686 4803 sum
2726 4747 3062 4819 justiﬁestor
3101 4760 3358 4821 peccato-

1765 4849 1911 4903 rum,
1960 4836 2058 4892 sed
2105 4852 2204 4894 vos
2234 4838 2302 4894 de
2343 4837 2480 4896 falsa
2506 4838 2721 4909 iustitia
2749 4839 2903 4908 elati,
2932 4841 3064 4911 quia
3088 4841 3358 4914 justilica-

1766 4936 1882 4984 tore
1907 4942 2007 4984 vos
2034 4943 2144 4984 non
2174 4942 2334 5001 cgere
2362 4930 2591 5001 putatis,
2621 4930 2715 4987 vix
2739 4932 2823 4987 vel
2850 4948 3134 5004 nunquam
3155 4933 3332 5005 justiti

1767 5018 2050 5077 cabimini.
2085 5019 2193 5077 Sed
2235 5018 2325 5079 isti
2372 5031 2690 5093 peccatores
2737 5023 2996 5092 humiles,
3026 5025 3158 5099 quia
3186 5041 3358 5083 nove-

1738 5119 1900 5167 ‘runt
1926 5111 2373 5184 sejustilicatore
2401 5111 2680 5185 indigere,
2729 5114 2839 5173 cito
2884 5114 3357 5186 justiﬁeabuntur.

1740 5212 1749 5217 '
1773 5200 2159 5260 Verumtamen
2186 5203 2310 5277 pius
2334 5213 2389 5261 et
2417 5204 2736 5264 misericors
2766 5205 3034 5265 Dominus
3060 5203 3357 5266 consilium

1738 5296 1848 5354 'eis
1874 5297 2063 5365 donat,
2107 5312 2234 5354 cum
2263 5296 2453 5354 subdit
2479 5316 2493 5353 :
2521 5297 2721 5355 Euntes
2756 5309 2956 5369 autent,
2987 5303 3279 5372 subaudis,
3325 5319 3355 5359 a

1766 5393 2073 5450 temeritate
2098 5392 2539 5465 vituperationis,
2561 5395 2755 5452 discite
2780 5397 2910 5468 quid
2929 5407 3034 5467 est,
3058 5400 3332 5456 misericor

1766 5489 1911 5544 diam
1941 5488 2059 5544 volo
2092 5497 2143 5544 et
2193 5488 2685 5563 non-sacriﬁcium.
2725 5490 2805 5547 Ac
2853 5490 2899 5546 si
2930 5502 3118 5563 aperte
3160 5493 3308 5549 dicat
3337 5513 3352 5549 :

1766 5579 2055 5661 ln'telligite
2097 5576 2230 5653 quid
2261 5580 2533 5654 signiti'cat
2559 5581 2692 5660 illud
2719 5582 2946 5641 verbum
2994 5583 3212 5641 Domini
3258 5600 3351 5656 per

1764 5676 2085 5746 prophetam
2116 5675 2349 5732 dicentis
2382 5692 2399 5728 :
2453 5693 2473 5727 ι
2510 5673 2959 5753 Misericordiam
2982 5676 3127 5739 volo.
3158 5685 3350 5737 etnon

1764 5769 2096 5826 sacriﬁcium
2138 5766 2285 5838 (Ose.
2335 5767 2432 5839 vi).
2479 5786 2499 5820 ι
2550 5766 2630 5825 Ac
2673 5768 2721 5825 si
2767 5779 2955 5839 aperte
3000 5768 3151 5824 dicat
3192 5786 3206 5821 :
3242 5766 3350 5825 Vos

1766 5871 1984 5935 propter
2014 5862 2206 5935 lcgalia
2235 5860 2503 5920 sacriﬁcia
2530 5876 2655 5934 qua:
2700 5859 2905 5929 facitis,
2935 5876 3032 5919 vos
3057 5860 3238 5933 justas
3266 5872 3334 5918 re
