3844 6318
556 391 699 448 Ηὸὕ

1798 372 1978 431 RADU
1990 374 2146 431 LPHI
2184 372 2527 430 AREENTIS
3637 382 3718 442 “56

552 502 779 575 putatis,
811 499 906 556 sed
934 507 1072 555 teste
1106 497 1389 569 propheta,
1409 491 1551 548 Deus
1578 490 1957 562 p.us.requirit
1978 489 2143 545 mise-
2173 493 2217 552 Α
2249 486 2530 575 Hebraicis
2551 492 2751 575 utteris
2778 503 3069 575 vermsque
3095 500 3426 575 composuit:
3457 511 3474 543 ι
3506 452 3628 560 dum]
3646 498 3725 567 quis

554 590 848 652 rimrdiam
894 605 1062 662 quam
1110 585 1459 645 sacriﬁcium.
1503 581 1789 638 Exteriore
1816 580 2020 652 quippe
2045 596 2138 636 sa-

560 685 764 743 :riﬁcia
805 694 859 739 et
909 682 1237 744 oblationes.
1288 676 1407 734 sine
1448 673 1699 730 interiori
1742 672 2141 738 misericordia,

557 778 671 834 Deo
701 778 915 848 placere
964 789 1073 829 non
1103 777 1353 843 possunt.
1400 764 1511 825 Ista
1540 781 1673 823 vero
1720 766 1840 823 sine
1896 765 2003 822 illis
2031 764 2143 821 Deo

556 870 766 943 placuit
789 879 844 925 et
867 874 1091 937 accepta
1129 873 1236 921 est.
1290 860 1436 918 Nihil
1468 860 1616 916 enim
1652 860 1733 916 sic
1762 858 1934 916 Deum
1963 858 2144 931 placat

557 965 701 1020 sicut
729 957 1105 1019 misericordia
1153 954 1390 1027 miseriae
1425 953 1778 1020 subveniens,
1811 951 1894 1008 vel
1921 966 2144 1023 compa»

558 1055 701 1110 tiens
727 1053 936 1108 aliene.
962 1047 1080 1104 Non
1107 1048 1254 1105 enim
1282 1045 1550 1103 Dominus
1576 1046 1632 1102 in
1655 1044 1866 1118 judicio
1894 1045 2143 1117 reprobis

553 1147 699 1203 (licet
732 1162 745 1198 :
781 1165 802 1194 ι
833 1142 929 1209 Ite,
957 1139 1255 1209 maledicti,
1301 1138 1359 1196 in
1406 1139 1591 1212 ignem
1638 1147 1925 1207 aeternum,
1957 1156 1976 1191 ι
2012 1138 2142 1209 quia

544 1253 662 1294 non
694 1235 1104 1292 sacriﬁcavistis
1130 1234 1268 1291 mihi
1294 1233 1553 1299 hostiam,
1578 1247 1687 1290 non
1709 1232 1986 1290 obtulistis
2006 1234 2142 1290 mihi

551 1329 907 1398 oblationem,
956 1338 1011 1384 et
1060 1343 1169 1384 non
1217 1327 1607 1386 construxistis
1652 1327 1787 1384 mihi
1829 1326 2139 1393 ecclesiam,

553 1424 681 1481 licet
702 1424 818 1480 haec
845 1425 990 1479 dona
1021 1430 1220 1495 magna
1246 1422 1375 1480 sint.
1407 1420 1513 1478 Sed
1541 1423 1726 1493 potius
1749 1423 2000 1479 dicturus
2021 1432 2104 1477 est
2126 1442 2137 1476 :

558 1538 577 1569 ι
618 1516 837 1573 Esurivi
865 1516 1035 1583 enim,
1067 1525 1123 1571 et
1171 1530 1283 1571 non
1332 1514 1561 1571 dedistis
1608 1515 1743 1570 mihi
1787 1515 2137 1571 manducare.

554 1610 736 1676 Sitivi,
757 1619 947 1666 etnon
968 1608 1198 1666 dedistis
1228 1607 1364 1663 mihi
1397 1617 1607 1679 potum.
1645 1606 1854 1678 Hospes
1888 1623 2064 1674 eram,
2089 1617 2143 1664 et

553 1719 663 1759 non
686 1702 1007 1773 suscepistis
1037 1716 1125 1757 me
1163 1699 1384 1773 (Matth.
1414 1701 1564 1771 xxv),
1594 1718 1613 1750 ι
1643 1709 1748 1756 etc.
1795 1699 1997 1758 Deinde
2036 1700 2142 1757 Do-

552 1796 740 1851 minus
800 1792 1113 1849 Pharisaeos
1179 1790 1247 1847 ad
1311 1790 1645 1861 sequendam
1705 1779 2151 1865 misericordiam

552 1886 805 1959 exemplo
828 1886 914 1943 sui
943 1884 1156 1951 invitat,
1180 1898 1307 1940 cum
1328 1883 1512 1965 sulplit
1538 1902 1551 1940 :
1590 1881 1712 1937 Non
1736 1884 1877 1941 enim
1903 1885 2017 1940 veni
2046 1900 2139 1939 eo-

553 1993 675 2032 mre
711 1977 913 2047 justos,
953 1974 1046 2029 sed
1072 1983 1392 2044 peccatores,
1425 1974 1477 2030 id
1517 1983 1602 2031 cst
1647 1989 1755 2030 non
1797 1975 1922 2031 veni
1943 1990 2143 2033 vocare

552 2069 806 2141 angelum
839 2069 1071 2140 justum,
1114 2067 1207 2139 qui
1251 2082 1359 2123 non
1404 2066 1699 2138 indigebat,
1732 2067 1828 2124 sed
1861 2068 2141 2125 hominem

551 2161 647 2232 qui
673 2160 966 2231 indigebat.
995 2158 1191 2216 Omnis
1221 2159 1367 2215 enim
1397 2159 1564 2215 homo
1584 2159 1669 2215 vel
1692 2159 1871 2216 alieno
1892 2169 2139 2231 peccato,

555 2256 635 2312 vel
659 2270 763 2311 suo
785 2270 912 2311 rcus
930 2262 1069 2310 erat.
1100 2253 1193 2310 Vel
1211 2262 1361 2310 certe
1395 2254 1653 2309 non—veni
1684 2255 1974 2311 vocatione
1992 2254 2143 2312 colli-

550 2364 679 2418 gere
739 2347 1010 2419 superbos
1068 2345 1282 2419 iustos,
1347 2346 1444 2405 sed
1503 2347 1743 2404 humiles
1800 2356 2137 2420 peccatores.

549 2440 815 2509 Quamvis
835 2439 983 2498 enim
1013 2454 1411 2512 nonnunquam
1449 2440 1668 2513 superbi
1687 2441 1823 2513 justi
1854 2452 2138 2509 vocentur,

551 2549 731 2593 tamen
754 2549 867 2593 non
890 2534 1117 2591 veniunt
1156 2536 1223 2591 ad
1263 2534 1455 2604 Deum,
1499 2535 1607 2593 nisi
1645 2536 1826 2608 primo
1870 2538 2141 2595 humiliati

548 2637 867 2698 peccatores
906 2643 967 2684 se
1009 2642 1133 2685 esse
1160 2638 1476 2700 peccatores
1499 2628 1883 2687 conﬁteantur.
1931 2631 2138 2704 Itaque,

548 2724 769 2792 fratres,
809 2725 857 2782 si
888 2734 1092 2787 aeterna
1133 2724 1422 2782 vocatione
1460 2741 1491 2782 a
1524 2724 1636 2784 Deo
1656 2726 1841 2784 vocari
1860 2727 2138 2795 volumus,

547 2832 652 2873 nos
687 2826 1004 2889 peccatores
1033 2825 1090 2873 et
1122 2815 1417 2875 credamus
1437 2827 1491 2874 et
1513 2818 1893 2876 conﬁteamur.
1936 2817 2141 2894 Lacry—

548 2910 657 2964 mis
678 2924 822 2966 verte
842 2908 1195 2981 paenitentiae,
1226 2919 1283 2965 et
1313 2910 1576 2983 operibus
1598 2912 1991 2970 misericordiae
2011 2927 2141 2987 pec-

546 3011 672 3058 cata
699 3012 885 3060 nostra
909 3002 1264 3069 rcdimamus,
1285 3017 1503 3074 semper
1526 3002 1580 3059 in
1603 3004 1783 3062 oculis
1811 3006 2016 3063 nostris
2037 3021 2141 3065 nos

549 3094 786 3151 humiles
808 3093 1127 3161 habeamus,
1144 3109 1247 3151 nos
1262 3109 1479 3166 semper
1492 3094 1827 3167 iudicemus,
1848 3097 1989 3156 alios
2010 3114 2140 3155 vero

533 3201 767 3258 semper
796 3187 1048 3259 judicare
1079 3200 1374 3243 caveamus
1401 3204 1417 3255 ;
1446 3197 1762 3257 peccatores
1795 3190 1975 3247 nullos
2013 3205 2140 3248 con-
2166 3200 2212 3262 (ς

547 3289 879 3346 temnamus,
916 3278 1010 3336 sed
1036 3278 1252 3336 blandis
1292 3280 1729 3339 correctionibus
1769 3296 1867 3340 eos
1911 3282 2022 3341 Deo
2060 3284 2139 3341 lu-

487 3376 495 3385 ‘
547 3374 690 3430 crari
716 3384 1066 3447 satagamus;
1089 3374 1157 3431 ad
1195 3375 1505 3447 exemplum
1532 3375 1676 3432 beati
1714 3376 1953 3435 Μαιηιωὶ
1981 3394 2137 3436 mun—

545 3469 676 3524 dum
703 3478 1145 3537 contemnamus,
1170 3478 1225 3525 et
1249 3469 1317 3524 ad
1354 3467 1525 3525 Deum
1560 3478 1675 3527 toto
1697 3470 1970 3529 desiderio
1991 3470 2138 3530 festi-

549 3577 764 3619 nemus.
787 3560 944 3630 Quod
971 3560 1119 3618 illius
1153 3561 1546 3618 intercessione
1577 3561 1737 3619 nobis
1761 3572 1970 3619 annuat
1991 3562 2136 3620 Deus

435 3709 439 3713 .
547 3664 601 3709 ct
625 3652 895 3712 Dominus
920 3663 1108 3711 noster
1141 3650 1304 3710 Jesus
1327 3652 1605 3723 Christus,
1628 3653 1870 3727 quicum
1898 3653 2059 3713 Patre
2081 3666 2137 3712 et

548 3742 759 3816 Spiritu
800 3751 994 3800 sancto
1036 3743 1171 3800 vivit
1206 3753 1263 3800 ct
1298 3752 1486 3816 regnat
1518 3742 1683 3813 Deus,
1716 3760 1811 3816 per
1832 3747 2019 3802 omnia
2041 3761 2138 3802 sa:-

545 3837 669 3891 cula
692 3836 1042 3892 smculorum.
1066 3835 1263 3891 Amen.

624 3925 680 3983 S.
707 3926 996 3985 Mattlueus
1017 3928 1302 4001 apostolus
1330 3926 1549 3999 (Matth.
1578 3943 1662 3999 Ix;
1689 3926 1819 3984 Luc.
1843 3929 1918 3999 v).

652 4019 770 4145 9'5)
791 4018 1307 4104 Progredienstunc
1329 4018 1455 4077 inde
1476 4019 1545 4077 ad
1568 4020 1852 4103 vectigalia
1884 4019 2049 4103 vidit,

698 4105 930 4145 onsessu
954 4108 1006 4145 in
1033 4092 1232 4145 medio.
1263 4089 1576 4145 Matthmum
1602 4100 1884 4145 :nrottnus
1918 4091 1993 4145 IIII

698 4089 930 4163 onsessu
954 4092 1006 4147 in
1033 4092 1232 4159 medio,
1263 4089 1576 4163 Matthazum
1602 4089 1884 4163 :protinus
1918 4091 1993 4146 illi

656 4160 949 4234 Discipulis
971 4163 1176 4234 hrerere
1199 4163 1374 4234 jubet;
1399 4162 1535 4219 nihil
1560 4160 1652 4219 ille
1669 4177 1931 4221 recusans
1949 4203 1965 4231 ,

653 4231 890 4303 Imperio
912 4232 1117 4290 Christi
1140 4231 1315 4305 paret,
1338 4234 1647 4315 gaudetque
1664 4244 1906 4290 secutus.

618 4322 733 4396 (It)
776 4320 1074 4396 Deisancto
1101 4324 1357 4396 Matthan
1393 4324 1558 4381 habet
1588 4323 1706 4396 haec
1740 4323 2012 4383 Eusebius
2042 4343 2137 4384 no-

547 4393 877 4467 stc'r_:'tSed
919 4405 974 4450 ct
1020 4396 1216 4467 reliqui
1262 4394 1480 4467 Domini
1520 4411 1587 4467 ac
1622 4393 1924 4467 Salvatoris
1958 4400 2132 4455 nostri

545 4465 824 4540 discipuli,
849 4481 957 4521 non
982 4465 1160 4537 solum
1191 4481 1258 4522 ex
1285 4465 1397 4540 illis
1415 4465 1723 4540 duodecim,
1754 4467 1852 4540 sed
1885 4476 1942 4523 et
1966 4469 2014 4540 si
2026 4470 2131 4540 qui

2245 568 2433 683 postea
2542 557 2798 614 Graecum
2820 557 3187 643 transtulerit,
3200 557 3309 615 rion
3327 562 3456 617 satis
3476 557 3644 648 certant
3658 557 3724 623 est.

2288 645 2418 683 erro
2464 644 2645 683 ipsum
2688 628 3016 683 IIebraicum
3052 631 3286 683 habetur
3333 648 3500 683 usaue
3541 635 3660 683 hcine
3691 638 3724 683 in

2245 628 2418 685 Porro
2464 630 2645 700 ipsum
2688 628 3016 686 Ilebraicum
3052 631 3286 686 habetur
3333 648 3367 688 u
3436 648 3500 689 ue
3541 635 3660 692 hodie
3691 638 3728 693 in

2243 699 2570 785 (inesariensi
2617 699 3210 785 bibliotheca,mquam
3250 649 3567 785 Pamsé'iyius
3593 718 3730 785 martyr

2243 771 2649 848 studiosissime
2666 771 2921 848 cqnfeeitt
2946 771 3084 828 Mihi
3107 787 3335 848 quoque
3356 771 3653 848 a'Nazarssis,
3669 771 3731 848 qui

2245 841 2300 916 I”
2325 840 2528 916 39m
2553 841 2881 916 QPN‘Sﬂig
2904 840 3317 916 hoc_volumine
3335 854 3567 916 utuntur,

2244 912 2530 992 bendique
2556 911 2789 971 facultas
2837 911 2960 970 fuit.
3003 912 3070 992 _I_n
3117 929 3234 992 quo
3287 911 3733 992 animadvertendum

2245 984 2391 1066 quod
2428 983 2781 1069 ubicunque“
2794 983 3165 1069 evangelista,
3189 984 3307 1069 sive
3346 1001 3418 1069 ex
3440 983 3732 1069 personam,

2245 1055 2361 1110 sive
2381 1070 2448 1110 ex
2468 1054 2713 1129 persona
2740 1054 2963 1129 Domini
2986 1056 3308 1122 Salvatoris,
3340 1054 3526 1129 vetérjs
3561 1054 3734 1129 Scripta;

2247 1142 2321 1181 ra:
2357 1125 2688 1198 testimoniis
2718 1127 2927 1193 utitur,
2983 1142 3094 1183 non
3151 1136 3417 1198 sequatur
3466 1125 3733 1198 Septuaginta

2244 1197 2635 1272 translatorum
2667 1198 3072 1272 auctoritatem,
3100 1198 3195 1253 sed
3221 1197 3737 1272 Hebraicam,equibus

2246 1267 2336 1340 illa
2382 1268 2492 1323 duo
2536 1278 2668 1325 sunt
2721 1287 2734 1323 :
2784 1267 2873 1323 Ea:
2912 1268 3147 1340 Egypto
3176 1270 3358 1340 vocavi
3407 1267 3587 1323 Filium
3614 1267 3737 1326 nam

2247 1337 2475 1412 (Matth.
2530 1340 2641 1412 It);
2706 1348 2762 1395 et
2810 1358 2823 1395 :

2247 1410 2400 1476 (ibid.
2409 1411 2451 1479 ).

2876 1338 3148 1407 Quanam
3211 1338 3500 1395 Nummus
3545 1341 3740 1396 vocabitur

2896 1545 3161 1602 XXXVIII

2376 1651 2427 1691 IN
2468 1651 2633 1695 FESTO
2672 1651 3010 1695 ANGELOIIUI.
3035 1652 3211 1695 SEBIO
3249 1654 3319 1694 DE
3353 1655 3645 1697 APOCALYPSI.

2315 1771 2544 1827 Factum
2561 1780 2641 1829 est
2660 1772 2909 1843 praelium
2936 1789 3185 1846 magum
3227 1773 3288 1830 in
3332 1774 3475 1844 calo,
3500 1775 3684 1832 Michael
3713 1788 3749 1833 et

2243 1864 2420 1939 angeli
2449 1865 2565 1936 ejus
2599 1865 2995 1937 prwliabantur
3029 1883 3149 1921 cum
3196 1867 3441 1936 dracone,
3459 1877 3505 1923 et
3527 1869 3657 1925 draco
3678 1888 3751 1940 ρι-

2243 1957 2440 2030 gnabat
2462 1965 2513 2012 et
2544 1956 2719 2030 angeli
2740 1956 2856 2029 ejus
2879 1956 3069 2030 (Αροο.
3101 1956 3358 2030 xu).IIac
3380 1959 3433 2014 in
3464 1960 3656 2029 visione,
3670 1959 3753 2016 ira-

2244 2057 2357 2104 tres
2383 2045 2697 2103 charissimi
2730 2088 2747 2114 ,
2781 2046 3082 2104 revelatum
3107 2055 3195 2103 est
3222 2062 3254 2103 a
3286 2046 3396 2104 Deo
3412 2047 3749 2119 Joannnetpu

2241 2154 2369 2196 eum
2397 2138 2578 2206 nobis,
2602 2139 2780 2197 sancti
2834 2140 3013 2212 angeli
3055 2155 3224 2211 quam
3255 2140 3366 2198 sint
3382 2140 3575 2198 solliciti
3594 2143 3752 2215 euigi-

2154 2252 2157 2255 ·
2244 2234 2323 2291 les
2346 2233 2400 2289 in
2436 2233 2605 2290 tutela
2624 2242 2681 2290 et
2708 2234 3030 2293 defensione
3055 2244 3269 2302 nostra,
3310 2247 3366 2293 et
3402 2248 3634 2308 quantum
3656 2255 3757 2310 gan-

2241 2323 2409 2381 dcant
2430 2324 2499 2380 de
2520 2322 2768 2396 profectu
2793 2335 2849 2380 et
2870 2324 3047 2384 salute
3072 2335 3284 2383 nostra.
3300 2326 3437 2383 Sunt
3454 2336 3609 2384 autem
3632 2329 3757 2400 huius
3832 2334 3833 2373 ι

2243 2413 2498 2474 lectionis
2527 2423 2640 2471 tres
2673 2424 2879 2487 partes.
2912 2415 3103 2473 Primo
3122 2418 3272 2474 enim
3294 2419 3426 2474 dicit
3445 2420 3656 2491 praelium
3672 2436 3761 2475 ua-

2241 2521 2411 2579 gnum
2433 2505 2638 2563 factum
2674 2523 2799 2566 esse
2839 2510 2894 2564 in
2924 2509 3066 2567 coelo
3094 2510 3237 2567 inter
3260 2510 3557 2568 Michaelem
3585 2522 3636 2568 et
3661 2512 3759 2568 (ιη-
3832 2550 3833 2555 η

2241 2613 2459 2655 cenem.
2485 2597 2741 2656 Secundo
2769 2600 2904 2657 dicit
2925 2600 3224 2657 draconem
3246 2601 3465 2658 victum.
3488 2601 3642 2659 Tertio
3663 2603 3765 2658 dicit
3832 2644 3833 2647 η

2242 2690 2372 2748 hinc
2397 2706 2657 2765 magnam
2698 2693 3125 2750 exsultationem
3160 2694 3219 2749 in
3265 2695 3406 2751 calo
3444 2694 3615 2752 factam
3650 2711 3763 2752 esse.

2239 2781 2486 2838 Primum
2514 2782 2681 2855 igitur
2705 2784 2854 2867 dicit.
2886 2804 2899 2841 :
2944 2784 3180 2842 Factum
3206 2796 3287 2843 est
3315 2787 3541 2857 pretim
3562 2804 3769 2860 magna:

2240 2876 2295 2929 in
2317 2872 2467 2929 caelo.
2503 2872 2718 2931 Dicitur
2745 2885 2929 2933 autem
2966 2876 3059 2935 nic
3084 2876 3336 2949 praelium
3364 2878 3609 2951 quoddam
3634 2886 3773 2934 certa-
3832 2924 3833 2931 η

2239 2981 2366 3024 men
2420 2967 2725 3037 invisibile,
2764 2970 2914 3042 quod
2945 2970 3151 3027 habent
3200 2970 3333 3029 boni
3369 2972 3570 3045 spiritus
3608 2974 3776 3026 adrer-

2240 3067 2338 3110 sus
2406 3054 2585 3111 malos
2648 3055 2880 3133 spiritus
2920 3098 2937 3127 ,
2994 3067 3053 3114 et
3108 3058 3242 3116 mali
3292 3060 3510 3131 spiritus
3548 3059 3780 3117 adversus
3832 3070 3833 3133 ξ

2243 3144 2419 3203 bonos
2454 3147 2704 3218 spiritus,
2758 3163 2860 3220 pro
2911 3150 3282 3223 acquisitione
3335 3153 3614 3209 hominum.
3667 3151 3783 3206 Betti

2245 3236 2448 3317 quippe
2477 3238 2706 3310 spiritus
2743 3240 2994 3298 nituntur
3021 3243 3278 3301 homines
3298 3245 3505 3302 trahere
3525 3246 3573 3301 in
3601 3254 3784 3317 partem
3832 3294 3833 3299 η

2244 3343 2427 3393 suam,
2450 3339 2504 3386 et
2524 3329 2726 3388 lucrari
2751 3346 2849 3388 eos
2872 3330 3005 3400 Deo,
3030 3333 3149 3389 sola
3175 3335 3339 3392 tracti
3367 3335 3589 3392 bonitate
3608 3343 3664 3390 α
3683 3333 3793 3390 cha-

2242 3422 2405 3480 ritate
2432 3421 2525 3480 Dei
2571 3433 2627 3481 et
2682 3423 2903 3481 Domini
2955 3425 3070 3494 sui,
3110 3435 3167 3484 et
3204 3427 3489 3492 hominum
3514 3426 3787 3484 concivium
3832 3466 3833 3525 ι

2242 3531 2495 3573 suorum.
2524 3517 2958 3588 Gaudentenim,
2983 3520 3051 3576 ad
3069 3522 3384 3593 exemplum
3411 3530 3463 3578 et
3480 3521 3540 3577 ad
3567 3521 3795 3576 roluuta—

2241 3617 2351 3665 tem
2376 3608 2471 3666 Dei
2499 3611 2645 3684 regis
2669 3611 2779 3679 sui,
2799 3628 2901 3684 pro
2926 3614 3250 3673 hominibus
3271 3631 3540 3690 pugnare,
3564 3630 3667 3688 pro
3689 3615 3794 3688 qui-
3832 3608 3833 3675 ἶ

2242 3705 2348 3764 bus
2369 3706 2554 3765 vident
2577 3707 2759 3780 ipsum
2788 3709 2845 3765 in
2875 3725 3113 3782 persona
3136 3727 3237 3769 sua
3266 3728 3546 3787 pugnasse.
3568 3711 3803 3769 Gaudent
3832 3728 3833 3777 ξ

2240 3814 2462 3871 quoque
2485 3800 2736 3859 homines
2762 3802 2832 3858 ad
2859 3818 2919 3860 se
2943 3803 3190 3873 trahere,
3209 3806 3283 3877 de
3299 3806 3497 3878 quibus
3512 3816 3803 3877 διεμειδία
3832 3868 3833 3873 η

2240 3890 2664 3949 diminutionem
2689 3892 2906 3949 numeri
2932 3893 3020 3950 sui
3060 3895 3423 3965 reparandam
3465 3910 3599 3952 esse.
3642 3891 3807 3950 Econ-

2242 3992 2326 4038 tra
2377 3998 2599 4055 quoque
2639 3984 2866 4057 maligni
2923 3986 3155 4059 spiritus
3206 3976 3460 4045 nituntur
3480 3988 3731 4044 homines
3765 3986 3833 4039 in

2240 4089 2401 4131 suam
2424 4084 2636 4148 partem
2664 4077 2903 4147 trahere,
2925 4089 2983 4137 et
3008 4095 3125 4137 suae
3151 4080 3522 4138 damnationis
3539 4088 3833 4137 consents

2248 4167 2472 4237 habere,
2496 4169 2615 4227 sola
2646 4170 2796 4228 ducti
2817 4171 3026 4228 malitia
3049 4182 3109 4233 et
3133 4173 3365 4243 invidia,
3389 4175 3442 4230 in
3467 4190 3578 4247 qua
3601 4182 3734 4230 sunt
3756 4164 3833 4225 ita;

2241 4255 2479 4314 indurati
2513 4259 2661 4343 quod
2696 4261 2908 4318 nullum
2932 4262 3141 4319 bonum
3170 4263 3407 4337 diligere
3424 4271 3663 4337 possunt
3689 4308 3707 4329 ,
3738 4261 3833 4327 sed,

2239 4350 2435 4408 alienis
2455 4354 2806 4411 successibus
2830 4370 3047 4429 semper
3075 4356 3411 4426 invident,et
3433 4373 3525 4415 eos
3552 4372 3667 4429 pro
3681 4370 3833 4429 9055:“

2239 4456 2344 4498 suo
2372 4442 2696 4515 impediunt,
2745 4444 3020 4519 praecipue
3057 4450 3463 4519 promotionem
3491 4450 3746 4507 hominis
3770 4445 3833 4503 ali

546 4534 703 4615 extra
740 4537 888 4615 hunc
927 4536 1250 4615 numerum,
1297 4536 1366 4593 de
1384 4536 1573 4615 schola
1596 4534 1789 4615 tamen
1822 4534 2134 4615 Domini'ct
2166 4554 2210 4612 ι)
2238 4534 2467 4607 gloriam
2493 4576 2510 4604 ,
2560 4536 2630 4593 dc
2681 4554 2793 4611 qua
2834 4539 2937 4612 ipsi
2969 4556 3068 4612 per
3113 4542 3432 4615 superbiam
3476 4546 3833 4599 θοι-πιδηιὲ

548 4606 849 4688 Salyatoris
872 4608 1045 4689 nostri
1074 4622 1387 4692 sermonem
1410 4606 1945 4692 aliquem_divinitus
1968 4609 2136 4692 inspi-

545 4677 671 4745 rati,
709 4678 987 4734 memoriae
1016 4678 1373 4748 reliquerunt,
1410 4677 1627 4748 brevem
1666 4678 1813 4736 hanc
1830 4688 1886 4736 et
1921 4677 2134 4737 succin-

545 4758 699 4822 ctum
717 4749 1019 4822 peremnia
1042 4747 1166 4805 esse
1191 4749 1499 4822 voluerunt.
1544 4747 1715 4822 Igitur
1746 4765 1814 4806 ex
1845 4750 2132 4822 discipulis

545 4817 785 4887 Domini,
816 4818 1105 4875 Matthteus
1143 4819 1521 4876 tantummodo
1549 4817 1603 4876 et
1623 4818 1863 4878 Joannes
1894 4821 1963 4877 ad
1987 4817 2130 4881 'scri-

544 4889 785 4946 bendum
830 4890 1107 4961 appulisse
1151 4887 1398 4946 animum
1446 4890 1756 4957 traduntur,
1803 4892 2130 4950 necessitate

544 4960 882 5031 quadamin
908 4960 1030 5015 hoc
1068 4960 1249 5031 ipsum
1292 4960 1593 5031 provocati.
1646 4961 1935 5020 Mattheus
1976 4962 2125 5019 enim

544 5030 724 5104 primo
765 5030 1010 5104 Hebraeis
1062 5030 1412 5104 praedicabat.
1473 5030 1676 5090 Verum
1731 5048 1860 5089 cum
1914 5042 2135 5104 pararet

546 5102 783 5176 transire
823 5102 893 5157 ad
921 5101 1131 5172 gentes,
1162 5102 1336 5176 patria
1376 5101 1564 5176 lingua
1608 5101 1942 5176 scripturam
1985 5119 2133 5161 com-

544 5172 750 5247 posuit,
784 5182 843 5247 et
864 5187 930 5228 ea
956 5188 1080 5247 qua:
1116 5172 1441 5247 praedicaret
1462 5172 1979 5247 comprehende”,
2031 5175 2132 5232 de-

547 5240 769 5312 reliquit
792 5240 878 5300 his
902 5240 1341 5311 ad'memoriam,
1372 5260 1405 5301 a
1432 5240 1636 5312 quibus
1664 5240 2130 5312 proﬁciscebatur,

547 5261 769 5312 reliquit
793 5261 878 5300 ms
902 5261 970 5299 au
996 5261 1341 5311 memonam,
1372 5261 1405 5301 a
1471 5261 1636 5303 uinus
1699 5261 2130 5312 rouciscenatur,

545 5321 608 5396 ut
631 5313 882 5396 gentibus
920 5315 1259 5396 praedicaret.
1300 5261 1607 5396 Posﬁiunc
1648 5262 1920 5396 {neget
1941 5314 2137 5396 _Mar_ei

547 5381 829 5459 “Scriptura
850 5381 1234 5459 evangelica,»
1264 5395 1395 5459 etc.,
1410 5387 1507 5459 lib.
1535 5404 1619 5454 ιιι,
1637 5402 1758 5459 cap.
1781 5387 1875 5443 24.
1900 5386 2046 5459 Idem
2063 5388 2133 5443 de

544 5452 838 5529 Evangelio
858 5452 1095 5529 Μαιώξὶ
1111 5452 1673 5529 Ηρὺναίοθέονὶρ-ιρη.
1699 5452 1782 5525 in,
1804 5474 1855 5523 c.
1877 5458 1967 5515 39.
1992 5457 2127 5515 Item

543 5527 582 5581 ι.
612 5542 666 5596 v,
704 5527 885 5601 ἀμ).
931 5528 995 5586 D.
1028 5527 1423 5601 Hieronymus,
1446 5527 1677 5601 in'Viris
1707 5530 2034 5601 illustribus,
2061 5529 2131 5586 de

541 5607 733 5672 sancto
779 5598 1167 5672 Mattliaeoisic
1198 5598 1594 5672 :tMatthaeus
1638 5601 1733 5672 qui
1781 5611 1837 5656 et
1880 5599 2030 5669 Levi,
2060 5616 2129 5657 ex

540 5671 834 5744 publicano
858 5671 1164 5744 apostolus,
1203 5670 1419 5744 primus
1449 5671 1505 5725 in
1545 5669 1733 5744 Iudaea
1779 5681 2003 5744 propter
2030 5686 2129 5744 eos

539 5741 634 5812 qui
649 5758 717 5801 ex
737 5740 1159 5800 circumcisione
1174 5740 1540 5808 crediderant,
1558 5740 1908 5815 Evangelium
1924 5740 2128 5799 Christi

611 5878 724 5943 (l3)
761 5877 837 5933 Ex
867 5878 1109 5934 iuvenco
1139 5875 1455 5948 presbytero
1482 5874 1725 5947 Ilispano

2241 4624 2451 4683 Dicitur
2474 4635 2658 4686 autem
2684 4629 2788 4687 hoc
2816 4632 3065 4703 praelium
3094 4648 3382 4705 magnum,
3412 4635 3693 4706 quoniam
3730 4638 3834 4693 πεῖ-4

2234 4718 2325 4789 {ini
2348 4728 2479 4776 sunt
2498 4720 2595 4792 qui
2617 4732 2885 4795 pugnant,
2910 4739 3146 4796 magnus
3170 4725 3406 4784 eﬂ'cetus
3446 4741 3520 4783 ex
3573 4744 3698 4800 quo
3744 4743 3834 4797 με

2233 4820 2422 4884 gnant,
2436 4820 2493 4869 et
2511 4828 2709 4887 magna
2740 4830 2910 4872 causa
2935 4830 3037 4888 pro
3062 4833 3173 4889 qua
3204 4828 3472 4891 pugnant.
3498 4818 3705 4895 Magni
3722 4806 3834 4887 sant

2234 4904 2331 4976 qui
2355 4914 2628 4977 pugnant,
2654 4908 2916 4978 quoniam
2954 4918 3067 4965 tam
3096 4909 3230 4966 boni
3257 4926 3427 4982 quam
3467 4912 3624 4968 mali
3653 4911 3834 4983 angeli,

2235 4998 2474 5055 naturali
2499 4999 2702 5057 virtute
2725 5009 2782 5057 et
2802 5000 3032 5058 scientia
3062 5010 3195 5060 sunt
3215 5004 3423 5074 magni.
3438 5002 3518 5060 Et
3552 5006 3711 5064 sicut

2235 5091 2413 5164 angeli
2434 5101 2565 5149 sunt
2594 5094 2780 5166 magni
2802 5093 2858 5149 in
2886 5094 3134 5152 bonitate
3158 5104 3215 5151 et
3241 5095 3592 5167 virtutibus,
3632 5100 3711 5154 ita
3730 5090 3834 5167 Idi

2235 5184 2412 5256 angeli
2433 5193 2564 5241 sunt
2587 5186 2774 5258 magni
2794 5184 2849 5242 in
2872 5187 3081 5245 malitia
3102 5196 3161 5245 et
3177 5187 3615 5247 dolositatibus.
3633 5188 3834 5263 Magna;

2232 5287 2318 5333 est
2350 5275 2578 5335 effectus
2614 5293 2683 5336 ex
2704 5292 2816 5350 quo
2837 5289 3085 5353 pugnant
3104 5322 3121 5348 ,
3167 5281 3436 5352 quoniam
3490 5282 3694 5341 bonos
3713 5275 3834 5353 ext-ii

2234 5376 2315 5423 tat
2371 5368 2441 5424 ad
2491 5368 2849 5449 prmliandum
2924 5368 3145 5429 fervens
3180 5371 3405 5427 dilectio
3452 5370 3655 5449 Regis
3694 5368 3834 5449 aliti

2232 5446 2544 5517 eoneivium
2567 5461 3000 5519 suorum.Malos
3021 5476 3152 5519 vero
3174 5464 3378 5519 excitat
3406 5446 3663 5525 fervens
3681 5446 3834 5525 adad

2231 5562 2284 5609 et
2333 5552 2537 5610 invidia
2582 5569 2749 5626 quam
2802 5554 3006 5626 habent
3055 5556 3115 5612 in
3164 5570 3481 5614 successus
3546 5552 3834 5626 tam

2235 5644 2428 5716 Magna
2450 5656 2536 5703 est
2571 5661 2739 5703 causa
2760 5661 2859 5717 pro
2886 5662 2997 5718 qua
3021 5657 3291 5720 pugnant,
3311 5652 3615 5719 quoniam
3643 5672 3751 5712 non
3770 5644 3834 5724 pd

2235 5746 2405 5810 gnant
2434 5751 2533 5806 pro
2567 5753 2705 5794 auro
2734 5737 2820 5794 vel
2846 5747 3097 5811 argento,
3128 5739 3215 5797 vel
3261 5754 3364 5812 pro
3408 5743 3637 5820 aliquo
3662 5737 3834 5820 ended

2308 5874 2422 5946 (l4)
2460 5872 2539 5930 Ex
2573 5872 2770 5931 Euseb.
2802 5872 3162 5943 Caesariensi.
