3844 6318
475 354 611 409 N39

1752 342 2099 402 RADULPHI
2133 341 2481 398 ARDENTIS

3558 357 3654 450 iii.

473 484 568 540 per
610 476 834 538 peccata
872 467 1215 523 accusabiles
1241 475 1295 521 et
1331 464 1566 521 infames
1597 463 1796 519 facere.
1828 461 1932 528 Qui
1961 477 2054 514 ac-
2084 461 2134 524 Α
2161 455 2494 515 charissimi.
2513 453 2699 510 Primo
2724 454 2892 523 enim,
2917 455 3171 528 discipuli
3191 462 3659 532 quaeruntabomno

472 559 693 613 cusabat
715 559 860 625 illos,
892 559 1090 630 inquit,
1128 560 1182 612 in
1219 565 1496 627 conspectu
1527 554 1626 610 Dei
1660 556 1827 608 nostri
1866 554 1953 612 die
1996 569 2059 606 ac

473 661 642 705 nocte.
673 650 890 718 Quanta
922 660 1004 707 est
1038 651 1275 722 proditio
1312 659 1367 704 et
1396 648 1549 703 fraus
1578 647 1811 714 diaboli,
1861 645 2060 701 fratres

473 741 608 809 mei,
631 741 823 811 quide
855 741 963 796 hoc
991 740 1138 810 quod
1173 739 1332 794 nobis
1375 739 1616 809 suggerit
1657 753 1758 792 nos
1801 737 2055 792 accusat!

470 831 581 888 Nec
613 832 671 887 in
704 841 998 904 conspectu
1034 831 1347 903 cujuslibet,
1381 831 1474 886 sed
1501 829 1557 884 in
1591 838 1890 899 conspectu
1941 828 2056 883 Dei.

471 925 547 980 Ea
572 940 814 995 namque
841 924 1078 979 maxime
1115 923 1357 994 suggerit
1379 923 1538 978 nobis
1568 937 1690 993 qua:
1733 922 1856 992 plus
1887 920 2060 976 offen-

468 1017 601 1072 dant
650 1015 824 1072 Deum
851 1031 1015 1086 quam
1069 1015 1338 1074 homines.
1389 1013 1738 1085 Parvipendit
1770 1015 1916 1068 enim
1964 1013 2062 1067 ali—

468 1123 611 1178 quos
635 1106 904 1162 infamare
929 1115 1141 1162 tantum
1171 1115 1296 1162 ante
1325 1106 1600 1172 homines,
1628 1105 1735 1162 nisi
1771 1121 1912 1176 quos
1933 1114 2062 1160 ante

471 1198 645 1254 Deum
685 1197 955 1254 infamare
982 1213 1095 1254 non
1116 1208 1314 1268 potest.
1341 1197 1410 1253 Et
1431 1198 1535 1254 hoc
1565 1197 1696 1254 facit
1723 1198 1811 1254 die
1845 1213 1910 1253 ac
1939 1212 2060 1263 ,ηο-

467 1291 669 1358 Cte,.id
709 1301 792 1347 est
821 1306 1059 1362 semper.
1086 1291 1152 1347 Et
1189 1308 1352 1362 quam
1394 1293 1670 1349 timendus
1719 1301 1822 1358 est,
1864 1291 2062 1347 fratres

467 1382 598 1448 mei,
631 1383 728 1453 qui
770 1400 1053 1455 nunquam
1081 1385 1306 1452 dormit,
1363 1386 1456 1440 sed
1513 1401 1728 1456 semper
1774 1385 1828 1440 in
1882 1385 2064 1456 perni-

468 1475 607 1530 ciem
632 1483 877 1531 nostram
897 1477 1104 1548 vigilat!
1131 1477 1453 1548 Propterea,
1478 1477 1696 1543 fratres,
1725 1485 1919 1534 contra
1944 1477 2064 1548 ejus

469 1567 700 1625 insidias
724 1569 1039 1641 vigilemus,
1072 1579 1127 1625 et
1150 1570 1278 1641 quia
1323 1570 1624 1640 aliquando
1675 1585 1778 1625 nos
1822 1568 2063 1626 dormire

468 1673 698 1715 necesse
726 1667 834 1726 est,
859 1668 1042 1715 tamen
1069 1668 1220 1715 tanta
1269 1658 1540 1715 faciamus
1587 1658 1894 1731 vigilantes,
1940 1674 2064 1728 qum

468 1765 572 1808 nos
607 1752 922 1807 custodiant
947 1752 1304 1807 dormientes.
1338 1751 1404 1806 Et
1426 1767 1534 1807 non
1565 1752 1740 1808 solum
1765 1767 1796 1806 a
1826 1750 1938 1805 Deo
1958 1767 2058 1805 au-

2162 547 2289 620 qnis
2320 547 2392 603 sit
2419 545 2595 617 major
2619 545 2676 600 in
2707 560 2876 616 regno
2909 547 3198 604 calorum.
3220 548 3477 620 Secundo,
3499 571 3661 628 respon-

2164 639 2257 696 det
2286 639 2552 695 Dominus
2583 638 2684 694 eis.
2711 636 2897 694 Tertio
2915 681 2932 706 ,
2960 640 3304 704 demonstrat
3331 655 3561 714 quantum
3595 651 3661 708 ho.

2165 749 2297 788 num
2328 733 2400 788 sit
2424 731 2686 802 parvulos
2710 730 2764 785 in
2795 746 2895 786 suo
2919 733 3144 800 nomine
3169 735 3455 805 suscipere.
3490 738 3664 810 Quarto,

2166 833 2437 896 quantum
2470 823 2675 878 malum
2708 821 2780 878 sit
2820 839 2915 878 eos
2942 823 3338 880 scandalizare.
3383 826 3667 896 Quinto,eos

2159 916 2316 986 jubet
2361 915 2798 971 scandalizantes
2841 915 3066 970 evitare.
3101 915 3287 984 Sexto,
3318 920 3531 975 ostendit
3553 938 3668 992 quare

2164 1007 2350 1079 pusilli
2375 1022 2484 1062 non
2511 1008 2744 1063 debeant
2765 1008 3064 1074 contemni.
3089 1007 3278 1065 Primo
3298 1009 3670 1086 igitur,discipuli

2164 1108 2420 1170 quaarunt
2445 1115 2476 1154 a
2505 1098 2738 1154 Domino
2774 1118 2787 1153 :
2822 1099 2954 1164 Quis
2979 1110 3138 1170 putas
3169 1101 3342 1171 major
3376 1114 3448 1156 est
3489 1105 3536 1158 in
3565 1124 3671 1178 regno

2165 1188 2454 1243 castorum?
2481 1188 2637 1244 Alius
2659 1191 2993 1261 evangelista
3014 1190 3149 1246 dicit
3174 1210 3189 1246 :
3211 1211 3228 1243 ι
3247 1191 3408 1247 Facta
3425 1203 3502 1250 est
3519 1207 3675 1253 conten-

2166 1282 2243 1349 tio
2266 1283 2409 1338 inter
2432 1282 2754 1352 discipulos,
2778 1283 2904 1354 quis
2925 1298 3124 1340 eorum
3144 1284 3536 1344 videreturesse
3552 1291 3676 1361 major

2167 1373 2322 1446 (Luc.
2347 1377 2506 1445 xxn).
2522 1394 2539 1426 ι
2559 1374 2752 1443 Porro,
2772 1391 2897 1432 cum
2912 1378 3096 1434 omnis
3124 1379 3308 1434 anima
3328 1389 3496 1436 creata
3512 1382 3570 1437 sit
3582 1399 3677 1438 eon-

2165 1467 2504 1539 cupiscibilis
2521 1477 2575 1524 et
2597 1469 3183 1538 irascibilis,innatun
3209 1479 3294 1528 est
3317 1472 3460 1527 omni
3477 1474 3678 1531 animat

2164 1561 2490 1616 naturaliter
2509 1561 2868 1632 concupiscat
2887 1561 3194 1633 profectum
3217 1574 3272 1620 et
3292 1564 3534 1620 honorem
3548 1583 3678 1625 suam.

2163 1651 2301 1706 Cum
2332 1665 2464 1723 ergo
2485 1651 2670 1707 anima
2686 1653 3190 1725 concupiscitquod
3215 1655 3377 1711 debet
3403 1664 3456 1712 et
3474 1659 3680 1728 quomodo

2163 1742 2344 1811 debet,
2361 1744 2504 1800 bona
2516 1753 2597 1800 est
2617 1745 2742 1800 talis
2759 1745 3200 1816 cupiditas.Mala
3216 1748 3360 1803 enim
3376 1747 3683 1820 fuitcupiditsa

471 1850 624 1899 ctore
665 1843 918 1902 diabolus
945 1845 1153 1916 ejectus
1199 1856 1304 1913 est,
1349 1845 1462 1901 imo
1490 1846 1656 1902 etiam
1687 1845 1814 1917 ipsi,
1863 1844 2060 1916 inquit,
2093 1825 2138 1884 Β
2168 1835 2345 1905 3088“
2376 1836 2768 1906 θροεῑθῑωνίῖιιί
2796 1850 2893 1907 Per
2914 1837 3685 1914 ambitionemcupiviusceodr

471 1937 668 2007 fratres
690 1939 858 1992 nostri
885 1938 1122 1993 vicerunt
1143 1957 1284 2008 eum,
1318 1940 1429 1995 Deo
1464 1940 1519 1995 in
1551 1939 1685 2010 ipsis
1717 1948 1772 1994 et
1819 1954 1916 2010 per
1965 1955 2062 1996 eos

470 2037 772 2100 pugnante.
807 2028 877 2085 Et
917 2038 1139 2102 propter
1176 2031 1305 2102 quid
1356 2032 1606 2087 vicerunt
1649 2031 1812 2086 eum?
1850 2039 2063 2103 propter

471 2124 786 2192 sanguinem
811 2123 972 2195 Agni,
989 2125 1042 2181 id
1063 2134 1148 2182 est
1167 2135 1388 2196 propter
1422 2125 1580 2180 fidem
1605 2125 1880 2196 passionis
1898 2124 2058 2198 Agni.

471 2212 542 2270 Et
570 2215 699 2285 quia
731 2216 846 2277 sola,
877 2217 1013 2274 fides
1048 2233 1156 2273 non
1185 2217 1385 2274 sufficit
1433 2218 1644 2274 homini
1672 2218 1894 2274 habenti
1919 2227 2062 2274 tem-

471 2321 577 2377 pus
605 2307 921 2378 confitendi,
946 2309 1096 2365 addit
1136 2328 1152 2364 :
1183 2309 1254 2364 Et
1277 2327 1368 2381 per
1402 2311 1613 2366 verbum
1639 2311 1962 2377 testimonii,
2010 2310 2062 2370 id

471 2406 555 2452 est
583 2397 1007 2455 confessionem.
1051 2418 1070 2452 ‹
1103 2398 1281 2457 Corde
1320 2400 1465 2455 enim
1521 2401 1762 2458 creditur
1807 2401 1874 2456 ad
1898 2400 2064 2471 justi-

471 2492 738 2558 tiam,ore
765 2500 948 2548 autem
979 2492 1258 2551 confessio
1276 2493 1334 2549 fit
1363 2494 1432 2550 ad
1464 2493 1696 2550 salutem
1735 2492 1910 2562 (Rom.
1945 2493 2056 2562 x).i

469 2586 539 2643 Et
583 2587 713 2658 quia
747 2603 850 2644 nec
895 2588 1033 2645 fides
1071 2605 1174 2646 nec
1205 2589 1480 2646 confessio
1507 2587 1703 2644 sufficit
1729 2587 1794 2642 ad
1828 2587 2062 2646 salutem

469 2678 693 2735 habenti
734 2689 952 2751 tempus
991 2680 1276 2751 operandi,
1313 2679 1502 2735 addit:
1532 2677 1601 2732 Et
1633 2695 1735 2743 non
1760 2676 2064 2732 dilexerunt

470 2773 700 2839 animus,
719 2773 773 2828 id
806 2782 892 2829 est
913 2773 1056 2829 vitas
1081 2789 1237 2842 suas,
1257 2781 1446 2829 contra
1469 2772 1664 2840 Deum,
1687 2773 1798 2827 imo
1823 2788 1923 2842 pro
1950 2771 2063 2828 Deo

466 2872 777 2932 posuerunt
807 2879 912 2920 eas
931 2879 1106 2934 usque
1132 2865 1200 2920 ad
1236 2872 1490 2920 mortem.
1538 2863 1616 2919 Ac
1651 2863 1698 2917 si
1726 2863 1872 2918 dicat
1905 2881 1916 2915 :
1943 2859 2063 2916 Non

471 2958 652 3010 solum
681 2971 812 3022 sua,
836 2957 932 3012 sed
964 2956 1128 3012 etiam
1153 2957 1367 3029 seipsos
1397 2973 1497 3028 pro
1522 2956 1745 3012 Christo
1771 2954 2060 3011 dederunt.

467 3046 584 3104 Nos
615 3062 856 3118 quoque,
887 3046 1083 3106 fratres
1107 3050 1236 3116 mei,
1264 3050 1310 3104 si
1351 3049 1631 3105 diabolum
1660 3047 1880 3102 vincere
1909 3045 2063 3115 cupi-

471 3156 621 3207 mus,
645 3139 873 3196 ﬁrmiter
896 3140 1210 3209 credamus,
1235 3142 1493 3198 audacter
1519 3143 1897 3205 confiteamur,
1949 3135 2061 3192 for-

473 3234 600 3290 titer
644 3249 748 3304 pro
795 3233 1017 3289 Christo
1049 3251 1323 3306 ponamus
1351 3245 1560 3302 nostra,
1583 3243 1940 3305 nostramque
1963 3247 2062 3287 vo-

471 3325 742 3381 luntatem
768 3333 827 3381 et-
849 3325 1210 3396 voluptatem,
1243 3336 1298 3383 et
1333 3326 1377 3382 si
1407 3328 1571 3382 etiam
1615 3337 1831 3398 tempus
1871 3327 2058 3398 fuerit,

473 3415 718 3471 animam
771 3425 1041 3471 nostram.
1097 3415 1396 3486 Postquam
1430 3426 1613 3472 autem
1660 3433 1765 3473 vox
1817 3420 2060 3490 angelica

470 3506 715 3562 laudavit
744 3505 1035 3562 Dominum
1068 3517 1122 3563 et
1161 3517 1382 3563 sanctos
1407 3509 1528 3578 ejus
1560 3525 1725 3578 super
1761 3509 2062 3580 dejectione

473 3597 695 3664 diaboli,
725 3599 963 3654 ostendit
985 3598 1237 3655 affectum
1263 3615 1428 3654 suum
1455 3600 1718 3670 gaudens,
1753 3609 1812 3657 et
1832 3602 1976 3658 alios
1993 3604 2061 3660 ad

472 3690 818 3760 gaudendum
857 3690 1117 3758 invitans,
1161 3708 1287 3747 cum
1321 3691 1506 3747 subdit
1535 3710 1546 3746 :
1576 3691 1868 3762 Propterea
1907 3693 2063 3748 [teta-

471 3782 631 3850 mini,
653 3781 789 3849 costi,
822 3782 876 3837 id
905 3792 1055 3855 estet
1077 3783 1172 3854 qui
1190 3783 1449 3840 habitatis
1474 3783 1528 3839 in
1556 3785 1656 3840 eis.
1685 3783 1845 3853 Ecce,
1864 3785 2064 3848 fratres

472 3873 606 3940 mei,
645 3875 725 3929 sic
749 3874 985 3945 diligunt
1011 3890 1135 3943 nos,
1154 3875 1234 3933 sic
1256 3891 1470 3948 semper
1492 3886 1738 3949 pugnant
1759 3879 1934 3934 sancti
1964 3896 2063 3934 an-

471 3966 576 4037 geli
630 3981 730 4036 pro
783 3966 964 4033 nobis,
1016 3968 1097 4023 sic
1133 3982 1232 4037 pro
1260 3977 1446 4023 nostra
1489 3968 1720 4024 victoria
1748 3969 1984 4042 gaudent
2011 3983 2067 4028 et

471 4059 694 4114 laudant
723 4057 918 4126 Deum;
945 4074 1046 4115 cur
1066 4059 1230 4130 igitur
1253 4075 1361 4115 non
1389 4061 1695 4116 excitamur
1722 4061 1789 4116 ad
1816 4077 2065 4132 pugnan-

471 4152 644 4206 dum?
669 4167 770 4206 cur
793 4151 874 4207 sic
907 4151 1046 4224 pigri
1093 4168 1192 4222 pro
1222 4152 1382 4208 nobis
1412 4169 1627 4220 sumus,
1671 4169 1798 4209 cum
1840 4155 2064 4225 angelos

471 4244 610 4298 adeo
631 4259 734 4314 pro
765 4243 926 4300 nobis
947 4245 1524 4302 sollicitos-audiamus
1540 4247 1566 4300 ?
1590 4245 1704 4300 Cur
1734 4255 1923 4302 contra
1945 4246 2063 4302 dia-

467 4334 661 4394 bolum
694 4351 802 4390 non
825 4335 1136 4406 vigilamus,
1153 4351 1318 4406 quem
1344 4348 1534 4392 contra
1562 4350 1664 4390 nos
1690 4351 1906 4407 semper
1925 4337 2063 4410 vigi-

469 4427 588 4482 lare
637 4428 884 4484 scimus?
938 4427 1155 4500 itaque,
1200 4427 1404 4484 fratres
1442 4428 1592 4492 mei,
1633 4428 1805 4484 armis
1848 4430 1973 4486 fidei
2011 4441 2066 4488 et

473 4519 766 4575 charitatis-
801 4535 904 4574 nos
937 4536 1248 4586 armemus,
1279 4519 1334 4575 in
1371 4516 1718 4574 orationibus
1749 4519 2061 4592 vigilemus,
2098 4562 2144 4619 ι)

472 4619 663 4666 contra
693 4612 1023 4668 tentationes
1043 4612 1244 4668 diaboli
1267 4611 1482 4666 fortiter
1504 4610 1853 4681 dimicemus,
1874 4630 2066 4686 super-

472 4717 576 4756 nos
607 4702 831 4758 civesin
856 4703 1125 4757 auxilium
1169 4711 1418 4757 nostrum
1463 4701 1820 4771 invocemus,
1869 4719 2062 4762 eorum

472 4793 800 4848 memoriam
845 4808 1173 4850 veneremur
1211 4801 1266 4847 et
1305 4791 1736 4864 frequentemus,
1793 4797 2063 4853 munditia

471 4885 678 4940 mentis
699 4893 753 4939 et
781 4899 1011 4955 operum
1038 4883 1328 4940 sanctitate
1359 4899 1455 4940 eos
1477 4885 1636 4942 nobis
1672 4887 1941 4958 propitios
1975 4888 2062 4944 fa-

470 4976 994 5048 ciamus,quatenus
1019 4976 1240 5032 auxiliis
1263 4984 1318 5031 et
1341 4977 1597 5048 precibus
1625 4993 1818 5034 eorum
1865 4981 2059 5051 adjuti,

473 5067 754 5122 diabolum
782 5081 1064 5136 superare,
1087 5075 1141 5121 et
1165 5083 1290 5123 cum
1313 5069 1619 5126 victoribus
1656 5073 1916 5127 coronari
1943 5089 2062 5128 me-

472 5175 718 5224 reamur,
745 5157 1010 5227 largiente
1038 5157 1151 5215 Deo
1174 5169 1229 5215 et
1250 5161 1480 5217 Domino
1508 5171 1700 5218 nostro
1746 5163 1879 5220 Jesu
1903 5164 2064 5220 Chri-

473 5258 583 5318 sto,
599 5248 694 5320 qui
725 5249 776 5302 in
816 5247 1082 5306 Trinitate
1111 5251 1347 5322 perfecta
1368 5255 1502 5310 vivit
1520 5263 1575 5311 et
1595 5263 1787 5324 regnat
1817 5271 1914 5326 per
1944 5271 2062 5313 om-

473 5341 565 5398 nia
600 5341 798 5397 stecula
824 5342 1163 5400 saeculorum.
1190 5346 1386 5400 Amen.

1146 5436 1392 5491 XXXIX.

692 5542 744 5582 IN
771 5542 948 5584 EODEI
986 5543 1172 5584 πετο.
1209 5544 1384 5587 εειιιιο
1422 5545 1488 5584 ΒΕ
1527 5546 1847 5589 εγΑΝϐειιο.

550 5619 888 5674 Accesserant
919 5619 1195 5678 adlesum
1225 5622 1478 5691 discipuli
1505 5623 1770 5679 dicentes:
1797 5624 1934 5690 Quis
1961 5643 2059 5696 pu-

2163 1943 2224 1983 re
2246 1927 2313 1983 ad
2337 1930 2703 2000 (equalitatem
2721 1929 2991 1987 Dei.Cum
3012 1947 3145 2005 ergo
3158 1932 3412 2004 discipuli
3437 1934 3498 1989 de
3518 1934 3683 2005 ajori-

2163 2028 2274 2077 tate
2306 2021 2360 2076 in
2394 2037 2561 2094 regno
2611 2023 2881 2080 etelorum
2929 2024 3292 2092 contendunt,
3326 2025 3584 2096 dupliciter
3599 2043 3686 2097 pec-

2164 2125 2314 2182 cant,
2343 2124 2400 2172 et
2423 2117 2551 2187 quia
2581 2118 2810 2188 cupiunt
2839 2119 2984 2189 quod
3019 2134 3130 2174 non
3161 2119 3364 2174 debent
3407 2128 3459 2174 et
3479 2121 3686 2190 quomodo

2165 2225 2275 2266 non
2293 2210 2514 2266 debent.
2545 2208 2700 2277 Quod
2718 2211 2865 2266 enim
2891 2226 2999 2266 non
3029 2211 3231 2268 debent
3251 2211 3494 2283 cupiunt,
3514 2213 3588 2283 qui
3606 2229 3688 2268 ma-

2159 2301 2442 2374 joritatem
2498 2303 2551 2358 in
2584 2319 2752 2376 regno
2811 2305 3075 2361 oculorum
3107 2306 3358 2376 cupiunt,
3388 2307 3441 2360 in
3465 2321 3560 2377 quo
3585 2305 3688 2362 suffi-

2163 2409 2286 2468 cere
2330 2395 2489 2450 debet
2511 2410 2634 2452 esse
2659 2396 2747 2451 vel
2771 2396 3044 2452 ultimum.
3079 2397 3374 2464 Quomodo
3409 2413 3508 2452 non
3542 2398 3690 2454 debent

2164 2487 2414 2558 cupiunt,
2447 2489 2542 2560 qui
2597 2489 2664 2544 ad
2696 2505 2923 2562 regnum
2957 2491 3223 2547 caalorum
3259 2507 3358 2562 per
3387 2494 3688 2558 ambitionem,

2165 2594 2275 2634 non
2307 2595 2404 2650 per
2446 2581 2834 2649 humilitatem,
2873 2583 3169 2640 ascendere
3199 2583 3448 2654 cupiunt.
3540 2637 3544 2640 .

2239 2670 2499 2742 Sequitur
2525 2687 2654 2744 pars
2677 2673 2938 2740 secunda,
2967 2673 3022 2728 in
3049 2689 3159 2744 qua
3187 2672 3453 2729 Dominus
3471 2673 3692 2745 respondet

2164 2765 2266 2821 eis.
2299 2764 2506 2834 Primo,
2525 2775 2621 2836 per
2650 2766 3101 2836 increpationem,
3120 2782 3248 2823 cum
3271 2766 3532 2822 advoeans
3549 2783 3692 2838 panu-

2165 2857 2279 2912 lum
2300 2867 2353 2914 et
2368 2868 2756 2915 statuenseum
2783 2859 2839 2913 in
2860 2859 3041 2918 medio
3058 2875 3251 2915 eorum
3277 2860 3444 2915 dixit:
3464 2859 3691 2915 Amudin

2167 2951 2334 3018 vobis,
2353 2952 2457 3005 nisi
2473 2953 2708 3006 conversi
2735 2952 2946 3022 [ueritis
2980 2961 3030 3007 et
3050 2953 3357 3023 eﬂiciamini
3377 2954 3505 3007 sicut
3524 2952 3693 3022 pamli,

2166 3058 2269 3096 non
2288 3044 2558 3099 iutrabitis
2586 3045 2642 3098 in
2666 3061 2883 3116 regnum
2915 3045 3188 3101 calorum.
3217 3045 3300 3102 Ac
3329 3046 3382 3102 si
3412 3045 3614 3116 apertius
3633 3043 3697 3099 di-

2165 3146 2255 3194 cat
2276 3135 2416 3193 :V'os
2436 3137 2702 3194 affectetis
2723 3154 2820 3209 per
2835 3139 3188 3196 ambitionem
3203 3140 3444 3211 majores
3462 3155 3566 3196 esse
3585 3139 3695 3194 inre-

2165 3246 2276 3303 gno
2305 3229 2605 3299 cmlorum,
2623 3229 2718 3286 sed
2741 3245 2808 3286 eo
2830 3231 2994 3287 modo
3014 3247 3126 3303 quo
3148 3233 3268 3289 haec
3290 3232 3544 3288 affectatis
3559 3272 3572 3298 ,
3592 3230 3698 3286 nullo

2165 3322 2331 3380 modo
2371 3322 2578 3378 intrare
2641 3322 2698 3377 in
2740 3338 2972 3394 regnum
3011 3323 3282 3379 cmlorum
3317 3324 3522 3392 valetis,
3547 3321 3694 3378 nedum

2163 3414 2404 3484 majores
2425 3429 2550 3470 esse
2580 3414 2636 3469 in
2672 3429 2740 3470 eo
2761 3401 3012 3470 valeatis.
3052 3413 3165 3470 Vos
3196 3415 3346 3470 enim
3385 3412 3692 3470 aﬂectatisin-

2164 3517 2310 3563 trare
2352 3507 2408 3561 in
2453 3521 2683 3577 regnum
2707 3506 2978 3563 cmlorum
3006 3521 3106 3577 per
3151 3507 3523 3572 ambitionem,
3550 3505 3594 3561 in
3619 3517 3699 3573 quo

2163 3615 2271 3656 non
2298 3599 2533 3654 intratur
2553 3599 2659 3654 nisi
2681 3615 2778 3669 per
2800 3598 3189 3654 humilitatem.
3222 3598 3282 3653 Si
3306 3614 3437 3671 ergo
3457 3599 3508 3653 in
3526 3610 3697 3668 manu

2166 3692 2430 3748 caelorum
2479 3692 2687 3748 intrare
2736 3692 2944 3758 vultis,
2997 3691 3136 3747 tales
3185 3691 3391 3747 virtute
3433 3700 3485 3747 et
3508 3689 3697 3746 moribus

2164 3785 2308 3851 sitis,
2337 3785 2531 3856 quales
2578 3785 2680 3841 iste
2728 3785 2995 3860 parvulus
3040 3784 3317 3841 beneﬁcio
3350 3785 3535 3841 aetatis.
3573 3784 3698 3839 Porro

2165 3875 2302 3931 tales
2354 3875 2507 3931 eritis
2559 3875 2741 3947 qualis
2789 3875 2893 3932 iste
2938 3875 3224 3946 parvulus,
3259 3876 3306 3932 si
3349 3873 3698 3942 innocentes,si

2164 3968 2338 4023 nescii
2390 3968 2632 4036 mentiri,
2676 3967 2724 4023 si
2763 3967 2818 4022 in
2848 3969 2931 4022 ira
2970 3983 3079 4023 non
3109 3978 3538 4040 perseverantes,
3568 3968 3607 4023 si
3642 3969 3702 4020 in-

2161 4057 2436 4128 juriarum
2467 4058 2841 4125 immemores,
2874 4059 2918 4114 si
2958 4059 3136 4115 visam
3167 4059 3459 4116 mulierem
3484 4074 3580 4114 non
3601 4071 3698 4114 con-

2165 4150 2534 4220 cupiscentes,
2577 4160 2632 4206 et
2659 4150 2998 4221 hujusmodi.
3043 4149 3148 4216 Qui
3181 4167 3308 4222 ergo
3336 4167 3413 4218 se,
3444 4150 3615 4221 inquit,
3634 4149 3700 4200 Iu-

2167 4242 2452 4298 miliaverit
2481 4243 2620 4298 sicut
2651 4241 2904 4313 parvulus
2932 4243 3053 4310 iste,
3075 4243 3163 4298 hic
3188 4252 3268 4298 est
3308 4243 3480 4313 major
3509 4243 3560 4295 in
3589 4253 3700 4309 regno

2165 4338 2438 4393 calorum.
2472 4337 2553 4394 Ac
2578 4339 2627 4394 si
2655 4346 2842 4409 aperte
2871 4337 3018 4393 dicat
3051 4355 3064 4392 :
3093 4336 3202 4404 Qui
3227 4337 3348 4393 erit.
3365 4337 3418 4390 in
3444 4335 3598 4392 oculis
3619 4333 3700 4388 suis

2167 4431 2352 4486 minor
2379 4430 2710 4497 humilitate,
2743 4429 2888 4486 sicut
2927 4429 3032 4485 iste
3060 4430 3328 4500 parvulus
3351 4438 3437 4486 est
3464 4435 3616 4492 aetate,
3640 4424 3701 4478 hic

2167 4522 2273 4578 erit
2300 4522 2480 4590 major
2504 4522 2561 4576 in
2589 4531 2888 4592 conspectu
2921 4521 3038 4578 Dei.
3095 4521 3252 4578 Sicut
3300 4523 3449 4578 enim
3481 4521 3618 4576 ruina
3643 4526 3703 4572 est

2167 4631 2338 4672 causa
2364 4615 2560 4682 ruinae,
2591 4613 2666 4670 ita
2698 4614 2983 4671 humilitas
3011 4615 3442 4672 sublimationis.
3469 4614 3529 4670 Et
3552 4626 3701 4683 quem-

2169 4706 2466 4762 admodum
2496 4715 2704 4778 quanto
2735 4706 2862 4778 quis
2889 4706 3067 4778 magis
3109 4707 3378 4778 superbit,
3425 4714 3566 4761 tanto
3589 4703 3700 4758 dcte

2166 4798 2285 4854 rius
2310 4797 2704 4868 praecipitatur,
2735 4797 2811 4852 ita
2834 4806 3040 4867 quanto
3067 4799 3194 4868 quis
3221 4815 3282 4856 se
3309 4798 3570 4863 humiliat,
3591 4803 3703 4850 tanto

2165 4891 2289 4962 plus
2320 4890 2375 4944 in
2404 4898 2704 4961 conspectu
2732 4888 2828 4944 Dei
2857 4889 3210 4946 snblimatur.
3238 4890 3299 4946 Si
3326 4907 3453 4963 ergo
3477 4889 3703 4946 desilms

2167 4984 2286 5040 fieri
2317 4984 2372 5038 in
2408 4998 2579 5055 regno
2606 4983 2872 5040 caelorum
2916 4983 3116 5054 major,
3164 4994 3287 5041 esto
3337 4985 3427 5041 hic
3469 4983 3703 5040 humilior.

2171 5073 2443 5132 Humilior
2473 5075 2618 5144 dico,
2647 5091 2758 5132 non
2789 5076 2907 5131 sola
2938 5091 3090 5144 voce,
3121 5092 3234 5133 non
3269 5077 3614 5140 simulatione,
3635 5071 3705 5127 sed

2171 5170 2226 5224 in
2253 5169 2480 5224 veritate
2511 5168 2696 5225 cordis
2723 5177 2776 5223 te
2809 5168 3079 5224 minorem
3105 5170 3322 5227 caeteris
3350 5169 3549 5233 credas,
3573 5162 3705 5220 coni-

2169 5262 2339 5318 tearis
2381 5271 2438 5318 et
2475 5261 2752 5318 ostendas.
2798 5261 2898 5318 Est
2937 5262 3085 5318 enim
3112 5263 3396 5320 humilitas
3419 5265 3599 5324 virtus.
3625 5273 3703 5329 qua

2170 5355 2336 5410 homo
2360 5354 2648 5410 verissima
2678 5353 2764 5410 sui
2799 5355 3111 5426 cognitione
3155 5356 3268 5412 sibi
3309 5357 3527 5412 vilescit.
3559 5348 3704 5406 Nobis

2163 5455 2344 5501 autem
2369 5446 2708 5513 vilescimus,
2737 5459 2793 5502 et
2819 5457 3049 5504 caeteros
3077 5463 3278 5505 omnes
3297 5449 3446 5505 nobis
3471 5441 3700 5518 praponi'

2164 5554 2310 5605 mus,
2339 5538 2387 5594 si
2437 5539 2581 5595 bona
2622 5549 2831 5607 nostra,
2860 5538 3061 5597 fratres
3105 5542 3246 5609 mei,
3266 5539 3547 5613 parvavel
3587 5533 3700 5590 nulla

2163 5639 2522 5700 reputantes,
2552 5632 2738 5687 omnia
2773 5640 2996 5702 peccata
3039 5643 3098 5689 et
3145 5635 3480 5691 infirmitates
3524 5638 3702 5686 nostras

477 5718 560 5763 tas
583 5711 754 5781 major
785 5721 863 5766 est
894 5713 949 5765 in
995 5717 1150 5780 regno
1194 5711 1487 5766 caelorum?
1521 5713 1741 5782 (Matth.
1778 5717 1959 5786 xvm.)
1993 5717 2059 5772 Et
2154 5737 2380 5790 semper
2410 5730 2538 5776 ante
2565 5721 2758 5776 oculos
2787 5730 3008 5778 nostros
3051 5723 3374 5793 habeamus,
3415 5735 3466 5780 et
3509 5721 3703 5776 aliorum

477 5801 704 5872 reliqua.
726 5801 832 5857 Sex
860 5801 1114 5871 capitulis
1143 5801 1496 5870 distinguitur
1523 5803 1682 5859 lectio
1710 5805 1836 5873 ista,
1860 5806 2056 5863 fratres

2163 5822 2383 5882 peccata
2413 5813 2846 5883 dissimulantes,
2881 5829 3072 5869 eorum
3105 5815 3249 5872 bona
3277 5827 3396 5872 ante
3430 5813 3606 5871 oculos
3630 5821 3705 5860 ω
