3844 6318
140 257 275 330 Ἰιθῐ

1256 255 1586 329 umith
1620 303 1683 311 —
1711 271 1751 325 ι.
1793 270 1882 326 ne
1919 272 2266 331 Tuumne.

3259 287 3403 359 ii62

156 401 279 448 stros
323 386 761 457 multiplicemus.
833 385 937 441 Sed
1002 384 1047 440 si
1106 383 1308 457 aliquis
1355 387 1421 442 ad
1468 384 1782 458 praesensit
1811 399 2026 461 semper
2054 388 2301 445 azmulari
2332 404 2512 445 mores
2561 398 2614 445 et
2660 398 2816 447 actus
2843 393 3117 464 majorum
3144 413 3395 456 suorum.

155 491 314 554 aperte
351 482 525 536 malus
560 481 797 548 videtur,
851 494 952 535 nos
996 487 1180 534 tamen
1226 470 1571 535 attendentes
1598 492 1705 533 non

151 590 293 646 quam
316 573 484 627 malus
508 579 613 638 est,
632 571 727 627 sed
756 587 918 643 quam
946 572 1122 628 bonus
1150 586 1271 627 esse
1294 580 1560 643 potest,et
1576 572 1706 644 quia

150 682 237 721 nos
259 666 345 735 qui
374 663 533 719 modo
554 674 966 730 stamus,’ruere
988 678 1304 734 possumus,
1332 679 1443 719 non
1473 665 1527 719 ei
1567 681 1706 735 prae—

150 746 412 812 terrenos
453 752 774 809 audeamus.
826 752 1087 819 Quamvis
1109 761 1324 819 autem,
1349 751 1545 809 fratres
1575 755 1701 821 mei,

148 853 337 900 uosmet
365 859 620 914 spernere
648 853 704 900 et
726 844 1018 899 humiliare
1064 843 1435 915 praecipimur,
1476 861 1584 902 non
1616 855 1703 902 ta-

146 953 253 993 men
277 936 606 1008 negligenter
634 952 738 992 nos
769 945 1002 993 tractare
1029 937 1313 1004 debemus,
1347 939 1474 1009 quia
1501 956 1702 1012 quam-

144 1031 214 1084 vis
250 1028 535 1098 debeamus
579 1043 684 1084 nos
731 1044 986 1100 spernere
1014 1029 1071 1084 in
1121 1029 1227 1085 hoc
1271 1031 1417 1100 quod
1446 1030 1699 1102 fecimus,

144 1132 299 1176 tamen
319 1135 427 1175 non
452 1119 716 1177 debemus
736 1136 837 1177 nos
862 1136 1120 1192 spernere
1144 1122 1199 1176 in
1227 1122 1333 1179 hoc
1360 1124 1503 1194 quod
1531 1140 1561 1179 a
1582 1118 1702 1182 Deo

144 1210 252 1265 facti
274 1202 482 1276 sumus,
508 1217 564 1266 et
586 1210 735 1282 quod
762 1226 887 1267 esse
911 1208 1226 1282 possumus.
1273 1211 1398 1269 [deo
1425 1215 1571 1271 enim
1598 1213 1700 1273 nos

141 1300 265 1355 Ibus
288 1296 342 1355 in
370 1314 524 1356 sacra
552 1299 833 1372 Scriptura
858 1298 999 1358 ﬁlios
1028 1317 1163 1360 suos
1185 1302 1364 1373 vocat,
1390 1321 1461 1361 ne
1484 1321 1586 1363 nos
1613 1308 1699 1362 vi-

138 1390 309 1445 delicet
330 1389 401 1444 ah
420 1404 487 1446 eo
512 1390 711 1463 negligi
736 1392 1052 1459 credamus,
1080 1403 1135 1461 et.
1164 1393 1286 1450 ideo
1312 1393 1412 1451 nos
1440 1380 1583 1471 male
1602 1414 1698 1454 ne-

138 1482 400 1554 gligamus,
447 1490 507 1538 ut
551 1484 772 1553 quidem
823 1492 880 1541 et
904 1485 1142 1541 maxime
1169 1501 1436 1558 pauperes
1464 1488 1694 1556 faciunt,

135 1575 215 1644 qui
241 1574 527 1645 ideoque‘d
559 1584 754 1646 putant
781 1592 842 1634 se
870 1592 903 1633 a
929 1576 1040 1634 Deo
1068 1579 1291 1651 negligi,
1325 1580 1400 1636 ita
1432 1595 1493 1637 se
1520 1582 1693 1655 negli-

137 1674 271 1737 gunt,
297 1666 441 1739 quod
470 1668 605 1739 quid
646 1666 873 1739 faciant,
895 1670 979 1727 vel
1020 1672 1298 1742 quomodo
1344 1674 1548 1741 vivant,
1583 1691 1690 1731 non

135 1758 409 1815 attendunt.

194 1851 440 1923 Sequitur
486 1868 616 1924 pars
662 1855 846 1924 tertia,
900 1857 955 1913 in
1002 1872 1112 1929 qua
1161 1860 1401 1917 ostendit
1426 1860 1693 1918 Dominus

132 1944 373 2013 quantum
406 1945 611 2001 bonum
648 1949 721 2003 sit
746 1949 802 2004 in
832 1951 1055 2008 nomine
1082 1954 1470 2024 suoparvulos
1505 1954 1694 2011 ﬁdeles

132 2034 402 2105 suscipere,
434 2052 563 2093 cum
595 2039 780 2095 subdit
809 2057 823 2094 :
855 2041 927 2097 Et
947 2045 1040 2114 qui
1060 2047 1351 2116 susceperit
1378 2063 1541 2101 unum
1567 2064 1693 2119 par-

132 2128 286 2182 rulum
313 2129 476 2185 talem
507 2132 566 2186 in
599 2135 810 2189 nomine
848 2151 981 2205 meo,
1024 2137 1079 2193 id
1109 2147 1193 2195 est
1225 2139 1487 2196 humilem
1519 2150 1575 2197 et
1604 2143 1692 2196 il-

132 2229 407 2290 noeentem,
436 2240 520 2279 me
557 2227 801 2297 suscipit.
834 2227 1098 2295 Quamvis
1146 2232 1474 2305 generaliter
1503 2234 1577 2290 sit
1600 2250 1693 2293 vc-

129 2328 254 2379 rum,
277 2314 421 2385 quod
451 2318 768 2389 quicunque
795 2321 973 2391 pascit
999 2323 1083 2378 vel
1110 2324 1341 2397 suscipit
1368 2325 1604 2398 aliquem
1635 2327 1691 2384 in

129 2404 321 2462 nomine
344 2405 577 2475 Christi,
606 2409 890 2467 Christum
919 2429 1021 2485 pro
1048 2431 1160 2486 quo
1188 2416 1294 2474 hoc
1327 2416 1479 2487 facit,
1510 2420 1690 2475 susci-

129 2498 209 2567 pit,
237 2508 410 2555 tamen
442 2500 512 2556 de
537 2503 871 2573 pauperibus
898 2504 1095 2576 spiritu
1141 2523 1202 2564 se
1248 2509 1557 2579 specialiter
1586 2512 1692 2568 hoc

127 2586 306 2644 dixisse
334 2589 519 2646 innuit
548 2590 603 2645 in
635 2591 740 2648 hoc
788 2594 937 2665 quod
966 2594 1057 2651 hic
1080 2596 1178 2664 ait,
1218 2613 1384 2653 unum
1409 2600 1692 2670 parvulum

129 2679 303 2748 talest,
350 2689 405 2737 et
454 2681 512 2738 in
563 2683 669 2753 hoc
710 2685 858 2756 quod
905 2686 960 2741 in
1000 2687 1213 2758 judicio
1255 2689 1505 2748 dicturus
1544 2695 1634 2748 est
1673 2710 1687 2747 :

133 2770 402 2837 iQuandiu
464 2773 672 2832 fecistis
721 2776 818 2832 uni
865 2777 933 2833 dc
959 2778 1047 2835 his
1075 2778 1347 2839 fratribus
1366 2781 1505 2839 meis
1530 2784 1691 2839 mini-

128 2865 235 2935 mis,
252 2866 391 2935 mihi
428 2865 638 2926 fecistis
660 2867 889 2943 (Matth,
919 2874 1070 2943 xxv),
1102 2891 1122 2926 ι
1170 2883 1223 2930 et
1251 2874 1299 2931 si
1323 2875 1494 2944 enim,
1524 2886 1586 2933 ut
1612 2876 1692 2933 ait

128 2953 323 3024 Paulus,
354 2977 374 3010 ι
403 2957 719 3024 faciendum
769 2972 854 3018 est
893 2962 1101 3018 bonum
1125 2964 1191 3020 ad
1214 2958 1433 3041 omnes,
1453 2968 1691 3025 maxime
1733 3006 1744 3013 κ

1718 3083 1762 3146 c
1797 3071 2021 3134 propter
2049 3058 2307 3117 scandala
2331 3071 2456 3128 quae
2478 3053 2742 3110 inferunt.
2798 3052 3024 3146 Necesse
3051 3054 3297 3146 estenim
3324 3062 3385 3146 ut

127 3058 281 3106 tamen
309 3051 376 3106 ad
420 3051 760 3111 domesticos
788 3054 911 3112 ﬁdei
953 3054 1099 3127 (Cal.
1147 3057 1245 3129 vi).
1293 3057 1466 3115 Porro
1511 3060 1691 3133 dupli-

124 3141 238 3197 citer
278 3143 616 3215 suscipimus
665 3146 922 3218 parvulos
969 3147 1024 3203 in
1060 3134 1303 3207 nomine
1345 3149 1572 3221 Christi,
1603 3154 1688 3209 vel

124 3235 480 3317 corporaliter,
521 3247 582 3293 ut
606 3238 826 3309 quando
852 3237 935 3295 eis
963 3240 1389 3312 hospitalitatem
1417 3253 1472 3301 et
1501 3261 1689 3303 neces-

124 3324 246 3380 saria
266 3329 669 3396 .pt‘azparamus,
698 3329 782 3384 vel
813 3328 1193 3400 spiritualiter,
1236 3339 1299 3388 ut
1339 3334 1562 3404 quando
1596 3350 1687 3390 eo—

124 3431 225 3471 rum
251 3416 625 3476 inﬁrmitatem
672 3429 728 3476 et
767 3422 1257 3493 imperfectionem,
1309 3442 1475 3481 manu
1527 3428 1689 3498 spiri-

123 3511 264 3567 tualis
305 3512 527 3570 consilii
570 3523 625 3570 et
672 3514 884 3582 auxilii,
933 3531 1001 3572 ne
1031 3517 1248 3586 cadant,
1281 3502 1685 3590 supportamus‘.

125 3600 256 3661 Unde
278 3613 334 3662 et
353 3604 567 3663 Paulus
597 3625 611 3662 :
650 3627 669 3659 ι
701 3606 995 3680 Suscipite,
1027 3608 1225 3681 inquit,
1264 3610 1496 3667 invicem
1548 3611 1692 3667 sicut

120 3693 349 3754 Christus
373 3698 623 3769 suscepit
646 3713 743 3755 vos
767 3698 943 3769 (Rom.
964 3688 1075 3771 xv);
1098 3719 1115 3751 ι
1144 3700 1211 3756 Ει
1230 3701 1389 3757 alibi:
1411 3721 1428 3754 ι
1448 3699 1687 3770 Fratres,

119 3785 157 3841 si
171 3798 577 3862 pmoccupatus
596 3788 760 3846 fuerit
774 3790 941 3847 homo
963 3790 1019 3847 in
1037 3791 1222 3863 aliquo
1243 3790 1573 3859 delicto,vos
1594 3793 1687 3864 qui

118 3880 403 3949 spiritualcs
433 3882 570 3940 estis
596 3882 856 3953 suscipite
877 3882 1194 3954 hujusmodi
1211 3883 1266 3939 in
1283 3883 1474 3954 spiritu
1498 3884 1691 3939 leuita-

119 3970 196 4038 tis,
216 3973 574 4031 oonsidcrans
602 3973 858 4044 teipsum,
886 3988 955 4029 ne
981 3982 1037 4029 et
1049 3982 1111 4029 tu
1134 3974 1359 4031 tenteris
1380 3972 1523 4047 (Gal.
1545 3974 1641 4045 Vl).
1664 3993 1683 4027 ι

117 4058 311 4146 Etalibi
338 4084 353 4121 :
387 4084 407 4119 ι
445 4065 598 4122 Alter
626 4065 851 4121 alterius
880 4080 1047 4121 onera
1079 4073 1314 4137 portate,
1339 4075 1394 4122 et
1420 4066 1502 4122 sic
1517 4066 1691 4122 adim-

117 4152 307 4223 plebitis
335 4155 516 4227 legem
566 4154 772 4212 Christi
810 4156 1013 4230 (ibid.).
1047 4176 1066 4210 ι
1110 4156 1209 4214 Est
1248 4167 1431 4214 autem
1479 4166 1693 4214 utrum-

114 4259 206 4315 quc
227 4260 362 4319 opus
381 4247 571 4320 magni
595 4247 798 4317 meriti,
821 4249 916 4306 sed
939 4249 1083 4306 istud
1110 4250 1366 4307 ultimum
1396 4249 1644 4321 majoris.

173 4335 427 4410 Sequitur
498 4354 627 4411 pars
671 4349 896 4411 quarta,
952 4341 1007 4396 in
1056 4358 1165 4413 qua
1213 4342 1478 4399 Dominus
1502 4352 1692 4399 osten-

1815 475 2133 550 Propterea,
2174 496 2280 538 nos
2306 481 2564 553 majores,
2596 489 2659 538 ct
2681 482 2728 538 si
2770 498 2877 538 non
2903 495 3293 557 propter—nos,
3310 500 3396 546 ta-

1811 584 1936 627 men
1966 580 2189 643 propter
2219 572 2346 628 illos
2378 573 2651 630 debemus
2673 573 2974 644 sapientius
3014 585 3076 633 ct
3111 578 3399 639 honestius

1809 662 1864 717 in
1894 661 2137 721 Ecclesia
2171 664 2267 721 Dei
2294 666 2628 733 conversari,
2658 673 2713 720 et
2743 681 2851 720 non
2879 682 3123 737 quaerere
3151 688 3273 743 quae
3299 690 3398 727 no-

1809 750 1897 807 bis
1922 753 2077 809 utilia
2109 762 2259 821 sunt,
2289 754 2383 811 sed
2415 771 2539 825 qua:
2564 754 2843 810 omnibus.
2893 754 2973 812 Ne
3020 758 3164 814 enim
3197 761 3397 831 aliquis

1808 843 2025 901 illorum
2046 846 2216 904 verbo
2241 846 2322 903 vel
2343 848 2595 918 exemplo
2626 857 2817 905 nostro
2845 849 3265 919 scandalizetur,
3301 853 3397 908 de-

1808 936 2001 993 bemus
2037 953 2146 993 non
2189 938 2592 1007 solumomnia
2633 940 2776 997 mala
2818 940 3043 1009 evitare,
3088 941 3183 998 sed
3229 943 3395 999 etiam

1810 1027 2038 1088 umbras
2057 1037 2113 1085 et
2143 1016 2545 1087 similitudines
2560 1031 2854 1101 malorum,
2883 1041 2939 1088 et
2957 1032 3122 1089 etiam
3143 1033 3394 1104 quaedam

1805 1119 1972 1187 bona,
1998 1129 2059 1175 ut
2100 1120 2190 1175 illa
2237 1121 2354 1176 sine
2390 1121 2592 1193 quibus
2625 1131 2806 1194 potest
2825 1123 3011 1187 haberi
3036 1122 3207 1191 salus,
3230 1132 3399 1180 utest

1800 1212 2093 1284 jejunium,
2120 1222 2175 1268 et
2198 1229 2333 1270 usus
2356 1214 2661 1271 licitorum.
2707 1214 2863 1272 Unde
2900 1210 3231 1296 Apostolus:
3278 1236 3297 1269 ι
3333 1216 3390 1277 Si

1802 1318 1950 1372 esca,
1972 1303 2169 1385 inquit,
2194 1305 2529 1362 scandalizat
2549 1305 2772 1363 fratrem
2797 1323 3002 1377 meum,
3027 1324 3139 1366 non
3157 1311 3392 1365 mandu—

1803 1396 1940 1452 rabo
1965 1411 2163 1466 carnes
2189 1396 2551 1465 inaeternum,
2575 1415 2643 1455 ne
2666 1398 2891 1456 fratrem
2910 1416 3095 1457 meum
3117 1402 3391 1462 seandali:

1803 1503 1919 1543 zem
1943 1487 2001 1558 (Ι
2021 1487 2146 1545 Cor.
2179 1489 2320 1561 vui).
2357 1509 2376 1543 ι
2432 1489 2581 1546 Bona
2627 1499 2807 1547 autem
2833 1492 2902 1549 ad
2935 1493 3167 1550 salutem
3196 1509 3389 1550 neces-

1800 1579 1968 1647 saria,
1991 1579 2062 1636 ob
2084 1578 2288 1637 nullius
2307 1588 2438 1636 sunt
2459 1580 2777 1637 scandalum
2801 1581 3142 1650 dimittenda,
3169 1599 3235 1639 ne
3257 1584 3387 1639 dum

1800 1669 2095 1737 Deoalios
2156 1671 2362 1728 lucrari
2403 1671 2693 1743 cupimus,
2742 1687 2841 1729 nos
2882 1672 3032 1744 ipsos
3072 1674 3384 1743 perdamus.

1721 1734 1768 1796 Β
1798 1734 1902 1828 Qui
1928 1779 2050 1835 ergo
2083 1734 2531 1819 scandalizarcril
2558 1734 2721 1819 unum
2748 1764 2813 1818 de
2833 1734 3044 1834 pusillis
3069 1734 3187 1819 istis
3215 1766 3305 1836 qui
3334 1765 3391 1820 in

1795 1872 1877 1911 me
1904 1856 2151 1923 credunt,
2179 1856 2390 1927 expedit
2413 1856 2462 1911 ei
2503 1863 2561 1910 ut
2586 1854 2943 1926 suspendatur
2971 1859 3112 1909 mola
3147 1855 3391 1913 asinaria

1794 1950 1851 2003 in
1882 1948 2019 2003 collo
2052 1949 2167 2019 ejus
2198 1958 2249 2003 et
2287 1949 2626 2021 demergatur
2662 1949 2719 2003 in
2755 1947 3295 2018 profundummaris,
3333 1945 3390 2000 id

1793 2050 1878 2098 est
1897 2041 2094 2098 melius
2114 2049 2261 2098 esset
2300 2040 2352 2096 ei
2380 2048 2441 2095 ut
2463 2039 2721 2115 innoxius
2760 2046 2940 2096 morte
2961 2026 3388 2095 criminosorum

1793 2135 2153 2202 occideretur,
2198 2149 2363 2205 quam
2400 2133 2482 2191 sic
2511 2133 2713 2188 noxius
2746 2130 3075 2188 aeternaliter
3099 2130 3393 2186 damnare-

1796 2237 1903 2283 tur.
1945 2225 2041 2283 Vel
2081 2235 2227 2283 certe
2251 2241 2348 2297 per
2372 2225 2574 2281 molam
2611 2223 2934 2291 asinariam,
2957 2222 3240 2279 saecularis
3264 2222 3390 2277 vita:

1793 2319 2057 2392 circuitus
2071 2318 2415 2389 exprimitur.
2441 2317 2546 2374 Per
2566 2315 2901 2395 profundum
2923 2331 3054 2372 vero
3076 2313 3270 2383 maris,
3292 2330 3389 2371 cx-

1794 2422 1969 2471 trema
2011 2409 2311 2468 damnatio.
2350 2409 2459 2478 Qui
2498 2425 2629 2481 ergo
2663 2407 2902 2479 speciem
2936 2406 3243 2464 sanctitatis
3288 2407 3391 2463 ba-

1792 2507 1949 2575 bcns,
1991 2507 2158 2576 verbo
2197 2505 2283 2561 vel
2323 2502 2574 2574 exemplo
2620 2508 2848 2556 exteros
2889 2498 3141 2566 destruit,
3189 2498 3389 2554 melius

1791 2611 1939 2659 esset
1978 2600 2027 2656 ci
2055 2608 2115 2655 ut
2133 2597 2384 2655 saeculari
2404 2597 2593 2652 habitu
2616 2595 2991 2661 damnaretur,
3013 2595 3141 2664 quia
3164 2593 3209 2649 si
3233 2594 3387 2649 solus

1794 2692 2050 2758 caderet,
2106 2689 2443 2746 tolerabilior
2490 2701 2655 2760 pruna
2695 2701 2820 2741 eum
2869 2684 3161 2742 cruciaret.
3226 2682 3385 2743 Nunc

1791 2794 1975 2840 autem
2017 2791 2096 2839 tot
2123 2797 2254 2839 reus
2282 2790 2366 2837 est
2403 2779 2736 2846 animarum,
2770 2766 2907 2848 quot
2932 2777 3003 2832 ob
3044 2777 3250 2832 dictum
3299 2776 3383 2833 vel

1794 2876 2108 2949 exemplum
2135 2875 2257 2946 ejus
2283 2873 2583 2945 perierunt.
2623 2869 2775 2926 Unde
2803 2876 2860 2924 et
2887 2869 3143 2925 subditur
3193 2887 3205 2923 ;
3274 2868 3381 2935 νω,

1795 2969 1995 3040 inquit,
2025 2973 2245 3034 mundo,
2271 2964 2325 3021 id
2349 2972 2435 3020 est
2460 2960 2778 3029 mundanis,
2807 2959 2873 3016 ab
2894 2959 3189 3028 scandulis,
3217 2959 3272 3015 id
3298 2968 3387 3015 est

1792 3154 2002 3210 veniant
2023 3147 2371 3217 scandala,id
2395 3155 2501 3215 cst,
2525 3146 2657 3202 utile
2681 3153 2765 3202 est
2786 3145 2995 3202 sanctis
3010 3144 3257 3200 videlicet
3290 3143 3384 3214 qui

1790 3260 1888 3317 per
1913 3258 1977 3298 ea
2004 3240 2270 3313 probandi
2292 3246 2439 3296 sunt.
2474 3236 2938 3293 Verumtamenra:
2962 3236 3163 3291 homini
3192 3237 3276 3290 illi
3293 3252 3388 3307 per

1791 3352 1944 3408 quem
1969 3333 2287 3389 scandalum
2314 3331 2486 3387 venit!
2510 3329 2639 3401 quia
2671 3344 2781 3385 non
2807 3337 2895 3385 est
2921 3328 3254 3399 judicandus
3290 3344 3382 3384 se-

1790 3426 2031 3485 cundum
2063 3425 2353 3481 utilitatem
2405 3438 2529 3494 qua:
2558 3421 2684 3478 inde
2730 3420 3002 3492 provenit,
3036 3420 3132 3477 sed
3177 3436 3381 3479 secun-

1789 3519 1920 3575 dum
1950 3517 2099 3590 quod
2123 3516 2375 3574 intendit.

1864 3608 2123 3680 Sequitur
2150 3625 2280 3681 pars
2298 3607 2511 3679 quinta,
2543 3606 2597 3662 in
2628 3622 2737 3678 qua
2776 3604 3044 3662 Dominus
3078 3604 3238 3676 jubet
3279 3619 3382 3675 pu-

1794 3698 1933 3755 sillis
1965 3696 2169 3754 evitare
2191 3696 2677 3762 scandalizatores,
2705 3710 2831 3751 cum
2856 3693 3043 3750 subdit
3067 3712 3080 3749 :
3110 3691 3172 3749 Si
3202 3702 3382 3753 auum

1792 3806 1982 3845 manus
2012 3799 2127 3856 tua,
2150 3789 2227 3844 vel
2255 3805 2344 3859 pes
2369 3798 2525 3855 tuus,
2551 3788 2628 3843 rel
2664 3786 2850 3842 oculus
2882 3794 3003 3842 tuus
3046 3784 3387 3842 scandalizat

1794 3892 1862 3949 te,
1889 3898 2011 3936 erue
2033 3898 2175 3949 eum,
2198 3889 2248 3935 et
2269 3880 2469 3953 projice
2491 3880 2585 3934 abs
2609 3889 2676 3934 te.
2708 3877 2916 3933 Bonum
2940 3886 3017 3932 est
3049 3877 3147 3932 tibi
3187 3877 3257 3931 ad
3304 3876 3383 3931 vi—

1793 3987 1903 4031 tam
1930 3976 2134 4048 ingredi
2162 3954 2387 4030 debilem
2424 3983 2475 4030 et
2519 3973 2792 4050 claudum,
2822 3974 2901 4029 vel
2956 3989 3121 4028 unum
3171 3972 3384 4028 oculum

1792 4069 2089 4136 habentem,
2119 4084 2280 4141 quam
2309 4067 2443 4122 duas
2470 4083 2681 4145 manus,
2696 4066 2783 4122 vel
2801 4065 2933 4122 duas
2947 4066 3126 4137 pedes,
3148 4065 3226 4120 vel
3250 4066 3383 4121 duos

1792 4160 1973 4216 oculos
1992 4160 2265 4215 habentem
2288 4159 2429 4229 mitti
2451 4159 2506 4214 in
2532 4160 2705 4231 ignem
2726 4168 3001 4215 aeternum.
3019 4157 3389 4229 Mctaphorice

1795 4253 2043 4324 loquitur
2068 4251 2356 4308 Dominus.
2389 4251 2447 4307 Si
2470 4252 2720 4320 morbus,
2752 4266 2999 4322 serpens,
3023 4261 3079 4306 et
3105 4250 3216 4306 cito
3242 4249 3388 4319 peri-

1794 4358 1952 4399 mens
1974 4342 2241 4398 invaserit
2261 4342 2613 4409 manum,vel
2625 4341 3177 4413 pedem,vel,oculum
3206 4349 3384 4405 tuum,

115 4427 183 4485 dit
225 4442 494 4503 quantum
543 4433 747 4488 malum
797 4434 870 4490 sit
936 4433 1166 4505 pusillos
1228 4449 1360 4492 suos
1422 4433 1693 4491 scandali-
1721 4426 1770 4487 υ
1795 4434 2089 4492 consilium
2113 4442 2199 4490 est
2222 4442 2284 4491 nt
2304 4434 2559 4503 morbus,
2586 4449 2656 4490 ne
2687 4434 2873 4492 subito
2904 4440 3136 4502 occupet
3183 4440 3238 4488 et
3284 4447 3381 4501 pe,-

116 4536 245 4592 zare,
274 4540 402 4581 cum
433 4524 622 4581 subdit
656 4543 669 4579 :
707 4523 812 4591 Qui
855 4534 1032 4581 autem
1065 4526 1511 4583 scandalizaverit
1531 4544 1696 4582 unum

114 4612 170 4667 de
186 4616 393 4685 pusillis
419 4616 542 4671 istis
562 4617 654 4688 qui
687 4618 741 4671 in
773 4633 857 4672 me
884 4618 1125 4686 credunt,
1161 4619 1370 4687 expedit
1406 4619 1457 4674 ei
1491 4627 1551 4673 ut
1571 4633 1694 4673 sus-

113 4706 356 4773 pendatur
396 4707 540 4763 mola
576 4708 818 4763 asinaria
842 4710 897 4763 in
935 4709 1071 4765 collo
1105 4710 1241 4781 ejus,
1275 4718 1324 4766 et
1356 4710 1695 4782 demergatur

114 4794 163 4849 in
185 4798 504 4868 profundum
524 4799 711 4854 maris.
746 4798 1016 4856 Pusillum
1045 4801 1404 4871 scandalizat,
1432 4801 1529 4872 qui
1548 4801 1695 4857 dicto

113 4887 187 4941 vel
208 4888 351 4946 facto
369 4891 557 4948 minus
580 4900 731 4948 recto
753 4891 804 4947 ei
824 4891 1170 4948 occasionem
1196 4893 1373 4949 ruinae
1398 4893 1511 4949 dat.
1538 4891 1695 4949 Sicut

114 4987 279 5036 autem
309 4981 549 5040 carnalis
601 4991 757 5054 pater
802 4982 1069 5055 majorem
1104 4984 1327 5039 adhibet
1352 4983 1688 5057 diligentiam

116 5069 164 5123 in
187 5073 426 5141 parvulis
456 5073 574 5129 suis
602 5073 998 5142 custodiendis,
1029 5090 1197 5147 quam
1235 5074 1292 5130 in
1340 5074 1567 5142 adultis,
1617 5075 1691 5131 ita

114 5162 401 5231 spiritualis
435 5172 590 5235 pater
617 5165 880 5234 majorem
914 5165 1073 5225 debet
1085 5165 1344 5222 adhibere
1357 5165 1690 5237 diligentiam

115 5252 163 5307 in
183 5255 551 5313 custodiendis
572 5263 627 5312 et
647 5255 963 5313 erudiendis
984 5257 1328 5328 simplicibus
1353 5266 1408 5313 et
1434 5256 1689 5312 inﬁrmis.

114 5341 332 5402 Perfecti
360 5347 506 5403 enim
547 5363 654 5402 non
685 5345 845 5404 facile
874 5347 1336 5416 scandalizantur,
1369 5342 1480 5403 non
1522 5348 1630 5403 cito
1657 5363 1690 5402 a

115 5444 247 5491 statu
271 5454 376 5495 suo
404 5447 713 5495 moventur.
737 5440 807 5496 At
834 5441 1113 5512 simplices
1137 5450 1191 5497 et
1213 5440 1413 5496 inﬁrmi
1446 5455 1693 5511 quacun-

113 5540 211 5595 que
238 5545 406 5599 parva
434 5530 726 5588 occasione
755 5542 1060 5589 moventur.
1103 5532 1172 5588 Et
1196 5532 1339 5589 sicut
1363 5532 1573 5604 parvuli
1599 5548 1693 5603 ge-

117 5618 276 5677 stiunt
305 5621 513 5679 imitari
560 5639 897 5698 quaecunque
927 5625 1070 5683 facta
1113 5627 1198 5683 vel
1227 5626 1371 5682 dicta
1403 5634 1689 5697 parentum

119 5724 357 5783 suorum,
390 5714 465 5771 ita
490 5714 549 5771 in
594 5703 835 5775 Ecclesia
867 5718 1143 5790 simplices
1170 5728 1224 5773 et
1271 5716 1470 5774 inﬁrmi
1502 5719 1690 5775 volunt

1801 4528 1966 4583 rimat
1986 4536 2161 4583 totum
2189 4542 2391 4598 corpus
2425 4535 2605 4596 tuum,
2627 4527 2740 4583 cito
2773 4541 2901 4582 cum
2929 4524 3177 4580 membro
3221 4538 3388 4584 occu-

1774 4664 1777 4667 λ
1803 4626 1930 4689 pato
1958 4616 2295 4675 abscidatur.
2326 4616 2621 4675 Meliusest
2647 4616 2797 4695 enim
2825 4625 2886 4695 ut
2926 4616 3081 4672 vivas
3132 4630 3413 4678 mancusy

1797 4709 1882 4765 vel
1903 4710 2163 4778 claudus,
2175 4710 2273 4766 vel
2295 4709 2659 4777 monoculus,_
2674 4723 2843 4779 quam
2861 4720 2988 4764 cum
3011 4705 3228 4762 duabus
3269 4721 3388 4763 ma-

1799 4803 1963 4859 nibus
1991 4811 2048 4859 et
2066 4802 2298 4873 pedibus
2329 4795 2387 4858 et
2403 4802 2580 4859 oculis
2600 4800 2881 4858 moriaris.
2919 4798 3184 4856 Similiter
3209 4799 3254 4853 si
3286 4798 3388 4851 ali-

1800 4895 1949 4965 quod
1979 4894 2266 4952 criminale
2291 4893 2490 4950 vitium
2518 4891 2785 4949 invaserit
2815 4891 3056 4947 amicum
3088 4898 3268 4956 tuum,
3291 4889 3387 4960 qui

1793 4995 1912 5044 erat
1933 4988 2031 5043 tibi
2056 5003 2255 5043 manus
2285 4993 2340 5042 te
2366 4982 2928 5054 defendendo,,et-per
2953 4990 3007 5037 te
3038 4981 3384 5046 sustinendo,

1796 5088 1854 5134 et
1882 5079 2082 5135 oculus
2116 5079 2214 5134 tibi
2243 5075 2599 5148 providendo,
2620 5073 2839 5145 expedit
2862 5072 2981 5139 tibi,
3005 5072 3099 5143 qui
3131 5070 3391 5131 inﬁrmus,

1793 5187 1875 5238 es,
1894 5178 1949 5226 et
1974 5168 2303 5246 propinquis
2328 5166 2479 5223 vitiis
2499 5165 2759 5246 resistere
2784 5180 2894 5219 non
2919 5172 3076 5235 potes
3092 5205 3107 5231 ,
3131 5175 3388 5235 separare

1796 5279 1827 5317 a
1857 5272 1931 5329 te,
1954 5271 2010 5318 et
2031 5244 2215 5337 vivere
2243 5260 2366 5315 sine
2390 5258 2484 5314 illo
2504 5244 2669 5329 quam
2694 5257 2884 5329 'perire
2913 5272 3040 5315 cum
3082 5256 3197 5313 illo.
3248 5254 3395 5309 Hinc

1758 5364 1771 5369 ·
1797 5350 2065 5422 contingit
2077 5350 2246 5421 quod,
2258 5347 2513 5421 quamvis
2521 5346 2933 5413 matrimonium
2949 5346 3021 5403 sit
3032 5344 3399 5421 indivisibilc,.

1798 5450 1978 5496 tamen
2009 5440 2057 5496 si
2079 5440 2165 5495 vir
2192 5438 2433 5513 coegerit
2456 5428 2865 5505 mulierem,vel
2885 5435 3082 5493 mulier
3092 5437 3271 5491 virum
3293 5450 3382 5499 se-

1799 5545 1924 5587 cum
1938 5528 2132 5596 furari,
2146 5530 2231 5587 vel
2249 5542 2467 5601 rapere,
2478 5527 2565 5582 vel
2586 5526 2856 5595 occidere,
2868 5527 2955 5583 vel
2976 5526 3120 5581 idola
3134 5525 3391 5605 adorare”

1797 5622 1882 5678 vel
1914 5622 2127 5694 aliquas
2155 5622 2425 5693 pessimas
2460 5610 2609 5693 artes
2647 5627 2868 5686 sectari,
2899 5616 3117 5688 expedit
3163 5614 3383 5685 conjugi

1798 5713 2085 5786 conjugcm
2117 5713 2413 5780 dimittere,
2440 5719 2495 5768 ct
2518 5708 2938 5783 magissalvari
2987 5707 3105 5765 sine
3151 5705 3383 5791 conjuge

2020 5882 2037 5889 ρ
2120 5857 2163 5893 es

2130 5888 2191 5911 "‘\
