3844 6318
506 313 647 373 ηδε
1219 321 1224 328 ·
1790 309 2139 368 ιιΑυυιΡιιι

2178 307 2528 366 ARDENTIS
3591 322 3688 390 ηε,

507 428 915 502 φιδιητρθεοειδε
929 443 1054 484 cum
1078 427 1328 500 conjuge.
1357 425 1415 481 Si
1433 442 1561 481 vero
1576 435 1633 480 tu
1651 426 1706 482 in
1726 425 1874 484 bono
1895 440 2091 498 propo-
2120 427 2168 486 Δ
2199 439 2346 492 nunc
2377 423 2471 480 Dei
2497 437 2596 496 per
2625 422 2805 496 ipsum
2853 425 3128 497 loquentis
3160 446 3174 483 :
3211 448 3230 480 ι
3265 426 3443 486 Mundi
3485 441 3696 504 estoteu

499 523 609 580 sito
632 521 792 578 fortis
810 537 890 590 es,
908 531 963 577 et
984 530 1139 592 potes
1159 530 1312 576 tuum
1329 519 1586 576 vitiosum
1609 521 1848 577 amicum
1863 521 1948 578 vel
1963 537 2091 578 con-

495 613 682 686 jugem
699 615 875 686 magis
893 613 1169 669 attraham
1191 611 1257 668 ad
1275 620 1326 668 te
1337 627 1503 683 quam
1531 611 1772 668 abstrahi
1794 612 1863 668 ab
1875 628 1960 681 eo,
1975 614 2087 670 noli

495 719 622 761 eum
646 702 1086 775 relinquere,sed
1113 701 1287 772 magis
1308 715 1432 756 eum
1454 699 1565 756 Deo
1585 701 1850 758 lucrareu
1872 700 2087 760 Sancti-

496 794 694 852 ficatur
708 795 878 862 enim,
904 804 963 849 ut
985 794 1060 849 ait
1081 791 1405 861 Paulus,vir
1425 791 1657 850 inﬁdelis
1677 809 1775 866 per
1797 794 2084 852 mulierem

493 886 734 955 fidelem,
751 895 810 945 et
838 885 1034 941 mulier
1055 884 1308 951 inﬁdelis,
1333 899 1433 954 per
1456 884 1635 940 virum
1663 885 1943 957 fidelem(l
1956 884 2081 943 Cor.

493 977 616 1049 vn).
644 998 663 1030 ι
691 977 847 1034 Illum
875 977 1042 1043 enim,
1073 983 1135 1032 ut
1159 977 1236 1033 ait
1262 975 1512 1048 Sapiens,
1543 976 1710 1035 debes
1744 986 1925 1034 tecum
1949 980 2084 1036 reti-

497 1086 652 1142 nere,
680 1086 844 1142 quem
867 1079 926 1126 tu
957 1079 1112 1141 potes
1139 1067 1320 1125 facere
1339 1069 1645 1138 meliorem,
1685 1071 1773 1126 vel
1801 1071 1896 1142 qui
1927 1080 2000 1128 te.

585 1161 848 1234 Sequitur
909 1176 1039 1234 pars
1099 1173 1255 1219 sexta
1285 1204 1301 1231 ,
1360 1163 1415 1220 in
1463 1179 1572 1236 qua
1617 1164 1860 1220 ostendit
1911 1179 2083 1236 quare

496 1255 684 1327 pusilli
753 1271 866 1312 non
937 1255 1047 1311 sint
1121 1258 1539 1324 contemnendi,
1621 1273 1746 1314 cum
1823 1259 2010 1316 subdit
2065 1277 2080 1314 :

498 1346 683 1402 Videte
711 1363 775 1402 ne
797 1348 1150 1404 contemnatis
1179 1365 1343 1404 unum
1369 1350 1434 1405 de
1466 1349 1680 1422 pusillis
1729 1351 1851 1406 istis
1887 1353 1978 1423 qui
2025 1351 2079 1408 in

484 1454 568 1494 me
588 1439 831 1509 credunt,
861 1439 915 1497 id
949 1451 1053 1509 est,
1085 1443 1206 1501 ideo
1231 1443 1377 1515 quod
1431 1454 1563 1502 sunt
1602 1445 1786 1516 pusilli
1841 1461 1953 1504 non
1981 1461 2081 1504 eos

484 1534 884 1603 contemnatis;
917 1550 1058 1608 quos
1090 1536 1466 1604 contemnitis,
1492 1537 1542 1593 si
1564 1553 1662 1594 eos
1709 1553 1822 1595 non
1870 1538 2079 1596 timetis

485 1624 888 1696 scaudalizare,
917 1627 966 1685 si
993 1643 1091 1684 eos
1117 1644 1228 1684 non
1262 1628 1566 1701 suscipitis,
1591 1629 1638 1686 si
1681 1630 1738 1686 in
1783 1629 1866 1687 eis
1904 1631 2080 1688 corri-

2192 515 2365 570 tollite
2394 513 2635 570 malitias
2661 514 2731 571 de
2779 515 3072 574 animabus
3128 519 3327 575 vestris
3365 528 3482 577 ante
3520 538 3695 600 conspe-

2188 614 2337 662 ctum
2368 606 2655 663 oculorum
2697 623 2968 665 meorum.
3001 607 3204 666 Discite
3237 611 3375 668 bene
3405 611 3698 690 facerem.

2187 697 2292 754 rite
2313 697 2605 772 judicium.
2641 698 2708 756 Et
2730 700 2778 757 si
2805 700 3012 758 fuerint
3035 711 3260 774 peccata
3288 714 3463 761 vestra
3489 716 3542 762 ut
3572 713 3700 770 cocci-

2187 803 2342 856 num,
2374 790 2522 846 velut
2545 789 2672 846 lana
2700 790 3268 865 dealbabunturUsa.
3297 795 3360 865 r).
3401 813 3422 849 ι
3461 796 3563 870 Ego
3585 801 3702 875 igitur

2185 888 2548 950 compunctus
2578 880 2636 936 in
2665 881 2772 939 hoc
2799 898 3086 953 sermone,
3125 884 3240 940 diri
3271 885 3411 942 intra
3436 904 3516 944 me
3546 909 3560 946 :
3592 893 3703 952 tuo.

2186 969 2356 1038 mine,
2379 979 2439 1027 tu
2467 987 2530 1030 es
2553 973 2651 1045 qui
2677 973 2883 1031 venisti
2913 976 3130 1035 salvare
3155 988 3488 1049 peccatores.
3521 980 3703 1043 Bacu-

2186 1077 2254 1134 go
2275 1078 2398 1133 qua:
2416 1064 2726 1134 promisisti
2765 1081 2864 1138 per
2891 1067 3238 1140 prophetam,
3264 1069 3427 1143 imple
3462 1073 3514 1129 in
3545 1091 3619 1132 me
3647 1078 3704 1134 in-

2183 1155 2410 1228 dignum
2438 1167 2806 1228 peccatorem.
2864 1157 3144 1222 Renuntio
3187 1163 3338 1220 enim
3382 1165 3567 1224 amodo
3600 1171 3704 1228 omni

2185 1248 2489 1320 injustitiar,
2513 1257 2570 1306 et
2597 1251 2836 1308 serviam
2868 1252 2968 1308 tibi
2998 1253 3067 1310 de
3092 1264 3294 1313 caetero
3338 1257 3393 1312 in
3441 1262 3705 1321 consciartir

2183 1341 2409 1400 munda.
2445 1341 2675 1417 Suscipe
2714 1361 2804 1402 me
2830 1346 3211 1417 poenitentem.
3268 1347 3457 1407 iuravi
3509 1355 3632 1410 enim
3667 1367 3706 1414 et

2182 1432 2350 1489 statui
2377 1433 2524 1507 apud
2551 1450 2641 1492 me
2669 1450 2890 1494 servare
2919 1452 3113 1496 omnes
3133 1439 3547 1512 justificationes
3567 1454 3702 1504 tum

2183 1522 2299 1580 Sub
2324 1525 2427 1582 hac
2453 1541 2585 1603 ergo
2613 1529 2911 1600 sponsione
2926 1571 2944 1598 ,
2965 1529 3034 1594 de
3059 1531 3300 1589 ecclesia
3325 1548 3574 1606 egressa
3602 1553 3704 1598 Ill.

2183 1613 2355 1674 Senes
2385 1633 2517 1692 ergo
2550 1619 2669 1678 haec
2714 1620 3024 1692 audientes,
3071 1621 3518 1694 gloriﬁcaverunt
3564 1627 3705 1691 θα..

483 1715 680 1788 gendis
702 1725 757 1773 et
778 1717 1116 1775 instruendis
1137 1718 1477 1790 diligentiam
1503 1735 1612 1775 non
1636 1719 1874 1789 habetis,
1899 1721 1948 1778 si
1981 1736 2066 1779 eos

2180 1705 2390 1780 itaque,
2429 1709 2633 1770 fratres
2675 1712 3024 1783 charissimi,
3050 1715 3318 1786 quoniam
3367 1718 3537 1774 sancti
3579 1725 3708 1794 angeli

483 1773 546 1864 ut
570 1806 771 1866 fratres
793 1773 903 1866 non
934 1773 1182 1880 diligitis.
1218 1773 1286 1866 ﬁt
1316 1825 1490 1882 quare
1528 1826 1639 1868 non
1667 1823 1796 1867 sunt
1825 1773 2073 1869 contem-
2107 1773 2152 1834 Β
2179 1813 2389 1862 tantam
2417 1806 2620 1864 habent
2637 1823 2766 1880 erga
2799 1824 2904 1866 nos
2941 1809 3291 1878 charitatem,
3332 1812 3462 1884 quia
3511 1814 3583 1870 sic
3615 1773 3711 1876 ςῖω

481 1902 671 1971 nendi,
703 1903 928 1960 subdit:
962 1903 1096 1959 Dico
1138 1904 1280 1959 enim
1321 1903 1464 1958 vobis
1519 1903 1646 1976 quia
1679 1903 1856 1976 angeli
1891 1921 2075 1960 eorum

481 2010 688 2066 semper
704 1996 879 2050 vident
903 1995 1097 2067 faciem
1135 1994 1322 2051 Patris
1353 1997 1440 2051 sui
1465 1997 1558 2069 qui
1589 1997 1648 2050 in
1677 1996 1820 2052 caelis
1866 2005 1965 2052 est.
1995 1997 2074 2053 Ac

482 2087 532 2144 si
560 2096 746 2160 aperte
770 2087 955 2145 dicat:
992 2087 1120 2144 Ideo
1172 2103 1282 2144 non
1331 2097 1462 2145 sunt
1505 2088 1911 2157 contemnendi,
1943 2090 2074 2162 quia

483 2189 625 2239 sunt
646 2180 743 2237 lilii
772 2181 1012 2239 caelestis
1040 2180 1242 2250 Patris,
1267 2182 1363 2254 qui
1399 2197 1496 2238 eos
1540 2183 1676 2240 tanti
1717 2183 1901 2251 habet,
1925 2185 2072 2256 quod

481 2271 730 2344 quotidie
757 2287 859 2345 pro
899 2274 980 2330 eis
1010 2273 1178 2330 mittit
1202 2273 1427 2346 angelos
1463 2289 1623 2343 suos,
1664 2275 1732 2331 ad
1753 2290 1946 2331 eorum
1972 2291 2072 2332 cu-

479 2363 716 2421 stodiam
778 2364 1089 2437 deputatus.
1144 2363 1250 2434 Qui
1289 2382 1415 2423 cum
1458 2367 1600 2423 intra
1647 2367 2072 2426 immensitatem

485 2455 582 2512 Dei
628 2472 843 2532 semper
884 2467 1140 2524 currant,
1171 2473 1283 2513 non
1320 2459 1546 2530 impedit
1573 2475 1763 2516 eorum
1806 2461 2074 2532 delegatio

482 2547 582 2606 Dei
611 2551 1152 2623 contemplationem.
1187 2550 1267 2607 Ex
1308 2553 1412 2609 hoc
1436 2553 1582 2620 loco,
1609 2562 1665 2610 et
1691 2569 1757 2610 ex
1807 2555 1901 2611 illo
1948 2555 2073 2611 loco

483 2642 722 2699 Aetuum
753 2643 1152 2715 apostolorum,
1186 2643 1278 2699 ubi
1304 2644 1497 2715 puella:
1539 2645 1806 2702 asserenti
1845 2644 2070 2702 Petrum

479 2735 550 2792 ad
575 2734 800 2806 januam
827 2747 999 2804 stare,
1040 2734 1293 2807 discipuli
1345 2736 1678 2807 respondent
1711 2757 1725 2792 :
1779 2757 1797 2789 ο
1831 2739 2072 2811 Angelus

477 2823 600 2896 ejus
621 2835 702 2882 est
727 2826 866 2894 (Act.
904 2827 1030 2895 xu),
1063 2843 1081 2877 ι
1110 2836 1274 2897 atque
1305 2842 1372 2882 ex
1420 2826 1543 2883 aliis
1593 2827 1731 2885 locis
1780 2830 2070 2900 cegnosci-

477 2932 642 2985 mus,
712 2916 911 2973 fratres
972 2918 1120 2984 mei,
1169 2917 1316 2988 quod
1379 2932 1723 2988 unaquaeque
1766 2918 1972 2988 anima,
2002 2921 2074 2977 ab

475 3015 605 3063 ortu
661 3007 963 3065 nativitatis
1013 3022 1148 3075 suae,
1189 3009 1349 3064 habet
1403 3008 1508 3064 sibi
1548 3009 1801 3080 angelum
1864 3011 1919 3065 in
1969 3025 2068 3067 cu-

478 3097 716 3155 stodiam
755 3098 1082 3171 delegatum.
1125 3096 1232 3155 Sed
1269 3097 1314 3155 si
1346 3113 1538 3154 omnes
1573 3107 1686 3155 tam
1722 3100 1854 3156 boni
1901 3117 2066 3173 quam

412 3210 416 3214 ·
474 3188 608 3245 mali
675 3190 877 3247 habent
936 3191 1160 3263 angelos
1195 3190 1299 3246 sibi
1337 3190 1628 3261 deputatos
1651 3234 1665 3258 ,
1697 3194 1975 3263 quomodo
2012 3194 2068 3250 in

477 3285 586 3340 hoc
614 3285 826 3356 parvuli
853 3286 1013 3357 quasi
1055 3284 1381 3358 privilegiati
1433 3285 1522 3342 hic
1579 3287 1880 3344 dicuntur?
1927 3289 2068 3358 Quia

472 3372 603 3430 boni
635 3376 812 3448 angeli
841 3386 970 3434 sunt
989 3391 1202 3445 eorum,
1216 3391 1283 3433 eo
1303 3378 1451 3448 quod
1472 3393 1568 3436 eos
1591 3393 1688 3450 per
1711 3393 2068 3450 consensum,

477 3483 612 3525 suos
640 3467 902 3537 eiliciunt,
931 3470 1204 3526 malorum
1229 3485 1359 3526 vero
1381 3486 1489 3526 non
1517 3482 1744 3540 sunt,eo
1769 3475 1917 3544 quod
1939 3476 2067 3531 mali

472 3574 583 3614 non
608 3560 782 3618 bonos
813 3563 1038 3633 angelos
1074 3563 1166 3619 sed
1195 3565 1378 3636 potius
1401 3566 1575 3621 malos
1603 3567 1685 3621 eis
1715 3568 2067 3624 consentien-

469 3649 563 3717 do,
593 3650 836 3708 elliciunt
868 3667 1022 3708 suos.
1049 3653 1306 3724 Legimus
1346 3656 1401 3711 in
1455 3654 1593 3713 Vitis
1640 3655 1866 3713 Patrum
1918 3659 2066 3730 quod

471 3741 642 3800 abbas
665 3741 871 3800 Paulus
902 3743 1136 3800 habebat
1164 3746 1306 3802 hanc
1327 3745 1580 3818 gratiam,
1610 3757 1669 3802 ut
1697 3747 2066 3820 ingredientes

470 3833 766 3890 ecclesiam
800 3835 1122 3906 respiciens,
1148 3851 1212 3892 ex
1253 3836 1499 3909 ipsorum
1527 3837 1668 3894 facie
1697 3838 2062 3910 uniuscujus-

473 3940 582 3995 que
605 3926 987 3996 cogitationes,
1011 3943 1107 3984 seu
1136 3929 1293 3985 bona:
1317 3940 1524 3996 essent,
1550 3944 1645 3987 seu
1674 3931 1850 3999 malae,
1893 3931 2064 3987 senti-

476 4027 600 4074 ret;
631 4018 880 4091 Contigit
907 4029 1088 4076 autem
1137 4021 1453 4094 aliquando,
1480 4017 1648 4094 quad,
1675 4039 1804 4080 cum
1851 4023 2065 4080 videret

470 4111 841 4187 ingredientes
870 4113 924 4169 in
953 4115 1240 4172 ecclesiam
1268 4116 1415 4172 clara
1446 4116 1586 4172 facie
1622 4126 1678 4172 et
1705 4117 1829 4173 laeto
1853 4117 2062 4185 animo,

469 4210 527 4258 et
547 4205 772 4275 angelos
800 4221 992 4261 eorum
1029 4207 1238 4279 ingredi
1296 4209 1504 4278 pariter
1553 4208 1874 4278 gaudentes,
1925 4210 2060 4266 vidit

469 4308 644 4350 unum
668 4297 886 4368 nigrum
913 4307 968 4355 et
995 4299 1422 4366 nebulosum,et
1449 4299 1726 4354 daemones
1766 4299 1894 4357 hinc
1937 4301 2064 4358 inde

472 4389 757 4447 trahentes
803 4407 953 4461 eum,
996 4393 1171 4450 misso
1215 4393 1273 4448 in
1297 4393 1527 4449 naribus
1556 4393 1678 4464 ejus
1714 4392 1980 4463 funiculo,
2009 4406 2066 4452 et

468 4481 723 4554 angelum
748 4495 999 4541 sanctum
1024 4485 1144 4557 ejus
1176 4485 1246 4542 de
1269 4486 1428 4558 longe
1449 4497 1766 4557 sequentem
1824 4489 2058 4546 tristem.
2093 4523 2140 4582 υ

470 4571 652 4644 Coepit
683 4589 814 4646 ergo
835 4575 1028 4633 beatus
1060 4575 1267 4632 Paulus
1289 4574 1418 4632 ﬂere
1441 4575 1593 4632 illum
1620 4586 1773 4636 stans
1802 4589 1930 4635 ante
1970 4595 2062 4637 ec-

469 4663 718 4721 clesiam.
752 4665 884 4724 Post
904 4666 1188 4737 paululum
1217 4682 1349 4724 vero
1367 4681 1494 4722 eum
1535 4667 1774 4725 absoluti
1807 4670 2060 4727 discede~

470 4764 616 4820 rent,
648 4754 848 4811 iterum
876 4756 1127 4811 omnium
1153 4755 1339 4812 vultus
1367 4756 1710 4829 inspiciebat,
1743 4759 1792 4816 si
1836 4761 2058 4832 egrede-

467 4855 659 4902 rentur
691 4848 828 4904 tales
856 4848 1051 4919 quales
1073 4848 1307 4920 ingressi
1347 4848 1583 4917 fuerant,
1616 4861 1671 4909 et
1716 4853 1850 4909 vidit
1904 4854 2057 4909 illum

466 4955 628 5009 quem
655 4949 783 4996 ante
805 4939 1018 4996 viderat
1040 4939 1279 5012 nigrum,
1305 4952 1434 5000 tunc
1455 4946 1664 5002 clarum
1686 4956 1740 5004 et
1763 4948 2056 5005 candidum

466 5034 856 5105 egredientem,
887 5042 942 5091 et
973 5033 1251 5092 daemones
1277 5036 1343 5093 de
1369 5038 1530 5111 longe
1565 5055 1694 5096 eum
1741 5052 2053 5112 sequentes,

469 5136 722 5182 sanctum
748 5143 880 5184 vero
903 5129 1158 5200 angelum
1189 5146 1356 5204 prope
1385 5149 1510 5189 eum
1558 5136 1907 5206 gaudentem.
1947 5135 2058 5193 Ex-

467 5232 698 5287 surgens
747 5216 953 5276 Paulus
1015 5221 1286 5281 clamabat
1341 5226 1674 5284 benedicens
1722 5227 2054 5286 Dominum:

470 5329 489 5361 ι
522 5307 716 5365 Venite
737 5317 793 5366 et
813 5311 992 5369 videte
1011 5315 1446 5374 misericordiam
1475 5318 1590 5375 Dei.
1630 5339 1649 5372 ι
1681 5319 2058 5393 Expusuitque

464 5401 724 5459 omnibus
744 5419 866 5476 quae
885 5406 1114 5464 viderat.
1151 5408 1219 5466 Et
1245 5411 1460 5482 petebat
1517 5411 1586 5467 ab
1638 5411 1732 5467 illo
1776 5415 2056 5485 quomodo

466 5498 676 5549 tantam
707 5499 1192 5558 commutationem
1222 5502 1299 5558 illi
1330 5501 1477 5559 Deus
1505 5502 1788 5561 donasset.
1844 5503 1939 5562 Ille
1963 5523 2056 5564 au-

463 5591 571 5640 tem
592 5585 750 5657 llens,
769 5606 890 5664 ego,
912 5592 1112 5664 inquit,
1137 5609 1258 5650 sum
1287 5605 1562 5667 peccator,
1598 5606 1654 5654 et
1695 5598 1870 5653 multo
1915 5606 2054 5652 tem-

466 5693 598 5746 pore
647 5679 998 5740 fornicationi
1045 5685 1284 5741 deditus.
1339 5687 1623 5760 Ingressus
1668 5699 1850 5746 autem
1907 5706 2055 5745 nunc

459 5771 965 5845 ecclesiam,audivi
993 5777 1154 5834 verba
1182 5776 1334 5835 Isaiae
1355 5782 1651 5854 prophetae,
1671 5781 1847 5855 magis
1869 5787 2053 5840 autem

2095 3144 2136 3203 C

2155 5571 2504 5642 simplicitas,
2518 5571 2862 5647 etquidquid
2889 5575 2958 5647 ad
2980 5571 3164 5634 veram
3177 5571 3454 5647 pietatem

2180 1897 2403 1954 solliciti
2453 1915 2557 1957 nos
2604 1899 2918 1970 defendere,
2959 1904 3122 1961 nobis
3149 1906 3296 1963 bona
3323 1923 3614 1980 suggerere,
3637 1927 3708 1983 pro

2177 1990 2337 2047 nobis
2361 2006 2551 2061 orare,
2583 2009 2686 2066 pro
2724 2003 2915 2052 nostra
2953 1996 3132 2054 salute
3158 1999 3366 2068 laetari,
3394 2009 3450 2057 et
3474 2000 3709 2061 Domina

2174 2081 2401 2140 laudare
2421 2085 2738 2158 diligamus,
2764 2095 2818 2144 et
2859 2103 2962 2146 nos
2994 2104 3092 2146 eos
3133 2106 3481 2162 veneremur,
3507 2094 3709 2166 deprece-

2174 2191 2320 2244 mur,
2351 2186 2406 2234 et
2449 2179 2778 2236 memoriam
2819 2194 3009 2238 eorum
3040 2180 3476 2255 frequentemus,
3494 2197 3711 2257 quatenus

2176 2270 2434 2340 precibus
2453 2280 2510 2328 et
2529 2272 2752 2330 auxiliis
2779 2289 2974 2332 eorum
3019 2291 3336 2333 mereamur
3361 2276 3636 2336 diabolicae
3652 2282 3711 2336 ir-

2174 2360 2345 2418 sidias
2385 2361 2796 2434 deprehendere
2831 2375 2889 2424 et
2939 2367 3164 2424 eludere
3185 2411 3202 2436 ,
3234 2384 3340 2426 nos
3373 2369 3712 2441 impreheasi—

2174 2454 2356 2511 biliter
2402 2455 2627 2526 habere,
2658 2456 2773 2514 Deo
2835 2469 3028 2518 nostro
3092 2470 3378 2534 gratanter
3423 2464 3712 2531 militare,ut

2171 2561 2297 2602 eum
2328 2548 2534 2619 pariter
2554 2563 2683 2606 cum
2711 2550 2796 2608 eis
2822 2551 2879 2607 in
2907 2562 3176 2610 aeternum
3199 2569 3506 2611 mereamur
3522 2567 3715 2612 contem-

2173 2641 2312 2712 plari
2332 2650 2387 2698 et
2412 2642 2660 2713 laudare,
2685 2643 2814 2716 ipso
2863 2645 3129 2718 largiente
3181 2647 3279 2720 qui
3331 2664 3458 2705 cum
3504 2647 3644 2706 Patre
3674 2660 3714 2706 et

2175 2733 2382 2805 Spiritu
2414 2746 2605 2794 sancto
2625 2737 2761 2794 vivit
2785 2747 2840 2795 et
2861 2747 3053 2812 regnat
3073 2738 3220 2798 Deus
3240 2756 3341 2814 per
3361 2743 3538 2799 omnia
3555 2744 3716 2802 tacula

2173 2827 2520 2885 saeculorum.
2557 2829 2755 2886 Amen.

2312 2937 2393 2994 De
2421 2939 2623 3012 angelis
2671 2957 2765 3014 per
2797 2941 2983 2998 Desid.
3017 2941 3308 3000 Erasmum
3363 2945 3597 3002 Rotorod.

2240 3031 2434 3107 Angeli
2499 3049 2722 3107 quoque
2783 3036 2972 3093 multis
3036 3037 3360 3095 nominibus
3419 3050 3540 3096 sunt
3590 3039 3717 3094 nobis

2240 3049 2434 3160 unger:
2499 3049 2722 3107 quoque
2783 3049 2972 3093 multis
3036 3049 3360 3095 nominibus
3419 3050 3540 3096 sunt
3590 3049 3717 3094 nobis

2170 3118 2335 3178 aman
2377 3104 2434 3165 i.
2495 3106 2581 3178 vel
2640 3107 2772 3178 quia
2837 3107 3070 3164 Domino
3135 3110 3421 3166 communi
3480 3110 3720 3165 familiari-

2173 3185 2260 3250 ter
2324 3175 2678 3250 inserviunt,
2717 3178 2803 3250 vel
2865 3179 2997 3250 quia
3047 3179 3208 3250 jussu
3283 3181 3486 3237 summi
3543 3180 3719 3236 Princi-

2172 3245 2290 3370 gis,
2355 3261 2422 3300 ex
2483 3247 2670 3304 animo
2726 3245 3107 3305 bene'voluiit
3166 3252 3378 3318 electis,
3434 3252 3590 3308 additi
3639 3268 3718 3305 no-

2212 3316 2260 3370 is
2313 3318 2573 3370 custodes
2633 3318 2898 3370 adversus
2955 3320 3155 3370 imnios
3190 3323 3462 3370 mir-itus:
3521 3337 3718 3370 nuornnr

2212 3316 2260 3372 is
2313 3318 2573 3394 custodes
2633 3318 2898 3394 adversus
2955 3320 3155 3392 impios
3190 3316 3464 3394 spiritus;
3521 3337 3720 3394 quorum

2171 3387 2462 3462 praesentia
2502 3404 2608 3462 nos
2649 3390 2870 3462 deberet
2896 3405 2928 3446 a
2968 3387 3247 3462 peccando
3293 3387 3578 3450 deterrere.
3604 3391 3721 3448 Coa-

2172 3457 2458 3536 tristamus
2485 3461 2631 3536 enim
2648 3460 2793 3536 _ill_os
2813 3503 2832 3528 ,
2854 3473 2903 3516 et
2934 3457 3158 3536 {nobis
3185 3463 3572 3536 proﬂigamus,
3605 3478 3720 3534 quo-

2169 3528 2273 3606 ties
2297 3530 2624 3606 contemptis
2648 3530 2743 3586 Dei
2768 3533 3058 3606 prteceptis
3075 3528 3340 3606 ,__Sa'tan:e
3353 3528 3725 3606 'paremus'ins-

2171 3599 2453 3676 ti_nc_tihus.
2503 3599 2920 3676 "lerunt—suis
2949 3599 3300 3676 'satellitihus
3335 3599 3596 3676 n'usquam
3635 3620 3723 3658 non

2168 3669 2374 3745 vigilat,
2400 3680 2468 3745 _ut
2499 3671 2710 3745 perdat;
2749 3673 2805 3727 hi
2832 3688 3050 3743 semper
3091 3675 3341 3745 vigilant,
3377 3669 3723 3732 ut'tueantur.

2170 3738 2274 3795 Tot
2315 3743 2470 3815 enim
2499 3738 2748 3804 'casibus
2791 3753 2876 3799 est
2924 3738 3176 3815 exposita
3225 3738 3470 3802 humana
3510 3748 3641 3809 vita,
3679 3755 3726 3799 ut

2167 3811 2328 3882 pauci
2362 3811 2600 3868 infantes
2625 3815 2974 3882 pervenirent
2996 3811 3062 3871 ad
3101 3815 3528 3874 adolescentiam
3551 3861 3566 3882 ,
3594 3817 3725 3882 pauci

2167 3829 2328 3880 pauci
2362 3829 2600 3868 iurantes
2695 3829 2974 3871 rvemrent
2996 3829 3062 3871 au
3101 3829 3528 3874 adolescentiam
3551 3861 3566 3882 ,
3657 3833 3725 3870 uct

2165 3881 2545 3966 adolescentes
2573 3829 2691 3964 qui”
2681 3883 2892 3966 virilem
2919 3895 3193 3966 aetatem,
3219 3888 3385 3957 pauci
3414 3889 3515 3944 viri
3560 3833 3728 3966 asas?

2166 3961 2462 4029 uectutem,
2484 3953 2597 4029 nisi
2629 3955 2806 4029 nostri
2835 3953 3270 4029 curamassidtie
3287 3967 3535 4028 gererent
3554 3957 3724 4029 angeli.

2164 4020 2271 4076 Par
2297 4033 2380 4100 est
2405 4023 2690 4100 redamare
2713 4026 2808 4095 qui
2838 4026 2997 4100 nobis
3021 4027 3161 4100 bene
3189 4020 3412 4100 volunt;
3435 4045 3533 4100 par
3555 4020 3729 4100 est'vcf

2165 4093 2496 4176 nerari‘qui.
2527 4093 2747 4176 naturai
2761 4106 2891 4176 sunt
2916 4097 3280 4176 sublimioris_,
3295 4109 3358 4176 et
3388 4093 3729 4176 in'amoreDei

2166 4163 2519 4219 constabiliti.
2553 4163 2817 4220 Deferunt
2842 4176 3028 4222 nostra
3054 4177 3182 4223 vota
3203 4163 3271 4224 ad
3294 4169 3492 4234 Deum,
3515 4170 3730 4225 referunt

2166 4233 2388 4306 adﬁnes
2423 4235 2571 4291 illius
2615 4237 3076 4306 munificentiam,
3114 4239 3373 4295 solatium
3425 4233 3652 4297 afferunt
3683 4239 3729 4294 ia

2166 4303 2574 4382 alllictionibus.
2629 4305 2849 4382 Nam‘et
2897 4303 3197 4382 Christum
3219 4311 3281 4382 in
3312 4326 3491 4382 agone
3531 4310 3728 4367 conva

2167 4384 2314 4452 tasse
2344 4375 2621 4452 leguntur.
2651 4375 3470 4452 Inspirantsanctadesideria,
3494 4383 3731 4452 adjuvant

2167 4445 2221 4523 i_n
2250 4445 2587 4523 tentatione,_
2604 4445 2763 4523 benis
2785 4448 2986 4505 nostris
3011 4451 3411 4516 exhilarantur,
3439 4445 3596 4507 malis
3618 4466 3736 4523 quo-

2165 4513 2461 4591 dammodo
2498 4517 2848 4591 indolescuut
2869 4561 2885 4584 ,
2913 4535 3105 4591 omnes
3132 4513 3456 4591 exspectant
3493 4513 3732 4578 consumc

2172 4586 2468 4642 mationem
2519 4587 3018 4665 corporis_Chri_sti_.
3065 4590 3162 4665 De_
3192 4586 3396 4665 natura
3440 4595 3732 4665 angelorum

2171 4671 2284 4734 non
2320 4667 2402 4734 est
2435 4672 2671 4734 necesse
2701 4660 2863 4714 altius
2890 4660 3271 4734 philosophari
3307 4678 3478 4734 quam
3503 4660 3560 4718 in
3584 4677 3733 4719 cano-

2169 4728 2312 4802 nicis
2340 4728 2495 4802 libris
2535 4729 2793 4802 traditum
2828 4728 2945 4802 est.
2971 4728 3209 4802 Angelos
3244 4728 3370 4789 esse
3407 4744 3657 4797 constat,
3682 4747 3735 4785 ae

2170 4813 2266 4867 per
2296 4798 2397 4854 hos
2430 4797 2600 4854 Deum
2634 4799 3020 4857 administrare
3041 4797 3132 4859 rés
3155 4804 3465 4859 hominum.
3491 4804 3733 4860 Ordinum

2166 4869 2530 4944 quorumdam
2564 4871 2937 4944 tituli_proditi
2984 4885 3144 4939 sunt,
3171 4876 3539 4944 quorumdam
3590 4876 3732 4944 etiam

2165 4940 2387 5017 propria
2433 4941 2678 4996 nomina.
2715 4940 2927 4998 Mentes
2959 4953 3088 5017 sunt
3121 4940 3483 5016 incorporea,
3513 4961 3668 5017 quae,
3693 4943 3731 4998 si

2162 5011 2406 5085 quando‘
2421 5019 2708 5085 apparent
2730 5015 3173 5085 ,_assumptitiam
3207 5011 3448 5085 speciem
3470 5011 3475 5013 ’
3495 5011 3736 5074 cihihent

2159 5078 2356 5154 oculis.
2375 5078 2639 5154 Dicuntur
2660 5081 2784 5149 viri,
2813 5098 2921 5138 non
2951 5078 3096 5154 quod
3123 5078 3269 5142 ullus
3298 5103 3462 5142 sexus
3483 5088 3557 5142 sit
3575 5089 3628 5140 in
3653 5102 3735 5140 an-

2161 5151 2317 5221 gelis,
2354 5151 2448 5225 sed
2487 5153 2634 5222 quod
2673 5168 2736 5208 ea
2764 5154 2944 5225 specie
2969 5151 3095 5210 sese
3130 5158 3448 5212 ostendunt.
3481 5155 3735 5225 Quoniam

2160 5230 2346 5298 autem
2384 5222 2641 5298 humanae
2667 5222 2868 5298 mentis
2895 5225 3171 5298 hebetudo
3218 5242 3364 5298 aegre
3410 5222 3586 5284 credit
3627 5243 3738 5283 essu

2160 5293 2443 5368 quodnon
2468 5293 2634 5361 videt,
2657 5294 2873 5368 expedit
2893 5293 3024 5368 illud
3046 5298 3252 5368 teneris
3271 5293 3530 5368 protinus
3554 5300 3736 5354 animis

2164 5362 2433 5434 instillare
2471 5379 2594 5419 esse
2643 5362 2870 5433 spiritus
2913 5365 3218 5423 invisibiles
3246 5362 3473 5434 [testes
3503 5369 3733 5424 omnium

2157 5431 2436 5509 actionum
2470 5431 2807 5500 nostrarum,
2835 5443 3000 5509 atque
3021 5437 3160 5492 adeo
3181 5431 3584 5509 cogitationum
3611 5454 3735 5509 quo-

2157 5518 2287 5584 que,
2303 5503 2519 5592 ignibus
2548 5513 2698 5592 grata
2715 5515 2824 5592 est.
2843 5506 3140 5592 sobrietas,
3177 5503 3472 5590 pudicitia,
3505 5503 3732 5592 veritas.

2158 5598 2504 5642 suupucuas,
2518 5598 2572 5628 ce
2599 5598 2862 5645 quruqluu
2889 5598 2958 5630 au
2981 5598 3164 5634 veram
3199 5598 3454 5647 pietatem
3479 5598 3727 5650 pertinet:

2158 5651 2220 5698 ut
2247 5658 2442 5700 omnes
2479 5644 2744 5719 excludas
2753 5646 3056 5719 homines,
3081 5649 3343 5719 angelum
3373 5661 3558 5707 tamen
3583 5651 3732 5707 habes

2156 5721 2549 5786 spectatorem.
2591 5714 2854 5786 Similiter
2889 5714 3253 5786 agendum'ut
3296 5721 3363 5775 de
3397 5723 3605 5779 sanctis
3633 5731 3731 5776 rita

2157 5783 2430 5842 defunctis
2460 5785 2772 5858 religiosam
2797 5783 3061 5844 imbibant
3085 5789 3427 5862 Opinionem.
