3850 6318
67 343 194 404 “65

761 448 876 508 XL.

498 555 548 596 IN
575 555 743 600 1⁷88⁸1⁵0
771 557 958 600 ΒΔΝΟΤΙ
988 561 1158 603 ιυω.

116 626 422 702 Designarit
443 631 601 690 )esus
615 643 667 690 et
685 635 826 692 alios
859 641 1197 711 septuaginta
1218 641 1375 710 duos,
1401 651 1452 698 et
1479 643 1624 698 misit

55 723 162 778 illos
183 723 239 778 in
265 739 475 780 omnem
493 725 762 784 ciuitatem
785 737 838 783 et
863 728 1041 785 locum
1058 772 1074 799 ,
1103 748 1208 803 quo
1229 741 1346 788 erat
1371 733 1482 804 ipse
1504 749 1626 788 uen-

56 823 188 870 tum
231 814 386 886 (Luc.
411 815 493 888 x).
547 815 618 874 Et
637 819 871 893 reliqua.
920 820 1043 878 Jam
1096 824 1336 896 elegerat
1359 865 1377 892 ,
1424 824 1626 884 fratres

56 905 364 975 charissimi,
389 906 658 968 Dominus
677 911 966 970 duodecim
994 915 1277 986 apostolos
1303 933 1318 984 ;
1347 916 1444 974 sed
1470 915 1624 987 quia,

58 1006 109 1053 ut
129 997 238 1070 ipse
260 999 394 1056 dicit
414 1000 530 1070 hic,
559 1003 762 1061 messis
787 1013 908 1062 erat
930 1008 1102 1065 multa
1127 1050 1145 1076 ,
1174 1012 1412 1082 operarii
1441 1022 1626 1070 autem

58 1085 216 1155 pauci,
249 1088 628 1145 necessarium
659 1100 780 1147 erat
807 1099 869 1147 ut
897 1092 980 1150 eis
1003 1094 1396 1167 suifragatores
1417 1107 1472 1155 et
1495 1114 1630 1171 ope-

56 1182 168 1238 rarii
198 1181 549 1254 adderentur,
583 1193 641 1243 et
673 1187 782 1245 hoc
799 1198 886 1246 est
901 1190 1052 1261 quod
1077 1191 1282 1248 dicitur
1306 1193 1433 1251 hic:
1465 1194 1618 1252 Desi-

57 1276 214 1346 gnavit
231 1275 386 1334 Iesus
407 1287 462 1333 et
487 1277 628 1334 alios
650 1283 993 1354 septuaginta
1031 1285 1165 1340 duos
1181 1327 1199 1354 ,
1238 1295 1346 1344 etc.
1380 1286 1628 1347 Primum

57 1369 202 1441 igitur
225 1369 557 1428 describitur
579 1387 679 1430 eos
699 1374 952 1448 elegisse,
976 1377 1238 1448 secundo,
1262 1395 1360 1438 eos
1385 1380 1627 1450 misisse,

59 1463 196 1518 tertio
220 1478 312 1519 eos
338 1463 694 1523 instruxisse.
717 1465 891 1525 Porro
921 1484 1018 1527 eos
1043 1470 1277 1543 elegisse
1298 1473 1630 1533 describitur

57 1570 164 1610 cum
189 1555 420 1613 dicitur:
452 1556 769 1630 Designavit
795 1559 974 1618 Iesus.
1007 1561 1152 1632 Quid
1179 1564 1328 1622 enim
1351 1575 1439 1624 est
1477 1568 1629 1626 aliud

59 1647 349 1718 designasse
391 1663 564 1720 quam
617 1665 716 1709 eos
769 1653 1011 1724 quodam
1037 1654 1196 1728 signo
1242 1667 1300 1714 et
1344 1657 1630 1731 privilegio

57 1740 237 1812 gratias,
263 1742 535 1801 notabiles
558 1743 764 1802 electos
791 1746 1233 1806 demonstrasse?
1255 1749 1462 1808 Debent
1480 1751 1627 1818 enim

60 1832 360 1906 praefulgere
396 1835 577 1908 signis
603 1837 902 1909 virtutum,
937 1841 1033 1912 qui
1059 1851 1312 1914 pastores
1362 1852 1420 1900 et
1452 1845 1626 1917 magi-

59 1926 141 1981 stri
161 1927 568 1986 constituuntur
590 1929 1090 2003 populorum.Nam
1111 1946 1351 2007 quantus
1370 1946 1426 1993 et
1444 1939 1630 2010 qualis

60 2015 196 2074 debet
224 2033 342 2076 esse
368 2019 570 2077 doctor
595 2023 1035 2092 ecclesiasticus,
1065 2026 1122 2082 iu
1149 2027 1310 2100 cujus
1339 2044 1630 2102 compara-

62 2109 187 2166 tione
218 2113 451 2184 populus
504 2131 638 2187 grex
679 2121 948 2174 vocatur!
999 2119 1276 2178 Convenit
1319 2125 1524 2197 quippe
1569 2133 1633 2182 ut

63 2202 273 2272 ratione,
303 2205 558 2264 moribus
602 2217 658 2264 et
677 2209 910 2266 scientia
941 2214 1352 2284 superemineat
1375 2258 1390 2284 ,
1417 2232 1518 2274 nec
1546 2217 1634 2272 in-

63 2305 289 2353 curvetur
317 2313 474 2356 more
497 2300 718 2371 pecoris
742 2301 812 2358 ad
844 2311 1060 2360 terrena
1086 2347 1103 2374 ,
1133 2307 1231 2363 sed
1255 2308 1440 2379 potius
1479 2325 1634 2367 erec-

63 2395 137 2444 tus
157 2387 222 2446 sit
258 2389 324 2446 ad
353 2392 606 2450 caelestia
632 2434 649 2461 ,
681 2409 807 2466 quae
846 2411 1070 2453 sursum
1095 2409 1228 2455 sunt
1266 2401 1484 2472 sapiat,
1521 2418 1631 2458 non

64 2494 166 2550 quae
187 2497 343 2554 super
372 2494 624 2556 terram;
649 2504 709 2544 se
740 2498 795 2545 et
829 2490 1080 2549 subditos
1115 2509 1306 2566 regere
1329 2504 1384 2550 et
1408 2511 1635 2567 pascere

67 2574 284 2634 sudicist.
312 2576 441 2648 Sed,
495 2580 636 2650 proh
691 2581 879 2638 dolor!
925 2583 1087 2640 hodie
1123 2594 1210 2641 est
1273 2587 1532 2644 sacerdos
1572 2596 1636 2644 ut

66 2668 268 2738 populus
289 2711 305 2737 ,
333 2671 447 2728 imo
499 2671 762 2729 deterior.
811 2673 880 2730 Et
919 2675 1015 2746 qui
1059 2675 1322 2734 deberent
1364 2694 1488 2736 esse
1540 2681 1632 2736 lux

69 2761 250 2831 mundi,
276 2775 406 2821 sunt
432 2765 625 2837 potius
645 2765 922 2824 fumantes
961 2783 1129 2839 quam
1159 2767 1525 2828 llammantes.
1568 2771 1637 2829 Et

67 2862 177 2922 quot
198 2855 532 2930 designavit?
553 2857 909 2933 Septuaginta
938 2861 1097 2918 duos.
1125 2861 1204 2920 De
1232 2879 1465 2921 numero
1497 2866 1638 2924 isto-

69 2961 169 3001 rum
181 2963 314 3006 unus
334 2959 566 3022 putatur
585 2952 780 3010 beatus
802 2952 981 3010 Lucas
1007 2955 1104 3026 qui
1120 2957 1224 3012 hoc
1242 2956 1454 3024 scribit,
1471 2965 1528 3014 et
1546 2973 1638 3014 cu-

68 3036 140 3105 ius
153 3039 299 3097 hodie
317 3043 728 3102 solemnitatem
749 3045 1110 3104 celebramus.
1133 3046 1278 3104 Sane
1290 3051 1635 3124 septuaginta

69 3127 160 3240 dulei
176 3131 461 3240 eliguntur,
498 3134 593 3205 qui
617 3136 842 3240 totidem
857 3137 1170 3240 linguarum
1185 3139 1440 3212 gentibus
1452 3139 1634 3198 Evan-
1660 3172 1706 3240 ο

71 3221 239 3290 gelium
259 3224 463 3284 Christi
491 3227 870 3298 praedicarent.
892 3228 960 3286 Ut
975 3229 1119 3286 sicut
1144 3232 1323 3303 primo
1341 3232 1632 3292 duodecim

71 3319 270 3385 apostoli
287 3335 384 3392 pro
405 3321 702 3378 duodecim
727 3321 980 3380 tribubus
998 3321 1188 3392 Israel,
1205 3325 1280 3380 ita
1292 3327 1637 3401 septuaginta

73 3407 292 3482 discipuli
313 3421 544 3486 propter
573 3414 917 3486 septuaginta
955 3416 1202 3487 gentium
1230 3416 1448 3490 linguas
1469 3419 1639 3476 desti-

73 3508 302 3556 narentur
317 3501 681 3560 erudiendas.
705 3504 861 3561 Sicut
879 3514 1063 3562 autem
1095 3505 1152 3562 in
1173 3509 1442 3578 apostolis
1458 3509 1654 3568 forma

72 3599 141 3646 est
173 3593 574 3667 episcoporum,
605 3597 688 3654 sic
733 3597 790 3654 in
820 3599 1167 3672 septuaginta
1189 3602 1406 3660 duobus
1460 3604 1636 3664 forma

72 3690 144 3738 est
165 3685 422 3744 minorum
456 3689 830 3746 sacerdotum.
875 3690 1151 3761 Secundo,
1179 3694 1513 3754 describitur
1543 3713 1638 3757 eos

75 3772 262 3833 misisse
281 3795 403 3835 cum
433 3780 734 3838 subditur:
769 3782 838 3837 Et
873 3785 1017 3839 misit
1041 3786 1164 3840 illos
1189 3786 1338 3842 binos
1381 3798 1504 3844 ante
1553 3790 1640 3860 fa-

75 3863 185 3918 ciem
207 3883 352 3924 suam
372 3872 429 3925 in
453 3887 666 3927 omnem
708 3875 978 3930 civitatem
998 3885 1050 3931 et
1070 3878 1245 3933 locum
1265 3896 1368 3951 quo
1386 3891 1502 3936 erat
1527 3883 1639 3954 ipse

75 3966 308 4017 venturus.
335 3961 731 4034 Ecce,.fratres
775 3968 905 4035 mei,
953 3968 1045 4025 hic
1070 3969 1327 4042 discipuli
1356 3989 1464 4029 non
1495 3990 1526 4031 a
1551 3987 1639 4032 se;

77 4050 322 4122 metipsis,
382 4055 486 4112 sed
530 4071 560 4110 a
611 4055 846 4114 Domino
888 4059 1171 4132 eliguntur
1221 4073 1284 4119 et
1321 4064 1635 4124 mittuntur.

81 4158 97 4191 ι
121 4139 272 4201 Nemo
293 4147 464 4217 enim,
495 4156 557 4203 ut
580 4149 659 4205 ait
687 4151 1002 4221 apostolus,
1050 4153 1156 4208 sibi
1186 4156 1418 4214 assumit
1459 4159 1638 4214 hono-

76 4246 194 4303 rem,
216 4240 304 4295 sed
346 4241 439 4312 qui
477 4251 706 4298 vocatus
729 4251 815 4299 est
862 4253 924 4299 ut
961 4244 1146 4301 Aaron
1175 4247 1364 4319 (Hebr.
1414 4252 1494 4320 v).
1525 4269 1545 4306 ι
1572 4250 1640 4309 Et

77 4328 185 4385 alibi
213 4350 228 4387 :
255 4353 272 4386 ι
302 4333 614 4404 Quomodo,
643 4336 842 4408 inquit,
868 4339 1245 4408 praedicabunt
1275 4342 1382 4400 nisi
1416 4344 1640 4401 mittan-

78 4423 180 4476 tur?
206 4443 224 4476 ι
256 4425 424 4496 (Rom.
445 4428 532 4501 x.)
558 4427 627 4484 Et
649 4429 755 4485 hoc
786 4439 973 4501 aperte
1010 4439 1095 4487 est
1121 4441 1313 4490 contra
1343 4437 1636 4506 quosdam,

1191 335 1524 396 "OMZLIIE.
1548 369 1609 380 —
1639 336 1680 393 l.
1723 335 1811 392 DE
1845 336 2192 397 ΤΕΜΡΟΒΕ.

1649 458 1697 518 Α
1729 452 1849 510 Bini
1867 470 1998 526 ergo
2017 455 2086 511 ad
2111 453 2518 526 praedicandum
2541 455 2850 512 mittuntur.
2885 458 2963 515 Ac
2991 458 3038 516 si
3062 460 3144 517 eis
3168 460 3319 519 dica-

3179 343 3204 399 i
3214 344 3319 400 ιω.

1728 555 1851 603 tur:
1877 545 1988 604 Vos
2007 548 2103 619 qui
2133 547 2537 618 praedicationis
2559 549 2797 606 cilicium
2819 553 3122 624 suscipitis,
3154 571 3319 627 opor-

1728 647 1805 695 tet
1849 647 1910 694 ut
1955 646 2012 695 et
2069 653 2319 696 consono
2349 639 2514 696 corde
2561 640 2618 696 in
2645 640 2805 698 vobis
2845 642 2970 700 aliis
2994 645 3320 704 charitatcm

1725 729 2137 798 demonstretis,
2167 737 2224 785 et
2253 745 2499 787 consono
2524 746 2620 789 ore
2659 732 2945 790 veritatem
2992 736 3318 794 tcstilicctis.

1726 817 1922 876 Omnis
1948 819 2096 876 enim
2130 819 2292 891 cujus
2322 836 2418 878 cor
2468 820 2720 880 dissonat
2747 839 2779 879 a
2803 825 3048 882 veritatis
3088 827 3322 896 unitate,

1725 912 1952 968 omnino
1999 911 2258 985 indignus
2287 921 2374 970 est
2415 912 2654 971 cilicium
2707 917 3111 988 praedicationis
3139 920 3322 975 susci-

1727 1017 1876 1074 pere.
1895 1000 1962 1057 Et
1981 1017 2094 1074 quo
2121 1017 2219 1059 eos
2243 1003 2430 1060 misit?
2451 1005 2590 1061 Ante
2611 1007 2805 1076 faciem
2825 1025 3002 1077 suam,
3031 1011 3086 1065 in
3116 1027 3324 1067 omnem

1728 1095 1997 1149 civitatem
2041 1104 2091 1150 et
2125 1094 2300 1150 locum
2321 1113 2425 1168 quo
2455 1109 2568 1152 erat
2593 1099 2701 1170 ipse
2750 1111 3019 1159 uenturus.
3051 1103 3325 1163 Pratmisit

1727 1203 1826 1254 eos
1867 1196 2132 1260 tanquam
2176 1188 2359 1244 locum
2390 1189 2496 1246 sibi
2534 1202 2961 1270 praeparaturus.
2995 1194 3143 1252 Ordo
3171 1201 3324 1256 enim

1727 1279 1896 1350 exigit
1927 1287 1988 1335 ut
2030 1279 2302 1351 praecedat
2344 1296 2453 1337 vox
2503 1284 2928 1354 praedicationis,
2963 1295 3025 1343 ut
3055 1287 3324 1348 Dominus

1729 1371 1914 1428 veniat
1977 1370 2047 1427 ad
2101 1370 2478 1428 habitaculum
2535 1375 2758 1432 mentis.
2818 1374 2974 1433 Unde
3023 1379 3322 1451 propheta,

1736 1481 1755 1516 ι
1791 1460 1988 1520 Parate
2012 1462 2159 1519 viam
2209 1461 2464 1534 Domino,
2515 1475 2697 1523 rectas
2741 1465 2905 1526 facite
2947 1471 3174 1529 semitas
3203 1474 3325 1544 ejus

1730 1555 1871 1630 (Ira.
1915 1556 2012 1628 tv).
2053 1577 2072 1610 ι
2107 1555 2341 1624 Quando
2361 1557 2530 1625 enim,
2553 1557 2754 1616 fratres
2783 1562 2914 1630 mei,
2946 1563 3105 1619 vobis
3122 1565 3325 1636 praedio

1730 1665 1946 1718 camus,
1973 1650 2198 1722 quando
2222 1665 2322 1708 vos
2349 1650 2682 1722 corripimus
2723 1661 2780 1710 et
2807 1654 3155 1726 instruimus,
3210 1656 3323 1714 llo-

1732 1744 1886 1800 mino
1907 1743 2053 1799 viam
2079 1744 2148 1800 ad
2173 1744 2343 1800 corda
2377 1754 2561 1802 vestra
2589 1761 2872 1816 paramus.

1802 1835 1990 1892 Tertio
2025 1836 2358 1893 describitur
2390 1835 2656 1896 Dominus
2678 1855 2777 1896 eos
2826 1841 3177 1910 instruxisse,
3199 1857 3327 1900 cum

1727 1927 1985 1985 subditur
2016 1947 2031 1984 :
2065 1927 2376 1992 Etdicebat
2422 1930 2556 1998 illis,
2595 1941 2700 1988 etc.
2749 1931 2890 1989 Sunt
2919 1943 3104 1991 autem
3135 1935 3328 1992 decem

1728 2020 1785 2076 in
1815 2020 2019 2093 quibus
2047 2020 2274 2077 instruit
2300 2037 2419 2080 eos.
2455 2021 2706 2080 Ostendit
2734 2035 2918 2082 autem
2965 2027 3048 2083 eis
3083 2036 3328 2098 quantus

1729 2113 1886 2169 labor
1905 2113 1988 2169 eis
2010 2113 2312 2182 incumbat,
2343 2114 2475 2186 quid
2498 2115 2734 2172 debeant
2760 2116 2941 2188 ipsum
2967 2133 3182 2190 rogare,
3198 2133 3332 2189 quo-

1730 2208 1896 2263 modo
1923 2207 2041 2278 ipse
2071 2207 2146 2264 sit
2165 2205 2343 2264 facilis
2369 2223 2468 2266 cos
2495 2209 2708 2277 audire,
2733 2211 2948 2282 quales,
2977 2228 3144 2283 quam
3165 2227 3332 2284 expe-

1729 2297 1829 2354 diti
1877 2305 1933 2354 et
1959 2313 2126 2369 quam
2158 2295 2342 2355 festini
2364 2297 2468 2371 ipsi
2495 2298 2734 2356 debeant
2779 2315 2926 2369 esse,
2965 2301 3115 2371 quod
3145 2301 3332 2372 potius

1729 2389 1965 2446 debeant
1986 2389 2307 2461 praedicare,
2338 2400 2395 2446 et
2415 2407 2526 2462 qua
2550 2391 2808 2461 utilitate,
2837 2391 2930 2448 ubi
2955 2393 3189 2450 debeant
3213 2410 3333 2448 ma-

1731 2497 1882 2549 nere,
1925 2491 1982 2538 et
2031 2482 2177 2540 unde
2227 2483 2545 2540 necessaria
2596 2499 2837 2541 sumere.
2890 2483 3065 2541 Porro
3090 2493 3333 2557 quantus

1732 2573 1886 2630 labor
1911 2575 1992 2630 eis
2021 2575 2325 2643 incumbat,
2363 2576 2608 2633 ostendit
2631 2592 2760 2633 cum
2786 2577 2924 2634 dicit
2953 2597 2966 2633 :
2996 2577 3182 2634 Hessis
3208 2579 3330 2650 qui-

1732 2665 1852 2720 dem
1881 2666 2074 2735 multa,
2097 2670 2330 2738 operarii
2353 2678 2534 2724 autem
2557 2670 2738 2741 pauci.
2765 2670 2844 2727 Ac
2871 2672 2918 2728 si
2945 2680 3132 2742 aperte
3148 2672 3329 2730 dicat:

1733 2759 1874 2816 Cum
1903 2760 2076 2815 multa
2118 2761 2192 2818 sit
2240 2761 2458 2829 messis,
2481 2771 2539 2817 et
2582 2777 2681 2818 vos
2707 2763 2944 2833 operarii
2991 2763 3116 2820 sitis
3148 2763 3332 2835 pauci,

1735 2864 1846 2904 non
1869 2857 1956 2906 est
1983 2849 2142 2905 vobis
2168 2850 2456 2906 otiandum
2485 2859 2542 2906 et
2569 2851 2976 2919 dormiendum,
3026 2853 3120 2910 sed
3149 2852 3335 2924 potius

1735 2957 1862 2998 cum
1893 2941 2044 2997 omni
2075 2942 2263 2998 labore
2306 2949 2362 2997 et
2408 2941 2776 2999 sollicitudine
2805 2943 2956 3013 operi
2987 2943 3329 3011 instandum;

1737 3042 1799 3090 ut
1825 3035 2050 3090 multam
2081 3050 2318 3091 messem
2345 3049 2443 3092 vos
2490 3035 2651 3106 pauci
2703 3035 2942 3107 operarii
2966 3037 3220 3108 colligere
3241 3053 3338 3094 va-

1737 3127 1913 3184 leatis.
1945 3127 2103 3196 Quod
2125 3138 2307 3184 autem
2339 3137 2470 3185 tunc
2499 3127 2768 3186 Dominus
2795 3128 3032 3197 diccbat,
3064 3147 3211 3186 nunc
3233 3145 3336 3188 nos

1738 3219 1922 3276 dicere
1946 3236 2265 3291 possumus.
2290 3219 2562 3288 Quoniam
2592 3221 2761 3293 (quod
2783 3222 2905 3278 sine
2928 3223 3134 3296 gemitu
3153 3225 3337 3282 dicere

1736 3313 1974 3384 nequeo)
1998 3322 2053 3368 et
2077 3313 2124 3368 si
2147 3321 2277 3369 sunt
2300 3313 2394 3385 qui
2440 3313 2584 3370 bona
2629 3315 2878 3383 audiant,
2899 3316 3102 3372 desunt
3123 3317 3219 3388 qui
3243 3317 3335 3374 di-

1737 3415 1903 3463 cant:
1931 3405 2071 3465 Ecce
2101 3408 2413 3464 sacerdotes
2439 3407 2872 3465 innumerabiles
2893 3418 3043 3476 sunt,
3066 3418 3124 3464 et
3151 3417 3334 3466 tamen

1737 3499 1795 3556 in
1836 3515 2016 3557 messe
2040 3500 2135 3557 Dei
2162 3516 2322 3557 rarus
2367 3501 2639 3572 reperitur
2663 3503 2952 3574 operarius
2985 3503 3184 3570 bonus,
3205 3504 3336 3574 quia

1737 3592 1976 3648 cilicium
2000 3593 2221 3663 quidem
2250 3594 2591 3650 sacerdotale
2616 3595 2847 3652 libenter
2866 3596 3337 3667 suscipimus,sed

1737 3702 1879 3759 opus
1909 3686 2069 3743 cilicii
2092 3703 2201 3744 non
2229 3687 2543 3759 implemus.
2596 3687 2665 3744 Et
2699 3689 2843 3760 perit
2869 3689 3166 3746 multitudo
3189 3704 3338 3746 mes-

1737 3779 1881 3837 sium
1912 3789 2134 3852 propter
2159 3779 2436 3851 pigritiam
2460 3780 2860 3852 operariorum.
2889 3783 3164 3850 Secundo,
3197 3783 3335 3855 quid

1737 3889 1934 3944 rogare
1982 3873 2219 3929 debeant
2268 3872 2513 3929 ostendit
2546 3890 2671 3930 cum
2704 3875 2891 3932 subdit
2926 3895 2942 3932 ;
2972 3875 3170 3948 Rogata
3211 3893 3336 3948 ergo

1737 3963 2012 4018 dontinum
2032 3965 2238 4032 messis,
2259 3972 2316 4018 ut
2346 3964 2526 4020 mittat
2547 3968 2820 4036 operarios
2839 3968 2892 4021 in
2914 3984 3131 4024 messem
3158 3985 3333 4024 suam.

1740 4052 1856 4111 Hoc
1897 4054 2045 4111 enim
2094 4063 2208 4111 tota
2257 4054 2502 4112 Ecclesia
2547 4057 2706 4114 debet
2751 4059 2998 4130 quotidie
3039 4059 3334 4118 Dominum

1739 4163 1956 4220 rogare,
1983 4157 2046 4204 nt
2071 4149 2254 4205 mittat
2281 4159 2463 4208 tantos
2483 4159 2537 4206 et
2562 4151 2699 4208 tales
2712 4156 2996 4224 operarios
3019 4152 3072 4208 in
3098 4169 3333 4210 messem

1739 4255 1922 4308 suam,
1950 4241 2044 4312 qui
2076 4241 2226 4314 digni
2254 4252 2308 4299 et
2329 4243 2484 4315 probi
2511 4243 2624 4300 sint
2649 4261 2770 4300 eam
2797 4245 3078 4303 custodire
3097 4257 3152 4302 et
3177 4247 3335 4302 colli-

1739 4346 1867 4401 gere
1898 4332 1952 4387 in
1987 4333 2186 4389 horrea
2235 4333 2588 4392 beatitudinis
2617 4345 2857 4394 aeternae.
2905 4337 3180 4412 Rogemus
3205 4352 3342 4409 ergo

1741 4421 2058 4492 Dominum,
2107 4442 2209 4483 nos
2255 4436 2526 4498 pastores.
2553 4428 2762 4503 Rogate
2785 4439 2842 4488 et
2882 4448 2981 4488 vos
3013 4447 3112 4502 pro
3153 4431 3338 4499 nobis,

78 4513 158 4582 qui
180 4514 514 4588 impudenter
535 4521 862 4592 semetipsos
887 4521 1119 4594 eligunt,
1142 4523 1236 4595 qui
1261 4541 1322 4583 se
1362 4527 1636 4600 iugerum,
1669 4535 1716 4596 υ
1743 4519 1944 4576 fratres
1959 4520 2086 4587 mei,
2101 4529 2376 4592 quatenus
2396 4532 2450 4578 et
2473 4538 2578 4582 nos
2606 4525 2784 4581 bonos
2810 4524 3095 4596 operarios
3117 4523 3338 4590 elliciat,

79 4607 158 4673 qui
183 4610 576 4670 ecclesiasticas
589 4615 905 4686 dignitates,
919 4615 1007 4671 vel
1030 4617 1308 4687 precibus,
1333 4620 1418 4676 vel
1439 4622 1636 4692 pretio,

80 4697 151 4752 vel
190 4700 435 4761 violentia
490 4707 732 4777 rapiunt.
781 4705 858 4762 De
897 4707 1102 4779 quibus
1143 4708 1448 4768 Dominus:
1479 4731 1499 4766 ι
1533 4711 1639 4785 ipsi

81 4801 438 4864 regnaverunt,
468 4799 565 4853 sed
607 4813 716 4854 non
741 4813 810 4854 ex
839 4814 948 4854 me.
978 4799 1266 4872 Principes
1288 4802 1638 4874 exstiterunt,

81 4890 238 4957 etcgo
280 4889 524 4962 ignoravi
549 4891 697 4964 (Ose.
722 4893 866 4966 νιιι).
901 4913 920 4947 ι
955 4895 1036 4952 Ex
1067 4912 1128 4954 se
1163 4911 1422 4971 namque,
1448 4908 1506 4956 et
1527 4915 1639 4955 non

82 4986 138 5026 ex
166 4977 380 5037 arbitrio
405 4984 607 5039 summi
635 4983 884 5043 Hectoris
913 4995 1163 5059 regnant,
1189 4989 1287 5060 qui
1326 4990 1492 5048 nullis
1519 4989 1641 5047 fulti

84 5063 367 5141 Virtutibus,
406 5091 516 5130 non
549 5077 811 5135 divinitus
841 5080 1046 5148 vocati,
1089 5080 1184 5136 sed
1217 5097 1318 5139 sua
1343 5083 1642 5153 cupiditate

86 5164 329 5246 Ψθθθηδῖν
341 5167 580 5240 regimen
603 5170 826 5241 rapiunt
851 5165 1028 5244 magis
1057 5189 1225 5244 quam
1252 5186 1638 5246 assequamur.

85 5244 218 5312 Quos
258 5253 502 5316 internus
542 5259 719 5316 Iudex
743 5263 998 5333 provehit
1026 5272 1082 5320 ct
1109 5265 1305 5333 nescit,
1334 5244 1465 5338 quia
1505 5282 1647 5338 quos

88 5344 421 5431 permittendo
478 5352 692 5421 tolerat,
761 5369 857 5425 per
912 5355 1182 5427 judicium
1243 5359 1646 5431 reprobationis

91 5429 296 5524 ignorat.
326 5440 396 5496 Et
419 5445 583 5513 misit,
606 5445 808 5518 inquit,
833 5464 920 5503 eos
938 5449 1108 5505 binos.
1123 5449 1243 5507 Non
1269 5429 1454 5510 minus
1473 5466 1644 5524 quant

92 5521 212 5581 inter
239 5529 375 5590 duos
419 5535 612 5596 fratres
636 5537 876 5596 fraterna
906 5542 1150 5599 charitas
1185 5553 1366 5614 potest
1405 5521 1640 5602 demon-

93 5622 254 5690 s‘trari,
276 5641 374 5683 nec
399 5628 582 5688 minus
611 5648 776 5704 quam
809 5634 920 5690 duo
967 5635 1248 5692 sullieiunt
1285 5637 1356 5694 ad
1395 5639 1641 5695 testimo-

97 5707 224 5765 nium
243 5717 499 5789 veritatis,
515 5723 730 5780 dicente
753 5721 988 5782 Domino
1012 5726 1142 5798 quia
1171 5746 1192 5781 ι
1220 5728 1274 5785 in
1297 5731 1639 5786 creditorum

95 5800 170 5856 vel
188 5805 342 5868 trium
359 5815 595 5886 testium,
620 5826 729 5874 stat
749 5832 913 5876 omne
935 5820 1162 5878 verbum
1181 5821 1398 5888 (Matth.
1420 5823 1593 5892 xvul).
1619 5845 1634 5875 ι

1744 4623 1801 4668 et
1847 4613 1986 4669 alios
2045 4614 2294 4685 suppleat
2332 4615 2401 4672 ad
2453 4615 2716 4674 honorem
2763 4617 3004 4672 nominis
3033 4615 3140 4682 sui,
3177 4624 3234 4671 et
3267 4615 3337 4672 ad

1745 4706 2035 4762 utilitatem
2085 4708 2261 4764 nostri
2313 4717 2368 4765 et
2407 4710 2600 4769 vestri.
2651 4708 2871 4766 Utilitas
2897 4708 3099 4781 quippe
3148 4717 3337 4766 nostra

1746 4806 1925 4854 vestra
1948 4809 2052 4864 est,
2081 4808 2138 4856 et
2165 4799 2372 4858 utilitas
2395 4809 2578 4857 vestra
2614 4809 2802 4857 nostra
2847 4807 2952 4868 est,
3002 4799 3130 4871 quia
3156 4799 3204 4856 si
3236 4815 3338 4855 vos

1746 4890 1904 4948 bonae
1926 4907 2058 4949 oves
2075 4892 2232 4960 estis,
2259 4907 2361 4950 nos
2382 4892 2729 4950 orationibus
2751 4902 2806 4949 et
2832 4892 3112 4948 beneﬁciis
3138 4891 3338 4948 vestris

1747 4990 2089 5048 sustentatis.
2119 4990 2390 5048 Damnum
2416 5006 2638 5063 quoque
2680 4998 2932 5046 nostrum
2961 4997 3206 5044 vestrum
3228 4994 3335 5055 est,

1747 5083 2011 5152 quoniam
2037 5083 2085 5140 si
2112 5082 2284 5156 (quod
2321 5081 2527 5154 absit!)
2567 5083 2638 5139 ab
2672 5081 2848 5140 otlicio
2869 5079 2998 5138 boni
3021 5078 3258 5152 pastoris
3281 5085 3339 5136 et

1747 5175 1857 5230 vita
1882 5177 2280 5244 exorbitamus,
2307 5191 2409 5232 vos
2431 5176 2746 5234 exorbitare
2789 5175 3044 5232 facimus.
3077 5172 3337 5230 Vestrum

1746 5280 1970 5336 quoque
2013 5266 2278 5322 damnum
2303 5276 2552 5324 nostrum
2605 5277 2691 5324 est
2729 5267 3016 5339 quoniam,
3065 5266 3116 5323 si
3163 5263 3338 5337 (quod

1747 5356 1950 5429 absit!)
1980 5373 2124 5414 unus
2141 5365 2382 5415 vestrum
2409 5359 2571 5430 perit,
2590 5359 2717 5417 inde
2737 5360 2903 5416 timor
2921 5367 2977 5417 et
2993 5359 3154 5417 dolor
3174 5359 3337 5417 nobis

1747 5452 2027 5510 accrescit.
2061 5449 2497 5524 Certc,.propter
2524 5463 2747 5525 peccata
2773 5453 2982 5526 populi,
3015 5453 3152 5509 sinit
3190 5451 3338 5509 Deus

1749 5559 1979 5617 regnare
2005 5544 2377 5618 hypocritam,
2393 5555 2455 5602 ut
2473 5556 2703 5618 apparet
2723 5546 2780 5602 in
2811 5547 2998 5604 Saule.
3024 5545 3092 5600 Et
3115 5553 3338 5616 propter

1748 5646 1971 5709 peccata
2000 5637 2309 5711 principum
2332 5639 2418 5694 vel
2455 5639 2823 5708 sacerdotum,
2851 5639 3002 5696 venit
3027 5637 3340 5710 persecutio

1751 5745 1917 5800 super
1943 5731 2229 5802 populum,
2271 5731 2423 5803 quod
2465 5741 2692 5804 apparet
2742 5733 2814 5788 in.
2849 5732 2976 5790 filiis
3021 5729 3162 5796 lleli,
3191 5737 3249 5786 et
3280 5728 3338 5786 in

1755 5822 1944 5878 David.
1974 5821 2244 5891 Quoniam
2276 5823 2439 5895 igitur
2468 5824 2548 5881 sic
2593 5840 2695 5882 nos
2723 5833 2973 5896 pastores
2997 5830 3052 5880 et
3078 5836 3180 5880 vos
3205 5820 3338 5878 sub-
