3844 6318
491 289 630 363 ηδτ

1772 304 2124 361 RABULPHI
2162 304 2506 360 ARDEN’TIS

3583 319 3680 377 μω

486 423 606 489 diti,
629 404 1146 498 conjunctisumus,
1169 403 1271 477 nos
1299 421 1366 477 ad
1390 419 1622 475 invicem
1650 418 1962 490 diligamus,
1987 434 2084 472 vos
2119 425 2153 478 Α
2193 428 2404 475 resecat
2429 420 2727 490 superflua,
2753 422 2806 476 in
2835 437 2893 478 se
2920 433 3402 496 quantumcunque
3445 439 3591 498 potest
3625 452 3689 491 re.

485 523 700 583 nostra,
727 524 782 571 et
808 531 911 572 nos
925 525 1112 572 .vestra
1145 528 1307 568 onera
1336 519 1646 582 portemus;
1677 525 1777 566 vos
1805 513 2000 577 nostri,
2024 521 2078 566 et

485 620 589 660 nos
617 607 812 676 vestri,
844 608 899 663 in
928 607 1290 670 orationibus,
1325 603 1694 658 oblationibus
1737 614 1792 659 et
1841 605 2078 659 eleemo—

401 697 404 701 ’
487 698 638 765 synis
667 689 944 756 memores
971 700 1164 763 simus,
1199 705 1468 765 quatenus
1495 696 1638 751 sicut
1668 695 1831 752 simul
1864 697 1954 752 hic
1991 697 2076 751 vi-

485 793 689 857 vimus,
745 792 826 847 sic
875 790 1039 847 simul
1092 790 1144 843 in
1192 787 1295 842 alia
1351 789 1458 840 vita
1507 787 1826 857 gloriemur.
1868 788 2073 855 Tertio,

487 879 758 938 Dominus
801 880 1042 937 ostendit
1088 879 1364 950 quomodo
1389 877 1504 948 ipse
1547 878 1619 934 sit
1663 878 1839 936 facilis
1888 883 2077 937 audire

444 981 447 984 ‘
486 968 590 1027 eos
611 975 705 1043 qui
736 973 840 1028 sibi
860 971 1261 1028 'dona‘ri‘bonos
1284 978 1534 1039 pastores
1563 980 1778 1042 rogant,
1805 988 1929 1027 cum
1954 975 2079 1030 sub-

414 1058 419 1063 ’
487 1057 566 1118 dit
593 1083 606 1119 :
660 1063 761 1118 Ite.
786 1062 927 1117 Ecce
941 1079 1034 1132 ego
1058 1062 1210 1114 mitto
1234 1077 1340 1114 vos.
1375 1059 1532 1127 Hinc,
1560 1059 1758 1118 fratres
1785 1065 1912 1131 mei,
1945 1081 2076 1120 con-

488 1165 594 1210 stat
622 1139 882 1224 quoniam
913 1155 959 1209 si
991 1154 1077 1224 pia
1103 1162 1158 1209 et
1183 1150 1421 1208 instante
1456 1155 1706 1211 oratione
1740 1157 1943 1212 bonum
1976 1174 2076 1228 pa-

487 1257 689 1302 storem
729 1241 1216 1317 pustulaverimus,
1254 1249 1443 1318 procul
1466 1248 1632 1303 dubio
1662 1251 1934 1320 repulsam
1966 1267 2074 1306 non

484 1339 772 1410 patiemur.
807 1338 1121 1409 Propterea,
1156 1341 1376 1409 quando
1402 1349 1559 1395 vacat
1582 1342 1738 1397 sedes
1762 1344 2073 1412 pastoralis,

481 1412 742 1484 deberent
763 1428 1078 1485 sacerdotes
1099 1429 1166 1484 ad
1190 1429 1454 1486 ecclesias
1491 1446 1616 1486 cum
1647 1432 1898 1502 plebibus
1941 1450 2041 1490 con
2064 1464 2076 1476 -

481 1520 689 1584 venire,
713 1521 859 1576 votis
907 1529 962 1576 et
1003 1521 1280 1592 suspiriis,
1328 1521 1555 1593 jejuniis
1599 1532 1654 1578 et
1707 1526 2074 1594 orationibus,

481 1611 852 1669 oblationibus
877 1621 932 1668 et
952 1613 1333 1686 eleemosynis,
1365 1629 1395 1668 a
1434 1612 1670 1670 Domino
1721 1617 1927 1672 bonum
1980 1620 2077 1689 pa-l

481 1713 686 1758 storem
714 1705 1010 1775 postulare.
1051 1703 1190 1772 Sed,
1230 1706 1374 1761 unde
1409 1706 1704 1762 dolendum
1739 1715 1852 1776 est,
1912 1710 2076 1766 hodie

2180 511 2411 582 stringat
2430 513 2593 566 etiam
2613 528 2674 567 ea
2698 529 2820 584 quae
2844 514 3096 570 videntur
3115 516 3165 572 ei
3189 522 3498 578 necessaria.
3520 523 3691 594 liystice

2179 617 2308 656 vero
2339 602 2570 671 pecunia
2601 602 2654 657 in
2677 619 2839 659 sacco
2861 605 3072 672 clausa,
3102 614 3188 661 est
3234 609 3484 676 sapientia
3509 617 3692 672 occulta.

2185 693 2291 748 Sed
2323 693 2594 764 sapientia
2623 695 2964 763 abscondita,
2993 707 3048 752 et
3075 697 3364 755 thesaurus
3385 702 3697 774 absconditus,

2179 801 2302 855 qua:
2323 785 2531 841 utilitas
2553 787 2607 840 in
2631 787 2908 857 utrisque?
2944 787 3278 844 Przedicator
3308 807 3433 862 ergo
3471 799 3700 863 pecuniam

2179 875 2232 929 in
2259 891 2420 932 sacco
2451 875 2593 933 ferre
2634 879 2985 948 prohibetur,
3040 882 3170 952 quia
3201 883 3294 953 qui
3326 885 3569 941 talentum
3591 894 3704 946 verbi

2181 969 2463 1036 occultat,
2511 971 2855 1040 reprobatur.
2923 971 3201 1042 Scriptum
3255 985 3339 1030 est
3389 978 3705 1048 enimuQui

2179 1059 2467 1114 abscondit
2557 1061 2872 1129 frumenta,
2963 1063 3324 1120 maledieetur
3411 1067 3462 1121 in
3545 1074 3707 1140 pupulis

2181 1151 2362 1222 (Prov.
2399 1153 2530 1223 χή.»
2562 1153 2890 1210 Prohibetur
2910 1169 3129 1226 quoque
3155 1155 3299 1211 ferre
3323 1172 3536 1228 peram,
3579 1162 3621 1216 id
3650 1175 3709 1218 est

2181 1260 2322 1300 onus
2355 1246 2700 1302 szecularium
2734 1246 3098 1323 negotiorum,
3130 1262 3200 1301 ne
3231 1247 3279 1302 si
3324 1249 3517 1303 collum
3553 1255 3707 1310 mentis

2177 1338 2298 1408 ejus
2327 1338 2628 1409 opprimat,
2660 1338 2728 1392 ad
2756 1338 3003 1394 coelestia
3033 1339 3157 1394 aliis
3183 1340 3521 1410 pradicanda
3542 1359 3630 1398 non
3645 1362 3710 1401 as-

2180 1437 2390 1498 surgat.
2444 1427 2584 1484 llinc
2633 1429 2881 1485 Paulus:
2947 1448 2964 1481 ι
3005 1428 3176 1486 Nemo
3205 1473 3221 1498 ,
3267 1432 3484 1502 inquit,
3521 1436 3711 1494 militans

2179 1516 2310 1585 Deo,
2345 1519 2589 1589 implicat
2610 1535 2670 1574 se
2698 1518 2931 1590 negotiis
2952 1519 3333 1576 saecularibus.
3354 1520 3444 1593 (II
3468 1521 3588 1578 Tim.
3604 1528 3707 1594 11).»

2177 1607 2505 1665 Prohibetur
2524 1619 2586 1664 'ct
2613 1609 2750 1665 duas
2777 1610 3013 1678 tunicas,
3051 1611 3105 1666 id
3127 1620 3232 1680 est,
3270 1612 3620 1683 duplicitatem
3641 1617 3712 1672 lia-

2179 1701 2326 1768 herp.
2371 1701 2613 1773 Simplex
2662 1703 2809 1757 enim
2859 1719 2983 1759 esse
3015 1703 3177 1759 debet
3216 1704 3315 1775 qui
3366 1707 3713 1777 simplicitatem

483 1796 536 1849 in
565 1769 925 1853 electi-onibus
950 1769 1257 1868 pastorum,
1285 1799 1666 1870 unusquisque
1699 1769 1930 1872 requirit
1961 1821 2066 1859 non
2109 1769 2149 1828 Β
2177 1795 2336 1851 ἀοι)ρὶ
2369 1769 2509 1850 aliis.
2541 1795 2859 1865 Ρτεθάῖεπθο
2909 1794 3064 1851 Unde
3102 1796 3306 1852 dicitur
3340 1815 3355 1850 ε
3391 1817 3410 1850 σ
3439 1798 3525 1854 Va:
3546 1801 3712 1857 homini

393 1881 410 1911 ’·
483 1886 577 1942 Dei
595 1888 955 1952 voluntatem,
988 1889 1083 1944 sed
1117 1901 1278 1944 suam
1316 1891 1670 1960 temporalem
1710 1894 2071 1950 commodita-

482 1990 626 2049 tem;
658 1979 767 2039 non
792 1981 1003 2039 lucrum
1027 1981 1327 2054 spirituale,
1359 1984 1454 2039 sed
1477 1985 1796 2055 temporale,
1827 1996 1883 2043 et
1911 2003 2068 2059 spre-

480 2071 554 2126 tis
581 2071 792 2126 idOneis
820 2072 1094 2142 personis,
1120 2073 1203 2127 vel
1228 2089 1306 2139 se,
1331 2074 1414 2129 vel
1441 2074 1678 2130 amicum
1702 2077 1865 2146 gestit
1891 2076 2070 2148 impu-

480 2156 672 2219 denter
699 2164 964 2236 iugerere.
999 2163 1136 2222 Hinc
1159 2165 1331 2221 iratus
1355 2165 1620 2223 Dominus
1657 2169 1918 2238 permittit
1965 2171 2068 2226 bo-

479 2253 568 2309 die
593 2255 900 2324 pontiﬁcari
921 2264 1184 2329 tyrannos
1219 2266 1274 2312 et
1317 2266 1508 2328 poetas
1534 2275 1643 2316 non
1683 2259 2046 2320 instructorcs

480 2347 574 2402 sed
616 2348 984 2406 destructores
1000 2351 1332 2406 animarum.

549 2435 780 2505 Quarto,
813 2439 1004 2509 quales
1023 2454 1145 2496 esse
1163 2441 1396 2496 debeant
1422 2442 1517 2513 qui
1557 2442 1625 2498 ad
1657 2444 2066 2514 praedicandum

415 2534 418 2538 ’
478 2521 798 2598 mittuntur,
833 2531 1074 2586 ostendit
1115 2545 1240 2586 cum
1293 2532 1506 2588 subdit:
1534 2533 1684 2587 Sicut
1723 2518 1886 2605 agnos
1930 2537 2070 2590 inter

479 2617 651 2693 lupos.
677 2622 756 2678 Ac
775 2622 820 2678 si
844 2632 1029 2693 aperte
1052 2623 1232 2679 dicat:
1263 2622 1320 2677 Si
1360 2623 1610 2694 gaudetis
1643 2625 1710 2680 de
1733 2625 1912 2682 ofﬁcio
1939 2641 2070 2698 prae;

477 2713 790 2781 dicationis,
843 2716 1102 2771 attendite
1151 2716 1343 2787 quales
1389 2731 1512 2773 esse
1557 2717 1788 2773 debetis.
1848 2716 2068 2774 Debetis

478 2806 625 2861 enim
649 2822 770 2862 esse
794 2808 953 2878 quasi
983 2809 1109 2879 agni
1151 2809 1293 2864 inter
1335 2809 1515 2879 lupos,
1548 2809 1868 2867 innocentes
1924 2811 2069 2868 inter

480 2906 760 2965 nocentes,
798 2892 1066 2969 patientes
1087 2900 1228 2956 inter
1253 2913 1655 2972 persecutores,
1679 2902 1950 2958 mansueti
1979 2903 2066 2957 in-

481 2995 564 3044 ter
590 2990 906 3059 servientes,
937 2993 1268 3048 beneficiarii
1296 2995 1438 3049 inter
1474 2995 1820 3065 injuriantes.
1872 2993 2066 3050 Pastor

477 3081 627 3137 enim
655 3083 1060 3142 ecclesiasticus
1088 3086 1248 3142 debet
1271 3101 1384 3150 non
1410 3086 1632 3154 inferre,
1684 3087 1779 3142 sed
1823 3086 2064 3143 inferen-

478 3185 562 3232 tes
585 3177 839 3248 tolerare,
884 3181 1169 3236 saevientes
1212 3198 1308 3237 sua
1347 3182 1768 3240 mansuetudine
1793 3184 2063 3256 mitigare,

479 3267 780 3341 injuriosos
820 3273 936 3330 suis
973 3275 1255 3331 beneﬁciis
1291 3291 1571 3346 superare,
1616 3285 1670 3333 et
1717 3285 2063 3349 peccatorum

478 3362 704 3419 vulnera
735 3364 789 3419 in
817 3365 938 3421 aliis
962 3365 1077 3437 ipse
1103 3367 1486 3423 aillictionibus
1516 3368 1832 3426 vulneratus
1847 3387 2062 3426 sanare.

477 3455 650 3524 Quem
681 3457 783 3514 etsi
824 3447 1154 3530 quandoque
1202 3459 1350 3516 zelus
1381 3461 1722 3518 rectitudinis
1771 3463 1954 3534 erigit,
2006 3472 2069 3519 ut

470 3559 668 3606 contra
696 3551 945 3607 subditos
971 3551 1179 3619 saeviat,
1211 3550 1365 3608 furor
1394 3552 1510 3623 ipse
1537 3553 1605 3609 de
1625 3569 1813 3610 amore
1848 3555 1926 3622 fit,
1954 3565 2062 3612 non

467 3640 546 3696 de
563 3641 906 3698 crudelitate.
938 3642 1047 3700 Sed
1081 3643 1238 3699 multi
1278 3644 1441 3699 hodie
1463 3660 1586 3700 cum
1614 3645 1857 3717 regimen
1896 3646 2068 3703 susci-

473 3727 656 3805 piunt,
681 3735 748 3790 ad
784 3734 1110 3791 lacerandos
1127 3736 1377 3792 subditos
1409 3737 1785 3806 inardescunt,
1837 3748 1891 3794 et
1921 3739 2064 3810 quia

475 3829 761 3884 cbaritatis
781 3829 988 3884 viscera
1015 3844 1124 3885 non
1155 3830 1374 3898 habent,
1399 3847 1508 3886 non
1524 3841 1728 3903 patres,
1746 3832 1838 3887 sed
1855 3831 2064 3887 domini

474 3920 646 3976 videri
679 3931 978 3994 appetunt,
1007 3933 1062 3980 et
1106 3924 1432 3980 humilitatis
1459 3924 1640 3979 locum
1686 3924 1738 3979 in
1775 3924 2066 3980 elationem

475 4016 871 4076 dominationis
919 4028 1154 4076 mutant.
1198 4019 1350 4087 Quos
1405 4019 1672 4090 propheta
1721 4017 2068 4088 reprehendit

477 4110 668 4168 dicens
700 4131 715 4168 :
749 4131 768 4165 ‹
795 4112 935 4169 Cum
966 4114 1284 4170 austeritate
1313 4113 1669 4184 imperabatis
1697 4155 1710 4177 ,
1741 4119 1795 4166 vt
1839 4119 1924 4166 est
1963 4126 2068 4181 po-

477 4190 648 4260 tentia
702 4204 920 4273 (Ezeclt.
958 4208 1186 4278 xxxiv).
1229 4226 1248 4259 ι
1305 4205 1370 4260 lli
1440 4205 1669 4260 audiant
1717 4206 1865 4276 quod
1922 4204 2067 4260 Deus

477 4297 951 4369 mittitdiscipulos
976 4315 1108 4355 suos
1139 4308 1398 4369 tanquam
1418 4312 1588 4368 agnos
1607 4297 1745 4351 inter
1767 4297 1945 4368 lupos,
1965 4299 2069 4354 hoc

474 4400 563 4446 est
590 4391 658 4446 ad
703 4391 1019 4462 passionem
1048 4434 1063 4460 ,
1105 4406 1218 4448 non
1252 4389 1322 4446 ad
1349 4389 1684 4458 voluptatem
1718 4431 1734 4456 ,
1761 4389 1827 4445 ad
1856 4390 2068 4460 patien-

477 4483 634 4551 tiam,
667 4499 774 4539 non
805 4484 872 4540 ad
917 4484 1167 4556 gloriam,
1201 4483 1266 4537 ad
1299 4480 1692 4547 humilitatem,
1724 4497 1832 4535 non
1870 4481 1937 4536 ad
1967 4482 2068 4536 do-
2097 4481 2143 4540 ι)
2171 4477 2350 4532 ritatis
2379 4493 2486 4532 non
2523 4479 2700 4535 solum
2729 4478 2994 4549 optanda,
3026 4478 3121 4532 sed
3149 4478 3314 4532 etiam
3349 4477 3754 4548 praxlicaudaet
3842 4484 3844 4495 '

467 4560 857 4630 ‘minationem.
895 4574 1100 4641 Quinto
1127 4613 1142 4639 ,
1193 4585 1360 4642 quam
1399 4570 1637 4641 expediti
1661 4585 1784 4626 esse
1836 4571 2069 4626 debeant

476 4667 732 4735 ostendit,
752 4683 877 4723 cum
901 4666 1085 4722 subdit
1106 4684 1118 4720 :
1138 4664 1319 4719 Nolite
1352 4654 1564 4734 portare
1592 4663 1882 4731 sacculum,
1909 4681 2070 4736 neque

478 4774 659 4828 pernm
686 4801 701 4824 ,
727 4765 888 4830 neque
915 4755 1297 4811 calceamenta.
1336 4754 1493 4822 QuOd
1535 4755 1624 4811 hic
1666 4754 1843 4811 Lucas
1887 4756 2071 4811 minus

475 4849 630 4914 dicit,
663 4849 952 4903 Mattheus
983 4845 1236 4915 supplet:
1268 4865 1286 4896 ι
1320 4842 1498 4900 Nolite
1522 4845 1802 4916 possidere
1836 4860 2030 4898 aurum
2053 4886 2066 4910 ,

478 4957 656 5012 neque
692 4943 1003 5012 argentum,
1041 4953 1222 5009 neque
1249 4938 1536 5009 pecuniam
1569 4939 1623 4993 in
1659 4937 1813 4993 zonis
1847 4935 2067 5004 vestris,

477 5033 662 5104 neque
676 5023 886 5104 peram,
910 5026 1089 5100 neque
1109 5031 1478 5086 caleeamenta
1508 5031 1562 5086 in
1583 5031 1672 5086 via
1692 5029 1912 5101 (Matth.
1939 5029 2019 5100 χ).
2045 5049 2062 5081 ι

467 5121 651 5178 Tanta
672 5120 1012 5193 przedicatori
1043 5121 1203 5177 debet
1230 5121 1285 5175 in
1310 5120 1420 5176 Deo
1445 5136 1566 5176 esse
1591 5120 1810 5186 ﬁducia,
1840 5127 1902 5174 ut
1929 5136 2071 5190 prae-

477 5212 650 5268 sentis
705 5213 830 5268 vita:
869 5223 1142 5283 sumptus,
1193 5213 1294 5269 etsi
1338 5228 1447 5267 non
1506 5212 1834 5283 provideat,
1883 5221 2066 5268 tamen

479 5320 589 5361 non
620 5303 908 5363 defuturos
942 5306 1045 5362 sibi
1073 5307 1381 5363 certissime
1411 5306 1583 5373 sciat,
1610 5321 1677 5360 ne
1702 5347 1718 5372 ,
1741 5305 1877 5361 dum
1908 5321 2066 5361 mens

475 5395 600 5466 ejus
631 5395 933 5470 occupatur
954 5401 1019 5456 ad
1054 5399 1399 5471 temporalia,
1427 5399 1614 5454 minus
1637 5399 1760 5454 aliis
1783 5398 2068 5469 provideat

475 5498 699 5548 aeterna.
735 5491 881 5548 Duas
903 5493 1124 5564 quoque
1151 5493 1366 5546 tunicas
1388 5492 1588 5546 habere
1611 5491 1931 5561 prohibetur
1953 5532 1968 5556 ,
1999 5506 2068 5545 ne

477 5583 608 5641 dum
641 5587 697 5642 in
725 5587 850 5642 aliis
880 5587 998 5658 ipse
1033 5587 1468 5658 superﬂuitatem
1500 5585 1886 5656 reprehendit,
1916 5601 1978 5640 ea
2010 5584 2062 5639 in

477 5677 596 5748 ipso
641 5679 982 5752 reprehendi?
1017 5679 1237 5750 possit;
1283 5679 1654 5734 calceamenta
1691 5675 2063 5750 quoque,‘elsi

476 5771 728 5828 videntur
750 5771 1086 5840 necessaria,
1112 5771 1159 5827 ci
1187 5771 1544 5842 prohibentur
1576 5815 1587 5839 ,
1619 5781 1672 5826 ut
1710 5771 1800 5842 qui
1847 5770 1897 5824 in
1943 5769 2066 5824 aliis

2173 1894 2375 1941 terram
2457 1886 2783 1958 ingredienti
2843 1886 3060 1943 duabus
3134 1888 3238 1944 viis
3313 1889 3522 1960 (Ecdi.
3577 1895 3710 1958 11).:

2179 1977 2512 2035 Prohibetur
2537 1979 2702 2034 etiam
2725 1979 3135 2046 calceamentis,
3165 1980 3221 2035 id
3250 1983 3580 2052 est'pellibus
3601 2000 3718 2040 mor-

2171 2083 2391 2129 tuorum
2420 2072 2740 2127 animalium
2773 2072 2938 2144 pedes
2965 2088 3097 2130 suos
3123 2075 3368 2142 munire,
3397 2075 3449 2130 id
3477 2087 3719 2132 estcum-

2171 2162 2274 2231 plis
2291 2171 2632 2218 mortuorum
2649 2179 2874 2234 operum
2896 2179 3062 2235 opera
3079 2181 3179 2221 sua
3209 2167 3352 2221 mala
3371 2167 3652 2236 defendere,
3673 2181 3719 2224 ut

2171 2251 2380 2308 faciunt
2406 2253 2628 2324 quidam
2651 2254 2745 2326 qui
2777 2255 3138 2326 pravitatibus
3167 2257 3404 2311 aliorum
3427 2272 3570 2312 suam
3594 2268 3721 2314 tuen—

2173 2352 2262 2399 tur
2289 2345 2615 2415 pravitatem
2642 2365 2657 2414 ;
2691 2347 2853 2403 debet
2904 2359 3087 2403 autem
3113 2390 3129 2414 ,
3178 2349 3340 2420 juxta
3372 2349 3597 2406 Marcum
3617 2394 3631 2419 ,
3657 2353 3720 2407 uti

2171 2437 2436 2494 sandaliis
2457 2438 2572 2494 sive
2599 2440 2764 2496 soleis
2804 2439 3001 2512 (Marc.
3032 2441 3133 2513 vi),
3167 2454 3229 2498 ut
3269 2443 3480 2499 scilicet
3515 2460 3602 2515 pes
3645 2461 3723 2500 ue-

2173 2544 2281 2599 que
2319 2529 2390 2583 sit
2418 2538 2594 2585 tectus
2619 2571 2635 2597 ,
2687 2546 2865 2602 neque
2892 2531 2959 2587 ad
2986 2541 3193 2588 terram
3218 2534 3403 2590 nudus
3428 2576 3450 2606 ,
3494 2544 3724 2606 quatenus

2171 2620 2401 2678 allectus
2420 2621 2541 2692 ejus
2565 2622 2800 2678 terrenis
2829 2640 2938 2680 non
2969 2625 3206 2692 hzereat,
3239 2626 3338 2682 sed
3381 2627 3558 2683 nudus
3589 2629 3722 2684 coele-

2171 2715 2274 2770 stia
2305 2715 2587 2786 suscipiat.
2611 2714 2798 2785 Sexto,
2828 2726 3096 2789 quantum
3119 2719 3356 2774 debeant
3368 2721 3438 2776 ad
3466 2721 3730 2792 pradican-

2169 2809 2299 2864 dum
2325 2824 2446 2865 esse
2479 2808 2684 2879 festini,
2714 2811 3106 2867 ostendit-cum
3135 2814 3352 2869 subdit:
3382 2813 3454 2869 Et
3497 2817 3724 2870 neminem

2171 2918 2263 2972 per
2300 2903 2440 2957 viam
2465 2902 2850 2960 aalulavm’tis.
2883 2903 3095 2960 Similia
3123 2906 3259 2962 dicit
3284 2906 3498 2964 Eliseus
3529 2910 3582 2964 in
3614 2910 3729 2964 libro

2172 2992 2413 3066 Regum,
2445 2995 2668 3053 mittens
2717 2995 3041 3053 festinanter
3074 2997 3226 3054 Giezi
3264 3015 3393 3056 cum
3426 3001 3614 3057 baculo
3645 3017 3730 3058 suo

2172 3086 2238 3139 ad
2269 3086 2438 3140 tilium
2469 3086 2829 3144 Suuamitidis
2861 3088 3244 3145 suscitandum
3277 3109 3292 3145 :
3326 3109 3344 3144 ‹
3382 3090 3442 3146 Si
3465 3095 3735 3158 σαυππειὴ

2171 3179 2268 3233 tibi
2299 3179 2488 3248 homo,
2520 3180 2716 3252 inquit,
2740 3197 2848 3236 non
2880 3181 3087 3238 salutes
3111 3198 3263 3250 eum,
3287 3192 3342 3238 et
3369 3183 3417 3239 si
3449 3186 3736 3248 salutaverit

2171 3281 2222 3328 te
2269 3271 2544 3344 quispiam
2571 3315 2586 3340 ,
2627 3290 2736 3328 non
2789 3274 3124 3344 respondeas
3177 3276 3228 3331 ei
3265 3272 3394 3348 (ιγ
3432 3277 3557 3350 Reg.
3606 3281 3689 3346 iv).
3717 3297 3733 3329 ι

2170 3362 2248 3420 Ac
2269 3365 2315 3419 si
2345 3375 2531 3436 aperte
2556 3366 2705 3421 dicat
2745 3365 3006 3422 :Nullius
3059 3367 3205 3423 obvii
3263 3369 3530 3428 detineris
3573 3371 3733 3428 conta.

2171 3456 2466 3513 bulatione.
2495 3457 2562 3512 Et
2583 3474 2770 3528 quam,
2800 3457 2996 3515 fratres
3015 3461 3145 3527 mei,
3172 3472 3402 3520 caeteras
3421 3479 3739 3520 vanasoccu-

2170 3551 2419 3621 potiones
2441 3547 2600 3606 debet
2629 3551 2822 3618 vitare,
2850 3552 2944 3622 qui
2997 3553 3163 3608 etiam
3208 3555 3538 3624 prohibetur
3582 3557 3632 3611 in
3668 3557 3754 3626 via

2169 3644 2446 3699 salutare!
2481 3641 2729 3715 Mystice,
2763 3644 2945 3700 omnis
2971 3645 3067 3716 qui
3093 3646 3147 3700 in
3171 3645 3260 3702 via
3287 3648 3497 3703 salutat
3522 3664 3587 3704 ex
3605 3664 3739 3704 ocea-

2170 3736 2330 3792 sione
2379 3737 2585 3793 salutat
2619 3737 2835 3793 itineris
2866 3779 2882 3804 ,
2927 3753 3036 3792 non
3072 3754 3156 3794 ex
3203 3740 3392 3796 studio
3443 3741 3742 3813 exoptanda

2169 3829 2414 3900 ejusdem
2451 3829 2666 3885 salutis.
2699 3829 3030 3913 Prohibetur
3074 3846 3204 3903 ergo
3227 3833 3563 3903 praedicator
3586 3834 3638 3888 in
3667 3833 3738 3887 ria
3842 3904 3844 3914 Ι

2170 3921 2438 3988 salutare,
2493 3919 2547 3976 id
2593 3928 2704 3983 est,
2735 3935 2802 3975 ex
2865 3909 3163 3976 Occasione
3207 3922 3447 3994 alicujus
3495 3933 3743 3993 tempora-
3842 3909 3844 3954 ἶ

2169 4014 2239 4070 lis
2267 4013 2590 4070 intentionis
2619 4013 2811 4070 salutis
2842 4016 3068 4070 verbum
3093 4015 3416 4085 praedicam.
3447 4013 3606 4081 Quod
3626 4030 3746 4084 ρτεν

2170 4106 2466 4161 dicandum
2519 4114 2605 4162 est
2653 4107 2876 4162 ex‘sola
2936 4106 3036 4162 Dei
3089 4116 3145 4162 et
3199 4107 3435 4177 proximi
3476 4108 3743 4162 cbaritate.

2177 4198 2451 4268 Septimo,
2501 4198 2632 4268 quid
2683 4199 2983 4269 praedicare
3031 4199 3298 4265 debeant,
3339 4199 3585 4254 ostendit
3637 4214 3747 4254 eum
3842 4193 3844 4225 ¹

2171 4289 2372 4345 subdit:
2413 4289 2479 4345 In
2509 4307 2872 4362 quamcunque
2899 4291 3114 4345 domum
3145 4291 3508 4358 intraveritis,
3537 4293 3750 4362 prima

2169 4385 2364 4443 dicite:
2392 4383 2513 4438 Pax
2549 4385 2670 4438 huic
2702 4383 2905 4439 dornui.
2940 4383 3051 4438 Pax
3097 4384 3302 4455 quippe
3329 4384 3606 4454 precipue
3632 4383 3754 4438 eba-

2172 4569 2455 4625 oil‘erenda
2480 4579 2582 4626 est.
2612 4569 2724 4624 Pax
2751 4571 2954 4640 quippe
2980 4578 3098 4624 tota
3139 4570 3462 4641 evangelica
3502 4569 3754 4640 praediu-

2175 4659 2340 4714 tiouis
2366 4659 2592 4714 materia
2629 4668 2731 4714 est.
2765 4659 2994 4729 Propter
3048 4659 3152 4714 hoc
3203 4659 3352 4714 enim
3413 4659 3567 4714 misit
3621 4659 3752 4714 Dea

2175 4747 2335 4802 Pater
2366 4747 2566 4802 Filium
2617 4763 2778 4804 suum
2812 4748 3192 4804 'mediatorem
3250 4749 3307 4804 in
3363 4750 3652 4812 mundum,
3699 4757 3754 4802 at
3842 4741 3844 4763 '

2178 4842 2446 4913 sanguine
2483 4857 2587 4898 suo
2614 4841 2892 4896 hominem
2931 4839 3065 4907 Deo,
3091 4849 3144 4896 et
3172 4839 3349 4896 Deum
3399 4840 3634 4906 homini,
3681 4854 3754 4893 re

2175 4934 2513 5001 conciliaret,
2544 4942 2606 4988 ut
2631 4931 2880 4989 Judazum
2909 4941 2966 4988 et
2986 4933 3239 5003 gentilem
3261 4932 3318 4985 in
3350 4947 3408 4987 se
3441 4932 3754 4998 angulata-

2155 5027 2408 5098 lapidem
2439 5026 2812 5096 coniungeret,
2839 5033 2898 5079 ut
2925 5011 3170 5079 mutuam
3201 5023 3528 5077 charitatem
3564 5021 3754 5092 prmi-

2173 5128 2342 5184 caret,
2376 5127 2436 5173 ut
2481 5119 2832 5174 rebellionem
2863 5118 3047 5174 carnis
3088 5127 3144 5172 et
3191 5116 3422 5186 spiritus
3467 5116 3758 5171 sedandam

2172 5227 2294 5285 esse
2319 5211 2742 5267 demonstraret.
2797 5209 3090 5280 Propterea
3139 5209 3319 5279 angeli
3373 5209 3430 5263 in
3481 5210 3760 5264 nativis:

2171 5303 2376 5359 Christi
2409 5318 2596 5373 pacem
2631 5302 2965 5357 annuntiant
2983 5301 3228 5356 dicentes
3257 5319 3270 5353 :
3317 5319 3338 5350 ι
3372 5299 3562 5355 Gloria
3591 5300 3756 5354 inea-

2169 5396 2332 5453 cclsis
2355 5395 2489 5462 Deo,
2511 5405 2566 5452 et
2595 5397 2648 5451 in
2679 5404 2821 5450 terra
2849 5410 2954 5464 pax
2996 5393 3321 5449 hominibus
3375 5393 3542 5448 bona:
3573 5392 3756 5446 voln-

2172 5491 2330 5546 tatis!
2367 5510 2385 5542 ι
2425 5488 2579 5557 (Luc.
2611 5488 2696 5558 ιι.)
2733 5487 2799 5542 Ει
2830 5502 2947 5556 ipse
2975 5484 3233 5540 Christus
3255 5495 3554 5555 postquam
3599 5483 3754 5540 tule-

2170 5583 2273 5638 stia
2296 5591 2351 5636 et
2378 5593 2594 5638 terrena
2638 5577 2947 5650 paciﬁcavit
3003 5576 3276 5646 sanguine
3331 5591 3460 5642 suo,
3499 5585 3647 5630 stans
3691 5573 3752 5626 in

2171 5674 2352 5728 medio
2375 5671 2773 5742 discipulorum
2799 5669 2878 5723 ait
2913 5687 2926 5722 :
2960 5685 2979 5718 ι
3019 5665 3129 5722 Pax
3159 5666 3354 5722 vobis!
3381 5686 3399 5718 ι
3431 5665 3616 5738 (Jun.
3639 5657 3774 5725 uti

2175 5767 2295 5824 lliee
2319 5784 2445 5838 pax,
2479 5765 2676 5821 fratres
2699 5763 2826 5826 mei,
2857 5760 3131 5831 praecipue
3155 5760 3395 5830 optanda
3415 5803 3429 5826 ,
3467 5757 3752 5830 pradican-
