3844 6318
573 361 711 436 mi
1858 364 2207 422 nanuunn
2246 364 2590 425 sunmus
3648 383 3747 442 tm

569 493 645 550 cit
669 513 682 548 :
716 490 848 547 Ecce
871 506 964 564 ego
1007 488 1114 545 ridi
1157 488 1384 543 alterum
1425 499 1671 557 angemm
1697 482 2064 537 ascendentem
2091 480 2157 535 ab
2186 481 2235 543 Α
2261 480 2487 551 quidam
2508 480 2788 537 (temones
2828 480 3107 553 pmcipuc
3131 478 3332 540 nocent
3351 484 3405 540 in
3427 494 3569 557 terra,
3592 496 3751 564 quib.

569 592 690 639 ortu
711 582 861 650 solis,
888 581 1162 637 habentem
1189 580 1397 650 signum
1423 575 1520 631 Dei
1540 574 1661 631 vivi.
1689 572 1765 628 Ex
1796 573 1972 628 tribus
1997 570 2161 627 Chri-
2264 572 2319 626 in
2351 572 2532 666 aquis,
2562 572 2787 643 quidam
2818 572 2876 628 in
2902 573 3247 666 nemoribus,
3273 576 3359 634 vel
3393 593 3483 666 per
3506 588 3755 653 terram...

568 684 716 732 stum
750 672 1120 739 commendat,
1154 687 1219 727 ex
1264 668 1464 735 cilicio,
1493 681 1561 721 ex
1597 673 1817 732 natura,
1845 680 1911 719 ex
1934 664 2156 719 virtute.
2263 663 2444 735 tellige
2474 662 2691 720 deditos
2736 665 3007 721 terrenis:
3036 678 3139 735 per
3166 681 3341 735 mare,
3366 662 3672 731 instabilesct
3690 696 3757 751 per

569 765 646 823 Ex
682 765 860 823 ofﬁcio
879 808 896 833 ,
928 766 984 820 in
1014 778 1081 821 eo
1105 762 1251 834 quod
1273 767 1435 817 vocat
1471 770 1599 815 eum
1625 758 1897 830 angelum.
1932 755 2052 827 Ipse
2075 763 2162 812 est
2260 756 2474 813 diversa
2496 756 2629 813 vitia
2663 756 2923 825 ﬂuentes;
2948 773 3049 830 per
3075 758 3328 826 arbores,
3355 763 3675 825 tenacitate.
3693 787 3759 827 η.

567 858 717 915 enim
758 855 986 929 angelus
1035 869 1145 909 non
1177 851 1602 925 qualiscunque,
1635 849 1733 906 sed
1761 869 1780 902 ι
1810 850 1991 921 magni
2029 864 2161 904 con-
2261 846 2517 904 cedentes
2540 856 2607 904 et.
2640 847 3062 908 l'ructilicantes.
3109 848 3485 921 monitusque,
3525 854 3682 928 inquit,
3709 866 3761 918 ri-

571 949 683 1007 silii
739 950 968 1021 angelus
1006 943 1145 1017 (Ira.
1189 945 1290 1015 rx),
1331 962 1350 996 ι
1405 943 1501 1016 qui
1556 942 1761 999 missus
1800 958 1831 998 a
1871 939 2034 997 Patre
2062 955 2160 998 ve-
2260 956 2478 1020 gneneus
2517 958 2696 999 servos
2739 942 2840 1000 Dei
2880 946 3051 1000 nostri
3091 946 3149 999 in
3189 945 3455 1017 frontibus
3476 952 3762 1014 eorumnum

571 1041 752 1108 triens,
793 1049 853 1097 ut
885 1039 960 1095 ait
1000 1037 1320 1110 Apostolus,
1366 1055 1386 1089 ι
1431 1034 1823 1108 evangelizavit
1867 1049 2058 1106 pacem
2105 1039 2163 1090 et
2260 1026 2673 1108 daturintciligi
2703 1036 2963 1108 quoniam
2988 1046 3217 1109 propter
3239 1037 3462 1106 electos,
3481 1042 3764 1112 quiintem.

570 1133 680 1189 illis
701 1133 797 1204 qui
824 1129 1043 1187 fuerant
1064 1131 1246 1203 longe,
1274 1137 1330 1186 et
1350 1129 1457 1186 illis
1482 1129 1579 1201 qui
1607 1126 2009 1201 propc(Ephes.
2035 1127 2157 1198 11).!
2260 1130 2462 1201 probes
2484 1131 2540 1186 in
2565 1132 2672 1188 hoc
2694 1132 2904 1189 mundo
2929 1134 3200 1203 habitant,
3230 1134 3766 1210 probibenturaiiqm-

569 1224 649 1279 I'Ix
683 1226 882 1281 virtute
911 1239 1038 1280 cum
1081 1224 1451 1291 commendat,
1474 1238 1600 1280 cum
1637 1221 1713 1278 ait
1742 1240 1755 1278 :
1780 1220 2160 1276 Ascendeutent
2259 1221 2331 1279 do
2376 1222 2656 1281 daemones
2706 1227 3150 1296 persecutionem
3193 1241 3455 1283 exercere
3478 1227 3530 1283 in
3554 1231 3763 1300 metu,

570 1317 637 1371 ab
667 1328 789 1372 ortu
814 1317 966 1386 solis,
997 1317 1253 1386 subaudi,
1299 1317 1503 1373 virtute
1535 1315 1779 1389 propria,
1817 1331 1929 1372 non
1957 1314 2156 1372 aliena.
2262 1330 2331 1371 ne
2354 1314 2499 1372 forte
2523 1314 2872 1374 eradicantes
2899 1317 3133 1386 zizania,
3162 1319 3448 1376 eradicent
3475 1319 3618 1377 simul
3636 1331 3679 1378 et
3697 1325 3764 1378 tri-

571 1407 727 1465 Unde
747 1408 1042 1482 Apostolus
1072 1430 1087 1466 :
1118 1430 1138 1465 ς
1166 1410 1270 1479 Qui
1296 1409 1578 1466 descendit
1604 1410 1720 1480 ipse
1738 1407 1938 1481 estqui
1967 1423 2160 1464 asccn-
2261 1406 2430 1461 ticum
2475 1405 2696 1479 (Matth.
2744 1407 2892 1478 xm),
2922 1423 3213 1480 usquequo
3239 1408 3402 1469 electi
3431 1411 3768 1482 muniantur,et

568 1500 644 1557 dit
668 1514 837 1572 supra
865 1514 1058 1556 omnes
1079 1502 1271 1569 caelos,
1296 1510 1357 1557 ut
1381 1500 1701 1573 adimpleret
1726 1500 1909 1556 omnia
1940 1498 2156 1571 (Epltes.
2261 1496 2680 1567 continuentur,
2696 1498 2782 1554 vel
2804 1506 2864 1554 ut
2891 1498 3016 1567 Lot,
3038 1498 3108 1556 de
3130 1499 3319 1558 medio
3336 1500 3600 1557 tollantur.
3619 1500 3768 1561 Euas-

571 1593 650 1664 ιν)
676 1611 692 1660 ς
734 1611 754 1645 ι
784 1600 840 1649 et
876 1592 1167 1650 Psalmista
1194 1610 1210 1647 :
1248 1614 1268 1646 ι
1298 1592 1541 1662 Psailitc,
1575 1593 1773 1665 inquit,
1807 1592 2039 1648 Domino
2062 1590 2159 1664 qui
2264 1595 2372 1644 tem
2400 1588 2519 1659 bzec
2543 1604 2672 1660 pars
2700 1589 2882 1658 tertia,
2912 1590 2968 1645 in
2993 1606 3104 1663 qua
3128 1590 3443 1647 ostenditur
3469 1607 3618 1664 quam
3630 1603 3773 1668 ναίω

568 1683 817 1740 ascendit
858 1700 1025 1757 super
1050 1686 1225 1742 ctelos
1267 1686 1531 1742 ctelorum
1557 1686 1623 1741 ad
1663 1685 1931 1741 orientem
1978 1682 2156 1755 (Psat.
2262 1681 2336 1738 sit
2368 1679 2628 1749 Christus
2652 1696 2787 1739 suos
2835 1683 3116 1739 custodire
3159 1683 3309 1740 inter
3330 1683 3505 1741 malos
3528 1694 3579 1742 et
3600 1686 3770 1744 saltare.

571 1781 762 1849 ατη).
797 1797 815 1830 ι
842 1776 1017 1834 Ρυιϊο
1044 1778 1303 1836 Christus
1345 1779 1440 1850 qui
1484 1795 1543 1835 se
1590 1777 1915 1843 humiliavit,
1957 1777 2161 1833 dicitur
2196 1832 2236 1850 n
2266 1771 2566 1846 Siguemus,
2606 1774 2807 1846 inquit,
2839 1775 2894 1832 id
2922 1784 3007 1833 est
3028 1776 3439 1846 discernamus,
3467 1778 3777 1837 muniamusct

570 1874 888 1930 ascendisse
912 1874 983 1929 ab
1006 1883 1128 1931 ortu
1150 1875 1308 1931 solis.
1346 1874 1554 1930 Dicitur
1580 1883 1761 1929 autem
1792 1873 2042 1930 diabolus
2063 1874 2159 1945 qui
2197 1869 2237 1890 ν
2262 1869 2675 1939 conﬁrmemns,
2697 1886 2800 1942 ego
2824 1870 3079 1940 interius,
3098 1879 3156 1927 et
3181 1872 3295 1929 mei
3323 1872 3553 1929 ministri
3577 1874 3777 1932 exter-its.

573 1965 899 2036 superhivit,
943 1968 1261 2024 ascendisse
1281 1967 1524 2023 voluisse
1552 1967 1620 2023 ad
1657 1966 1992 2038 aquilonem,
2019 1981 2155 2038 quo-
2261 1961 2377 2034 Ego
2400 1963 2655 2031 interius,
2677 1963 2784 2021 ﬁde
2802 1964 3006 2032 crucis,
3031 1973 3089 2022 et
3106 1966 3280 2021 etiam
3308 1965 3544 2023 ministri
3564 1967 3653 2021 mei
3671 1978 3775 2024 exte-

577 2054 725 2111 niam
759 2056 855 2128 qui
893 2072 953 2114 sc
983 2058 1293 2128 lmmiliant,
1321 2059 1388 2114 ad
1422 2074 1647 2130 regnum
1671 2059 1940 2121 claritatis
1968 2074 2132 2116 ascen
2260 2054 2404 2121 rius,
2454 2053 2616 2125 signo
2653 2055 2875 2123 crucis;
2921 2070 3028 2127 ego
3054 2055 3317 2128 interius,
3356 2057 3778 2126 olcoinrisihdiet

569 2148 729 2215 dunt,
750 2157 806 2205 et
846 2150 940 2221 qui
965 2151 1309 2221 superbiunt,
1344 2150 1755 2223 prrccipitantur
1785 2149 1841 2206 in
1877 2151 2158 2223 regionem
2260 2145 2374 2205 mei
2392 2146 2658 2215 exterius,
2693 2148 2817 2205 oleo
2847 2147 3073 2204 visibili.
3104 2148 3243 2206 Fide
3269 2150 3424 2207 enim
3447 2153 3612 2209 meis
3634 2156 3777 2211 ctoleo

572 2238 793 2312 frigoris
813 2250 868 2298 et
898 2243 1270 2299 tenebrarum.
1314 2243 1361 2298 A
1396 2254 1590 2299 natura
1626 2259 1754 2299 cum
1787 2243 2158 2312 commendat;
2264 2239 2459 2310 gratiae
2488 2239 2813 2311 spiritualis,
2840 2240 3097 2299 Christus
3124 2241 3365 2300 interius
3391 2259 3520 2301 suos
3538 2260 3567 2300 a
3586 2260 3677 2303 una
3694 2250 3777 2304 suis

567 2348 694 2388 mm
718 2333 903 2390 subdit
930 2353 945 2392 :
989 2333 1281 2392 IIabentem
1308 2336 1518 2409 signum
1551 2335 1648 2393 Dei
1683 2337 1808 2404 rivi,
1836 2336 1887 2392 id
1910 2346 1996 2393 est
2016 2336 2158 2392 divi-
2260 2330 2547 2401 discernit,
2579 2342 2771 2391 contra
2795 2335 3209 2403 persecutiones
3236 2336 3443 2406 munit,
3464 2337 3519 2394 in
3545 2339 3666 2397 bona
3683 2356 3776 2396 csa-

568 2442 693 2481 nzun
725 2429 1107 2485 auctoritatem
1137 2440 1192 2485 ct
1215 2440 1567 2501 potestatem,
1591 2447 1699 2501 qua
1728 2430 1887 2501 quasi
1916 2429 2157 2501 quodam
2260 2426 2447 2485 ﬁrmat
2461 2436 2519 2483 et
2541 2437 2858 2485 constantes
2882 2426 3036 2485 facit.
3074 2427 3319 2485 Ninistri
3339 2445 3468 2487 vero
3502 2429 3690 2487 Christi.
3708 2448 3776 2489 cut

566 2519 727 2590 signo
756 2536 816 2576 se
848 2536 944 2591 per
984 2523 1170 2578 omnia
1207 2523 1548 2579 demonstrat
1583 2522 1697 2578 lico
1720 2521 1869 2580 Patri
1913 2537 2162 2594 comqua-
2259 2520 2463 2577 visibili
2487 2536 2651 2577 cruce
2671 2530 2726 2577 et
2749 2522 2872 2578 oleo
2910 2521 3116 2578 visibili
3151 2522 3404 2579 exterius
3432 2523 3779 2595 signantcs,cos

565 2610 692 2667 lem.
717 2610 951 2680 Quidam
979 2621 1161 2670 tamen
1198 2615 1284 2671 hic
1310 2615 1616 2688 intelligunt
1642 2631 1741 2686 per
1763 2615 2003 2688 signum,
2027 2630 2158 2671 cru-
2260 2611 2495 2669 interius
2513 2612 2774 2679 discerni,
2797 2611 3001 2667 muniri
3025 2622 3083 2669 et
3100 2614 3424 2669 conﬁrmari
3447 2615 3775 2675 demonstrant.

564 2719 684 2760 cem
709 2720 816 2775 qua
860 2704 1005 2763 Deus
1052 2722 1184 2764 suos
1220 2708 1420 2779 signat.
1449 2700 1715 2779 Sequitur
1741 2723 1868 2781 pars
1892 2707 2159 2777 secunda,
2263 2703 2331 2785 in
2353 2704 2640 2775 frontibus,
2687 2705 2885 2777 inquit,
2911 2721 3118 2762 eorum.
3149 2705 3332 2763 Porro
3356 2723 3491 2779 puer
3508 2708 3691 2779 quando
3711 2726 3781 2764 ca-

564 2796 619 2851 ti.
656 2813 763 2869 qua
788 2799 1483 2872 demonstraturqtlanlam
1524 2810 1856 2873 potestatem
1901 2802 2160 2859 Christus
2262 2797 2589 2864 tcchizatur.
2641 2796 2892 2868 signatur
2933 2797 3057 2854 oleo
3080 2797 3136 2853 in
3176 2798 3409 2855 modum
3452 2799 3780 2869 asciti-re

569 2890 769 2948 habeat
810 2908 979 2965 super
1003 2894 1348 2951 adversarius
1391 2904 1710 2967 potestates,
1758 2911 1885 2952 cum
1913 2896 2153 2951 dicitur:
2260 2899 2519 2957 ctore,ut
2556 2891 2719 2949 ﬁdem
2757 2892 2964 2950 Christi
3010 2894 3212 2951 haheat
3260 2895 3319 2951 in
3364 2896 3559 2965 corde;
3588 2896 3783 2966 signatur

572 2983 1116 3042 Etexclamavitvoce
1143 3003 1334 3059 magna
1358 2998 1587 3058 quatuor
1610 2988 2039 3060 nttgclis,quibus
2068 2988 2163 3042 da-
2262 2982 2406 3037 ittlcl‘
2451 2983 2727 3053 δωρειᾶς,
2769 2993 2831 3039 ιιι
2877 3000 3021 3041 onus
3053 2985 3230 3041 SOHIS
3280 2984 3484 3042 Christi
3524 2993 3699 3057 Ponti;
3724 2988 3785 3040 δί’

569 3087 680 3132 tum
707 3088 783 3133 est
808 3095 989 3134 nocere
1015 3090 1170 3136 terrm
1189 3090 1238 3135 ct
1267 3083 1423 3137 mari.
1465 3081 1637 3138 Porro
1666 3083 1905 3137 clamare
1936 3080 2051 3149 Dei,
2076 3097 2087 3135 t

2268 3081 2464 3143 gnatur
2486 3071 2542 3129 in
2564 3072 2788 3139 vertice,
2817 3082 2877 3129 ut
2906 3075 3199 3142 rationem,
3230 3090 3362 3145 qua;
3382 3085 3466 3131 est
3485 3075 3631 3146 inde:
3648 3076 3786 3130 banti-

556 3168 751 3231 ,iaeerc
779 3191 790 3226 :
824 3188 955 3229 voce
978 3174 1144 3245 igitur
1174 3190 1368 3246 magna
1392 3176 1649 3231 clamavit
1676 3174 1953 3241 Christus,
1977 3190 2074 3245 qua

2270 3165 2372 3232 nis,
2396 3174 2703 3223 conservet.
2733 3164 2891 3233 Quod
2919 3166 3061 3223 bene
3090 3165 3441 3239 signiﬁcatur
3458 3184 3550 3240 per
3569 3169 3788 3240 δοεςιώ

566 3260 640 3315 do
682 3278 880 3334 magno
902 3273 955 3319 ct
983 3264 1187 3321 ctiicaci
1231 3264 1462 3336 imperio
1512 3265 1790 3322 daemones
1834 3263 2153 3321 refrenavit.
2192 3256 2228 3263 ⁷
2259 3256 2328 3313 de
2353 3258 2621 3329 sanguine
2641 3258 2768 3330 agni
2796 3257 3094 3316 liniebatur
3117 3261 3543 3332 uterqch
3580 3268 3790 3333 stupe:-

567 3351 817 3422 Quatnor
843 3370 974 3411 vero
1003 3357 1202 3428 angeli,
1242 3357 1445 3428 quibus
1478 3358 1753 3429 przecipue
1780 3358 1969 3413 datum
2001 3356 2157 3413 laho-
2261 3349 2516 3406 “minare
2557 3350 2787 3418 domus.
2837 3350 2895 3407 in
2952 3367 3063 3423 qua
3104 3366 3285 3425 agnus
3323 3352 3699 3412 concitabant.
3744 3352 3789 3409 il

571 3446 822 3529 rantibus
853 3446 905 3502 in
931 3458 1075 3503 terra
1098 3459 1153 3504 et
1176 3448 1311 3504 mari
1339 3464 1557 3516 nocere,
1582 3458 1711 3506 sunt
1742 3450 1973 3522 Spiritus
2002 3448 2160 3504 lusu-
2259 3440 2680 3498 conlirmatione
2728 3457 2859 3498 vero
2903 3444 2963 3498 lit
3018 3443 3208 3499 unctio
3237 3443 3294 3501 in
3331 3444 3552 3501 modum
3577 3444 3727 3501 cruris
3746 3444 3791 3498 il

569 3544 685 3610 νίειε,
714 3543 941 3614 spiritus
984 3544 1273 3614 superbiae,
1306 3543 1533 3616 spiritus
1597 3543 2014 3619 gastrimargim,
2047 3560 2087 3616 si

2273 3530 2463 3600 fronte,
2491 3549 2616 3606 qua:
2634 3544 2720 3592 est
2740 3536 2900 3592 sedes
2933 3536 3162 3606 [nidoris
3180 3546 3237 3592 et
3257 3554 3390 3607 pars
3406 3539 3643 3610 corporis
3657 3536 3791 3609 Inﬁt

571 3636 711 3692 ritus
737 3635 999 3693 avaritiae.
1017 3635 1174 3692 Unde
1191 3635 1307 3693 Joel
1335 3656 1347 3692 :
1374 3656 1393 3689 t
1425 3636 1958 3710 Residumn,inquit,
1981 3630 2162 3698 eruca:
2259 3628 2533 3694 θιηίηοιιεν
2559 3637 2623 3684 ιιι
2657 3627 2821 3685 ﬁdem
2847 3628 3053 3687 (³³³ιῆδά
3087 3645 3196 3687 ηοη
3222 3630 3516 3688 ῦηιιιθεαὶι
3533 3632 3586 3686 il
3612 3631 3789 3687 υίδιίι·
3834 3702 3835 3707 η

567 3730 806 3785 cmnedit
830 3739 1059 3798 locusta,
1079 3732 1360 3787 residuum
1380 3731 1606 3788 locusta!
1634 3724 1869 3789 comedit
1892 3734 2085 3790 brucln

2316 3737 2431 3788 one,
2489 3720 2587 3778 sed
2638 3722 2825 3792 potius
2873 3723 3202 3778 conﬁteatur
3246 3732 3300 3779 et
3342 3723 3593 3794 pradicet
3632 3732 3793 3794 apem

570 3823 850 3879 residuum
876 3824 1069 3881 bruchi
1092 3824 1329 3881 comedit
1349 3840 1533 3898 :erngo
1559 3823 1720 3895 (loel.
1745 3826 1805 3897 ι).
1844 3843 1863 3879 ι
1896 3825 2042 3885 Sane
2068 3845 2088 3900 ι

2278 3811 2417 3879 Quod
2444 3812 2580 3869 bene
2608 3813 2970 3885 signiﬁcatur,
3000 3828 3098 3885 per
3119 3813 3226 3869 hoc
3257 3814 3414 3884 quod
3436 3812 3796 3883 Dominuspm-

566 3931 816 3983 erueam,
836 3931 961 3989 quae
984 3930 1051 3973 ex
1076 3918 1319 3975 oleribus
1341 3919 1586 3975 nascitur
1607 3929 1662 3976 et
1686 3918 1853 3988 foliis,
1881 3930 1936 3976 et
1953 3935 2017 3976 ea
2037 3937 2165 3978 cun—
2261 3905 2405 3975 cet)il
2425 3905 2480 3960 in
2514 3904 2796 3961 Ezechiele
2824 3905 3029 3976 είςηειτί
3050 3906 3292 3961 “ueram
3325 3903 3485 3962 Τίδιιι
3506 3906 3559 3962 δι’
3579 3903 3800 3960 [mm

570 4006 760 4074 sumit,
789 4007 1129 4079 signiﬁcatur
1161 4007 1399 4077 luxnria,
1427 4024 1554 4081 qua:
1594 4025 1662 4068 cx
1690 4026 1856 4068 carae
1895 4011 2088 4068 nascitt

2283 3997 2561 4055 latentium
2608 4005 2665 4054 et
2708 3997 3041 4069 gementium
3071 3998 3141 4054 de
3166 3998 3557 4070 iniquitatibus
3591 3997 3798 4061 aliorum,

570 4108 624 4154 et
654 4115 776 4155 eam
808 4100 1105 4158 consumit.
1142 4099 1247 4157 l‘cr
1274 4100 1541 4159 locustam
1573 4117 1723 4172 vero,
1759 4118 1882 4176 quae
1906 4098 1960 4159 in
1991 4105 2086 4160 alti

2314 4099 2325 4145 ι
2370 4090 2452 4147 sic
2494 4090 2942 4145 discernerentur
2985 4100 3042 4146 et
3069 4090 3555 4161 praemunireutur,
3576 4106 3668 4146 nec
3699 4100 3805 4145 ea

573 4191 724 4260 salit,
752 4205 810 4250 et
846 4194 958 4251 cito
999 4195 1311 4266 deponitur,
1358 4197 1700 4269 signiﬁcatur
1748 4197 2004 4269 superbia
2028 4213 2091 4269 ;ι;

2314 4182 2646 4239 cantoribus
2692 4181 3072 4253 pcrdereutur.
3110 4182 3181 4237 Et
3203 4184 3413 4249 audiri,
3442 4184 3631 4255 inquit,
3652 4198 3803 4237 aau-

573 4286 868 4353 hruchum,
890 4287 983 4359 qui
1007 4299 1092 4343 est
1124 4286 1268 4345 fetus
1311 4288 1559 4354 locusta;
1599 4296 1891 4359 antequam
1922 4289 2040 4345 alas
2068 4289 2091 4344 Ιι

2288 4291 2384 4329 'ttm
2404 4275 2761 4345 signatorum,
2795 4284 3004 4333 centum
3034 4276 3401 4347 quadraginta
3419 4288 3640 4348 quatuor
3664 4272 3806 4327 nillil

574 4377 721 4448 heat,
748 4378 844 4449 qui
885 4394 1101 4451 semper
1125 4379 1180 4434 in
1213 4379 1325 4435 imo
1364 4380 1555 4450 iacens
1588 4378 1729 4446 loco,
1758 4380 1981 4437 herbam
2014 4395 2092 4451 pet

2287 4368 2461 4439 :ignati
2487 4385 2554 4425 ex
2580 4368 2723 4425 tribu
2762 4369 2999 4440 ﬁliorum
3024 4368 3223 4425 Israel.
3256 4370 3398 4427 Cum
3424 4370 3579 4441 juxta
3612 4370 3805 4425 littera-

577 4476 668 4527 tus
718 4470 979 4539 corrodit,
1010 4479 1235 4527 notatur
1270 4470 1673 4543 gastrimargia.
1724 4469 1827 4527 Per
1856 4471 2163 4544 rubiginem
2266 4462 2518 4520 νίιιωιιν
2538 4479 2637 4535 per
2660 4463 2811 4520 hanc
2834 4479 3127 4519 numerum
3149 4465 3359 4521 electos
3376 4463 3653 4521 deludat:
3669 4462 3806 4534 sipi—
3830 4484 3831 4553 ἐ

573 4579 728 4633 vero,
785 4580 909 4635 qua:
948 4564 1167 4620 metalla
1218 4562 1489 4633 sequitur,
1537 4562 1765 4619 avaritia
1821 4562 2163 4635 designatur.
2196 4560 2242 4616 D
2270 4557 2455 4623 ﬁcare,
2477 4565 2533 4612 ct
2558 4572 2657 4627 per
2677 4557 2895 4613 turbam
2918 4556 3402 4625 innumerabilem,
3436 4573 3597 4628 quam
3619 4555 3809 4625 δικω-

574 4654 775 4712 ilultos
798 4655 999 4727 quippe
1022 4653 1301 4712 consumit
1342 4652 1580 4710 luxuria.
1624 4652 1693 4710 Et
1720 4654 1864 4726 quos
1888 4672 1997 4710 non
2026 4672 2163 4712 con—
2268 4649 2368 4721 git,
2390 4649 2596 4705 electos
2624 4647 2693 4703 de
2733 4649 3008 4720 gentibus.
3042 4646 3148 4704 Sed
3186 4648 3321 4719 quia
3351 4664 3518 4719 super
3538 4642 3809 4705 borium!

574 4748 744 4803 sumit
776 4746 1016 4813 luxnria,
1038 4742 1327 4801 tumefacit
1360 4745 1636 4815 superbia.
1660 4743 1729 4801 Et
1750 4748 1892 4817 quos
1921 4744 2027 4802 ista
2056 4761 2149 4801 nor
2267 4757 2482 4808 sumus,
2502 4749 2560 4799 ct
2603 4740 2717 4796 fere
2755 4747 2908 4797 totus
2936 4741 3041 4798 iste
3089 4741 3229 4796 liber
3246 4740 3737 4812 enigmaticusest.
3756 4736 3811 4791 ad

572 4847 857 4911 sinterunt,
883 4846 1106 4910 supcrat
1128 4836 1415 4908 galositas.
1443 4836 1601 4904 Quos
1626 4853 1758 4894 vero
1772 4838 1991 4894 nullum
2026 4837 2165 4895 isto-
2269 4834 2562 4906 mysticum
2592 4832 2921 4901 referamus,
2958 4842 3023 4889 ut
3056 4833 3429 4905 intelligamus
3455 4850 3550 4905 per
3573 4833 3703 4888 hanc
3724 4846 3811 4887 aa-

575 4944 697 4984 rmn
744 4928 934 4994 vincit,
965 4926 1137 4982 vineit
1160 4926 1411 4982 avaritia.
1437 4926 1638 4983 Contra
1684 4928 1800 4986 lucc
1820 4937 2061 5000 quatuor
2084 4927 2167 4983 τί·
2271 4941 2485 4982 merum
2520 4941 2629 4982 non
2674 4937 2832 4997 quot,
2861 4927 2957 4983 sed
2986 4925 3181 4997 quales
3229 4927 3344 4981 sint
3386 4926 3583 4999 signati
3609 4940 3669 4981 ex
3688 4922 3829 5000 cuit

574 5025 647 5079 tia
691 5038 794 5077 nos
819 5028 1009 5076 mouet
1036 5018 1277 5076 Joannes
1294 5020 1486 5079 dicens
1517 5039 1532 5077 ε
1562 5040 1589 5075 ι
1620 5021 1976 5089 Charissimi,
1998 5022 2170 5079 nolite
2274 5021 2418 5076 tribu
2451 5019 2691 5074 ﬁliorum
2734 5019 2926 5086 israel,
2957 5020 3010 5075 id
3032 5028 3120 5075 est
3141 5035 3209 5076 ex
3233 5019 3496 5075 omnibus
3515 5018 3747 5091 gentibus
3764 5016 3817 5067 I-

572 5116 801 5186 diligcre
829 5113 1121 5183 mundum,
1146 5126 1247 5172 nec
1269 5130 1335 5172 ca
1364 5131 1490 5188 qua:
1520 5114 1578 5171 in
1611 5115 1817 5171 mundo
1836 5123 1987 5170 sunt.
2030 5113 2166 5170 Om-
2270 5114 2394 5169 dem
2435 5111 2608 5169 Jacob
2642 5112 3005 5170 imitantibus.
3043 5112 3150 5168 Per
3168 5122 3389 5169 centum
3441 5109 3819 5184 igiturqlah-

576 5208 729 5263 nium
759 5205 1026 5278 quidquid
1076 5217 1161 5265 est
1184 5208 1242 5264 in
1279 5208 1508 5277 mundo,
1530 5216 1618 5266 est
1646 5214 1743 5263 ait
1770 5208 2169 5280 concupisccn-
2274 5209 2425 5282 ginta
2454 5215 2696 5280 quatuor
2716 5207 3123 5299 millia,omnes
3148 5206 3307 5262 eiecti
3329 5206 3397 5262 de

576 5298 651 5354 tia
680 5298 992 5366 oculorum,
1028 5311 1124 5358 aut
1142 5301 1587 5374 concupiscentia
1627 5301 1835 5368 carnis,
1858 5310 1957 5357 aut
1977 5316 2170 5373 super-
2274 5301 2527 5373 partibus
2574 5300 2978 5374 signiﬁcantur.
3027 5298 3135 5355 Per
3156 5296 3677 5371 quadragintaenil

574 5390 663 5446 hia
702 5389 828 5447 vitae
866 5407 989 5464 quae
1012 5409 1120 5450 non
1162 5404 1248 5451 est
1285 5412 1355 5451 ex
1402 5395 1517 5452 Deo
1549 5393 1714 5451 Patre
1741 5393 1796 5468 (Ι
1815 5394 1981 5452 Joan.
2019 5393 2104 5467 ιι).
2143 5412 2163 5449 ι
2273 5395 2502 5466 piuntur
2552 5393 2905 5465 pmnitentes,
2930 5406 3030 5464 per
3059 5400 3305 5459 centum,
3336 5389 3583 5462 perfecti,
3608 5384 3815 5460 peri

572 5481 678 5540 Per
695 5485 1193 5557 concupiscentiam
1212 5488 1769 5561 earnis,gulositatem
1792 5498 1848 5546 et
1867 5489 2165 5558 luxuriam;
2274 5488 2370 5555 lia,
2402 5484 2780 5557 perfectiores,
2811 5500 2909 5557 per
2926 5494 3186 5555 quatuor,
3211 5494 3452 5557 quatuor
3487 5491 3667 5555 partes
3690 5492 3821 5535 cur

573 5587 670 5646 per
693 5578 1194 5650 concupiscentiam
1222 5582 1532 5650 oculorum,
1565 5580 1854 5637 avaritiam
1886 5581 2161 5654 designat.
2273 5581 2351 5636 di.
2380 5578 2467 5634 Ea:
2514 5578 2679 5648 tribu,
2709 5578 2906 5650 inquit,
2935 5575 3084 5633 ludo
3125 5577 3403 5633 duodecim
3443 5575 3609 5631 millia

646 5669 854 5727 Horum
901 5673 1067 5744 igitur
1096 5682 1338 5745 quatuor
1379 5674 1640 5732 vitiorum
1672 5676 1887 5747 species
1929 5674 2170 5733 refrenat
2268 5673 2391 5731 Per.
2416 5672 2639 5741 ludam,
2667 5672 2765 5745 qui
2792 5671 3047 5743 conﬁtens
3096 5671 3510 5740 interpretatur,
3542 5667 3828 5724 conﬁtenti!

564 5761 869 5833 ‘Dominus,
900 5782 971 5822 nc
996 5767 1114 5823 suis
1147 5767 1336 5824 electis
1364 5767 1570 5836 obsint,
1592 5768 1781 5825 dicens
1814 5788 1826 5824 :
1865 5768 2049 5825 Nolite
2070 5786 2168 5826 uo-
2276 5768 2677 5840 signiﬁcantur.
2704 5766 2947 5834 Quorum
2968 5764 3283 5845 duodecim,
3312 5762 3365 5817 id
3392 5771 3479 5821 est
3502 5772 3576 5817 ter
3597 5769 3825 5841 quamq

574 5871 687 5912 cere
732 5865 887 5914 terra:
921 5868 970 5914 et
1001 5861 1139 5914 mari
1196 5876 1357 5932 neque
1406 5859 1703 5917 arboribus.
1758 5860 1985 5920 Constat
2021 5862 2171 5935 quod
2278 5868 2405 5918 sunt
2430 5857 2651 5930 signati,
2677 5856 2730 5913 id
2759 5864 2841 5913 est
2865 5870 3059 5913 omnes
3079 5853 3147 5911 de
3168 5861 3408 5926 quatuor
3433 5852 3819 5925 partibus-ua
