3850 6318
29 354 172 412 ηπ)

1245 357 1661 414 Ι-ΙΟΜΙιΙίΕ.-
1685 359 1723 414 l.
1769 360 1856 414 DE
1895 361 2240 420 TEMPORE.

3234 371 3373 429 υἷι

24 471 100 536 di,
131 471 192 526 in
239 470 638 527 confessione
684 479 887 527 sanctm
934 469 1219 528 'lrinitatis
1261 473 1506 542 perfecti,
1544 483 1671 528 sunt
1700 479 1747 536 Α
1777 473 2082 546 Benjamin,
2113 476 2206 547 qui
2233 476 2380 546 ﬁlius
2404 478 2636 534 dextera:
2659 479 3070 552 interpretatur,
3092 498 3188 554 per
3207 500 3371 556 quem

25 563 140 619 Deo
163 563 395 636 signati
423 573 492 620 et
527 565 710 632 electi,
737 574 792 621 et
813 565 892 620 sic
925 565 994 620 de
1021 565 1234 621 caeteris
1261 566 1670 639 intelligendum

23 667 128 712 est.
181 656 632 730 Significantur
669 667 852 714 autem
887 675 984 729 per
1011 658 1113 714 has
1160 659 1450 716 duodecim
1474 660 1670 727 tribus,

24 749 332 805 duodecim
399 751 675 806 virtutes.
712 749 864 816 Quas
915 751 1012 822 qui
1069 761 1395 822 sequuntur.
1451 753 1670 810 salvan-

24 858 132 901 tur.
178 845 294 901 Per
341 845 610 916 ludam,
674 847 996 905 conﬁtentes
1043 850 1409 915 accipiuntur,
1469 850 1671 922 quibus

24 940 139 994 sola
224 939 556 997 confessio
613 940 852 1007 suﬁlcit,
905 957 1032 998 cum
1098 957 1208 998 non
1265 945 1472 1000 habent
1531 957 1669 1002 tem-~

26 1046 127 1100 pus
180 1031 527 1100 operandi,
580 1041 640 1088 ut
689 1033 887 1089 latroni
933 1034 988 1089 in
1041 1049 1205 1092 cruce
1254 1036 1557 1092 conﬁtenti.
1605 1036 1672 1094 Et

24 1122 152 1192 quia
197 1122 459 1179 habenti
507 1135 730 1196 tempus
753 1126 1014 1197 operandi
1059 1127 1174 1182 sola
1235 1126 1514 1184 confessio
1560 1144 1669 1184 non

27 1213 252 1281 sufficit,
287 1215 578 1287 sequitur
599 1216 810 1284 Ruben,
859 1218 955 1289 qui
992 1219 1174 1274 videns
1195 1220 1370 1289 [ilium
1397 1220 1668 1292 interpre-

27 1315 196 1371 tatur,
239 1322 354 1377 per
387 1323 578 1378 quem
611 1309 992 1381 signiﬁcantur
1030 1311 1108 1366 illi
1133 1312 1228 1383 qui
1269 1313 1337 1367 ad
1368 1314 1506 1370 bene
1533 1329 1667 1384 ope-

29 1399 269 1454 randam
319 1411 471 1457 sunt
512 1403 800 1470 reservati,
830 1403 925 1474 qui
961 1404 1222 1461 videbunt
1271 1407 1506 1462 fructum
1547 1425 1668 1464 ma-

30 1503 202 1543 unum
248 1505 514 1548 suarum
555 1491 612 1548 in
658 1504 944 1550 aeternum.
998 1493 1067 1552 Et
1113 1498 1373 1568 quoniam
1420 1501 1666 1570 quidam,

31 1581 169 1636 bene
197 1593 555 1654 operantes,
606 1587 792 1643 minus
835 1588 1048 1660 providi
1100 1599 1231 1647 sunt
1278 1593 1665 1661 tentationum,

31 1674 289 1744 sequitur
310 1674 473 1744 Gad,
509 1679 608 1750 qui
638 1679 1026 1752 interpretatur
1051 1683 1340 1752 accinctus,
1377 1701 1475 1756 per
1502 1703 1665 1758 quem

1775 569 1855 622 illi
1895 569 2277 641 significantur
2303 571 2396 641 qui
2425 572 2570 626 inter
2590 589 2819 644 magnas
2849 576 3079 633 virtutes
3111 595 3240 634 suas
3271 581 3372 634 hu-

1777 661 1934 717 miles
1961 679 2178 734 semper
2198 663 2461 732 existunt,
2486 665 2623 720 nihil
2647 682 2680 722 a
2702 683 2792 734 se,
2819 669 2913 724 sed
2936 685 2966 724 a
2993 670 3372 728 Lenedictione

1772 753 1971 810 divinm
1996 756 2234 816 dexterae
2254 757 2437 814 omnia
2465 773 2524 814 se
2547 759 2747 816 habere
2767 770 3102 831 reputantes.
3129 773 3183 818 ct
3205 765 3368 836 quid-

1771 847 1902 917 quid
1947 848 2078 904 boni
2123 849 2324 906 habent
2352 851 2400 906 ei
2431 851 2812 910 attribuentes.
2853 853 3153 912 Proﬁciunt
3185 865 3365 912 autem

1773 939 1891 995 ista:
1910 940 2140 997 virtutes
2165 944 2511 1000 ascendendo
2543 945 2808 1017 gradatim
2851 945 2922 1002 ah
2961 947 3093 1015 imo,
3139 949 3194 1004 id
3225 958 3310 1006 est
3337 966 3366 1004 a

1771 1032 1887 1088 sola
1923 1033 2270 1090 confessione
2291 1036 2358 1090 ad
2389 1051 2662 1092 summam
2691 1038 2970 1106 virtutem,
2992 1057 3116 1111 quae
3145 1051 3230 1097 est
3263 1042 3369 1100 hu—

1773 1124 2060 1180 militatem
2090 1127 2144 1182 in
2178 1141 2398 1182 summo
2425 1123 2689 1185 virtutum
2732 1139 2934 1187 tenere.
2968 1131 3078 1188 llas
3112 1134 3362 1201 virtutes,

1770 1214 1971 1272 fratres
2005 1217 2340 1287 charissimi,
2365 1221 2565 1277 habere
2596 1223 2934 1292 Studeamus,
2965 1226 3013 1280 si
3045 1226 3112 1282 de
3135 1244 3364 1284 numero

1769 1308 2107 1379 signatorum
2138 1325 2261 1367 esse
2285 1311 2682 1371 desideramus.

1776 1437 1788 1448 .
1839 1401 2186 1460 Enumeratis
2214 1405 2382 1474 igitur
2414 1407 2518 1462 sub
2561 1408 2734 1480 figura
2775 1409 3071 1467 virtutibus
3115 1413 3360 1484 signato-

1767 1509 1913 1561 rum,
1946 1495 2060 1566 agit
2108 1493 2350 1552 Joannes
2392 1498 2460 1553 de
2493 1499 2626 1569 ipsis
2651 1500 2882 1571 signatis
2907 1504 3148 1560 subdens
3181 1523 3194 1560 τ
3232 1505 3363 1562 Post

1765 1587 1878 1642 lucc
1911 1589 2019 1642 ridi
2041 1589 2252 1643 turbam
2299 1607 2568 1662 magnam.
2604 1593 2772 1648 Vocat
2821 1605 3001 1652 autem
3030 1599 3360 1656 univcrsitao

1768 1687 1872 1736 tem
1905 1682 2143 1748 turbam,
2204 1693 2425 1754 propter
2459 1685 2546 1740 sui
2597 1686 3002 1744 multitudinem
3053 1699 3107 1744 et
3155 1691 3362 1746 incom-

35 1765 397 1838 accipiuntur
427 1770 518 1826 illi
550 1773 646 1844 qui
687 1782 879 1831 contra
911 1777 1239 1834 tentationes
1265 1795 1324 1835 se
1359 1795 1665 1852 praeparant
1702 1851 1710 1852 ί
1765 1771 2308 1843 prehensibilitatem.
2340 1772 2511 1831 Porro
2529 1777 2598 1832 de
2631 1778 2732 1833 hac
2763 1779 2920 1833 turba
2947 1781 3080 1834 dicit
3109 1790 3312 1850 septem
3345 1801 3357 1837 :

33 1867 82 1913 et
105 1862 449 1934 accingunt,
472 1863 641 1935 juxta
668 1866 799 1924 Illud
833 1886 847 1923 :
881 1887 900 1921 ι
941 1869 1066 1939 Fili,
1107 1875 1372 1930 accedens
1394 1851 1662 1934 πέει-τί.
1699 1851 1740 1909 Β
1767 1865 2040 1934 videlicet,
2095 1876 2301 1938 quanta
2354 1879 2522 1935 esset,
2571 1870 2713 1925 unde
2766 1871 3025 1938 venisset,
3086 1875 3362 1943 quomodo

39 1962 204 2010 tatem
236 1953 366 2025 Dei,
403 1972 671 2029 praepara
717 1960 956 2018 animam
1010 1973 1160 2020 tuam
1206 1967 1273 2022 ad
1307 1971 1661 2028 tentationem

38 2044 231 2113 (Eccli.
259 2051 351 2119 ιι).
397 2071 418 2102 ι
454 2050 529 2106 Et
561 2053 690 2123 quia
719 2055 942 2126 quidam
972 2057 1138 2114 etiam
1174 2072 1300 2131 post
1323 2062 1543 2135 longam
1579 2065 1658 2120 lu-

43 2146 178 2194 ctam
203 2143 628 2213 succumbunt,
675 2147 924 2218 sequitur
956 2149 1113 2219 Aser,
1151 2154 1246 2224 qui
1269 2154 1663 2228 interpretatur

43 2231 239 2299 beatus,
263 2249 370 2304 per
391 2251 577 2306 quem
619 2238 997 2310 signiﬁcantur
1034 2243 1109 2299 illi
1133 2246 1333 2316 quibus
1357 2249 1542 2307 datum
1579 2261 1664 2311 est

45 2321 268 2381 feliciter
294 2337 510 2385 contra
556 2332 888 2391 teutationes
918 2351 1194 2408 pugnare,
1233 2349 1290 2395 et
1331 2344 1661 2403 tentationes

47 2414 98 2468 in
137 2416 463 2486 profectum
519 2424 844 2494 provenire,
871 2426 1030 2498 juxta
1065 2429 1196 2486 illud
1231 2449 1245 2486 :
1279 2451 1298 2484 ι
1344 2429 1546 2491 Beatus
1577 2436 1662 2492 vir

47 2508 135 2577 qui
195 2512 400 2570 suffert
456 2516 821 2574 tentationem
848 2561 864 2586 ,
915 2521 1177 2592 quoniam
1227 2540 1352 2580 cum
1399 2529 1662 2598 probatus

51 2599 224 2670 fuerit,
255 2605 511 2678 accipiet
539 2622 803 2665 coronam
832 2611 958 2668 vitae
979 2613 1121 2686 (Jac.
1164 2613 1226 2686 ι).
1267 2635 1287 2668 ι
1315 2615 1382 2672 Et
1409 2618 1537 2689 quia
1559 2635 1660 2689 pa-

47 2690 290 2750 tientiam
314 2696 495 2754 debet
525 2699 778 2756 comitari
805 2701 1075 2771 charitas,
1106 2706 1358 2776 sequitur
1382 2707 1660 2780 Nephthao

54 2784 162 2852 lim,
183 2788 280 2858 qui
305 2789 717 2863 interpretatur
741 2793 997 2864 latitudo,
1023 2813 1120 2868 per
1139 2815 1302 2869 quem
1341 2801 1659 2873 significano

53 2884 134 2931 tur
169 2879 244 2934 illi
275 2883 378 2952 qui
407 2899 484 2940 ex
508 2885 796 2944 latitudine
822 2889 1111 2947 charitatis
1135 2907 1250 2948 sua;
1277 2891 1441 2962 etiam
1470 2909 1658 2966 perse-

56 2972 329 3032 cutoribus
395 2978 529 3034 suis
576 2979 904 3052 largiuntur.
953 2981 1020 3039 Et
1075 2987 1338 3056 quoniam
1391 2989 1655 3060 quidam,

53 3067 295 3130 quamvis
306 3070 594 3126 exteriora
613 3087 712 3127 sua
733 3077 1177 3143 persecutoribus
1199 3079 1317 3136 suis
1332 3080 1653 3153 largiantur,

1765 1959 1850 2015 vel
1893 1959 1983 2013 ubi
2036 1975 2095 2015 se
2155 1960 2399 2027 haberet,
2448 1977 2612 2032 quem
2643 1963 3002 2034 conspiceret,
3029 1981 3140 2034 quo
3170 1964 3360 2023 vestita

1765 2059 1929 2118 esset,
1953 2051 2086 2123 quid
2113 2051 2168 2107 in
2191 2053 2449 2109 manibus
2471 2053 2714 2121 haberet,
2739 2055 2872 2125 quid
2895 2055 3122 2111 diceret.
3146 2053 3360 2122 Quanta

1765 2153 1914 2200 esset
1941 2145 2180 2200 ostendit
2213 2160 2339 2200 cum
2373 2144 2595 2200 subdit:
2631 2145 2805 2212 Quam
2833 2148 3172 2204 dinumerare
3210 2165 3361 2205 nemo

1762 2245 1990 2306 poterat.
2014 2235 2176 2292 Juxta
2198 2251 2339 2308 quos
2362 2237 2630 2293 Dominus
2645 2238 2858 2294 dixerat
2879 2240 3110 2296 Abrahae
3130 2259 3145 2296 :
3169 2261 3187 2292 ι
3217 2241 3359 2296 Mul-

1763 2329 2022 2400 tiplicaho
2073 2343 2260 2385 semen
2287 2339 2444 2386 tuum
2496 2329 2638 2386 sicut
2657 2331 2845 2387 stellas
2889 2331 3014 2388 caeli
3042 2342 3097 2387 et
3133 2348 3356 2388 arenam

1763 2419 1934 2476 maris
1964 2419 2116 2489 (Gen.
2153 2433 2267 2475 χχιι
2295 2429 2352 2476 et
2385 2421 2576 2491 xxvr);
2613 2441 2630 2470 ι
2663 2421 2869 2478 electos
2907 2423 3052 2477 enim
3087 2422 3175 2478 ille
3205 2425 3358 2480 solus

1762 2521 1943 2584 potest
1989 2527 2300 2579 numerare,
2345 2513 2439 2584 qui
2471 2514 2654 2570 stellas
2683 2513 2806 2568 cmli
2842 2522 2896 2569 et
2923 2529 3147 2570 arenam
3189 2516 3358 2571 maris

1762 2613 1941 2675 potest
1973 2619 2283 2659 numerare.
2334 2604 2400 2660 Et
2453 2606 2556 2661 hoc
2602 2615 2792 2661 contra
2836 2621 2932 2662 eos
2989 2607 3085 2677 qui
3125 2607 3353 2662 dicunt:

1761 2694 1896 2762 Quis
1919 2695 2120 2766 poterit
2172 2695 2357 2751 salvus
2379 2693 2722 2751 esse‘l-Unde
2769 2695 3048 2752 venissent
3095 2706 3354 2762 ostendit,

1758 2805 1884 2844 cum
1905 2787 2114 2843 subdit:
2141 2785 2222 2842 Ex
2235 2788 2476 2842 omnibus
2501 2789 2762 2860 gentibus,
2778 2798 2827 2843 et
2846 2789 3168 2856 tribubus,et
3190 2806 3358 2870 popu-

1759 2883 1849 2949 lis,
1871 2892 1922 2937 et
1949 2883 2166 2954 linguis.
2197 2879 2263 2937 Et
2285 2883 2391 2938 hoc
2414 2891 2607 2938 contra
2631 2881 2774 2951 illos,
2803 2884 2896 2955 qui
2919 2894 3110 2956 putant
3141 2895 3353 2941 tantum

1759 2977 1815 3032 in
1848 2975 2040 3031 Latina
2065 2977 2149 3033 vel
2204 2975 2260 3030 in
2313 2975 2501 3032 Grzrca
2555 2977 2740 3048 lingua
2775 2977 3078 3034 catholicos
3103 2993 3247 3035 esse.
3284 2977 3353 3034 ιιι

1756 3071 1904 3126 enim
1929 3070 2128 3126 Petrus
2155 3071 2234 3125 ait
2259 3089 2271 3124 :
2292 3090 2308 3122 ι
2333 3069 2390 3125 1η
2405 3071 2554 3125 οηιηί
2583 3079 2740 3142 gente
2767 3086 2890 3141 qua:
2920 3071 3075 3127 timet
3104 3070 3274 3127 Deum
3301 3081 3357 3127 et

59 3160 226 3212 tamen
254 3158 507 3230 injurias
534 3162 589 3217 iu
609 3165 776 3220 corde
799 3165 1054 3234 retinent,
1081 3171 1329 3241 sequitur
1348 3171 1647 3242 Manasses,

1759 3171 2019 3232 operatur
2052 3162 2345 3233 justitiam,
2377 3171 2642 3232 acceptus
2687 3170 2772 3218 est
2821 3163 2896 3217 illi
2938 3164 3080 3234 (Αει.
3107 3165 3185 3235 x).
3231 3184 3250 3216 ι
3288 3164 3355 3220 Et

56 3245 142 3313 qui
166 3246 574 3322 interpretatur
593 3254 899 3326 obliuiosus,
922 3275 1021 3330 per
1039 3276 1202 3332 quem
1234 3263 1309 3318 illi
1336 3265 1654 3336 signiﬁcan-

64 3343 144 3429 tur
183 3342 278 3410 qni
323 3343 666 3416 injuriarum
705 3348 1056 3409 immemores
1102 3364 1250 3412 sunt.
1286 3355 1354 3412 Et
1389 3360 1652 3429 quoniam

62 3428 268 3494 quidam
289 3433 360 3490 de
391 3438 787 3506 pi-aadictarum
829 3441 1093 3498 Virtutum
1127 3428 1515 3506 consecutione
1569 3452 1654 3507 ni-

67 3519 160 3576 mis
181 3522 552 3598 hilarescunt,
578 3523 826 3604 sequitui'
857 3525 1102 3605 Simeon,
1135 3539 1231 3609 qui
1265 3539 1654 3613 interpretatur

66 3613 284 3673 tristitia:
314 3624 626 3691 exauditio,
662 3640 758 3696 per
787 3642 951 3698 quem
999 3630 1377 3702 significantur
1422 3635 1499 3690 illi
1534 3638 1652 3708 qui,

67 3719 128 3760 ne
164 3709 464 3773 virtutibus
512 3719 630 3775 suis
667 3719 834 3777 nimis
883 3722 1248 3794 hilar‘escant,
1297 3743 1514 3800 semper
1559 3746 1655 3787 cor

67 3813 214 3858 suum
235 3806 301 3861 ad
331 3810 836 3869 considerationem
872 3827 1221 3887 peccatorum
1252 3822 1652 3892 praeteritorum

69 3900 118 3945 et
141 3895 410 3957 miseriam
436 3903 607 3974 hujus
644 3906 833 3962 mundi
858 3920 1202 3978 convertunt,
1241 3920 1302 3968 ut
1341 3911 1468 3970 inde
1514 3929 1652 3970 cou-

70 3983 338 4078 tristentur
365 4003 422 4050 et
455 3995 837 4066 humilientur,
863 3999 1021 4071 juxta
1066 4003 1196 4060 illud
1229 4003 1522 4078 Sapientiae
1548 4007 1652 4064 Sa-

71 4073 288 4164 lomonis
313 4103 329 4139 :
361 4105 382 4138 ε
418 4087 538 4144 Cor
559 4089 823 4161 sapientis
858 4091 913 4147 in
943 4094 1182 4164 tristitia,
1207 4107 1261 4152 et
1287 4073 1385 4153 cor
1412 4099 1563 4155 stulti
1596 4099 1652 4156 in

73 4163 239 4227 {axitia
260 4173 496 4244 (Eccles.
511 4187 632 4252 vn).
647 4200 666 4232 ι
682 4180 750 4237 Et
775 4183 906 4254 quia
928 4193 1132 4256 septem
1154 4189 1520 4258 praecedentes
1541 4192 1653 4246 vir-

61 4265 204 4316 tutes
227 4272 487 4326 tenemur
504 4287 570 4327 es
595 4286 866 4346 praecepto
884 4276 1202 4349 adimplere,
1224 4281 1473 4352 sequitur
1498 4282 1648 4352 Levi,

75 4352 158 4447 qui
192 4355 582 4432 interpretatur
612 4367 811 4436 aditus,
863 4385 960 4440 per
980 4386 1141 4443 quem
1167 4373 1244 4428 illi
1274 4375 1653 4447 significantur

75 4445 161 4511 qui
185 4463 291 4507 non
317 4457 502 4513 solum
537 4469 828 4530 praecepta,
873 4464 969 4518 sed
1011 4464 1176 4520 etiam
1208 4445 1436 4524 consilia
1459 4479 1512 4526 et
1539 4486 1650 4526 non

1759 3255 1962 3312 Paulus
1995 3275 2008 3310 :
2051 3274 2070 3308 ι
2110 3254 2265 3311 Unde
2291 3264 2397 3323 est,
2441 3257 2636 3326 inquit,
2665 3258 2946 3313 masculus
2989 3267 3084 3314 aut
3124 3257 3352 3325 femina,

1753 3347 1976 3405 Judaaus
2005 3359 2059 3405 et
2089 3350 2325 3421 gentilis,
2376 3351 2728 3406 circumcisio
2769 3359 2822 3407 et
2858 3353 3206 3423 praeputium,
3238 3368 3354 3409 ser—

1753 3455 1857 3495 vus
1885 3448 1939 3494 et
1968 3440 2138 3495 liber?
2175 3459 2194 3492 ι
2233 3439 2382 3511 (Gal.
2415 3444 2524 3509 ιιι.)
2563 3460 2581 3492 ι
2621 3441 2714 3496 sed
2755 3442 2941 3496 ontuia
2996 3442 3050 3496 in
3094 3443 3353 3498 omnibus

1753 3529 2012 3586 Christus
2026 3528 2166 3601 (Col.
2182 3529 2287 3601 ιιι),
2314 3549 2332 3581 ι
2357 3530 2410 3586 id
2431 3539 2538 3598 est,
2553 3531 2701 3586 nulla
2717 3531 3007 3588 diversitas
3018 3532 3160 3602 apud
3173 3531 3350 3588 Deum

1755 3621 2091 3692 praajudicat,
2118 3622 2328 3678 scilicet
2344 3637 2526 3694 neque
2554 3639 2807 3688 sexuum,
2833 3639 3012 3694 neque
3040 3625 3350 3691 nationum,

1754 3727 1932 3784 neque
1955 3703 2653 3785 observantiarumﬁicque
2675 3715 3010 3787 linguarum,
3030 3731 3208 3787 neque
3225 3731 3353 3772 cou-

1754 3807 2049 3872 ditionum,
2083 3805 2176 3862 sed
2209 3806 2361 3862 solus
2390 3804 2644 3862 Christus
2667 3815 2752 3861 est
2784 3805 2971 3860 omnia
2993 3806 3047 3860 in
3070 3806 3347 3863 omnibus.

1753 3897 1966 3956 Nemini
1997 3898 2142 3954 enim
2172 3906 2331 3954 nocet
2359 3898 2444 3954 vel
2470 3897 2659 3954 feritas
2687 3897 2864 3970 gentis
2887 3913 3022 3966 snte,
3053 3899 3139 3954 vel
3192 3899 3350 3954 mali-

1754 3993 1828 4048 tia
1856 3992 2034 4050 tribus
2060 4009 2194 4062 suae,
2221 3993 2306 4049 vel
2335 3993 2530 4050 vitium
2565 3992 2753 4065 populi
2800 3993 2908 4060 sui,
2942 3993 3024 4048 vel
3055 3993 3350 4049 barbaries

1753 4085 1955 4159 linguae
1991 4101 2127 4154 suae,
2163 4086 2210 4142 si
2254 4093 2469 4142 tantum
2497 4083 2753 4143 Christus
2783 4086 2892 4141 vita
2929 4093 2984 4142 ct
3018 4085 3265 4142 moribus
3293 4095 3351 4142 et

1755 4177 1862 4233 fide
1912 4186 2180 4236 teneatur.
2230 4178 2520 4246 Quomodo
2558 4194 2691 4234 vero
2734 4194 2794 4235 se
2836 4178 3069 4234 habeant
3109 4178 3351 4235 ostendit

1755 4283 1878 4323 eum
1911 4269 2098 4325 subdit
2125 4288 2137 4324 :
2165 4268 2378 4324 Stantes
2401 4278 2524 4325 ante
2552 4269 2822 4337 thronum,
2851 4270 2904 4326 id
2926 4279 3012 4326 est
3025 4271 3351 4328 assistentes

1756 4360 1868 4417 Deo
1909 4361 2178 4433 judicanti
2217 4372 2273 4419 et
2316 4364 2588 4434 regnanti.
2646 4362 2786 4431 Quia
2842 4365 2989 4420 enim
3040 4365 3094 4421 in
3139 4365 3347 4422 mundo

1753 4472 1970 4528 semper
1993 4456 2280 4512 astiterant
2303 4456 2525 4513 Christo
2563 4458 2618 4512 in
2651 4458 2929 4515 mentibus
2961 4459 3076 4514 suis
3099 4459 3346 4530 judicato

79 4532 299 4606 injuncta
341 4546 577 4607 faciunt.
624 4550 692 4607 Et
744 4555 1004 4624 quoniam
1054 4558 1192 4614 tales
1242 4559 1384 4616 inter
1435 4562 1652 4620 labores
1685 4587 1728 4640 ι)
1753 4560 1804 4608 ct
1829 4550 2077 4622 patienti,
2108 4550 2202 4604 illo
2230 4549 2377 4621 digni
2402 4559 2552 4617 sunt,
2578 4551 2716 4606 utin
2749 4552 2890 4608 ctelo
2914 4551 3175 4606 assistant
3197 4551 3345 4622 judi-

79 4633 346 4695 mundanaa
369 4642 610 4700 miseria;
633 4644 1015 4717 ingemiscant,
1039 4661 1414 4722 exspectantes
1435 4656 1648 4711 redem.
1685 4633 1721 4640 ⁷
1753 4643 1900 4699 eauti
1941 4652 1998 4699 et
2026 4642 2296 4713 regnanti.
2324 4641 2498 4710 Quem
2532 4643 2914 4714 conspicerent
2952 4642 3189 4697 ostendit
3217 4657 3340 4698 cum

81 4719 299 4785 Plionem
341 4736 594 4806 corporis
623 4739 732 4804 sui,
763 4739 1013 4809 sequitur
1040 4719 1310 4810 lssachar,
1343 4744 1436 4814 qui
1475 4730 1646 4801 inter-

83 4823 303 4905 pretantur
328 4839 543 4894 merces,
567 4842 664 4898 per
689 4843 851 4899 quem
876 4830 1257 4902 significantur
1278 4833 1357 4888 illi
1377 4849 1520 4905 quos
1549 4843 1646 4890 tae-

85 4903 162 4959 det
181 4908 263 4967 hic
298 4916 496 4988 vivere,
529 4921 812 4992 cupientes
841 4923 983 4979 mori
1006 4933 1062 4981 et
1084 4939 1207 4982 esse
1248 4942 1372 4982 cum
1396 4903 1642 4984 Christo.

87 4992 139 5051 Et
163 5009 410 5072 quoniam
465 5013 578 5070 vita
629 5005 819 5071 talium
862 5017 1170 5074 minoribus
1203 5021 1514 5076 necessaria
1539 5029 1644 5089 est,

87 5094 308 5184 8ἒίιυίῑιιι·
331 5101 593 5175 Zabulon,
617 5108 713 5179 qui
741 5109 1128 5180 interpretatur
1147 5111 1511 5166 habitaculum
1533 5113 1646 5184 [or-

88 5180 325 5282 liludinis,
351 5210 446 5266 per
479 5214 642 5270 quem
679 5200 1058 5272 signiﬁcantur
1101 5202 1178 5257 illi
1207 5203 1302 5274 qui
1331 5219 1430 5274 pro
1459 5180 1646 5260 neces-

92 5281 229 5365 filate
256 5282 476 5348 fratrum
503 5293 746 5352 laborem
776 5311 887 5352 non
928 5306 1266 5365 recusantes,
1293 5298 1361 5354 de
1382 5297 1551 5356 Maria
1573 5299 1641 5354 ad

91 5360 329 5434 Martham
354 5384 707 5445 descendunt.
731 5389 800 5445 Et
819 5391 1081 5461 quoniam
1128 5407 1195 5448 ex
1235 5360 1342 5449 hoc
1390 5394 1642 5465 provenit

94 5471 408 5562 augmentum
442 5489 495 5536 et
533 5482 810 5552 profectus
837 5482 1114 5552 Ecclesiae,
1143 5486 1390 5555 sequitur
1415 5485 1640 5558 Ioseph:

93 5555 172 5616 qui
198 5555 565 5636 interpretatur
589 5584 951 5646 augmentum,
991 5590 1090 5645 per
1139 5589 1302 5645 quem
1331 5576 1407 5630 illi
1434 5555 1643 5649 sign—ifi-

99 5650 265 5733 ξτῖηἴυι·
282 5657 389 5726 qui,
415 5676 511 5731 per
532 5664 837 5720 doctrinam
874 5682 1054 5733 suam,
1081 5664 1382 5722 Eeclesiam
1412 5683 1642 5723 numero

98 5723 304 5826 fidelium
334 5723 698 5821 augmentum.
742 5754 808 5812 Et
847 5723 1108 5826 quoniam
1141 5765 1220 5811 tot
1245 5766 1298 5812 et
1321 5766 1498 5812 tantas
1526 5759 1625 5814 vir-

99 5820 220 5877 ιιιωε
235 5831 358 5890 solet
382 5820 446 5896 ad
469 5851 771 5902 extremum
800 5820 968 5902 elatio
991 5846 1346 5920 impugnare,
1393 5847 1640 5919 sequitur

1753 4737 1938 4792 subdit
1971 4754 1984 4791 :
2011 4734 2078 4790 In
2105 4746 2381 4808 conspectu
2399 4737 2558 4808 Agni.
2585 4735 2643 4792 ln
2657 4752 2820 4807 quem
2838 4736 3148 4792 desiderant
3165 4735 3342 4806 angeli

1751 4829 2090 4900 conspicere.
2123 4829 2279 4888 illum
2301 4830 2447 4886 enim
2473 4830 2527 4884 in
2549 4827 2721 4900 gloria
2747 4844 2845 4884 sua
2872 4827 3056 4883 videre
3076 4836 3161 4884 est
3187 4828 3342 4884 beate

1751 4921 1951 4977 vivere.
1980 4921 2139 4988 Quod
2173 4923 2249 4976 illi
2278 4922 2379 4978 soli
2412 4930 2711 4985 merentur,
2748 4921 2843 4992 qui
2879 4920 2934 4974 in
2975 4935 3100 4976 eum
3128 4921 3342 4977 direxe-

1752 5024 1882 5071 runt
1900 5031 2116 5086 semper
2143 5016 2198 5070 in
2224 5017 2326 5070 hac
2345 5015 2455 5069 vita
2483 5013 2674 5069 oculos
2690 5013 3008 5078 intentionis
3032 5027 3164 5078 sua},
3187 5015 3339 5086 juxta

1751 5105 1922 5162 illud:
1955 5127 1974 5159 ι
2001 5105 2158 5162 Oculi
2192 5105 2454 5177 sapientis
2489 5106 2544 5160 in
2581 5106 2756 5176 capite
2797 5105 2918 5175 ejus
2966 5103 3166 5177 (Eccle.
3200 5106 3281 5177 ιι).
3318 5127 3336 5158 ι

1747 5201 1872 5269 Quo
1899 5201 2080 5257 vestiti
2105 5210 2290 5258 essent
2314 5199 2556 5255 ostendit
2581 5215 2707 5255 cum
2741 5199 2926 5255 subdit
2959 5216 2973 5253 :
3014 5197 3206 5254 Amicti
3227 5209 3341 5253 sto-

1743 5293 1816 5348 lis
1845 5293 2004 5360 albis,
2041 5293 2095 5350 id
2141 5301 2228 5350 est
2255 5293 2439 5350 vestiti
2482 5307 2688 5364 corpus
2726 5301 2780 5349 et
2825 5291 3068 5348 animam
3101 5293 3340 5347 candore

1747 5385 2196 5442 immortalitatis.
2230 5386 2384 5454 Quod
2417 5386 2492 5442 illi
2531 5394 2814 5441 merentur
2849 5385 2945 5456 qui
2979 5385 3150 5442 stolas
3186 5400 3337 5449 suas,

1747 5482 1804 5537 in
1833 5480 2104 5551 baptismo
2125 5481 2410 5553 sanguinis
2439 5481 2646 5537 Christi
2674 5480 2975 5546 dealbatas,
3011 5479 3337 5534 immacula?

1745 5583 1832 5631 tas
1866 5574 2265 5640 custodierunt,
2292 5573 2380 5629 vel
2400 5573 2699 5629 maculatas
2724 5572 2978 5646 tacrymis
3002 5569 3338 5642 pwnitentia:

1747 5668 2139 5736 purgaverunt'.
2192 5661 2334 5730 Quid
2377 5663 2634 5718 manibus
2688 5661 2892 5720 ferrent
2923 5659 3167 5717 ostendit
3209 5674 3336 5714 cum

1747 5755 1931 5810 subdit
1945 5758 2043 5810 :‘tst
2071 5754 2263 5826 palma:
2287 5755 2342 5808 in
2362 5755 2604 5808 manibus
2617 5770 2821 5822 eorum,
2842 5754 2894 5808 id
2915 5762 3001 5808 est
3022 5747 3336 5807 victoriales

1747 5860 1800 5907 et
1851 5847 2334 5905 immarccssibilcs
2375 5846 2655 5905 mercedes
2701 5846 2757 5902 in
2797 5846 3054 5918 operibus
3092 5845 3331 5904 illorum.
