3844 6318
454 343 632 402 ’1475
716 405 720 410 ,

1774 329 2121 386 RADULPIII
2160 326 2505 382 AliDENTlS

3581 336 3685 392 N76

493 455 650 524 Quod
667 453 743 510 illi
756 450 1144 521 merenturqui
1170 451 1222 505 in
1247 451 1348 504 hac
1371 447 1478 502 vita
1493 445 1657 502 otiosi
1705 459 1815 501 non
1859 444 2085 510 fuerint,
2117 447 2162 507 Α
2193 442 2419 507 rissimi,
2450 449 2561 496 toto
2584 439 2747 497 corde
2776 440 2970 495 audire
2996 449 3051 494 ct
3082 440 3312 496 retinere
3337 440 3576 511 debemus,
3596 465 3693 520 quo-

494 549 588 606 sed
617 563 716 619 pro
735 545 959 602 Christo
978 543 1387 615 infatigabiliter
1412 539 1802 595 laboraverint.
1828 538 1970 605 Quid
1991 537 2090 592 do-

493 649 683 698 cerent
702 637 942 695 ostendit
971 652 1096 692 cum
1139 633 1325 690 subdit
1359 651 1372 687 :
1407 630 1475 685 Et
1499 630 1805 685 clamabunt
1826 646 1946 684 voce
1975 646 2092 683 nta-

496 748 619 802 gna.
649 729 744 786 Est
772 737 954 784 autem
988 729 1104 784 lucc
1126 739 1254 796 pars
1283 733 1502 795 quarta,
1540 721 1597 778 in
1641 737 1751 793 qua
1785 720 2093 777 ostenditur

499 825 839 880 Salvatarem
867 831 1071 894 quanta
1107 820 1227 874 laus
1255 825 1536 888 sequatur.
1568 813 1649 870 llli
1686 814 1835 870 enim
1873 812 1968 884 qui
1991 811 2094 868 sal-

497 917 607 971 vati
635 924 784 981 sunt,
809 915 949 970 sicut
969 913 1023 967 in
1049 913 1151 966 hac
1183 910 1314 976 vita,
1349 909 1461 964 imo
1482 906 1658 978 magis
1686 906 1742 960 in
1775 906 1865 960 illa
1887 915 2092 960 aeterna

499 1011 610 1064 vita
650 1008 902 1063 laudibus
943 1019 1156 1076 magna:
1196 1001 1506 1057 devotionis
1542 998 1880 1055 Salvatoretn
1924 1011 2088 1052 suum

503 1117 718 1172 semper
741 1098 1090 1163 benedicunt,
1107 1096 1265 1167 juxta
1292 1093 1424 1149 illud
1451 1112 1464 1148 :
1499 1114 1518 1146 ι
1548 1091 1698 1148 Beati
1721 1090 1816 1162 qui
1846 1089 2096 1146 habitant

503 1194 558 1250 in
584 1194 748 1248 domo
780 1199 892 1258 tua,
923 1187 1169 1260 Domine,
1209 1187 1265 1242 in
1311 1176 1509 1241 Saecula
1553 1183 1879 1240 saeculorum
1907 1179 2098 1235 lauda-

502 1286 638 1340 bunt
669 1292 719 1338 tc
749 1270 922 1355 (Paul.
955 1280 1212 1351 unm),
1235 1301 1252 1332 ι
1281 1279 1524 1334 dicentes
1557 1296 1570 1332 :
1603 1275 1762 1333 Salus
1790 1275 1893 1329 Deo
1917 1282 2096 1328 nostra

501 1377 702 1432 sedenti
725 1392 884 1446 super
905 1374 1152 1429 thronum
1174 1382 1224 1428 et
1251 1373 1422 1443 Agna.
1455 1371 1534 1428 Ac
1577 1371 1624 1426 si
1658 1377 1841 1441 aperte
1866 1368 2051 1424 dicant
2080 1383 2094 1422 :

502 1468 778 1539 Quidquid
803 1467 998 1524 salutis
1020 1465 1303 1522 consecuti
1327 1479 1543 1530 sumus,
1569 1463 1654 1518 vel
1678 1463 1731 1516 in
1747 1469 2095 1531 peccatorum

504 1560 850 1625 remissione,
881 1557 966 1613 vel
989 1557 1043 1612 iu
1073 1557 1217 1612 bona
1246 1555 1582 1626 operatione,
1619 1553 1704 1608 vel
1731 1551 1786 1606 in
1823 1550 2096 1622 gloriﬁca-

503 1651 672 1715 tione,
701 1649 837 1704 nihil
862 1647 1072 1705 meritis
1094 1645 1321 1711 nostris,
1363 1645 1457 1700 sed
1487 1643 1677 1715 gratia:
1713 1641 1807 1696 Dei
1838 1640 2018 1696 Patris
2045 1648 2100 1696 et

504 1741 626 1796 Filii
650 1731 770 1812 ejus
799 1739 1207 1796 attribuendum
1230 1747 1334 1793 est.
1357 1735 1516 1804 Quod
1554 1735 1834 1792 canticum
1873 1743 2100 1789 cantare

504 1843 631 1890 ante
657 1797 914 1889 thronum
944 1831 1186 1898 Dei,.illi
1218 1830 1321 1886 soli
1365 1797 1646 1885 merentur
1673 1828 1791 1900 qui,
1832 1824 2098 1898 quidquid
2134 1797 2176 1852 Β

506 1928 636 1984 boni
667 1926 976 1992 habuerint,
1007 1941 1117 1981 non
1147 1924 1252 1980 sibi
1297 1923 1392 1980 sed
1431 1922 1543 1978 Deo
1566 1921 1866 1976 attribuere
1894 1919 2102 1976 didice-

507 2020 650 2087 rint;
692 2020 810 2075 hzec
853 2025 940 2074 est
971 2015 1116 2072 enim
1148 2015 1268 2072 laus
1309 2030 1430 2086 qua:
1461 2012 1637 2085 magis
1670 2011 1914 2069 divinam
1951 2009 2100 2065 dele-

507 2121 622 2170 ctat
651 2110 1014 2182 majestatem.
1045 2108 1129 2163 Ad
1163 2123 1328 2178 quam
1370 2105 1585 2161 laudem
1611 2113 1670 2159 ut
1697 2103 1872 2166 magis
1898 2117 2000 2158 nos
2023 2101 2105 2156 iu-

509 2205 660 2270 vitet,
701 2201 941 2258 ostendit
975 2200 1122 2254 illam
1175 2214 1369 2255 omncs
1422 2197 1646 2270 angelos
1696 2195 2000 2267 approbare
2051 2203 2106 2249 ct

509 2296 859 2352 conﬁrmare.
897 2291 1142 2360 Quorum
1179 2291 1516 2347 attestatioui
1557 2299 1618 2346 ut
1676 2289 1851 2360 magis
1882 2287 2106 2359 acquie-

509 2401 753 2452 scamus,
783 2385 961 2439 innuit
984 2383 1139 2454 prius
1168 2382 1319 2452 ipsos
1348 2381 1574 2452 angelos
1606 2393 1730 2436 esse
1768 2387 2107 2451 protectores

512 2490 568 2535 et
621 2477 966 2548 exemplares
1027 2483 1267 2530 nostros.
1327 2471 1438 2528 Eos
1498 2480 1834 2543 protectores
1889 2477 2109 2526 nostros

512 2587 636 2627 esse
655 2569 914 2635 ostendit,
945 2583 1071 2623 cum
1100 2566 1234 2622 dicit
1263 2583 1277 2621 :
1307 2564 1377 2619 Et
1403 2581 1581 2620 omnes
1613 2563 1788 2634 angeli
1817 2561 2029 2616 stabant
2054 2561 2110 2614 in

513 2665 742 2719 circuitu
777 2662 974 2728 throni,
1015 2660 1069 2715 id
1095 2668 1181 2716 est
1223 2658 1502 2725 Ecclesiae,
1537 2657 1590 2712 in
1625 2673 1733 2728 qua
1762 2654 1906 2710 Deus
1935 2653 2108 2718 sedet,

509 2757 668 2829 juxta
714 2756 846 2811 illud
896 2773 910 2808 :
956 2773 974 2806 α
1010 2752 1270 2808 lnnnittet
1337 2751 1563 2822 angelus
1607 2749 1702 2804 Dei
1762 2747 1818 2803 in
1879 2745 2111 2804 circuitu

514 2851 824 2906 timentium
853 2863 1012 2923 cum,
1055 2855 1110 2901 et
1141 2845 1335 2915 eripiet
1355 2861 1452 2900 eos
1487 2843 1663 2916 (Paul.
1706 2845 1926 2914 xxxiii).
1980 2860 1998 2893 ι
2048 2839 2116 2896 Et

515 2957 630 3000 non
653 2941 832 2998 solum
860 2940 914 2994 in
944 2937 1178 2993 circuitu
1219 2936 1423 3004 throni,
1472 2936 1566 2991 sed
1600 2935 1764 2991 etiam
1797 2935 1851 2990 in
1881 2933 2115 2991 circuitu

515 3034 783 3089 seniorum
816 3040 866 3084 et
885 3037 1116 3100 quatuor
1135 3027 1471 3094 animalium,
1503 3027 1556 3082 id
1594 3035 1680 3083 est
1702 3027 2114 3098 praedicatorum

521 3125 730 3182 Veteris
757 3133 813 3180 et
841 3121 977 3177 Novi
1019 3121 1373 3178 Testamenti.
1430 3120 1686 3177 Seniores
1710 3120 1856 3176 enim
1901 3129 1956 3176 et
1989 3136 2120 3192 qua-

519 3230 647 3276 tttor
692 3216 949 3274 animalia
993 3223 1123 3272 sunt
1161 3215 1214 3269 in
1267 3214 1498 3270 circuitu
1542 3213 1750 3280 throni,
1794 3212 1890 3268 sed
1940 3213 2118 3285 angeli

521 3321 654 3369 sunt
689 3313 744 3366 in
775 3309 1010 3366 circuitu
1042 3316 1095 3362 et
1117 3307 1396 3362 seniorum
1439 3316 1493 3362 et
1525 3314 1764 3378 quatuor
1797 3305 2117 3360 animalium

520 3414 575 3460 et
605 3404 810 3470 throni,
857 3399 1120 3472 quoniam
1171 3400 1561 3472 praedicatores
1601 3399 1946 3455 circumeunt
1985 3399 2122 3471 vigi-

521 3495 685 3550 lando
713 3492 1036 3557 Ecclesium,
1081 3492 1232 3562 ipsos
1257 3506 1386 3546 vero
1425 3489 1816 3561 praedicatores
1841 3499 1896 3545 et
1943 3489 2120 3560 ipsam

523 3587 689 3644 simul
716 3584 1016 3642 Ecelesiam
1045 3584 1405 3640 .circumeunt
1453 3582 1629 3654 angeli
1680 3591 1736 3637 et
1783 3582 2119 3638 custodiunt.

523 3675 635 3732 Eos
664 3679 793 3732 vero
827 3675 1169 3746 exemplares
1195 3681 1416 3728 nostros
1437 3689 1560 3728 esse
1580 3672 1840 3739 ostendit,
1867 3688 1996 3727 cum
2027 3688 2124 3728 eos

526 3769 818 3826 humiliarc
842 3769 896 3823 in
929 3767 1096 3823 facies
1125 3783 1257 3822 suas
1285 3775 1340 3821 et
1367 3765 1656 3820 Dominum
1684 3767 1917 3821 adorare
1946 3777 2127 3822 osten-

524 3863 624 3918 dit.
658 3861 725 3916 Et
755 3862 858 3916 hoc
887 3861 941 3914 in
963 3868 1242 3930 conspectu
1262 3859 1466 3926 throni,
1497 3859 1550 3913 id
1571 3868 1654 3915 est
1681 3858 1962 3926 Ecclesiaa,
1990 3875 2125 3930 qua-

527 3965 690 4012 tenus
717 3954 1076 4011 considcrans
1124 3950 1368 4009 Ecclesia
1417 3951 1568 4022 ipsos
1597 3952 1841 4024 angelos,
1868 3953 1962 4022 qui
1991 3967 2127 4006 nun-

528 4063 696 4117 quam
731 4053 1111 4117 peccaverunt,
1137 4060 1197 4100 se
1226 4053 1407 4099 tamen
1439 4043 1752 4112 humiliare,
1793 4052 1848 4099 et
1874 4058 2032 4100 suam
2059 4059 2124 4098 ex

530 4155 591 4195 se
614 4138 985 4194 inﬁrmitatem
1008 4137 1308 4205 attendere,
1324 4138 1499 4194 discat
1517 4148 1570 4194 et
1600 4137 1715 4208 ipsa
1738 4154 1861 4208 quae
1882 4137 2130 4208 peccavit

531 4232 706 4288 multo
729 4231 903 4303 magis
945 4247 1006 4287 se
1055 4231 1368 4298 humiliare,
1419 4246 1577 4287 suam
1612 4229 1982 4286 inﬁrmitatem
2034 4245 2129 4286 eo-

529 4342 816 4398 gnoscere,
842 4333 897 4381 et
919 4324 1030 4381 Deo
1073 4325 1284 4380 auctori
1311 4324 1577 4395 quidquid
1620 4324 1750 4379 boni
1781 4325 1945 4379 habet
1975 4323 2130 4378 attri-

529 4418 719 4473 buere.
749 4415 817 4470 Et
841 4417 1216 4480 adoraverunt,
1240 4415 1438 4487 inquit,
1461 4416 1694 4469 dicentes
1717 4431 1734 4468 :
1757 4415 1944 4470 Amen.
1959 4415 2129 4484 Quasi

2192 537 2340 592 niam
2374 536 2430 591 in
2459 551 2523 590 ea
2567 535 2976 590 demonstratur
3017 533 3180 588 nobis
3213 533 3462 599 doctrina,
3490 539 3586 594 sine
3617 559 3695 613 qua

2192 647 2303 687 non
2331 639 2509 702 potest
2542 629 2728 684 haberi
2758 630 2930 685 salus.
2971 627 3115 684 Sunt
3142 640 3322 683 autem
3348 629 3493 701 lmjus
3517 635 3699 695 lectionis

2192 731 2376 794 partes
2424 721 2566 777 duas.
2614 719 2801 776 Primo
2845 721 3016 790 enim,
3073 721 3298 776 instruit
3344 738 3438 778 nos
3482 723 3697 794 Dominus,

2192 813 2442 886 exemplo
2467 814 2583 880 sui;
2618 814 2883 880 secundo,
2914 813 3170 869 doctrina
3201 813 3368 868 verbi.
3402 814 3551 871 Porro
3566 833 3700 874 exeni-

2195 907 2286 977 plo
2318 906 2410 962 sui
2432 921 2534 961 nos
2564 905 2808 970 instruit,
2847 921 2975 961 cum
3007 905 3202 962 videns
3228 905 3429 971 turbas,
3449 911 3646 965 ascendit
3663 913 3700 968 ia

2197 1009 2439 1059 montem
2493 1009 2550 1056 et
2575 999 2647 1055 ibi
2684 1000 2882 1056 sedens
2909 999 3214 1069 discipulos
3261 997 3498 1066 erudivit,
3537 1018 3704 1062 monens

2197 1111 2299 1151 nos
2328 1093 2730 1159 universaliter,
2789 1100 2848 1148 ut
2884 1093 2933 1148 si
2964 1108 3092 1147 eum
3140 1091 3297 1162 sequi
3352 1093 3587 1160 volumus,
3628 1113 3704 1153 non

2198 1203 2323 1243 cum
2358 1187 2532 1242 turbis
2555 1186 2608 1241 in
2643 1185 2754 1241 imo
2782 1200 3188 1251 remaneamus,
3221 1184 3314 1239 sed
3346 1185 3596 1240 tumultum
3616 1199 3709 1244 strt-

2199 1289 2480 1350 pitumque
2510 1277 2699 1332 mundi
2724 1286 2780 1332 et
2803 1277 2912 1331 ima
2954 1277 3218 1331 vitiorum
3252 1274 3521 1346 fugientes,
3551 1279 3602 1332 ad
3625 1280 3708 1336 alti-

2197 1370 2443 1427 tudinem
2473 1369 2738 1424 virtutum
2768 1368 3160 1434 ascendamus,
3193 1376 3250 1424 et
3288 1369 3344 1422 in
3383 1369 3490 1439 ipsa
3516 1371 3708 1428 virtutum

2199 1462 2486 1522 altitudine
2513 1462 2821 1526 sedcanms,
2865 1460 2932 1514 id.
2953 1469 3038 1516 est
3063 1475 3175 1514 non
3208 1460 3369 1521 elate.
3396 1461 3482 1516 sed
3507 1461 3712 1519 humiliter

2201 1573 2302 1613 nos
2331 1557 2652 1622 habeamus,
2693 1564 2749 1611 et
2793 1552 3289 1610 condescendendo
3333 1554 3603 1610 minoribus
3645 1574 3715 1613 nos

2200 1663 2569 1720 comquemus,
2607 1656 2883 1717 quatenus
2904 1644 2984 1700 sic
3007 1658 3106 1698 eos
3128 1643 3196 1698 ad
3223 1659 3325 1699 nos
3353 1643 3629 1701 accedentes
3645 1648 3716 1702 do-

2200 1756 2324 1797 cere
2375 1751 2431 1796 ct
2479 1738 2590 1796 Deo
2627 1737 2829 1795 lucrari
2855 1738 3162 1792 valeamus.
3197 1734 3505 1807 Spccialitcr
3527 1751 3722 1793 veronos

2205 1835 2586 1908 praedicatores
2625 1832 2868 1899 instruit,
2893 1841 2953 1887 ut
2985 1830 3202 1888 caeteris
3227 1829 3572 1900 pnedicaturi,
3594 1831 3722 1901 primo

2203 1927 2545 1984 altitudinem
2589 1925 2716 1982 vitae
2750 1934 2806 1982 et
2839 1922 3108 1982 doctrina:
3151 1921 3581 1988 conscendamus,
3613 1922 3723 1992 juxta

2205 2021 2337 2077 illud
2364 2018 2520 2076 lsahe
2551 2035 2566 2074 :
2604 2037 2622 2070 ι
2659 2016 2835 2088 Super
2861 2024 3106 2071 montem
3151 2014 3427 2070 excelsum
3455 2014 3656 2080 ascende,
3680 2025 3724 2068 tu

2205 2111 2299 2184 qui
2335 2110 2680 2182 evangelizas
2729 2109 2893 2175 Sion;
2935 2107 3118 2164 exaltu
3162 2107 3218 2161 in
3265 2104 3559 2162 fortitudine
3588 2121 3724 2161 vocem

2208 2219 2379 2273 tuam,
2407 2204 2503 2276 qui
2529 2203 2873 2275 cvangelizas
2885 2199 3195 2256 Jerusalem
3223 2197 3364 2268 (ιω.
3412 2199 3513 2268 ιι).
3542 2195 3727 2267 ilaipsa

2206 2311 2427 2370 quoque
2457 2295 2580 2350 vita:
2612 2304 2667 2349 et
2694 2293 2959 2348 doctrina:
2981 2288 3314 2347 celsitudine
3342 2287 3613 2354 sedeamus,
3635 2303 3727 2342 cum

2209 2406 2306 2462 per
2323 2389 2690 2455 vocationem,
2731 2396 2848 2443 tum
2903 2385 3070 2442 etiam
3121 2398 3220 2456 per
3268 2382 3727 2438 condescensionem.

2209 2487 2314 2543 Per
2352 2487 2720 2552 vocationem,
2756 2484 2888 2556 quia
2918 2482 3315 2554 magistrorum
3341 2492 3424 2536 est
3451 2496 3546 2536 non
3569 2481 3732 2535 discur-

2211 2594 2351 2647 rere,
2376 2579 2470 2636 sed
2499 2578 2707 2644 sedere,
2741 2590 2851 2631 non
2881 2591 2940 2632 se
2968 2573 3203 2644 negotiis
3232 2572 3564 2628 smeularibus
3599 2571 3732 2640 impli-

2211 2688 2360 2730 care.
2388 2670 2543 2728 Unde
2563 2680 2618 2727 et
2641 2670 2696 2726 in
2722 2669 2905 2726 Gestis
2935 2667 3347 2739 pontiﬁcalibus
3380 2666 3558 2738 legitur
3584 2684 3596 2720 ;
3622 2685 3636 2716 ι
3663 2663 3736 2718 Tot

2213 2778 2268 2824 et
2297 2774 2375 2822 tot
2401 2765 2560 2822 annis
2587 2764 2728 2820 sedit
2765 2763 2876 2830 ille,
2913 2762 2998 2816 vel
3031 2761 3121 2816 ille
3163 2760 3472 2830 episcopus.
3505 2778 3522 2810 ι
3547 2756 3741 2812 Sanese»

2215 2858 2394 2915 dentis
2429 2872 2558 2928 pars
2605 2853 2833 2911 inferior
2879 2851 3150 2908 recumbit
3194 2866 3321 2922 qua:
3369 2857 3536 2904 manet
3579 2848 3738 2918 quieta;

2217 2969 2346 3024 pars
2370 2968 2500 3007 vero
2533 2948 2785 3020 superior
2823 2946 3074 3018 erigitur,
3099 2953 3155 2998 et
3176 2951 3364 2998 manet
3389 2942 3591 2998 directa.
3616 2937 3742 3009 Spiri-

2221 3044 2388 3100 tualis
2445 3057 2667 3114 quoque
2723 3039 2972 3110 magistri
3018 3051 3150 3108 pars
3186 3036 3431 3100 inferior,
3471 3034 3520 3088 id
3559 3042 3628 3087 est
3660 3047 3746 3086 sea-

2146 3146 2193 3211 c
2224 3138 2472 3194 sualitas.
2507 3135 2668 3190 debet
2689 3149 2720 3188 a
2743 3131 2990 3205 saeculari
3016 3131 3345 3187 decursione
3373 3138 3424 3184 et
3451 3126 3747 3198 implicatione

2221 3229 2525 3300 qticscere,
2556 3235 2610 3282 et
2633 3241 2760 3296 pars
2790 3224 3075 3294 superior,
3110 3223 3163 3278 id
3189 3235 3275 3278 est
3304 3223 3462 3287 ratio,
3503 3225 3562 3275 ad
3600 3218 3748 3290 prah-

2222 3321 2396 3378 eanda
2425 3319 2668 3376 caelestia
2703 3317 2863 3373 debet
2892 3331 3205 3388 assurgere.
3248 3313 3356 3370 Per
3397 3308 3746 3369 condescensio-

2224 3429 2370 3480 nem,
2395 3412 2525 3484 quia
2559 3410 2864 3483 spiritualis
2906 3408 3159 3481 magistri
3180 3416 3288 3474 est,
3329 3406 3469 3462 sicut
3492 3401 3747 3466 inﬁrmitati,

2225 3506 2306 3562 sic
2337 3515 2390 3561 et
2425 3503 2713 3575 capacitati
2747 3495 3094 3557 subditorum
3137 3499 3586 3564 condescendere,
3612 3504 3751 3565 quate-

2227 3615 2331 3654 nus
2355 3614 2464 3653 uon
2490 3597 2673 3652 minus
2699 3595 2831 3661 alta,
2849 3610 2948 3649 nec
2975 3591 3344 3664 importabilia
3367 3590 3535 3661 primo
3559 3604 3638 3643 eos
3657 3600 3750 3657 pra-

2224 3692 2386 3757 dicet,
2408 3689 2499 3746 sed
2512 3689 2671 3760 juxta
2686 3687 3048 3759 capacitatem
3071 3685 3289 3740 illorum
3307 3685 3390 3739 eis
3410 3682 3630 3744 distillet,
3643 3681 3751 3748 juxta

2226 3783 2374 3854 quod
2423 3779 2691 3835 Dominus
2728 3778 2783 3833 in
2830 3777 3128 3848 Evangelio
3177 3774 3468 3846 discipulis
3493 3773 3599 3828 suis
3620 3771 3751 3826 dicit:

2234 3895 2252 3928 ι
2292 3873 2460 3928 Multa
2482 3873 2658 3928 habeo
2687 3871 2844 3928 vobis
2868 3869 3070 3936 dicere,
3099 3869 3194 3924 sed
3225 3884 3338 3923 non
3362 3867 3580 3938 potestis
3596 3874 3756 3935 portare

2230 3967 2392 4023 modo
2416 3964 2596 4037 (Joan.
2636 3964 2770 4034 xvi).
2817 3981 2836 4014 ι
2871 3960 3154 4029 Quatenus
3183 3975 3295 4014 non
3325 3959 3562 4031 ingravet
3595 3972 3676 4013 nec
3693 3954 3756 4008 de-

2231 4067 2454 4115 terreat-
2482 4055 2781 4122 auditores,
2815 4063 2876 4110 ut
2921 4053 3146 4125 quidam
3197 4051 3433 4118 faciunt,
3462 4052 3551 4107 sed
3575 4050 3641 4106 eis
3669 4063 3758 4103 coa-

2229 4147 2630 4215 dcscendendo,
2652 4163 2748 4204 eos
2766 4147 2835 4203 ad
2857 4162 2918 4203 se
2934 4146 3134 4202 trahat.
3159 4145 3332 4202 Debet
3347 4161 3558 4217 quoque
3576 4159 3630 4199 os
3646 4155 3757 4197 suum

2231 4242 2465 4314 aperire,
2491 4241 2544 4296 id
2571 4250 2653 4297 est
2679 4241 2929 4297 clausum
2950 4249 3004 4295 et
3031 4238 3333 4294 obscurum
3368 4239 3583 4295 verbum
3608 4234 3759 4306 aperire

2230 4346 2286 4392 et
2315 4335 2691 4392 doctrinaliter
2730 4333 2970 4390 erudire.
3014 4331 3184 4398 Quasi
3223 4333 3374 4388 enim
3412 4333 3592 4387 clauso
3608 4327 3761 4385 uredo-

2232 4438 2339 4496 cet,
2369 4427 2465 4499 qui
2495 4427 2904 4498 intelligibilitcr
2933 4442 3042 4482 non
3072 4426 3254 4482 docet.
3300 4426 3408 4482 Sed
3437 4426 3613 4481 doctor
3642 4423 3760 4478 cede-

532 4509 785 4566 homincs
808 4511 946 4566 bene
984 4509 1186 4576 facitis,
1211 4508 1337 4579 quia
1361 4508 1592 4564 salutem
1632 4517 1869 4566 vestram
1899 4526 2006 4563 non
2035 4524 2103 4565 vo

2240 4519 2518 4586 siasticus,
2549 4527 2608 4574 ut
2639 4518 2834 4590 legitur
2875 4517 2934 4572 in
2981 4517 3176 4585 Esdra,
3211 4519 3375 4574 debet
3398 4519 3637 4574 distincte
3661 4515 3759 4584 loqui

531 4605 638 4673 bis,
675 4605 768 4662 sed
805 4605 916 4660 Deo
954 4605 1278 4670 attribuitis,
1310 4603 1440 4674 quia
1459 4604 1784 4661 nonsolum
1823 4604 1996 4670 salus,
2037 4605 2132 4667 sed

533 4697 700 4752 etiam
725 4697 906 4751 munis
931 4696 1244 4762 benedictio,
1269 4693 1322 4750 id
1347 4702 1434 4749 est
1460 4694 1666 4749 donum
1695 4696 1843 4766 quod
1865 4705 1950 4751 est
1972 4697 2136 4752 bene—

532 4791 846 4856 dicendum,
871 4798 925 4843 et
958 4789 1204 4854 claritas,
1232 4787 1348 4842 sive
1375 4787 1616 4842 exterior
1659 4786 1775 4842 sive
1804 4787 2052 4855 interior,
2086 4800 2134 4844 et

532 4883 817 4953 sapientia,
852 4897 962 4952 qua
996 4881 1140 4935 mala
1197 4879 1436 4934 vitamus
1465 4887 1521 4934 et
1564 4881 1706 4934 bona
1759 4879 2034 4952 eligimus,
2085 4891 2135 4937 et

532 4977 830 5048 gratiarum
851 4974 991 5058 actio
1020 4973 1088 5028 de
1113 4971 1330 5028 collatis
1359 4971 1539 5039 bonis,
1557 4974 1743 5042 honor,
1773 4975 1890 5030 sive
1925 4985 2131 5046 tempo-

534 5069 666 5124 ralis
691 5067 806 5123 sive
834 5075 1092 5132 mternus,
1116 5075 1166 5118 et
1197 5065 1364 5119 virtus
1397 5065 1642 5132 interior,
1671 5077 1722 5121 et
1748 5068 2009 5138 fortitudo
2036 5085 2132 5124 ex-

537 5162 724 5226 terior,
761 5159 946 5213 omnia
983 5159 1100 5213 haec
1123 5166 1252 5212 sunt
1283 5156 1397 5225 Dei,
1425 5158 1498 5214 ita
1524 5159 1591 5214 ad
1616 5159 1787 5214 Deum
1815 5160 2013 5215 debent
2043 5178 2132 5216 re-

538 5253 690 5318 ferri,
718 5251 812 5320 qui
865 5251 979 5306 haec
1009 5251 1064 5305 in
1113 5267 1276 5305 manu
1325 5250 1508 5316 habet,
1538 5253 1626 5308 cui
1650 5252 1765 5306 vult
1791 5252 2015 5323 pnebet,
2043 5252 2133 5308 cui

537 5354 625 5401 est
664 5345 842 5399 honor
870 5352 925 5399 et
957 5342 1134 5416 gloria
1186 5359 1282 5415 per
1327 5344 1513 5399 omnia
1543 5345 1744 5401 szecula
1777 5346 2128 5400 saeculorum.

539 5437 735 5491 Amen.

1222 5593 1225 5596 _
1260 5527 1421 5584 xui.

897 5636 947 5675 ne
986 5611 1152 5676 γεετο
1197 5636 1402 5682 ouswu
1440 5634 1777 5675 SANCTORUM.

624 5713 818 5770 Videris
839 5713 996 5770 Iesus
1011 5715 1216 5787 turbas,
1234 5713 1472 5768 ascendit
1497 5713 1551 5766 in
1573 5722 1800 5766 montem
1825 5709 2042 5782 (Matth.
2061 5711 2136 5782 v).

544 5806 614 5868 Ει
641 5809 736 5866 rel.
768 5805 916 5864 llanc
943 5806 1116 5884 sancti
1145 5805 1421 5879 Evangelii
1451 5805 1760 5871 lectionem,
1787 5803 1983 5861 fratres
2006 5805 2140 5861 elia-

2237 4624 2290 4668 et
2318 4619 2504 4682 aperte
2528 4609 2595 4665 a'd
2631 4610 3063 4680 intelligendum,
3088 4621 3147 4666 ut
3170 4611 3425 4667 videlicet
3449 4628 3553 4666 non
3575 4611 3660 4667 sibi
3679 4607 3760 4664 soli.

2238 4705 2333 4761 sed
2361 4703 2775 4774 aliisloquatur.
2808 4702 2965 4769 Quod
2997 4714 3188 4758 contra
3221 4705 3490 4774 quosdam
3518 4712 3612 4768 est,
3639 4700 3706 4771 qui
3727 4708 3761 4748 ut

2239 4813 2299 4852 se
2331 4805 2624 4862 ostentent,
2653 4795 2908 4851 obscuris
2934 4794 3114 4851 verbis
3135 4803 3188 4849 et
3213 4795 3493 4851 inusitatis
3519 4795 3761 4865 loquuntur,

2246 4887 2454 4942 similes
2490 4887 2596 4942 illis
2620 4886 2715 4956 qui
2747 4885 2920 4957 magis
2949 4887 3276 4956 appetebant
3306 4887 3440 4942 olim
3468 4886 3647 4957 linguis
3665 4881 3762 4949 loqui

2237 4994 2403 5049 quam
2437 4977 2784 5048 interpretari
2808 5019 2823 5044 ,
2848 4991 2989 5047 quos
3011 4975 3216 5031 Paulus
3242 4977 3584 5046 reprehendit
3603 4975 3761 5028 dicens:

2246 5089 2264 5121 ι
2302 5067 2416 5125 Nisi
2471 5067 2826 5124 manifestum
2870 5084 3179 5124 sermonem
3233 5068 3516 5133 dederitis,
3564 5062 3763 5138 quomodo

2240 5163 2513 5220 seieturid
2527 5163 2675 5234 quod
2699 5163 2937 5218 dicitur?
2967 5183 2984 5215 ι
3015 5162 3068 5233 (Ι
3094 5162 3220 5219 Cor.
3246 5165 3386 5234 xxv.)
3415 5163 3476 5217 Et
3496 5171 3607 5234 post
3622 5170 3764 5230 rauca:

2252 5277 2269 5310 ι
2314 5255 2372 5312 lu
2409 5256 2652 5312 Ecclesia
2683 5257 2808 5312 volo
2836 5257 3014 5328 magis
3040 5257 3287 5328 quinque
3337 5259 3502 5313 verba
3531 5272 3637 5311 meo
3657 5267 3763 5307 sensu

2243 5349 2414 5419 loqui,
2439 5359 2500 5404 ut
2522 5365 2620 5405 vos
2641 5350 2932 5418 instruant,
2959 5366 3126 5422 quam
3148 5349 3339 5406 decem
3363 5351 3530 5406 millia
3554 5350 3762 5405 verborur:t

2245 5439 2300 5495 in
2337 5439 2522 5511 lingua
2545 5440 2748 5511 (ibid.).
2790 5460 2808 5491 ι

2319 5530 2581 5601 Sequitur
2606 5548 2736 5602 pars
2766 5532 3028 5599 secunda,
3076 5533 3132 5588 in
3168 5549 3278 5606 qua
3312 5532 3572 5589 Dominus
3614 5528 3765 5585 instruit

2246 5639 2346 5678 nos
2377 5623 2528 5678 verbi
2585 5623 2855 5690 doctrina,
2911 5626 3140 5680 hortans
3193 5641 3296 5680 nos
3334 5625 3403 5679 ad
3454 5635 3572 5680 octo
3607 5623 3764 5675 virtutes

2245 5725 2464 5772 acterna:
2519 5716 2873 5772 beatitudinis
2921 5720 3350 5773 eonsecutrices.
3383 5715 3614 5783 Quarum
3649 5713 3762 5782 prim!

2245 5817 2328 5862 est
2357 5817 2652 5875 paupertas
2683 5807 3011 5884 voluntaria.
3058 5808 3140 5864 Ad
3194 5808 3335 5866 hanc
3361 5825 3462 5866 nos
3482 5809 3662 5873 invitat,
3683 5815 3766 5858 cum
3806 5849 3807 5858 χ
