  <div class='ocr_page' id='page_1' title='image "/cluster/home/n/w/nwhite01/storage/ocr_20150623/155/hvd.32044015473838/744.png"; bbox 0 0 3844 6318; ppageno 0'>
   <div class='ocr_carea' id='block_1_1' title="bbox 156 315 1674 416">
    <p class='ocr_par' dir='ltr' id='par_1_1' title="bbox 156 315 1663 416">
     <span class='ocr_line' id='line_1_1' title="bbox 156 315 1663 416; baseline 0.001 -27"><span class='ocrx_word' id='word_1_1' title='bbox 156 354 265 416; x_wconf 69' lang='grc' dir='ltr'><strong>ηπ</strong></span> <span class='ocrx_word' id='word_1_2' title='bbox 702 315 711 325; x_wconf 88' lang='grc'><em>’</em></span> <span class='ocrx_word' id='word_1_3' title='bbox 1197 324 1531 392; x_wconf 60' lang='lat' dir='ltr'><strong>domum.</strong></span> <span class='ocrx_word' id='word_1_4' title='bbox 1555 367 1615 376; x_wconf 79' lang='grc'><strong>-</strong></span> <span class='ocrx_word' id='word_1_5' title='bbox 1646 336 1663 390; x_wconf 92' lang='lat' dir='ltr'><strong>l</strong></span> 
     </span>
    </p>
   </div>
   <div class='ocr_carea' id='block_1_2' title="bbox 1843 315 3361 416">
    <p class='ocr_par' dir='ltr' id='par_1_2' title="bbox 1851 333 3361 403">
     <span class='ocr_line' id='line_1_2' title="bbox 1851 333 3361 403; baseline 0.008 -12"><span class='ocrx_word' id='word_1_6' title='bbox 1851 333 2200 392; x_wconf 78' lang='lat' dir='ltr'><strong>TEMPORE.</strong></span> <span class='ocrx_word' id='word_1_7' title='bbox 3221 344 3361 403; x_wconf 64' lang='lat'><strong>“7.8</strong></span> 
     </span>
    </p>
   </div>
   <div class='ocr_carea' id='block_1_3' title="bbox 152 448 3362 527">
    <p class='ocr_par' dir='ltr' id='par_1_3' title="bbox 152 448 3362 527">
     <span class='ocr_line' id='line_1_3' title="bbox 152 448 3362 527; baseline 0.006 -27"><span class='ocrx_word' id='word_1_8' title='bbox 152 469 256 527; x_wconf 54' lang='lat' dir='ltr'><strong>dici,</strong></span> <span class='ocrx_word' id='word_1_9' title='bbox 282 482 295 518; x_wconf 63' lang='grc' dir='ltr'><strong>ε</strong></span> <span class='ocrx_word' id='word_1_10' title='bbox 331 457 465 517; x_wconf 71' lang='grc' dir='ltr'><strong>ηεσιί</strong></span> <span class='ocrx_word' id='word_1_11' title='bbox 501 467 747 527; x_wconf 74' lang='lat' dir='ltr'><strong>pauperes</strong></span> <span class='ocrx_word' id='word_1_12' title='bbox 788 450 1002 520; x_wconf 77' lang='lat' dir='ltr'><strong>spiritu,</strong></span> <span class='ocrx_word' id='word_1_13' title='bbox 1025 450 1281 521; x_wconf 74' lang='lat' dir='ltr'><strong>quoniam.</strong></span> <span class='ocrx_word' id='word_1_14' title='bbox 1320 450 1556 520; x_wconf 74' lang='lat' dir='ltr'><strong>ipsorum</strong></span> <span class='ocrx_word' id='word_1_15' title='bbox 1594 458 1675 505; x_wconf 76' lang='lat' dir='ltr'><strong>est</strong></span> <span class='ocrx_word' id='word_1_16' title='bbox 1704 456 1751 514; x_wconf 84' lang='grc' dir='ltr'><strong>Α</strong></span> <span class='ocrx_word' id='word_1_17' title='bbox 1781 449 2062 519; x_wconf 85' lang='lat' dir='ltr'><strong>possidere</strong></span> <span class='ocrx_word' id='word_1_18' title='bbox 2088 448 2334 517; x_wconf 75' lang='lat' dir='ltr'><strong>divitias,</strong></span> <span class='ocrx_word' id='word_1_19' title='bbox 2366 450 2567 509; x_wconf 88' lang='lat' dir='ltr'><strong>timens</strong></span> <span class='ocrx_word' id='word_1_20' title='bbox 2593 467 2665 510; x_wconf 85' lang='lat' dir='ltr'><strong>ne</strong></span> <span class='ocrx_word' id='word_1_21' title='bbox 2706 451 2850 511; x_wconf 83' lang='lat' dir='ltr'><strong>forte</strong></span> <span class='ocrx_word' id='word_1_22' title='bbox 2889 455 3093 518; x_wconf 63' lang='lat' dir='ltr'><strong>divitia</strong></span> <span class='ocrx_word' id='word_1_23' title='bbox 3114 473 3242 516; x_wconf 87' lang='lat' dir='ltr'><strong>eum</strong></span> <span class='ocrx_word' id='word_1_24' title='bbox 3262 463 3362 518; x_wconf 75' lang='lat' dir='ltr'><strong>aut</strong></span> 
     </span>
    </p>
   </div>
   <div class='ocr_carea' id='block_1_4' title="bbox 153 540 3361 630">
    <p class='ocr_par' dir='ltr' id='par_1_4' title="bbox 153 540 3361 630">
     <span class='ocr_line' id='line_1_4' title="bbox 153 540 3361 630; baseline -0.003 -15"><span class='ocrx_word' id='word_1_25' title='bbox 153 571 326 630; x_wconf 70' lang='lat' dir='ltr'><strong>regnum</strong></span> <span class='ocrx_word' id='word_1_26' title='bbox 352 548 602 605; x_wconf 69' lang='lat' dir='ltr'><strong>calorum.</strong></span> <span class='ocrx_word' id='word_1_27' title='bbox 631 542 763 610; x_wconf 72' lang='lat' dir='ltr'><strong>Qum</strong></span> <span class='ocrx_word' id='word_1_28' title='bbox 790 542 977 612; x_wconf 80' lang='lat' dir='ltr'><strong>utique</strong></span> <span class='ocrx_word' id='word_1_29' title='bbox 1001 540 1253 598; x_wconf 74' lang='lat' dir='ltr'><strong>doctrina</strong></span> <span class='ocrx_word' id='word_1_30' title='bbox 1276 542 1567 597; x_wconf 80' lang='lat' dir='ltr'><strong>mundana:</strong></span> <span class='ocrx_word' id='word_1_31' title='bbox 1590 556 1675 597; x_wconf 87' lang='lat' dir='ltr'><strong>sa-</strong></span> <span class='ocrx_word' id='word_1_32' title='bbox 1774 543 2176 610; x_wconf 83' lang='lat' dir='ltr'><strong>eﬂ‘eminarent,</strong></span> <span class='ocrx_word' id='word_1_33' title='bbox 2221 550 2319 598; x_wconf 88' lang='lat' dir='ltr'><strong>aut</strong></span> <span class='ocrx_word' id='word_1_34' title='bbox 2359 541 2636 612; x_wconf 89' lang='lat' dir='ltr'><strong>inﬂarent,</strong></span> <span class='ocrx_word' id='word_1_35' title='bbox 2678 555 2773 601; x_wconf 89' lang='lat' dir='ltr'><strong>aut</strong></span> <span class='ocrx_word' id='word_1_36' title='bbox 2824 545 2991 604; x_wconf 91' lang='lat' dir='ltr'><strong>nimis</strong></span> <span class='ocrx_word' id='word_1_37' title='bbox 3040 549 3361 617; x_wconf 88' lang='lat' dir='ltr'><strong>sollicitum,</strong></span> 
     </span>
    </p>
   </div>
   <div class='ocr_carea' id='block_1_5' title="bbox 150 633 3462 723">
    <p class='ocr_par' dir='ltr' id='par_1_5' title="bbox 150 633 3462 723">
     <span class='ocr_line' id='line_1_5' title="bbox 150 633 3462 723; baseline -0.001 -21"><span class='ocrx_word' id='word_1_38' title='bbox 150 647 326 723; x_wconf 75' lang='lat' dir='ltr'><strong>pietttiae</strong></span> <span class='ocrx_word' id='word_1_39' title='bbox 359 648 436 697; x_wconf 86' lang='lat' dir='ltr'><strong>est</strong></span> <span class='ocrx_word' id='word_1_40' title='bbox 461 635 749 694; x_wconf 89' lang='lat' dir='ltr'><strong>contraria.</strong></span> <span class='ocrx_word' id='word_1_41' title='bbox 783 633 1019 689; x_wconf 80' lang='lat' dir='ltr'><strong>Mundus</strong></span> <span class='ocrx_word' id='word_1_42' title='bbox 1042 633 1188 688; x_wconf 90' lang='lat' dir='ltr'><strong>enim</strong></span> <span class='ocrx_word' id='word_1_43' title='bbox 1220 641 1378 704; x_wconf 92' lang='lat' dir='ltr'><strong>putat</strong></span> <span class='ocrx_word' id='word_1_44' title='bbox 1404 648 1674 704; x_wconf 88' lang='lat' dir='ltr'><strong>pauperes</strong></span> <span class='ocrx_word' id='word_1_45' title='bbox 1775 643 1864 691; x_wconf 89' lang='lat' dir='ltr'><strong>aut</strong></span> <span class='ocrx_word' id='word_1_46' title='bbox 1924 650 2192 693; x_wconf 37' lang='lat' dir='ltr'><strong>securum.</strong></span> <span class='ocrx_word' id='word_1_47' title='bbox 2211 650 2339 690; x_wconf 91' lang='lat' dir='ltr'><strong>eum</strong></span> <span class='ocrx_word' id='word_1_48' title='bbox 2369 633 2633 692; x_wconf 89' lang='lat' dir='ltr'><strong>facerent.</strong></span> <span class='ocrx_word' id='word_1_49' title='bbox 2688 635 2989 709; x_wconf 76' lang='lat' dir='ltr'><strong>Propterea</strong></span> <span class='ocrx_word' id='word_1_50' title='bbox 3012 640 3363 703; x_wconf 70' lang='lat' dir='ltr'><strong>mediocriter</strong></span> <span class='ocrx_word' id='word_1_51' title='bbox 3456 686 3462 691; x_wconf 85' lang='grc'><strong><em>-</em></strong></span> 
     </span>
    </p>
   </div>
   <div class='ocr_carea' id='block_1_6' title="bbox 148 727 3363 800">
    <p class='ocr_par' dir='ltr' id='par_1_6' title="bbox 148 727 3363 800">
     <span class='ocr_line' id='line_1_6' title="bbox 148 727 3363 800; baseline 0.001 -9"><span class='ocrx_word' id='word_1_52' title='bbox 148 755 243 800; x_wconf 71' lang='lat' dir='ltr'><strong>esse</strong></span> <span class='ocrx_word' id='word_1_53' title='bbox 290 735 520 797; x_wconf 86' lang='lat' dir='ltr'><strong>miseros,</strong></span> <span class='ocrx_word' id='word_1_54' title='bbox 560 741 613 785; x_wconf 89' lang='lat' dir='ltr'><strong>et</strong></span> <span class='ocrx_word' id='word_1_55' title='bbox 663 727 859 783; x_wconf 82' lang='lat' dir='ltr'><strong>divites</strong></span> <span class='ocrx_word' id='word_1_56' title='bbox 891 742 1015 782; x_wconf 90' lang='lat' dir='ltr'><strong>esse</strong></span> <span class='ocrx_word' id='word_1_57' title='bbox 1064 727 1275 794; x_wconf 85' lang='lat' dir='ltr'><strong>beatos,</strong></span> <span class='ocrx_word' id='word_1_58' title='bbox 1300 727 1458 798; x_wconf 81' lang='lat' dir='ltr'><strong>juxta</strong></span> <span class='ocrx_word' id='word_1_59' title='bbox 1494 727 1623 782; x_wconf 80' lang='lat' dir='ltr'><strong>illud</strong></span> <span class='ocrx_word' id='word_1_60' title='bbox 1657 748 1670 784; x_wconf 90' lang='lat'><strong>:</strong></span> <span class='ocrx_word' id='word_1_61' title='bbox 1774 728 1892 784; x_wconf 88' lang='lat' dir='ltr'><strong>vult</strong></span> <span class='ocrx_word' id='word_1_62' title='bbox 1914 729 2222 786; x_wconf 86' lang='lat' dir='ltr'><strong>necessaria</strong></span> <span class='ocrx_word' id='word_1_63' title='bbox 2248 730 2553 799; x_wconf 87' lang='lat' dir='ltr'><strong>possidere,</strong></span> <span class='ocrx_word' id='word_1_64' title='bbox 2587 746 2756 788; x_wconf 84' lang='lat' dir='ltr'><strong>orans</strong></span> <span class='ocrx_word' id='word_1_65' title='bbox 2787 731 3079 790; x_wconf 88' lang='lat' dir='ltr'><strong>Dominum</strong></span> <span class='ocrx_word' id='word_1_66' title='bbox 3108 751 3235 792; x_wconf 90' lang='lat' dir='ltr'><strong>eum</strong></span> <span class='ocrx_word' id='word_1_67' title='bbox 3262 735 3363 793; x_wconf 83' lang='lat' dir='ltr'><strong>Sa-</strong></span> 
     </span>
    </p>
   </div>
   <div class='ocr_carea' id='block_1_7' title="bbox 153 818 3362 899">
    <p class='ocr_par' dir='ltr' id='par_1_7' title="bbox 153 818 3362 899">
     <span class='ocr_line' id='line_1_7' title="bbox 153 818 3362 899; baseline -0 -12"><span class='ocrx_word' id='word_1_68' title='bbox 153 833 396 899; x_wconf 74' lang='lat' dir='ltr'><strong>tQuorum</strong></span> <span class='ocrx_word' id='word_1_69' title='bbox 428 823 518 878; x_wconf 85' lang='lat' dir='ltr'><strong>lilii</strong></span> <span class='ocrx_word' id='word_1_70' title='bbox 555 821 698 877; x_wconf 85' lang='lat' dir='ltr'><strong>sicut</strong></span> <span class='ocrx_word' id='word_1_71' title='bbox 749 820 976 875; x_wconf 70' lang='lat' dir='ltr'><strong>novella:</strong></span> <span class='ocrx_word' id='word_1_72' title='bbox 1004 819 1373 889; x_wconf 82' lang='lat' dir='ltr'><strong>plantationes</strong></span> <span class='ocrx_word' id='word_1_73' title='bbox 1401 819 1456 874; x_wconf 91' lang='lat' dir='ltr'><strong>in</strong></span> <span class='ocrx_word' id='word_1_74' title='bbox 1474 819 1673 891; x_wconf 84' lang='lat' dir='ltr'><strong>juven-</strong></span> <span class='ocrx_word' id='word_1_75' title='bbox 1775 820 2031 877; x_wconf 78' lang='lat' dir='ltr'><strong>lomone‘:</strong></span> <span class='ocrx_word' id='word_1_76' title='bbox 2071 841 2090 873; x_wconf 77' lang='grc' dir='ltr'><strong>ι</strong></span> <span class='ocrx_word' id='word_1_77' title='bbox 2122 820 2372 890; x_wconf 85' lang='lat' dir='ltr'><strong>Domine,</strong></span> <span class='ocrx_word' id='word_1_78' title='bbox 2401 823 2623 881; x_wconf 87' lang='lat' dir='ltr'><strong>divitias</strong></span> <span class='ocrx_word' id='word_1_79' title='bbox 2648 833 2705 880; x_wconf 91' lang='lat' dir='ltr'><strong>et</strong></span> <span class='ocrx_word' id='word_1_80' title='bbox 2726 833 3078 896; x_wconf 81' lang='lat' dir='ltr'><strong>paupertates</strong></span> <span class='ocrx_word' id='word_1_81' title='bbox 3103 842 3173 884; x_wconf 91' lang='lat' dir='ltr'><strong>ne</strong></span> <span class='ocrx_word' id='word_1_82' title='bbox 3193 818 3362 886; x_wconf 86' lang='lat' dir='ltr'><strong>dede-</strong></span> 
     </span>
    </p>
   </div>
   <div class='ocr_carea' id='block_1_8' title="bbox 148 910 3363 993">
    <p class='ocr_par' dir='ltr' id='par_1_8' title="bbox 148 910 3363 993">
     <span class='ocr_line' id='line_1_8' title="bbox 148 910 3363 993; baseline -0.001 -12"><span class='ocrx_word' id='word_1_83' title='bbox 148 934 235 981; x_wconf 85' lang='lat' dir='ltr'><strong>tute</strong></span> <span class='ocrx_word' id='word_1_84' title='bbox 265 934 371 985; x_wconf 88' lang='lat' dir='ltr'><strong>sua,</strong></span> <span class='ocrx_word' id='word_1_85' title='bbox 397 916 512 971; x_wconf 72' lang='lat' dir='ltr'><strong>filiae</strong></span> <span class='ocrx_word' id='word_1_86' title='bbox 544 928 734 969; x_wconf 90' lang='lat' dir='ltr'><strong>eorum</strong></span> <span class='ocrx_word' id='word_1_87' title='bbox 771 911 1119 982; x_wconf 58' lang='lat' dir='ltr'><strong>compositas,</strong></span> <span class='ocrx_word' id='word_1_88' title='bbox 1149 910 1570 967; x_wconf 77' lang='lat' dir='ltr'><strong>circumornata:</strong></span> <span class='ocrx_word' id='word_1_89' title='bbox 1615 918 1676 966; x_wconf 91' lang='lat' dir='ltr'><strong>ut</strong></span> <span class='ocrx_word' id='word_1_90' title='bbox 1773 913 1852 968; x_wconf 89' lang='lat' dir='ltr'><strong>ris</strong></span> <span class='ocrx_word' id='word_1_91' title='bbox 1900 912 2075 993; x_wconf 83' lang='lat' dir='ltr'><strong>mihi,</strong></span> <span class='ocrx_word' id='word_1_92' title='bbox 2096 914 2193 969; x_wconf 88' lang='lat' dir='ltr'><strong>sed</strong></span> <span class='ocrx_word' id='word_1_93' title='bbox 2248 923 2510 986; x_wconf 86' lang='lat' dir='ltr'><strong>tanquam</strong></span> <span class='ocrx_word' id='word_1_94' title='bbox 2542 915 2714 972; x_wconf 87' lang='lat' dir='ltr'><strong>victui</strong></span> <span class='ocrx_word' id='word_1_95' title='bbox 2749 930 2875 977; x_wconf 84' lang='lat' dir='ltr'><strong>meo</strong></span> <span class='ocrx_word' id='word_1_96' title='bbox 2897 916 3079 975; x_wconf 79' lang='lat' dir='ltr'><strong>tribue</strong></span> <span class='ocrx_word' id='word_1_97' title='bbox 3102 933 3363 981; x_wconf 57' lang='lat' dir='ltr'><strong>necesse.</strong></span> 
     </span>
    </p>
   </div>
   <div class='ocr_carea' id='block_1_9' title="bbox 146 1001 3365 1080">
    <p class='ocr_par' dir='ltr' id='par_1_9' title="bbox 146 1001 3365 1080">
     <span class='ocr_line' id='line_1_9' title="bbox 146 1001 3365 1080; baseline -0.002 -11"><span class='ocrx_word' id='word_1_98' title='bbox 146 1010 395 1071; x_wconf 83' lang='lat' dir='ltr'><strong>similitudo</strong></span> <span class='ocrx_word' id='word_1_99' title='bbox 436 1004 653 1076; x_wconf 83' lang='lat' dir='ltr'><strong>templi;</strong></span> <span class='ocrx_word' id='word_1_100' title='bbox 708 1001 1083 1075; x_wconf 87' lang='lat' dir='ltr'><strong>promptuaria</strong></span> <span class='ocrx_word' id='word_1_101' title='bbox 1112 1016 1303 1056; x_wconf 91' lang='lat' dir='ltr'><strong>eorum</strong></span> <span class='ocrx_word' id='word_1_102' title='bbox 1332 1001 1512 1072; x_wconf 83' lang='lat' dir='ltr'><strong>plena,</strong></span> <span class='ocrx_word' id='word_1_103' title='bbox 1546 1016 1676 1057; x_wconf 82' lang='lat' dir='ltr'><strong>eru-</strong></span> <span class='ocrx_word' id='word_1_104' title='bbox 1750 1001 1857 1057; x_wconf 74' lang='lat' dir='ltr'><strong>ria</strong></span> <span class='ocrx_word' id='word_1_105' title='bbox 1893 1001 2077 1071; x_wconf 78' lang='lat' dir='ltr'><strong>(Prov.</strong></span> <span class='ocrx_word' id='word_1_106' title='bbox 2109 1002 2267 1075; x_wconf 78' lang='lat' dir='ltr'><strong>xxx).</strong></span> <span class='ocrx_word' id='word_1_107' title='bbox 2300 1023 2320 1056; x_wconf 77' lang='grc' dir='ltr'><strong>ι</strong></span> <span class='ocrx_word' id='word_1_108' title='bbox 2351 1003 2449 1061; x_wconf 88' lang='lat' dir='ltr'><strong>Est</strong></span> <span class='ocrx_word' id='word_1_109' title='bbox 2487 1012 2669 1061; x_wconf 88' lang='lat' dir='ltr'><strong>autem</strong></span> <span class='ocrx_word' id='word_1_110' title='bbox 2705 1006 2824 1062; x_wconf 69' lang='lat' dir='ltr'><strong>haec</strong></span> <span class='ocrx_word' id='word_1_111' title='bbox 2847 1015 3140 1078; x_wconf 86' lang='lat' dir='ltr'><strong>paupertas</strong></span> <span class='ocrx_word' id='word_1_112' title='bbox 3160 1006 3365 1080; x_wconf 41' lang='lat' dir='ltr'><strong>impera</strong></span> 
     </span>
    </p>
   </div>
   <div class='ocr_carea' id='block_1_10' title="bbox 145 1090 3364 1171">
    <p class='ocr_par' dir='ltr' id='par_1_10' title="bbox 145 1090 3364 1171">
     <span class='ocr_line' id='line_1_10' title="bbox 145 1090 3364 1171; baseline -0.001 -12"><span class='ocrx_word' id='word_1_113' title='bbox 145 1101 306 1159; x_wconf 79' lang='lat' dir='ltr'><strong>ctantia</strong></span> <span class='ocrx_word' id='word_1_114' title='bbox 326 1116 388 1154; x_wconf 75' lang='lat' dir='ltr'><strong>ex</strong></span> <span class='ocrx_word' id='word_1_115' title='bbox 409 1099 509 1153; x_wconf 92' lang='lat' dir='ltr'><strong>hoc</strong></span> <span class='ocrx_word' id='word_1_116' title='bbox 534 1095 587 1148; x_wconf 89' lang='lat' dir='ltr'><strong>in</strong></span> <span class='ocrx_word' id='word_1_117' title='bbox 612 1093 764 1159; x_wconf 89' lang='lat' dir='ltr'><strong>illud,</strong></span> <span class='ocrx_word' id='word_1_118' title='bbox 785 1108 915 1148; x_wconf 86' lang='lat' dir='ltr'><strong>oves</strong></span> <span class='ocrx_word' id='word_1_119' title='bbox 938 1106 1134 1148; x_wconf 91' lang='lat' dir='ltr'><strong>eorum</strong></span> <span class='ocrx_word' id='word_1_120' title='bbox 1155 1090 1362 1159; x_wconf 82' lang='lat' dir='ltr'><strong>fetosae,</strong></span> <span class='ocrx_word' id='word_1_121' title='bbox 1385 1090 1674 1147; x_wconf 83' lang='lat' dir='ltr'><strong>abundan-</strong></span> <span class='ocrx_word' id='word_1_122' title='bbox 1775 1093 2071 1163; x_wconf 87' lang='lat' dir='ltr'><strong>fectorum,</strong></span> <span class='ocrx_word' id='word_1_123' title='bbox 2087 1094 2182 1169; x_wconf 87' lang='lat' dir='ltr'><strong>qui</strong></span> <span class='ocrx_word' id='word_1_124' title='bbox 2203 1110 2315 1151; x_wconf 87' lang='lat' dir='ltr'><strong>non</strong></span> <span class='ocrx_word' id='word_1_125' title='bbox 2344 1096 2550 1154; x_wconf 84' lang='lat' dir='ltr'><strong>habent</strong></span> <span class='ocrx_word' id='word_1_126' title='bbox 2573 1107 2786 1157; x_wconf 81' lang='lat' dir='ltr'><strong>tantum</strong></span> <span class='ocrx_word' id='word_1_127' title='bbox 2801 1099 3043 1167; x_wconf 83' lang='lat' dir='ltr'><strong>virtutis,</strong></span> <span class='ocrx_word' id='word_1_128' title='bbox 3060 1109 3121 1156; x_wconf 90' lang='lat' dir='ltr'><strong>ut</strong></span> <span class='ocrx_word' id='word_1_129' title='bbox 3146 1100 3364 1171; x_wconf 83' lang='lat' dir='ltr'><strong>possint</strong></span> 
     </span>
    </p>
   </div>
   <div class='ocr_carea' id='block_1_11' title="bbox 142 1182 3443 1264">
    <p class='ocr_par' dir='ltr' id='par_1_11' title="bbox 142 1182 3443 1264">
     <span class='ocr_line' id='line_1_11' title="bbox 142 1182 3443 1264; baseline 0 -13"><span class='ocrx_word' id='word_1_130' title='bbox 142 1208 204 1251; x_wconf 79' lang='lat' dir='ltr'><strong>tes</strong></span> <span class='ocrx_word' id='word_1_131' title='bbox 229 1194 275 1249; x_wconf 91' lang='lat' dir='ltr'><strong>in</strong></span> <span class='ocrx_word' id='word_1_132' title='bbox 300 1187 594 1262; x_wconf 81' lang='lat' dir='ltr'><strong>egressibus</strong></span> <span class='ocrx_word' id='word_1_133' title='bbox 615 1185 752 1242; x_wconf 87' lang='lat' dir='ltr'><strong>suis.</strong></span> <span class='ocrx_word' id='word_1_134' title='bbox 778 1182 899 1240; x_wconf 85' lang='lat' dir='ltr'><strong>Non</strong></span> <span class='ocrx_word' id='word_1_135' title='bbox 919 1194 1005 1240; x_wconf 83' lang='lat' dir='ltr'><strong>est</strong></span> <span class='ocrx_word' id='word_1_136' title='bbox 1030 1183 1191 1239; x_wconf 90' lang='lat' dir='ltr'><strong>ruina</strong></span> <span class='ocrx_word' id='word_1_137' title='bbox 1218 1183 1469 1239; x_wconf 78' lang='lat' dir='ltr'><strong>maceria:</strong></span> <span class='ocrx_word' id='word_1_138' title='bbox 1496 1198 1677 1255; x_wconf 77' lang='lat' dir='ltr'><strong>neque</strong></span> <span class='ocrx_word' id='word_1_139' title='bbox 1772 1186 1956 1243; x_wconf 83' lang='lat' dir='ltr'><strong>dicere</strong></span> <span class='ocrx_word' id='word_1_140' title='bbox 1985 1200 2111 1244; x_wconf 86' lang='lat' dir='ltr'><strong>cum</strong></span> <span class='ocrx_word' id='word_1_141' title='bbox 2140 1186 2313 1244; x_wconf 90' lang='lat' dir='ltr'><strong>Paulo</strong></span> <span class='ocrx_word' id='word_1_142' title='bbox 2340 1207 2354 1244; x_wconf 92' lang='lat'><strong>:</strong></span> <span class='ocrx_word' id='word_1_143' title='bbox 2388 1208 2406 1241; x_wconf 83' lang='grc' dir='ltr'><strong>ι</strong></span> <span class='ocrx_word' id='word_1_144' title='bbox 2447 1190 2654 1254; x_wconf 82' lang='lat' dir='ltr'><strong>Scioct</strong></span> <span class='ocrx_word' id='word_1_145' title='bbox 2682 1191 2964 1254; x_wconf 65' lang='lat' dir='ltr'><strong>abundare</strong></span> <span class='ocrx_word' id='word_1_146' title='bbox 2991 1200 3047 1250; x_wconf 89' lang='lat' dir='ltr'><strong>et</strong></span> <span class='ocrx_word' id='word_1_147' title='bbox 3072 1192 3362 1264; x_wconf 73' lang='lat' dir='ltr'><strong>penuriam</strong></span> <span class='ocrx_word' id='word_1_148' title='bbox 3438 1248 3443 1255; x_wconf 75' lang='grc'><strong>,</strong></span> 
     </span>
    </p>
   </div>
   <div class='ocr_carea' id='block_1_12' title="bbox 143 1274 3443 1356">
    <p class='ocr_par' dir='ltr' id='par_1_12' title="bbox 143 1274 3443 1356">
     <span class='ocr_line' id='line_1_12' title="bbox 143 1274 3443 1356; baseline 0.001 -17"><span class='ocrx_word' id='word_1_149' title='bbox 143 1283 378 1347; x_wconf 82' lang='lat' dir='ltr'><strong>transitus,</strong></span> <span class='ocrx_word' id='word_1_150' title='bbox 424 1293 598 1349; x_wconf 87' lang='lat' dir='ltr'><strong>neque</strong></span> <span class='ocrx_word' id='word_1_151' title='bbox 625 1276 831 1332; x_wconf 86' lang='lat' dir='ltr'><strong>clamor</strong></span> <span class='ocrx_word' id='word_1_152' title='bbox 867 1275 925 1331; x_wconf 89' lang='lat' dir='ltr'><strong>in</strong></span> <span class='ocrx_word' id='word_1_153' title='bbox 971 1275 1168 1347; x_wconf 85' lang='lat' dir='ltr'><strong>plateis</strong></span> <span class='ocrx_word' id='word_1_154' title='bbox 1208 1290 1421 1330; x_wconf 87' lang='lat' dir='ltr'><strong>eorum.</strong></span> <span class='ocrx_word' id='word_1_155' title='bbox 1448 1274 1674 1332; x_wconf 89' lang='lat' dir='ltr'><strong>Beatum</strong></span> <span class='ocrx_word' id='word_1_156' title='bbox 1773 1277 1888 1349; x_wconf 87' lang='lat' dir='ltr'><strong>pati</strong></span> <span class='ocrx_word' id='word_1_157' title='bbox 1913 1276 2082 1347; x_wconf 75' lang='lat' dir='ltr'><strong>(Phil.</strong></span> <span class='ocrx_word' id='word_1_158' title='bbox 2137 1278 2234 1349; x_wconf 89' lang='lat' dir='ltr'><strong>tv).</strong></span> <span class='ocrx_word' id='word_1_159' title='bbox 2274 1299 2295 1331; x_wconf 72' lang='grc' dir='ltr'><strong>ι</strong></span> <span class='ocrx_word' id='word_1_160' title='bbox 2327 1278 2433 1347; x_wconf 85' lang='lat' dir='ltr'><strong>Qui</strong></span> <span class='ocrx_word' id='word_1_161' title='bbox 2471 1280 2622 1338; x_wconf 88' lang='lat' dir='ltr'><strong>enim</strong></span> <span class='ocrx_word' id='word_1_162' title='bbox 2652 1298 2755 1339; x_wconf 90' lang='lat' dir='ltr'><strong>nec</strong></span> <span class='ocrx_word' id='word_1_163' title='bbox 2777 1283 3010 1340; x_wconf 85' lang='lat' dir='ltr'><strong>solvitur</strong></span> <span class='ocrx_word' id='word_1_164' title='bbox 3056 1285 3359 1356; x_wconf 86' lang='lat' dir='ltr'><strong>prosperis,</strong></span> <span class='ocrx_word' id='word_1_165' title='bbox 3432 1347 3443 1353; x_wconf 92' lang='lat'>_</span> 
     </span>
    </p>
   </div>
   <div class='ocr_carea' id='block_1_13' title="bbox 137 1366 3362 1446">
    <p class='ocr_par' dir='ltr' id='par_1_13' title="bbox 137 1366 3362 1446">
     <span class='ocr_line' id='line_1_13' title="bbox 137 1366 3362 1446; baseline -0 -12"><span class='ocrx_word' id='word_1_166' title='bbox 137 1380 348 1434; x_wconf 77' lang='lat' dir='ltr'><strong>dixerunt</strong></span> <span class='ocrx_word' id='word_1_167' title='bbox 371 1372 623 1444; x_wconf 81' lang='lat' dir='ltr'><strong>populum</strong></span> <span class='ocrx_word' id='word_1_168' title='bbox 657 1370 747 1426; x_wconf 89' lang='lat' dir='ltr'><strong>cui</strong></span> <span class='ocrx_word' id='word_1_169' title='bbox 777 1369 895 1426; x_wconf 68' lang='lat' dir='ltr'><strong>haec</strong></span> <span class='ocrx_word' id='word_1_170' title='bbox 921 1377 1052 1425; x_wconf 90' lang='lat' dir='ltr'><strong>sunt</strong></span> <span class='ocrx_word' id='word_1_171' title='bbox 1073 1366 1480 1439; x_wconf 70' lang='lat' dir='ltr'><strong>(P86LCXLLI&#39;).</strong></span> <span class='ocrx_word' id='word_1_172' title='bbox 1518 1387 1537 1421; x_wconf 73' lang='grc' dir='ltr'><strong>ι</strong></span> <span class='ocrx_word' id='word_1_173' title='bbox 1566 1366 1676 1424; x_wconf 86' lang='lat' dir='ltr'><strong>Sed</strong></span> <span class='ocrx_word' id='word_1_174' title='bbox 1773 1383 1877 1425; x_wconf 89' lang='lat' dir='ltr'><strong>nec</strong></span> <span class='ocrx_word' id='word_1_175' title='bbox 1919 1367 2191 1440; x_wconf 75' lang='lat' dir='ltr'><strong>frangitur</strong></span> <span class='ocrx_word' id='word_1_176' title='bbox 2237 1369 2504 1439; x_wconf 85' lang='lat' dir='ltr'><strong>adversis,</strong></span> <span class='ocrx_word' id='word_1_177' title='bbox 2534 1371 2641 1427; x_wconf 88' lang='lat' dir='ltr'><strong>scit</strong></span> <span class='ocrx_word' id='word_1_178' title='bbox 2684 1370 2966 1430; x_wconf 85' lang='lat' dir='ltr'><strong>abundare</strong></span> <span class='ocrx_word' id='word_1_179' title='bbox 3002 1383 3057 1430; x_wconf 91' lang='lat' dir='ltr'><strong>et</strong></span> <span class='ocrx_word' id='word_1_180' title='bbox 3074 1374 3362 1446; x_wconf 85' lang='lat' dir='ltr'><strong>penuriam</strong></span> 
     </span>
    </p>
   </div>
   <div class='ocr_carea' id='block_1_14' title="bbox 137 1457 3361 1536">
    <p class='ocr_par' dir='ltr' id='par_1_14' title="bbox 137 1457 3361 1536">
     <span class='ocr_line' id='line_1_14' title="bbox 137 1457 3361 1536; baseline -0 -11"><span class='ocrx_word' id='word_1_181' title='bbox 137 1477 316 1525; x_wconf 80' lang='lat' dir='ltr'><strong>econtra</strong></span> <span class='ocrx_word' id='word_1_182' title='bbox 340 1464 596 1519; x_wconf 85' lang='lat' dir='ltr'><strong>Dominus</strong></span> <span class='ocrx_word' id='word_1_183' title='bbox 621 1462 884 1528; x_wconf 88' lang='lat' dir='ltr'><strong>sentiens,</strong></span> <span class='ocrx_word' id='word_1_184' title='bbox 913 1460 1003 1517; x_wconf 93' lang='lat' dir='ltr'><strong>hic</strong></span> <span class='ocrx_word' id='word_1_185' title='bbox 1031 1459 1165 1516; x_wconf 86' lang='lat' dir='ltr'><strong>dicit</strong></span> <span class='ocrx_word' id='word_1_186' title='bbox 1195 1477 1210 1514; x_wconf 94' lang='lat'><strong>:</strong></span> <span class='ocrx_word' id='word_1_187' title='bbox 1241 1457 1397 1514; x_wconf 79' lang='lat' dir='ltr'><strong>Beati</strong></span> <span class='ocrx_word' id='word_1_188' title='bbox 1420 1473 1675 1530; x_wconf 76' lang='lat' dir='ltr'><strong>pauperes</strong></span> <span class='ocrx_word' id='word_1_189' title='bbox 1774 1459 1909 1528; x_wconf 87' lang='lat' dir='ltr'><strong>pati.</strong></span> <span class='ocrx_word' id='word_1_190' title='bbox 1940 1458 2055 1517; x_wconf 80' lang='lat' dir='ltr'><strong>Vos</strong></span> <span class='ocrx_word' id='word_1_191' title='bbox 2088 1460 2273 1531; x_wconf 88' lang='lat' dir='ltr'><strong>itaque</strong></span> <span class='ocrx_word' id='word_1_192' title='bbox 2312 1460 2535 1525; x_wconf 84' lang='lat' dir='ltr'><strong>fratres.</strong></span> <span class='ocrx_word' id='word_1_193' title='bbox 2566 1462 2615 1517; x_wconf 88' lang='lat' dir='ltr'><strong>si</strong></span> <span class='ocrx_word' id='word_1_194' title='bbox 2652 1479 2763 1520; x_wconf 92' lang='lat' dir='ltr'><strong>non</strong></span> <span class='ocrx_word' id='word_1_195' title='bbox 2786 1465 3017 1536; x_wconf 86' lang='lat' dir='ltr'><strong>potestis</strong></span> <span class='ocrx_word' id='word_1_196' title='bbox 3048 1466 3236 1529; x_wconf 85' lang='lat' dir='ltr'><strong>omnia</strong></span> <span class='ocrx_word' id='word_1_197' title='bbox 3269 1482 3361 1525; x_wconf 87' lang='lat' dir='ltr'><strong>re-</strong></span> 
     </span>
    </p>
   </div>
   <div class='ocr_carea' id='block_1_15' title="bbox 136 1549 3365 1633">
    <p class='ocr_par' dir='ltr' id='par_1_15' title="bbox 136 1549 3365 1633">
     <span class='ocr_line' id='line_1_15' title="bbox 136 1549 3365 1633; baseline -0.001 -16"><span class='ocrx_word' id='word_1_198' title='bbox 136 1562 319 1633; x_wconf 73' lang='lat' dir='ltr'><strong>spiritu,</strong></span> <span class='ocrx_word' id='word_1_199' title='bbox 347 1558 396 1613; x_wconf 87' lang='lat' dir='ltr'><strong>id</strong></span> <span class='ocrx_word' id='word_1_200' title='bbox 419 1565 504 1613; x_wconf 89' lang='lat' dir='ltr'><strong>est</strong></span> <span class='ocrx_word' id='word_1_201' title='bbox 534 1557 835 1612; x_wconf 85' lang='lat' dir='ltr'><strong>voluntate.</strong></span> <span class='ocrx_word' id='word_1_202' title='bbox 861 1552 1182 1609; x_wconf 81' lang='lat' dir='ltr'><strong>Voluntaria</strong></span> <span class='ocrx_word' id='word_1_203' title='bbox 1211 1552 1359 1609; x_wconf 90' lang='lat' dir='ltr'><strong>enim</strong></span> <span class='ocrx_word' id='word_1_204' title='bbox 1384 1559 1677 1623; x_wconf 83' lang='lat' dir='ltr'><strong>paupertas</strong></span> <span class='ocrx_word' id='word_1_205' title='bbox 1773 1549 2043 1621; x_wconf 81' lang='lat' dir='ltr'><strong>linquere,</strong></span> <span class='ocrx_word' id='word_1_206' title='bbox 2095 1566 2197 1609; x_wconf 90' lang='lat' dir='ltr'><strong>nec</strong></span> <span class='ocrx_word' id='word_1_207' title='bbox 2243 1552 2475 1623; x_wconf 87' lang='lat' dir='ltr'><strong>potestis</strong></span> <span class='ocrx_word' id='word_1_208' title='bbox 2498 1552 2640 1617; x_wconf 85' lang='lat' dir='ltr'><strong>inter</strong></span> <span class='ocrx_word' id='word_1_209' title='bbox 2663 1553 2885 1617; x_wconf 83' lang='lat' dir='ltr'><strong>divitias</strong></span> <span class='ocrx_word' id='word_1_210' title='bbox 2906 1556 3255 1619; x_wconf 85' lang='lat' dir='ltr'><strong>continenter</strong></span> <span class='ocrx_word' id='word_1_211' title='bbox 3287 1557 3365 1612; x_wconf 88' lang='lat' dir='ltr'><strong>vi-</strong></span> 
     </span>
    </p>
   </div>
   <div class='ocr_carea' id='block_1_16' title="bbox 136 1641 3364 1724">
    <p class='ocr_par' dir='ltr' id='par_1_16' title="bbox 136 1641 3364 1724">
     <span class='ocr_line' id='line_1_16' title="bbox 136 1641 3364 1724; baseline -0 -18"><span class='ocrx_word' id='word_1_212' title='bbox 136 1652 190 1724; x_wconf 86' lang='lat' dir='ltr'><strong>(si</strong></span> <span class='ocrx_word' id='word_1_213' title='bbox 222 1657 421 1721; x_wconf 87' lang='lat' dir='ltr'><strong>propter</strong></span> <span class='ocrx_word' id='word_1_214' title='bbox 472 1645 648 1702; x_wconf 89' lang='lat' dir='ltr'><strong>Deum</strong></span> <span class='ocrx_word' id='word_1_215' title='bbox 695 1644 811 1716; x_wconf 86' lang='lat' dir='ltr'><strong>ﬂat)</strong></span> <span class='ocrx_word' id='word_1_216' title='bbox 838 1644 1015 1699; x_wconf 89' lang='lat' dir='ltr'><strong>virtus</strong></span> <span class='ocrx_word' id='word_1_217' title='bbox 1040 1651 1144 1700; x_wconf 91' lang='lat' dir='ltr'><strong>est.</strong></span> <span class='ocrx_word' id='word_1_218' title='bbox 1172 1641 1307 1710; x_wconf 80' lang='lat' dir='ltr'><strong>Qua:</strong></span> <span class='ocrx_word' id='word_1_219' title='bbox 1335 1658 1368 1698; x_wconf 88' lang='lat' dir='ltr'><strong>a</strong></span> <span class='ocrx_word' id='word_1_220' title='bbox 1396 1641 1676 1713; x_wconf 85' lang='lat' dir='ltr'><strong>prophetis</strong></span> <span class='ocrx_word' id='word_1_221' title='bbox 1772 1656 1921 1709; x_wconf 86' lang='lat' dir='ltr'><strong>vere,</strong></span> <span class='ocrx_word' id='word_1_222' title='bbox 1954 1642 2147 1699; x_wconf 90' lang='lat' dir='ltr'><strong>saltem</strong></span> <span class='ocrx_word' id='word_1_223' title='bbox 2170 1643 2481 1700; x_wconf 88' lang='lat' dir='ltr'><strong>necessaria</strong></span> <span class='ocrx_word' id='word_1_224' title='bbox 2506 1644 2628 1701; x_wconf 90' lang='lat' dir='ltr'><strong>sola</strong></span> <span class='ocrx_word' id='word_1_225' title='bbox 2658 1645 2911 1714; x_wconf 87' lang='lat' dir='ltr'><strong>retinete,</strong></span> <span class='ocrx_word' id='word_1_226' title='bbox 2935 1646 3210 1718; x_wconf 87' lang='lat' dir='ltr'><strong>superﬂua</strong></span> <span class='ocrx_word' id='word_1_227' title='bbox 3237 1663 3364 1706; x_wconf 87' lang='lat' dir='ltr'><strong>ero-</strong></span> 
     </span>
    </p>
   </div>
   <div class='ocr_carea' id='block_1_17' title="bbox 133 1729 3364 1811">
    <p class='ocr_par' dir='ltr' id='par_1_17' title="bbox 133 1729 3364 1811">
     <span class='ocr_line' id='line_1_17' title="bbox 133 1729 3364 1811; baseline 0 -17"><span class='ocrx_word' id='word_1_228' title='bbox 133 1739 372 1811; x_wconf 77' lang='lat' dir='ltr'><strong>frugalitas</strong></span> <span class='ocrx_word' id='word_1_229' title='bbox 402 1735 668 1806; x_wconf 87' lang='lat' dir='ltr'><strong>appellata</strong></span> <span class='ocrx_word' id='word_1_230' title='bbox 708 1741 814 1789; x_wconf 81' lang='lat' dir='ltr'><strong>est.</strong></span> <span class='ocrx_word' id='word_1_231' title='bbox 841 1731 1014 1788; x_wconf 87' lang='lat' dir='ltr'><strong>Porro</strong></span> <span class='ocrx_word' id='word_1_232' title='bbox 1040 1739 1281 1802; x_wconf 87' lang='lat' dir='ltr'><strong>quatuor</strong></span> <span class='ocrx_word' id='word_1_233' title='bbox 1307 1738 1436 1787; x_wconf 90' lang='lat' dir='ltr'><strong>sunt</strong></span> <span class='ocrx_word' id='word_1_234' title='bbox 1463 1729 1675 1800; x_wconf 88' lang='lat' dir='ltr'><strong>species</strong></span> <span class='ocrx_word' id='word_1_235' title='bbox 1709 1806 1741 1811; x_wconf 78' lang='lat'><strong><em>_</em></strong></span> <span class='ocrx_word' id='word_1_236' title='bbox 1774 1745 1916 1807; x_wconf 69' lang='lat' dir='ltr'><strong>gate,</strong></span> <span class='ocrx_word' id='word_1_237' title='bbox 1968 1744 2023 1792; x_wconf 84' lang='lat' dir='ltr'><strong>et</strong></span> <span class='ocrx_word' id='word_1_238' title='bbox 2059 1744 2233 1793; x_wconf 86' lang='lat' dir='ltr'><strong>estote</strong></span> <span class='ocrx_word' id='word_1_239' title='bbox 2280 1751 2551 1807; x_wconf 88' lang='lat' dir='ltr'><strong>pauperes</strong></span> <span class='ocrx_word' id='word_1_240' title='bbox 2587 1745 2645 1793; x_wconf 89' lang='lat' dir='ltr'><strong>et</strong></span> <span class='ocrx_word' id='word_1_241' title='bbox 2697 1736 2934 1797; x_wconf 88' lang='lat' dir='ltr'><strong>humiles</strong></span> <span class='ocrx_word' id='word_1_242' title='bbox 2967 1748 3168 1795; x_wconf 89' lang='lat' dir='ltr'><strong>mente.</strong></span> <span class='ocrx_word' id='word_1_243' title='bbox 3219 1738 3364 1803; x_wconf 85' lang='lat' dir='ltr'><strong>Solis</strong></span> 
     </span>
    </p>
   </div>
   <div class='ocr_carea' id='block_1_18' title="bbox 129 1806 3443 1904">
    <p class='ocr_par' dir='ltr' id='par_1_18' title="bbox 129 1806 3443 1904">
     <span class='ocr_line' id='line_1_18' title="bbox 129 1806 3443 1904; baseline 0.002 -22"><span class='ocrx_word' id='word_1_244' title='bbox 129 1806 567 1902; x_wconf 55' lang='lat' dir='ltr'><strong>paupertatis-Alii</strong></span> <span class='ocrx_word' id='word_1_245' title='bbox 593 1825 797 1897; x_wconf 88' lang='lat' dir='ltr'><strong>quippe</strong></span> <span class='ocrx_word' id='word_1_246' title='bbox 816 1832 947 1882; x_wconf 91' lang='lat' dir='ltr'><strong>sunt</strong></span> <span class='ocrx_word' id='word_1_247' title='bbox 979 1837 1247 1895; x_wconf 86' lang='lat' dir='ltr'><strong>pauperes</strong></span> <span class='ocrx_word' id='word_1_248' title='bbox 1275 1822 1461 1891; x_wconf 89' lang='lat' dir='ltr'><strong>rebus,</strong></span> <span class='ocrx_word' id='word_1_249' title='bbox 1487 1831 1672 1881; x_wconf 87' lang='lat' dir='ltr'><strong>etnon</strong></span> <span class='ocrx_word' id='word_1_250' title='bbox 1707 1806 1750 1862; x_wconf 72' lang='grc' dir='ltr'><strong>Β</strong></span> <span class='ocrx_word' id='word_1_251' title='bbox 1774 1827 1921 1884; x_wconf 91' lang='lat' dir='ltr'><strong>enim</strong></span> <span class='ocrx_word' id='word_1_252' title='bbox 1974 1806 2443 1900; x_wconf 79' lang='lat' dir='ltr'><strong>contemptoribus</strong></span> <span class='ocrx_word' id='word_1_253' title='bbox 2475 1836 2822 1895; x_wconf 83' lang='lat' dir='ltr'><strong>terrenarum</strong></span> <span class='ocrx_word' id='word_1_254' title='bbox 2865 1828 3179 1894; x_wconf 79' lang='lat' dir='ltr'><strong>divitiarum</strong></span> <span class='ocrx_word' id='word_1_255' title='bbox 3231 1847 3364 1904; x_wconf 86' lang='lat' dir='ltr'><strong>pro-</strong></span> <span class='ocrx_word' id='word_1_256' title='bbox 3434 1878 3443 1881; x_wconf 45' lang='grc' dir='ltr'>μ</span> 
     </span>
    </p>
   </div>
   <div class='ocr_carea' id='block_1_19' title="bbox 128 1915 3368 1995">
    <p class='ocr_par' dir='ltr' id='par_1_19' title="bbox 128 1915 3368 1995">
     <span class='ocr_line' id='line_1_19' title="bbox 128 1915 3368 1995; baseline 0.001 -19"><span class='ocrx_word' id='word_1_257' title='bbox 128 1921 314 1992; x_wconf 81' lang='lat' dir='ltr'><strong>spiritu;</strong></span> <span class='ocrx_word' id='word_1_258' title='bbox 337 1918 446 1987; x_wconf 90' lang='lat' dir='ltr'><strong>alii,</strong></span> <span class='ocrx_word' id='word_1_259' title='bbox 475 1918 695 1989; x_wconf 90' lang='lat' dir='ltr'><strong>spiritu,</strong></span> <span class='ocrx_word' id='word_1_260' title='bbox 730 1925 786 1974; x_wconf 92' lang='lat' dir='ltr'><strong>et</strong></span> <span class='ocrx_word' id='word_1_261' title='bbox 811 1934 922 1972; x_wconf 70' lang='lat' dir='ltr'><strong>non</strong></span> <span class='ocrx_word' id='word_1_262' title='bbox 944 1915 1139 1981; x_wconf 87' lang='lat' dir='ltr'><strong>rebus;</strong></span> <span class='ocrx_word' id='word_1_263' title='bbox 1165 1915 1280 1983; x_wconf 90' lang='lat' dir='ltr'><strong>alii,</strong></span> <span class='ocrx_word' id='word_1_264' title='bbox 1314 1925 1369 1971; x_wconf 93' lang='lat' dir='ltr'><strong>et</strong></span> <span class='ocrx_word' id='word_1_265' title='bbox 1398 1915 1594 1986; x_wconf 89' lang='lat' dir='ltr'><strong>spiritu</strong></span> <span class='ocrx_word' id='word_1_266' title='bbox 1619 1922 1676 1972; x_wconf 87' lang='lat' dir='ltr'><strong>et</strong></span> <span class='ocrx_word' id='word_1_267' title='bbox 1776 1922 2072 1980; x_wconf 78' lang='lat' dir='ltr'><strong>mittuntur</strong></span> <span class='ocrx_word' id='word_1_268' title='bbox 2093 1922 2298 1980; x_wconf 65' lang='lat' dir='ltr'><strong>divitiae</strong></span> <span class='ocrx_word' id='word_1_269' title='bbox 2316 1922 2470 1995; x_wconf 82' lang='lat' dir='ltr'><strong>regni</strong></span> <span class='ocrx_word' id='word_1_270' title='bbox 2500 1923 2787 1987; x_wconf 79' lang='lat' dir='ltr'><strong>cmlorum.</strong></span> <span class='ocrx_word' id='word_1_271' title='bbox 2814 1920 2934 1985; x_wconf 83' lang='lat' dir='ltr'><strong>Non</strong></span> <span class='ocrx_word' id='word_1_272' title='bbox 2957 1930 3045 1981; x_wconf 89' lang='lat' dir='ltr'><strong>est</strong></span> <span class='ocrx_word' id='word_1_273' title='bbox 3071 1925 3219 1983; x_wconf 87' lang='lat' dir='ltr'><strong>enim</strong></span> <span class='ocrx_word' id='word_1_274' title='bbox 3253 1940 3368 1981; x_wconf 79' lang='lat' dir='ltr'><strong>cm-</strong></span> 
     </span>
    </p>
   </div>
   <div class='ocr_carea' id='block_1_20' title="bbox 128 2007 1646 2086">
    <p class='ocr_par' dir='ltr' id='par_1_20' title="bbox 128 2007 1644 2082">
     <span class='ocr_line' id='line_1_20' title="bbox 128 2007 1644 2082; baseline -0.003 -14"><span class='ocrx_word' id='word_1_275' title='bbox 128 2013 286 2074; x_wconf 69' lang='lat' dir='ltr'><strong>rebus:</strong></span> <span class='ocrx_word' id='word_1_276' title='bbox 304 2011 618 2082; x_wconf 84' lang='lat' dir='ltr'><strong>alii,spiritu</strong></span> <span class='ocrx_word' id='word_1_277' title='bbox 641 2020 698 2067; x_wconf 90' lang='lat' dir='ltr'><strong>et</strong></span> <span class='ocrx_word' id='word_1_278' title='bbox 710 2009 1079 2067; x_wconf 84' lang='lat' dir='ltr'><strong>mediocribus</strong></span> <span class='ocrx_word' id='word_1_279' title='bbox 1100 2009 1282 2065; x_wconf 87' lang='lat' dir='ltr'><strong>rebus.</strong></span> <span class='ocrx_word' id='word_1_280' title='bbox 1303 2007 1446 2064; x_wconf 90' lang='lat' dir='ltr'><strong>Sane</strong></span> <span class='ocrx_word' id='word_1_281' title='bbox 1468 2024 1644 2081; x_wconf 89' lang='lat' dir='ltr'><strong>paupe</strong></span> 
     </span>
    </p>
   </div>
   <div class='ocr_carea' id='block_1_21' title="bbox 1847 2007 3365 2086">
    <p class='ocr_par' dir='ltr' id='par_1_21' title="bbox 1847 2015 3365 2086">
     <span class='ocr_line' id='line_1_21' title="bbox 1847 2015 3365 2086; baseline 0.003 -15"><span class='ocrx_word' id='word_1_282' title='bbox 1847 2016 1993 2073; x_wconf 58' lang='lat' dir='ltr'><strong>stium</strong></span> <span class='ocrx_word' id='word_1_283' title='bbox 2037 2015 2352 2073; x_wconf 86' lang='lat' dir='ltr'><strong>divitiarum</strong></span> <span class='ocrx_word' id='word_1_284' title='bbox 2391 2025 2630 2086; x_wconf 86' lang='lat' dir='ltr'><strong>amator,</strong></span> <span class='ocrx_word' id='word_1_285' title='bbox 2679 2024 3046 2077; x_wconf 81' lang='lat' dir='ltr'><strong>terrenarum.</strong></span> <span class='ocrx_word' id='word_1_286' title='bbox 3114 2016 3365 2077; x_wconf 87' lang='lat' dir='ltr'><strong>Secunda</strong></span> 
     </span>
    </p>
   </div>
   <div class='ocr_carea' id='block_1_22' title="bbox 126 2101 3367 2176">
    <p class='ocr_par' dir='ltr' id='par_1_22' title="bbox 126 2101 3367 2176">
     <span class='ocr_line' id='line_1_22' title="bbox 126 2101 3367 2176; baseline 0.001 -15"><span class='ocrx_word' id='word_1_287' title='bbox 126 2105 257 2161; x_wconf 70' lang='lat' dir='ltr'><strong>rebus</strong></span> <span class='ocrx_word' id='word_1_288' title='bbox 286 2113 335 2160; x_wconf 89' lang='lat' dir='ltr'><strong>et</strong></span> <span class='ocrx_word' id='word_1_289' title='bbox 364 2120 470 2162; x_wconf 90' lang='lat' dir='ltr'><strong>non</strong></span> <span class='ocrx_word' id='word_1_290' title='bbox 490 2104 688 2176; x_wconf 89' lang='lat' dir='ltr'><strong>spiritu</strong></span> <span class='ocrx_word' id='word_1_291' title='bbox 710 2112 815 2170; x_wconf 86' lang='lat' dir='ltr'><strong>est,</strong></span> <span class='ocrx_word' id='word_1_292' title='bbox 842 2101 1077 2174; x_wconf 87' lang='lat' dir='ltr'><strong>quicum</strong></span> <span class='ocrx_word' id='word_1_293' title='bbox 1094 2117 1203 2158; x_wconf 83' lang='lat' dir='ltr'><strong>non</strong></span> <span class='ocrx_word' id='word_1_294' title='bbox 1227 2101 1671 2159; x_wconf 78' lang='lat' dir='ltr'><strong>habeatmunda-</strong></span> <span class='ocrx_word' id='word_1_295' title='bbox 1772 2105 1948 2163; x_wconf 82' lang='lat' dir='ltr'><strong>vit-tus</strong></span> <span class='ocrx_word' id='word_1_296' title='bbox 1973 2114 2058 2162; x_wconf 90' lang='lat' dir='ltr'><strong>est</strong></span> <span class='ocrx_word' id='word_1_297' title='bbox 2086 2105 2379 2173; x_wconf 81' lang='lat' dir='ltr'><strong>mititudo,</strong></span> <span class='ocrx_word' id='word_1_298' title='bbox 2407 2105 2524 2162; x_wconf 88' lang='lat' dir='ltr'><strong>sive</strong></span> <span class='ocrx_word' id='word_1_299' title='bbox 2555 2106 2941 2165; x_wconf 85' lang='lat' dir='ltr'><strong>mansuetudo.</strong></span> <span class='ocrx_word' id='word_1_300' title='bbox 2988 2106 3072 2169; x_wconf 78' lang='lat' dir='ltr'><strong>Ad</strong></span> <span class='ocrx_word' id='word_1_301' title='bbox 3096 2107 3239 2164; x_wconf 89' lang='lat' dir='ltr'><strong>hanc</strong></span> <span class='ocrx_word' id='word_1_302' title='bbox 3261 2123 3367 2166; x_wconf 79' lang='lat' dir='ltr'><strong>nos</strong></span> 
     </span>
    </p>
   </div>
   <div class='ocr_carea' id='block_1_23' title="bbox 125 2190 3367 2272">
    <p class='ocr_par' dir='ltr' id='par_1_23' title="bbox 125 2190 3367 2272">
     <span class='ocr_line' id='line_1_23' title="bbox 125 2190 3367 2272; baseline 0.002 -23"><span class='ocrx_word' id='word_1_303' title='bbox 125 2210 203 2251; x_wconf 75' lang='lat' dir='ltr'><strong>nas</strong></span> <span class='ocrx_word' id='word_1_304' title='bbox 215 2194 538 2263; x_wconf 79' lang='lat' dir='ltr'><strong>divitias,eas</strong></span> <span class='ocrx_word' id='word_1_305' title='bbox 549 2202 732 2250; x_wconf 83' lang='lat' dir='ltr'><strong>tamen</strong></span> <span class='ocrx_word' id='word_1_306' title='bbox 748 2191 1267 2249; x_wconf 89' lang='lat' dir='ltr'><strong>ardetetdesiderat.</strong></span> <span class='ocrx_word' id='word_1_307' title='bbox 1284 2190 1527 2263; x_wconf 87' lang='lat' dir='ltr'><strong>Sedquia</strong></span> <span class='ocrx_word' id='word_1_308' title='bbox 1543 2208 1674 2263; x_wconf 85' lang='lat' dir='ltr'><strong>pau-</strong></span> <span class='ocrx_word' id='word_1_309' title='bbox 1772 2197 1968 2254; x_wconf 89' lang='lat' dir='ltr'><strong>invitat</strong></span> <span class='ocrx_word' id='word_1_310' title='bbox 1992 2195 2267 2255; x_wconf 84' lang='lat' dir='ltr'><strong>Dominus</strong></span> <span class='ocrx_word' id='word_1_311' title='bbox 2292 2213 2420 2257; x_wconf 88' lang='lat' dir='ltr'><strong>cum</strong></span> <span class='ocrx_word' id='word_1_312' title='bbox 2457 2197 2685 2256; x_wconf 89' lang='lat' dir='ltr'><strong>subdit:</strong></span> <span class='ocrx_word' id='word_1_313' title='bbox 2710 2197 2868 2257; x_wconf 79' lang='lat' dir='ltr'><strong>Beati</strong></span> <span class='ocrx_word' id='word_1_314' title='bbox 2906 2199 3084 2267; x_wconf 75' lang='lat' dir='ltr'><strong>mites,</strong></span> <span class='ocrx_word' id='word_1_315' title='bbox 3108 2200 3367 2272; x_wconf 70' lang='lat' dir='ltr'><strong>quoniam</strong></span> 
     </span>
    </p>
   </div>
   <div class='ocr_carea' id='block_1_24' title="bbox 123 2281 3421 2361">
    <p class='ocr_par' dir='ltr' id='par_1_24' title="bbox 123 2281 3421 2361">
     <span class='ocr_line' id='line_1_24' title="bbox 123 2281 3421 2361; baseline 0.002 -18"><span class='ocrx_word' id='word_1_316' title='bbox 123 2303 198 2360; x_wconf 81' lang='lat' dir='ltr'><strong>per</strong></span> <span class='ocrx_word' id='word_1_317' title='bbox 213 2295 302 2353; x_wconf 89' lang='lat' dir='ltr'><strong>est,</strong></span> <span class='ocrx_word' id='word_1_318' title='bbox 326 2295 476 2357; x_wconf 88' lang='lat' dir='ltr'><strong>putat</strong></span> <span class='ocrx_word' id='word_1_319' title='bbox 500 2302 563 2343; x_wconf 89' lang='lat' dir='ltr'><strong>se</strong></span> <span class='ocrx_word' id='word_1_320' title='bbox 585 2301 710 2342; x_wconf 90' lang='lat' dir='ltr'><strong>esse</strong></span> <span class='ocrx_word' id='word_1_321' title='bbox 730 2284 996 2341; x_wconf 85' lang='lat' dir='ltr'><strong>miserum</strong></span> <span class='ocrx_word' id='word_1_322' title='bbox 1012 2281 1672 2341; x_wconf 74' lang='lat' dir='ltr'><strong>ctDeoexosum.Diviles</strong></span> <span class='ocrx_word' id='word_1_323' title='bbox 1770 2291 1876 2361; x_wconf 78' lang='lat' dir='ltr'><strong>ipsi</strong></span> <span class='ocrx_word' id='word_1_324' title='bbox 1906 2289 2247 2361; x_wconf 73' lang='lat' dir='ltr'><strong>possidebunt</strong></span> <span class='ocrx_word' id='word_1_325' title='bbox 2288 2298 2507 2347; x_wconf 79' lang='lat' dir='ltr'><strong>terram.</strong></span> <span class='ocrx_word' id='word_1_326' title='bbox 2539 2289 2639 2346; x_wconf 85' lang='lat' dir='ltr'><strong>Est</strong></span> <span class='ocrx_word' id='word_1_327' title='bbox 2659 2298 2845 2349; x_wconf 86' lang='lat' dir='ltr'><strong>autem</strong></span> <span class='ocrx_word' id='word_1_328' title='bbox 2894 2290 3152 2351; x_wconf 87' lang='lat' dir='ltr'><strong>mititudo</strong></span> <span class='ocrx_word' id='word_1_329' title='bbox 3186 2292 3365 2353; x_wconf 77' lang='lat' dir='ltr'><strong>virtus</strong></span> <span class='ocrx_word' id='word_1_330' title='bbox 3418 2320 3421 2321; x_wconf 52' lang='grc' dir='ltr'><em>ν</em></span> 
     </span>
    </p>
   </div>
   <div class='ocr_carea' id='block_1_25' title="bbox 122 2374 1640 2457">
    <p class='ocr_par' dir='ltr' id='par_1_25' title="bbox 122 2374 1638 2450">
     <span class='ocr_line' id='line_1_25' title="bbox 122 2374 1638 2450; baseline -0.001 -16"><span class='ocrx_word' id='word_1_331' title='bbox 122 2394 225 2434; x_wconf 80' lang='lat' dir='ltr'><strong>vero</strong></span> <span class='ocrx_word' id='word_1_332' title='bbox 252 2387 396 2450; x_wconf 88' lang='lat' dir='ltr'><strong>putat</strong></span> <span class='ocrx_word' id='word_1_333' title='bbox 431 2393 556 2435; x_wconf 90' lang='lat' dir='ltr'><strong>esse</strong></span> <span class='ocrx_word' id='word_1_334' title='bbox 600 2376 928 2433; x_wconf 88' lang='lat' dir='ltr'><strong>fortunatos.</strong></span> <span class='ocrx_word' id='word_1_335' title='bbox 961 2376 1253 2448; x_wconf 82' lang='lat' dir='ltr'><strong>Propterea</strong></span> <span class='ocrx_word' id='word_1_336' title='bbox 1293 2374 1529 2443; x_wconf 89' lang='lat' dir='ltr'><strong>furatur,</strong></span> <span class='ocrx_word' id='word_1_337' title='bbox 1577 2390 1638 2432; x_wconf 91' lang='lat' dir='ltr'><strong>ra</strong></span> 
     </span>
    </p>
   </div>
   <div class='ocr_carea' id='block_1_26' title="bbox 1843 2374 3361 2457">
    <p class='ocr_par' dir='ltr' id='par_1_26' title="bbox 1843 2379 3361 2457">
     <span class='ocr_line' id='line_1_26' title="bbox 1843 2379 3361 2457; baseline 0.001 -19"><span class='ocrx_word' id='word_1_338' title='bbox 1843 2383 1991 2450; x_wconf 80' lang='lat' dir='ltr'><strong>:utis,</strong></span> <span class='ocrx_word' id='word_1_339' title='bbox 2017 2383 2133 2449; x_wconf 69' lang='lat' dir='ltr'><strong>irae,</strong></span> <span class='ocrx_word' id='word_1_340' title='bbox 2170 2379 2399 2450; x_wconf 87' lang='lat' dir='ltr'><strong>furoris,</strong></span> <span class='ocrx_word' id='word_1_341' title='bbox 2443 2382 2821 2453; x_wconf 64' lang='lat' dir='ltr'><strong>impatientia,</strong></span> <span class='ocrx_word' id='word_1_342' title='bbox 2851 2393 2908 2441; x_wconf 89' lang='lat' dir='ltr'><strong>et</strong></span> <span class='ocrx_word' id='word_1_343' title='bbox 2943 2384 3116 2443; x_wconf 85' lang='lat' dir='ltr'><strong>totius</strong></span> <span class='ocrx_word' id='word_1_344' title='bbox 3148 2385 3361 2457; x_wconf 79' lang='lat' dir='ltr'><strong>asperi-</strong></span> 
     </span>
    </p>
   </div>
   <div class='ocr_carea' id='block_1_27' title="bbox 119 2466 3366 2543">
    <p class='ocr_par' dir='ltr' id='par_1_27' title="bbox 119 2466 3366 2543">
     <span class='ocr_line' id='line_1_27' title="bbox 119 2466 3366 2543; baseline 0.002 -19"><span class='ocrx_word' id='word_1_345' title='bbox 119 2471 198 2542; x_wconf 68' lang='lat' dir='ltr'><strong>pit,</strong></span> <span class='ocrx_word' id='word_1_346' title='bbox 216 2469 420 2541; x_wconf 86' lang='lat' dir='ltr'><strong>decipit,</strong></span> <span class='ocrx_word' id='word_1_347' title='bbox 474 2470 765 2536; x_wconf 89' lang='lat' dir='ltr'><strong>mentitur,</strong></span> <span class='ocrx_word' id='word_1_348' title='bbox 802 2469 1068 2540; x_wconf 86' lang='lat' dir='ltr'><strong>pet-iurat,</strong></span> <span class='ocrx_word' id='word_1_349' title='bbox 1123 2468 1342 2526; x_wconf 88' lang='lat' dir='ltr'><strong>occidit.</strong></span> <span class='ocrx_word' id='word_1_350' title='bbox 1379 2466 1488 2536; x_wconf 89' lang='lat' dir='ltr'><strong>Qui</strong></span> <span class='ocrx_word' id='word_1_351' title='bbox 1514 2477 1670 2525; x_wconf 90' lang='lat' dir='ltr'><strong>tanto</strong></span> <span class='ocrx_word' id='word_1_352' title='bbox 1771 2472 1900 2529; x_wconf 89' lang='lat' dir='ltr'><strong>tatis</strong></span> <span class='ocrx_word' id='word_1_353' title='bbox 1935 2471 2255 2543; x_wconf 72' lang='lat' dir='ltr'><strong>mitigati-ix.</strong></span> <span class='ocrx_word' id='word_1_354' title='bbox 2284 2469 2386 2527; x_wconf 86' lang='lat' dir='ltr'><strong>Est</strong></span> <span class='ocrx_word' id='word_1_355' title='bbox 2424 2471 2629 2527; x_wconf 87' lang='lat' dir='ltr'><strong>etenim</strong></span> <span class='ocrx_word' id='word_1_356' title='bbox 2668 2471 2764 2531; x_wconf 71' lang='lat' dir='ltr'><strong>ira:</strong></span> <span class='ocrx_word' id='word_1_357' title='bbox 2807 2472 3107 2541; x_wconf 89' lang='lat' dir='ltr'><strong>contraria,</strong></span> <span class='ocrx_word' id='word_1_358' title='bbox 3142 2482 3196 2529; x_wconf 87' lang='lat' dir='ltr'><strong>et</strong></span> <span class='ocrx_word' id='word_1_359' title='bbox 3220 2472 3366 2531; x_wconf 84' lang='lat' dir='ltr'><strong>sicut</strong></span> 
     </span>
    </p>
   </div>
   <div class='ocr_carea' id='block_1_28' title="bbox 119 2562 3509 2636">
    <p class='ocr_par' dir='ltr' id='par_1_28' title="bbox 119 2562 3509 2636">
     <span class='ocr_line' id='line_1_28' title="bbox 119 2562 3509 2636; baseline 0.002 -20"><span class='ocrx_word' id='word_1_360' title='bbox 119 2563 244 2634; x_wconf 70' lang='lat' dir='ltr'><strong>pejor</strong></span> <span class='ocrx_word' id='word_1_361' title='bbox 284 2573 334 2619; x_wconf 85' lang='lat' dir='ltr'><strong>et</strong></span> <span class='ocrx_word' id='word_1_362' title='bbox 370 2563 743 2620; x_wconf 88' lang='lat' dir='ltr'><strong>damnabilior</strong></span> <span class='ocrx_word' id='word_1_363' title='bbox 795 2562 1051 2632; x_wconf 87' lang='lat' dir='ltr'><strong>cﬂicitur,</strong></span> <span class='ocrx_word' id='word_1_364' title='bbox 1101 2572 1309 2635; x_wconf 90' lang='lat' dir='ltr'><strong>quanto</strong></span> <span class='ocrx_word' id='word_1_365' title='bbox 1342 2564 1409 2621; x_wconf 90' lang='lat' dir='ltr'><strong>de</strong></span> <span class='ocrx_word' id='word_1_366' title='bbox 1452 2563 1666 2636; x_wconf 89' lang='lat' dir='ltr'><strong>ﬂagello</strong></span> <span class='ocrx_word' id='word_1_367' title='bbox 1768 2564 2070 2622; x_wconf 81' lang='lat' dir='ltr'><strong>iracundus</strong></span> <span class='ocrx_word' id='word_1_368' title='bbox 2114 2563 2423 2620; x_wconf 86' lang='lat' dir='ltr'><strong>hominesa</strong></span> <span class='ocrx_word' id='word_1_369' title='bbox 2447 2579 2508 2622; x_wconf 88' lang='lat' dir='ltr'><strong>se</strong></span> <span class='ocrx_word' id='word_1_370' title='bbox 2537 2563 2773 2634; x_wconf 87' lang='lat' dir='ltr'><strong>repellit,</strong></span> <span class='ocrx_word' id='word_1_371' title='bbox 2803 2564 2877 2620; x_wconf 89' lang='lat' dir='ltr'><strong>ita</strong></span> <span class='ocrx_word' id='word_1_372' title='bbox 2908 2564 3060 2621; x_wconf 88' lang='lat' dir='ltr'><strong>mitis</strong></span> <span class='ocrx_word' id='word_1_373' title='bbox 3080 2580 3185 2625; x_wconf 83' lang='lat' dir='ltr'><strong>eos</strong></span> <span class='ocrx_word' id='word_1_374' title='bbox 3203 2564 3273 2624; x_wconf 89' lang='lat' dir='ltr'><strong>ad</strong></span> <span class='ocrx_word' id='word_1_375' title='bbox 3300 2579 3364 2623; x_wconf 82' lang='lat' dir='ltr'><strong>se</strong></span> <span class='ocrx_word' id='word_1_376' title='bbox 3424 2586 3427 2587; x_wconf 48' lang='grc' dir='ltr'><em>ν</em></span> <span class='ocrx_word' id='word_1_377' title='bbox 3507 2582 3509 2585; x_wconf 71' lang='lat'><em>&#39;</em></span> 
     </span>
    </p>
   </div>
   <div class='ocr_carea' id='block_1_29' title="bbox 117 2654 3433 2729">
    <p class='ocr_par' dir='ltr' id='par_1_29' title="bbox 117 2654 3433 2729">
     <span class='ocr_line' id='line_1_29' title="bbox 117 2654 3433 2729; baseline 0.002 -20"><span class='ocrx_word' id='word_1_378' title='bbox 117 2654 409 2725; x_wconf 60' lang='lat' dir='ltr'><strong>[paupertatis</strong></span> <span class='ocrx_word' id='word_1_379' title='bbox 429 2672 541 2711; x_wconf 89' lang='lat' dir='ltr'><strong>non</strong></span> <span class='ocrx_word' id='word_1_380' title='bbox 569 2655 916 2712; x_wconf 88' lang='lat' dir='ltr'><strong>emendatur.</strong></span> <span class='ocrx_word' id='word_1_381' title='bbox 949 2654 1025 2711; x_wconf 89' lang='lat' dir='ltr'><strong>De</strong></span> <span class='ocrx_word' id='word_1_382' title='bbox 1050 2655 1368 2728; x_wconf 84' lang='lat' dir='ltr'><strong>huiusmodi</strong></span> <span class='ocrx_word' id='word_1_383' title='bbox 1403 2656 1538 2713; x_wconf 89' lang='lat' dir='ltr'><strong>dicit</strong></span> <span class='ocrx_word' id='word_1_384' title='bbox 1560 2655 1669 2711; x_wconf 85' lang='lat' dir='ltr'><strong>Do-</strong></span> <span class='ocrx_word' id='word_1_385' title='bbox 1767 2657 2016 2714; x_wconf 89' lang='lat' dir='ltr'><strong>attrahit.</strong></span> <span class='ocrx_word' id='word_1_386' title='bbox 2044 2655 2624 2717; x_wconf 85' lang='lat' dir='ltr'><strong>Mititudinistermini</strong></span> <span class='ocrx_word' id='word_1_387' title='bbox 2644 2665 2795 2719; x_wconf 73' lang='lat' dir='ltr'><strong>.sunt</strong></span> <span class='ocrx_word' id='word_1_388' title='bbox 2824 2657 3095 2729; x_wconf 78' lang='lat' dir='ltr'><strong>asperitas</strong></span> <span class='ocrx_word' id='word_1_389' title='bbox 3131 2666 3189 2715; x_wconf 89' lang='lat' dir='ltr'><strong>et</strong></span> <span class='ocrx_word' id='word_1_390' title='bbox 3212 2657 3360 2729; x_wconf 86' lang='lat' dir='ltr'><strong>mol-</strong></span> <span class='ocrx_word' id='word_1_391' title='bbox 3430 2722 3433 2725; x_wconf 20' lang='grc' dir='ltr'>ν</span> 
     </span>
    </p>
   </div>
   <div class='ocr_carea' id='block_1_30' title="bbox 116 2744 3362 2824">
    <p class='ocr_par' dir='ltr' id='par_1_30' title="bbox 116 2744 3362 2824">
     <span class='ocr_line' id='line_1_30' title="bbox 116 2744 3362 2824; baseline 0.003 -23"><span class='ocrx_word' id='word_1_392' title='bbox 116 2747 268 2804; x_wconf 86' lang='lat' dir='ltr'><strong>minus</strong></span> <span class='ocrx_word' id='word_1_393' title='bbox 299 2764 392 2819; x_wconf 88' lang='lat' dir='ltr'><strong>per</strong></span> <span class='ocrx_word' id='word_1_394' title='bbox 417 2748 786 2820; x_wconf 84' lang='lat' dir='ltr'><strong>prophetam:</strong></span> <span class='ocrx_word' id='word_1_395' title='bbox 828 2768 848 2802; x_wconf 85' lang='grc' dir='ltr'><strong>ι</strong></span> <span class='ocrx_word' id='word_1_396' title='bbox 883 2749 1214 2806; x_wconf 86' lang='lat' dir='ltr'><strong>Curavimus</strong></span> <span class='ocrx_word' id='word_1_397' title='bbox 1233 2749 1584 2824; x_wconf 74' lang='lat' dir='ltr'><strong>Babylonem,</strong></span> <span class='ocrx_word' id='word_1_398' title='bbox 1615 2761 1672 2808; x_wconf 92' lang='lat' dir='ltr'><strong>et</strong></span> <span class='ocrx_word' id='word_1_399' title='bbox 1768 2746 1931 2807; x_wconf 82' lang='lat' dir='ltr'><strong>lities.</strong></span> <span class='ocrx_word' id='word_1_400' title='bbox 1966 2745 2123 2802; x_wconf 88' lang='lat' dir='ltr'><strong>Tunc</strong></span> <span class='ocrx_word' id='word_1_401' title='bbox 2169 2746 2340 2814; x_wconf 88' lang='lat' dir='ltr'><strong>enim,</strong></span> <span class='ocrx_word' id='word_1_402' title='bbox 2370 2744 2573 2802; x_wconf 78' lang='lat' dir='ltr'><strong>fratres</strong></span> <span class='ocrx_word' id='word_1_403' title='bbox 2602 2746 2730 2814; x_wconf 83' lang='lat' dir='ltr'><strong>mei,</strong></span> <span class='ocrx_word' id='word_1_404' title='bbox 2758 2750 2988 2805; x_wconf 69' lang='lat' dir='ltr'><strong>virtutes</strong></span> <span class='ocrx_word' id='word_1_405' title='bbox 3030 2747 3362 2811; x_wconf 75' lang='lat' dir='ltr'><strong>militudinis</strong></span> 
     </span>
    </p>
   </div>
   <div class='ocr_carea' id='block_1_31' title="bbox 115 2828 3434 2915">
    <p class='ocr_par' dir='ltr' id='par_1_31' title="bbox 115 2828 3434 2915">
     <span class='ocr_line' id='line_1_31' title="bbox 115 2828 3434 2915; baseline 0.001 -22"><span class='ocrx_word' id='word_1_406' title='bbox 115 2852 202 2893; x_wconf 72' lang='lat' dir='ltr'><strong>rut</strong></span> <span class='ocrx_word' id='word_1_407' title='bbox 226 2849 303 2894; x_wconf 88' lang='lat' dir='ltr'><strong>est</strong></span> <span class='ocrx_word' id='word_1_408' title='bbox 326 2849 513 2895; x_wconf 84' lang='lat' dir='ltr'><strong>sanata</strong></span> <span class='ocrx_word' id='word_1_409' title='bbox 576 2839 713 2912; x_wconf 82' lang='lat' dir='ltr'><strong>(Jer.</strong></span> <span class='ocrx_word' id='word_1_410' title='bbox 744 2842 841 2912; x_wconf 83' lang='grc' dir='ltr'>ιι).</span> <span class='ocrx_word' id='word_1_411' title='bbox 874 2861 895 2895; x_wconf 74' lang='grc' dir='ltr'><strong>ι</strong></span> <span class='ocrx_word' id='word_1_412' title='bbox 923 2842 1094 2911; x_wconf 84' lang='lat' dir='ltr'><strong>Quasi</strong></span> <span class='ocrx_word' id='word_1_413' title='bbox 1137 2843 1383 2900; x_wconf 87' lang='lat' dir='ltr'><strong>diceret:</strong></span> <span class='ocrx_word' id='word_1_414' title='bbox 1412 2842 1668 2902; x_wconf 82' lang='lat' dir='ltr'><strong>Fecimus</strong></span> <span class='ocrx_word' id='word_1_415' title='bbox 1767 2848 1916 2896; x_wconf 87' lang='lat' dir='ltr'><strong>recte</strong></span> <span class='ocrx_word' id='word_1_416' title='bbox 1945 2848 2219 2907; x_wconf 89' lang='lat' dir='ltr'><strong>tenemus,</strong></span> <span class='ocrx_word' id='word_1_417' title='bbox 2244 2855 2370 2895; x_wconf 89' lang='lat' dir='ltr'><strong>cum</strong></span> <span class='ocrx_word' id='word_1_418' title='bbox 2393 2855 2496 2895; x_wconf 90' lang='lat' dir='ltr'><strong>nec</strong></span> <span class='ocrx_word' id='word_1_419' title='bbox 2520 2855 2617 2911; x_wconf 90' lang='lat' dir='ltr'><strong>per</strong></span> <span class='ocrx_word' id='word_1_420' title='bbox 2641 2828 2991 2911; x_wconf 83' lang='lat' dir='ltr'><strong>asperitatem</strong></span> <span class='ocrx_word' id='word_1_421' title='bbox 3019 2840 3099 2914; x_wconf 85' lang='lat' dir='ltr'><strong>uti</strong></span> <span class='ocrx_word' id='word_1_422' title='bbox 3135 2828 3361 2915; x_wconf 77' lang='lat' dir='ltr'><strong>quidam</strong></span> <span class='ocrx_word' id='word_1_423' title='bbox 3425 2898 3434 2907; x_wconf 64' lang='grc'><strong>,</strong></span> 
     </span>
    </p>
   </div>
   <div class='ocr_carea' id='block_1_32' title="bbox 110 2930 3358 3008">
    <p class='ocr_par' dir='ltr' id='par_1_32' title="bbox 110 2930 3358 3008">
     <span class='ocr_line' id='line_1_32' title="bbox 110 2930 3358 3008; baseline 0.002 -23"><span class='ocrx_word' id='word_1_424' title='bbox 110 2932 232 2999; x_wconf 77' lang='lat' dir='ltr'><strong>quod</strong></span> <span class='ocrx_word' id='word_1_425' title='bbox 273 2932 337 2986; x_wconf 82' lang='lat' dir='ltr'><strong>ad</strong></span> <span class='ocrx_word' id='word_1_426' title='bbox 361 2934 766 2991; x_wconf 88' lang='lat' dir='ltr'><strong>correctionem</strong></span> <span class='ocrx_word' id='word_1_427' title='bbox 791 2935 910 3007; x_wconf 83' lang='lat' dir='ltr'><strong>ejus</strong></span> <span class='ocrx_word' id='word_1_428' title='bbox 940 2938 1121 3008; x_wconf 87' lang='lat' dir='ltr'><strong>potuit</strong></span> <span class='ocrx_word' id='word_1_429' title='bbox 1154 2935 1425 3003; x_wconf 81' lang='lat' dir='ltr'><strong>suﬂicere,</strong></span> <span class='ocrx_word' id='word_1_430' title='bbox 1450 2937 1547 2993; x_wconf 82' lang='lat' dir='ltr'><strong>sed</strong></span> <span class='ocrx_word' id='word_1_431' title='bbox 1576 2947 1666 2992; x_wconf 64' lang='lat' dir='ltr'><strong>ta...</strong></span> <span class='ocrx_word' id='word_1_432' title='bbox 1766 2932 1999 3000; x_wconf 86' lang='lat' dir='ltr'><strong>faciuut,</strong></span> <span class='ocrx_word' id='word_1_433' title='bbox 2023 2939 2244 2987; x_wconf 90' lang='lat' dir='ltr'><strong>nostros</strong></span> <span class='ocrx_word' id='word_1_434' title='bbox 2277 2930 2554 3003; x_wconf 86' lang='lat' dir='ltr'><strong>fugamus,</strong></span> <span class='ocrx_word' id='word_1_435' title='bbox 2586 2948 2688 2988; x_wconf 90' lang='lat' dir='ltr'><strong>nec</strong></span> <span class='ocrx_word' id='word_1_436' title='bbox 2710 2949 2807 3005; x_wconf 88' lang='lat' dir='ltr'><strong>per</strong></span> <span class='ocrx_word' id='word_1_437' title='bbox 2831 2933 3137 3001; x_wconf 85' lang='lat' dir='ltr'><strong>mollitiem,</strong></span> <span class='ocrx_word' id='word_1_438' title='bbox 3165 2943 3226 2991; x_wconf 87' lang='lat' dir='ltr'><strong>ut</strong></span> <span class='ocrx_word' id='word_1_439' title='bbox 3253 2932 3358 2990; x_wconf 81' lang='lat' dir='ltr'><strong>ﬂc-</strong></span> 
     </span>
    </p>
   </div>
   <div class='ocr_carea' id='block_1_33' title="bbox 112 3012 3362 3103">
    <p class='ocr_par' dir='ltr' id='par_1_33' title="bbox 112 3012 3362 3103">
     <span class='ocr_line' id='line_1_33' title="bbox 112 3012 3362 3103; baseline 0.003 -27"><span class='ocrx_word' id='word_1_440' title='bbox 112 3038 211 3077; x_wconf 86' lang='lat' dir='ltr'><strong>men</strong></span> <span class='ocrx_word' id='word_1_441' title='bbox 252 3024 363 3096; x_wconf 82' lang='lat' dir='ltr'><strong>ipsa</strong></span> <span class='ocrx_word' id='word_1_442' title='bbox 396 3028 667 3096; x_wconf 80' lang='lat' dir='ltr'><strong>perdurat</strong></span> <span class='ocrx_word' id='word_1_443' title='bbox 708 3026 765 3083; x_wconf 84' lang='lat' dir='ltr'><strong>in</strong></span> <span class='ocrx_word' id='word_1_444' title='bbox 794 3043 895 3085; x_wconf 77' lang='lat' dir='ltr'><strong>sua</strong></span> <span class='ocrx_word' id='word_1_445' title='bbox 939 3030 1246 3103; x_wconf 61' lang='lat' dir='ltr'><strong>iniquitate.</strong></span> <span class='ocrx_word' id='word_1_446' title='bbox 1301 3029 1514 3101; x_wconf 79' lang='lat' dir='ltr'><strong>Pauper</strong></span> <span class='ocrx_word' id='word_1_447' title='bbox 1536 3046 1665 3088; x_wconf 79' lang='lat' dir='ltr'><strong>vero</strong></span> <span class='ocrx_word' id='word_1_448' title='bbox 1767 3024 1827 3093; x_wconf 90' lang='lat' dir='ltr'><strong>li,</strong></span> <span class='ocrx_word' id='word_1_449' title='bbox 1879 3040 1974 3082; x_wconf 88' lang='lat' dir='ltr'><strong>cos</strong></span> <span class='ocrx_word' id='word_1_450' title='bbox 2003 3025 2431 3095; x_wconf 87' lang='lat' dir='ltr'><strong>corrumpimus.</strong></span> <span class='ocrx_word' id='word_1_451' title='bbox 2465 3024 2605 3080; x_wconf 88' lang='lat' dir='ltr'><strong>Cum</strong></span> <span class='ocrx_word' id='word_1_452' title='bbox 2655 3026 2803 3082; x_wconf 86' lang='lat' dir='ltr'><strong>enim</strong></span> <span class='ocrx_word' id='word_1_453' title='bbox 2848 3026 2997 3100; x_wconf 77' lang='lat' dir='ltr'><strong>ligor</strong></span> <span class='ocrx_word' id='word_1_454' title='bbox 3023 3036 3081 3084; x_wconf 88' lang='lat' dir='ltr'><strong>et</strong></span> <span class='ocrx_word' id='word_1_455' title='bbox 3104 3012 3362 3085; x_wconf 79' lang='lat' dir='ltr'><strong>mititudo</strong></span> 
     </span>
    </p>
   </div>
   <div class='ocr_carea' id='block_1_34' title="bbox 110 3116 1628 3231">
    <p class='ocr_par' dir='ltr' id='par_1_34' title="bbox 110 3116 1628 3195">
     <span class='ocr_line' id='line_1_34' title="bbox 110 3116 1628 3195; baseline 0.007 -26"><span class='ocrx_word' id='word_1_456' title='bbox 110 3116 274 3185; x_wconf 87' lang='lat' dir='ltr'><strong>spiritu</strong></span> <span class='ocrx_word' id='word_1_457' title='bbox 297 3127 350 3173; x_wconf 87' lang='lat' dir='ltr'><strong>et</strong></span> <span class='ocrx_word' id='word_1_458' title='bbox 382 3134 494 3175; x_wconf 86' lang='lat' dir='ltr'><strong>non</strong></span> <span class='ocrx_word' id='word_1_459' title='bbox 553 3120 722 3177; x_wconf 88' lang='lat' dir='ltr'><strong>rebus</strong></span> <span class='ocrx_word' id='word_1_460' title='bbox 744 3131 850 3191; x_wconf 86' lang='lat' dir='ltr'><strong>est,</strong></span> <span class='ocrx_word' id='word_1_461' title='bbox 889 3124 985 3195; x_wconf 88' lang='lat' dir='ltr'><strong>qui</strong></span> <span class='ocrx_word' id='word_1_462' title='bbox 1034 3141 1160 3180; x_wconf 89' lang='lat' dir='ltr'><strong>cum</strong></span> <span class='ocrx_word' id='word_1_463' title='bbox 1190 3124 1411 3181; x_wconf 88' lang='lat' dir='ltr'><strong>divitias</strong></span> <span class='ocrx_word' id='word_1_464' title='bbox 1445 3124 1628 3181; x_wconf 74' lang='lat' dir='ltr'><strong>habeat</strong></span> 
     </span>
    </p>
   </div>
   <div class='ocr_carea' id='block_1_35' title="bbox 1844 3116 3362 3231">
    <p class='ocr_par' dir='ltr' id='par_1_35' title="bbox 1844 3118 3362 3231">
     <span class='ocr_line' id='line_1_35' title="bbox 1844 3118 3362 3192; baseline 0.002 -18"><span class='ocrx_word' id='word_1_465' title='bbox 1844 3129 2002 3175; x_wconf 68' lang='lat' dir='ltr'><strong>&#39;tutes</strong></span> <span class='ocrx_word' id='word_1_466' title='bbox 2051 3118 2394 3175; x_wconf 82' lang='lat' dir='ltr'><strong>collaterales</strong></span> <span class='ocrx_word' id='word_1_467' title='bbox 2442 3118 2575 3186; x_wconf 88' lang='lat' dir='ltr'><strong>sint,</strong></span> <span class='ocrx_word' id='word_1_468' title='bbox 2605 3126 2837 3190; x_wconf 86' lang='lat' dir='ltr'><strong>utraque</strong></span> <span class='ocrx_word' id='word_1_469' title='bbox 2889 3134 3005 3192; x_wconf 34' lang='lat' dir='ltr'><strong>pro,</strong></span> <span class='ocrx_word' id='word_1_470' title='bbox 3040 3134 3229 3188; x_wconf 87' lang='lat' dir='ltr'><strong>causa,</strong></span> <span class='ocrx_word' id='word_1_471' title='bbox 3258 3134 3362 3192; x_wconf 88' lang='lat' dir='ltr'><strong>pro</strong></span> 
     </span>
     <span class='ocr_line' id='line_1_36' title="bbox 1844 3208 3329 3231; baseline 0 0"><span class='ocrx_word' id='word_1_472' title='bbox 1844 3224 2008 3231; x_wconf 64' lang='lat'><strong>_._-..-</strong></span> <span class='ocrx_word' id='word_1_473' title='bbox 2068 3224 2163 3231; x_wconf 58' lang='grc' dir='ltr'><strong>-..Α</strong></span> <span class='ocrx_word' id='word_1_474' title='bbox 2212 3223 2439 3231; x_wconf 51' lang='grc' dir='ltr'><strong>-..μμ-,Α</strong></span> <span class='ocrx_word' id='word_1_475' title='bbox 2470 3218 2547 3231; x_wconf 60' lang='grc' dir='ltr'><strong>Α-.</strong></span> <span class='ocrx_word' id='word_1_476' title='bbox 2578 3208 2871 3231; x_wconf 63' lang='lat' dir='ltr'><strong>-_-_--_J-</strong></span> <span class='ocrx_word' id='word_1_477' title='bbox 2940 3208 3138 3231; x_wconf 63' lang='lat' dir='ltr'><strong>l‘.._n_-</strong></span> <span class='ocrx_word' id='word_1_478' title='bbox 3171 3219 3329 3231; x_wconf 54' lang='lat'><strong>-‘_.-_</strong></span> 
     </span>
    </p>
   </div>
   <div class='ocr_carea' id='block_1_36' title="bbox 108 3208 3364 3288">
    <p class='ocr_par' dir='ltr' id='par_1_36' title="bbox 108 3208 3364 3288">
     <span class='ocr_line' id='line_1_37' title="bbox 108 3208 3364 3288; baseline 0.001 -27"><span class='ocrx_word' id='word_1_479' title='bbox 108 3222 184 3262; x_wconf 81' lang='lat' dir='ltr'><strong>eas</strong></span> <span class='ocrx_word' id='word_1_480' title='bbox 211 3212 520 3277; x_wconf 84' lang='lat' dir='ltr'><strong>contemnit,</strong></span> <span class='ocrx_word' id='word_1_481' title='bbox 552 3221 612 3267; x_wconf 88' lang='lat' dir='ltr'><strong>et</strong></span> <span class='ocrx_word' id='word_1_482' title='bbox 656 3212 789 3268; x_wconf 90' lang='lat' dir='ltr'><strong>dum</strong></span> <span class='ocrx_word' id='word_1_483' title='bbox 838 3224 923 3271; x_wconf 88' lang='lat' dir='ltr'><strong>est</strong></span> <span class='ocrx_word' id='word_1_484' title='bbox 948 3216 1089 3273; x_wconf 88' lang='lat' dir='ltr'><strong>inter</strong></span> <span class='ocrx_word' id='word_1_485' title='bbox 1116 3233 1272 3288; x_wconf 87' lang='lat' dir='ltr'><strong>opes,</strong></span> <span class='ocrx_word' id='word_1_486' title='bbox 1303 3217 1470 3273; x_wconf 90' lang='lat' dir='ltr'><strong>sentit</strong></span> <span class='ocrx_word' id='word_1_487' title='bbox 1497 3233 1555 3274; x_wconf 91' lang='lat' dir='ltr'><strong>se</strong></span> <span class='ocrx_word' id='word_1_488' title='bbox 1576 3219 1663 3274; x_wconf 87' lang='lat' dir='ltr'><strong>di-</strong></span> <span class='ocrx_word' id='word_1_489' title='bbox 1692 3208 1738 3231; x_wconf 72' lang='grc' dir='ltr'>υ</span> <span class='ocrx_word' id='word_1_490' title='bbox 1768 3217 2032 3280; x_wconf 89' lang='lat' dir='ltr'><strong>tempore,</strong></span> <span class='ocrx_word' id='word_1_491' title='bbox 2068 3224 2168 3280; x_wconf 90' lang='lat' dir='ltr'><strong>pro</strong></span> <span class='ocrx_word' id='word_1_492' title='bbox 2211 3223 2445 3281; x_wconf 87' lang='lat' dir='ltr'><strong>persona</strong></span> <span class='ocrx_word' id='word_1_493' title='bbox 2466 3218 2551 3265; x_wconf 90' lang='lat' dir='ltr'><strong>est</strong></span> <span class='ocrx_word' id='word_1_494' title='bbox 2574 3208 2898 3265; x_wconf 80' lang='lat' dir='ltr'><strong>exercenda.</strong></span> <span class='ocrx_word' id='word_1_495' title='bbox 2940 3208 3145 3266; x_wconf 88' lang='lat' dir='ltr'><strong>Contra</strong></span> <span class='ocrx_word' id='word_1_496' title='bbox 3165 3219 3364 3266; x_wconf 85' lang='lat' dir='ltr'><strong>contu-</strong></span> 
     </span>
    </p>
   </div>
   <div class='ocr_carea' id='block_1_37' title="bbox 105 3300 3364 3382">
    <p class='ocr_par' dir='ltr' id='par_1_37' title="bbox 105 3300 3364 3382">
     <span class='ocr_line' id='line_1_38' title="bbox 105 3300 3364 3382; baseline 0.002 -31"><span class='ocrx_word' id='word_1_497' title='bbox 105 3309 606 3366; x_wconf 81' lang='lat' dir='ltr'><strong>speusatorem,non</strong></span> <span class='ocrx_word' id='word_1_498' title='bbox 633 3301 942 3360; x_wconf 89' lang='lat' dir='ltr'><strong>dominum.</strong></span> <span class='ocrx_word' id='word_1_499' title='bbox 978 3303 1320 3376; x_wconf 85' lang='lat' dir='ltr'><strong>Pauperibus</strong></span> <span class='ocrx_word' id='word_1_500' title='bbox 1343 3314 1429 3363; x_wconf 90' lang='lat' dir='ltr'><strong>est</strong></span> <span class='ocrx_word' id='word_1_501' title='bbox 1455 3306 1662 3378; x_wconf 85' lang='lat' dir='ltr'><strong>largus,</strong></span> <span class='ocrx_word' id='word_1_502' title='bbox 1765 3316 1951 3358; x_wconf 89' lang='lat' dir='ltr'><strong>maces</strong></span> <span class='ocrx_word' id='word_1_503' title='bbox 1972 3300 2176 3372; x_wconf 85' lang='lat' dir='ltr'><strong>quippe</strong></span> <span class='ocrx_word' id='word_1_504' title='bbox 2219 3300 2484 3359; x_wconf 85' lang='lat' dir='ltr'><strong>debemus</strong></span> <span class='ocrx_word' id='word_1_505' title='bbox 2514 3316 2637 3359; x_wconf 86' lang='lat' dir='ltr'><strong>esse</strong></span> <span class='ocrx_word' id='word_1_506' title='bbox 2671 3301 2857 3373; x_wconf 77' lang='lat' dir='ltr'><strong>rigidi,</strong></span> <span class='ocrx_word' id='word_1_507' title='bbox 2881 3317 3011 3373; x_wconf 83' lang='lat' dir='ltr'><strong>erga</strong></span> <span class='ocrx_word' id='word_1_508' title='bbox 3058 3317 3190 3358; x_wconf 90' lang='lat' dir='ltr'><strong>vero</strong></span> <span class='ocrx_word' id='word_1_509' title='bbox 3227 3302 3364 3382; x_wconf 81' lang='lat' dir='ltr'><strong>sim-</strong></span> 
     </span>
    </p>
   </div>
   <div class='ocr_carea' id='block_1_38' title="bbox 104 3390 3363 3477">
    <p class='ocr_par' dir='ltr' id='par_1_38' title="bbox 104 3390 3363 3477">
     <span class='ocr_line' id='line_1_39' title="bbox 104 3390 3363 3477; baseline 0.003 -35"><span class='ocrx_word' id='word_1_510' title='bbox 104 3390 188 3444; x_wconf 77' lang='lat' dir='ltr'><strong>siln</strong></span> <span class='ocrx_word' id='word_1_511' title='bbox 230 3407 351 3448; x_wconf 87' lang='lat' dir='ltr'><strong>vero</strong></span> <span class='ocrx_word' id='word_1_512' title='bbox 374 3408 604 3464; x_wconf 85' lang='lat' dir='ltr'><strong>parcus.</strong></span> <span class='ocrx_word' id='word_1_513' title='bbox 648 3394 775 3452; x_wconf 84' lang='lat' dir='ltr'><strong>Illas</strong></span> <span class='ocrx_word' id='word_1_514' title='bbox 814 3413 945 3453; x_wconf 88' lang='lat' dir='ltr'><strong>vero</strong></span> <span class='ocrx_word' id='word_1_515' title='bbox 980 3398 1153 3454; x_wconf 90' lang='lat' dir='ltr'><strong>credit</strong></span> <span class='ocrx_word' id='word_1_516' title='bbox 1181 3399 1330 3457; x_wconf 88' lang='lat' dir='ltr'><strong>solas</strong></span> <span class='ocrx_word' id='word_1_517' title='bbox 1377 3416 1502 3457; x_wconf 88' lang='lat' dir='ltr'><strong>esse</strong></span> <span class='ocrx_word' id='word_1_518' title='bbox 1525 3401 1665 3457; x_wconf 90' lang='lat' dir='ltr'><strong>divi-</strong></span> <span class='ocrx_word' id='word_1_519' title='bbox 1764 3396 1937 3467; x_wconf 89' lang='lat' dir='ltr'><strong>plices</strong></span> <span class='ocrx_word' id='word_1_520' title='bbox 1960 3404 2015 3452; x_wconf 94' lang='lat' dir='ltr'><strong>et</strong></span> <span class='ocrx_word' id='word_1_521' title='bbox 2037 3396 2202 3452; x_wconf 89' lang='lat' dir='ltr'><strong>rudes</strong></span> <span class='ocrx_word' id='word_1_522' title='bbox 2227 3395 2492 3477; x_wconf 84' lang='lat' dir='ltr'><strong>debemus</strong></span> <span class='ocrx_word' id='word_1_523' title='bbox 2520 3410 2643 3452; x_wconf 90' lang='lat' dir='ltr'><strong>esse</strong></span> <span class='ocrx_word' id='word_1_524' title='bbox 2677 3394 2861 3450; x_wconf 85' lang='lat' dir='ltr'><strong>mites.</strong></span> <span class='ocrx_word' id='word_1_525' title='bbox 2900 3394 3008 3451; x_wconf 81' lang='lat' dir='ltr'><strong>Sed</strong></span> <span class='ocrx_word' id='word_1_526' title='bbox 3036 3404 3091 3450; x_wconf 92' lang='lat' dir='ltr'><strong>et</strong></span> <span class='ocrx_word' id='word_1_527' title='bbox 3111 3395 3167 3451; x_wconf 89' lang='lat' dir='ltr'><strong>in</strong></span> <span class='ocrx_word' id='word_1_528' title='bbox 3187 3395 3363 3451; x_wconf 73' lang='lat' dir='ltr'><strong>omni-</strong></span> 
     </span>
    </p>
   </div>
   <div class='ocr_carea' id='block_1_39' title="bbox 102 3484 3360 3568">
    <p class='ocr_par' dir='ltr' id='par_1_39' title="bbox 102 3484 3360 3568">
     <span class='ocr_line' id='line_1_40' title="bbox 102 3484 3360 3568; baseline 0.002 -29"><span class='ocrx_word' id='word_1_529' title='bbox 102 3486 187 3539; x_wconf 78' lang='lat' dir='ltr'><strong>tias</strong></span> <span class='ocrx_word' id='word_1_530' title='bbox 222 3500 336 3554; x_wconf 75' lang='lat' dir='ltr'><strong>qua:</strong></span> <span class='ocrx_word' id='word_1_531' title='bbox 365 3487 669 3544; x_wconf 86' lang='lat' dir='ltr'><strong>dominum</strong></span> <span class='ocrx_word' id='word_1_532' title='bbox 693 3504 856 3545; x_wconf 90' lang='lat' dir='ltr'><strong>suum</strong></span> <span class='ocrx_word' id='word_1_533' title='bbox 884 3504 994 3545; x_wconf 88' lang='lat' dir='ltr'><strong>non</strong></span> <span class='ocrx_word' id='word_1_534' title='bbox 1021 3490 1358 3562; x_wconf 86' lang='lat' dir='ltr'><strong>relinquunt,</strong></span> <span class='ocrx_word' id='word_1_535' title='bbox 1382 3502 1445 3548; x_wconf 92' lang='lat' dir='ltr'><strong>ut</strong></span> <span class='ocrx_word' id='word_1_536' title='bbox 1481 3493 1663 3561; x_wconf 80' lang='lat' dir='ltr'><strong>fidem,</strong></span> <span class='ocrx_word' id='word_1_537' title='bbox 1765 3489 1869 3568; x_wconf 84' lang='lat' dir='ltr'><strong>bus</strong></span> <span class='ocrx_word' id='word_1_538' title='bbox 1905 3489 2064 3545; x_wconf 90' lang='lat' dir='ltr'><strong>debet</strong></span> <span class='ocrx_word' id='word_1_539' title='bbox 2115 3503 2331 3559; x_wconf 86' lang='lat' dir='ltr'><strong>semper</strong></span> <span class='ocrx_word' id='word_1_540' title='bbox 2376 3484 2637 3545; x_wconf 83' lang='lat' dir='ltr'><strong>comitari</strong></span> <span class='ocrx_word' id='word_1_541' title='bbox 2682 3487 2833 3559; x_wconf 81' lang='lat' dir='ltr'><strong>rigor</strong></span> <span class='ocrx_word' id='word_1_542' title='bbox 2881 3487 3273 3555; x_wconf 79' lang='lat' dir='ltr'><strong>mititudinetl,</strong></span> <span class='ocrx_word' id='word_1_543' title='bbox 3302 3498 3360 3544; x_wconf 88' lang='lat' dir='ltr'><strong>et</strong></span> 
     </span>
    </p>
   </div>
   <div class='ocr_carea' id='block_1_40' title="bbox 98 3579 3357 3655">
    <p class='ocr_par' dir='ltr' id='par_1_40' title="bbox 98 3579 3357 3655">
     <span class='ocr_line' id='line_1_41' title="bbox 98 3579 3357 3655; baseline 0.002 -28"><span class='ocrx_word' id='word_1_544' title='bbox 98 3589 226 3645; x_wconf 83' lang='lat' dir='ltr'><strong>spem</strong></span> <span class='ocrx_word' id='word_1_545' title='bbox 247 3586 299 3632; x_wconf 90' lang='lat' dir='ltr'><strong>et</strong></span> <span class='ocrx_word' id='word_1_546' title='bbox 324 3579 689 3647; x_wconf 86' lang='lat' dir='ltr'><strong>cbaritatem,</strong></span> <span class='ocrx_word' id='word_1_547' title='bbox 711 3588 766 3636; x_wconf 92' lang='lat' dir='ltr'><strong>et</strong></span> <span class='ocrx_word' id='word_1_548' title='bbox 787 3581 1263 3639; x_wconf 70' lang='lat' dir='ltr'><strong>czeterasvirtutes</strong></span> <span class='ocrx_word' id='word_1_549' title='bbox 1301 3599 1426 3655; x_wconf 76' lang='lat' dir='ltr'><strong>qua:</strong></span> <span class='ocrx_word' id='word_1_550' title='bbox 1484 3586 1664 3641; x_wconf 89' lang='lat' dir='ltr'><strong>homi-</strong></span> <span class='ocrx_word' id='word_1_551' title='bbox 1765 3581 2021 3637; x_wconf 89' lang='lat' dir='ltr'><strong>mititudo</strong></span> <span class='ocrx_word' id='word_1_552' title='bbox 2050 3582 2310 3653; x_wconf 79' lang='lat' dir='ltr'><strong>rigorem,</strong></span> <span class='ocrx_word' id='word_1_553' title='bbox 2339 3589 2399 3635; x_wconf 92' lang='lat' dir='ltr'><strong>ut</strong></span> <span class='ocrx_word' id='word_1_554' title='bbox 2429 3579 2682 3637; x_wconf 86' lang='lat' dir='ltr'><strong>videlicet</strong></span> <span class='ocrx_word' id='word_1_555' title='bbox 2714 3589 2768 3636; x_wconf 87' lang='lat' dir='ltr'><strong>et</strong></span> <span class='ocrx_word' id='word_1_556' title='bbox 2790 3594 3005 3649; x_wconf 84' lang='lat' dir='ltr'><strong>semper</strong></span> <span class='ocrx_word' id='word_1_557' title='bbox 3033 3579 3357 3649; x_wconf 81' lang='lat' dir='ltr'><strong>habeamus,</strong></span> 
     </span>
    </p>
   </div>
   <div class='ocr_carea' id='block_1_41' title="bbox 99 3669 3354 3746">
    <p class='ocr_par' dir='ltr' id='par_1_41' title="bbox 99 3669 3354 3746">
     <span class='ocr_line' id='line_1_42' title="bbox 99 3669 3354 3746; baseline 0.002 -26"><span class='ocrx_word' id='word_1_558' title='bbox 99 3681 200 3721; x_wconf 81' lang='lat' dir='ltr'><strong>nem</strong></span> <span class='ocrx_word' id='word_1_559' title='bbox 226 3669 574 3726; x_wconf 81' lang='lat' dir='ltr'><strong>sanctiﬁcant</strong></span> <span class='ocrx_word' id='word_1_560' title='bbox 597 3670 763 3726; x_wconf 91' lang='lat' dir='ltr'><strong>simul</strong></span> <span class='ocrx_word' id='word_1_561' title='bbox 786 3678 841 3725; x_wconf 90' lang='lat' dir='ltr'><strong>et</strong></span> <span class='ocrx_word' id='word_1_562' title='bbox 860 3670 1193 3728; x_wconf 68' lang='lat' dir='ltr'><strong>beatificauit.</strong></span> <span class='ocrx_word' id='word_1_563' title='bbox 1228 3671 1333 3739; x_wconf 91' lang='lat' dir='ltr'><strong>Qui</strong></span> <span class='ocrx_word' id='word_1_564' title='bbox 1363 3683 1518 3729; x_wconf 83' lang='lat' dir='ltr'><strong>tanto</strong></span> <span class='ocrx_word' id='word_1_565' title='bbox 1546 3691 1660 3731; x_wconf 79' lang='lat' dir='ltr'><strong>ma-</strong></span> <span class='ocrx_word' id='word_1_566' title='bbox 1763 3683 1820 3730; x_wconf 90' lang='lat' dir='ltr'><strong>et</strong></span> <span class='ocrx_word' id='word_1_567' title='bbox 1843 3674 2211 3730; x_wconf 86' lang='lat' dir='ltr'><strong>ntititudinem</strong></span> <span class='ocrx_word' id='word_1_568' title='bbox 2235 3674 2467 3746; x_wconf 76' lang='lat' dir='ltr'><strong>rigidam</strong></span> <span class='ocrx_word' id='word_1_569' title='bbox 2487 3682 2544 3729; x_wconf 88' lang='lat' dir='ltr'><strong>et</strong></span> <span class='ocrx_word' id='word_1_570' title='bbox 2563 3672 2800 3745; x_wconf 79' lang='lat' dir='ltr'><strong>rigorem</strong></span> <span class='ocrx_word' id='word_1_571' title='bbox 2822 3672 3035 3729; x_wconf 86' lang='lat' dir='ltr'><strong>mitem.</strong></span> <span class='ocrx_word' id='word_1_572' title='bbox 3064 3673 3354 3743; x_wconf 75' lang='lat' dir='ltr'><strong>Alioquin,</strong></span> 
     </span>
    </p>
   </div>
   <div class='ocr_carea' id='block_1_42' title="bbox 94 3759 3352 3841">
    <p class='ocr_par' dir='ltr' id='par_1_42' title="bbox 94 3759 3352 3841">
     <span class='ocr_line' id='line_1_43' title="bbox 94 3759 3352 3841; baseline 0.001 -20"><span class='ocrx_word' id='word_1_573' title='bbox 94 3759 338 3829; x_wconf 69' lang='lat' dir='ltr'><strong>infestet</strong></span> <span class='ocrx_word' id='word_1_574' title='bbox 376 3766 713 3833; x_wconf 89' lang='lat' dir='ltr'><strong>mirabilior,</strong></span> <span class='ocrx_word' id='word_1_575' title='bbox 742 3775 955 3838; x_wconf 85' lang='lat' dir='ltr'><strong>quanto</strong></span> <span class='ocrx_word' id='word_1_576' title='bbox 993 3768 1298 3839; x_wconf 80' lang='lat' dir='ltr'><strong>majoribus</strong></span> <span class='ocrx_word' id='word_1_577' title='bbox 1324 3771 1522 3841; x_wconf 89' lang='lat' dir='ltr'><strong>opibus</strong></span> <span class='ocrx_word' id='word_1_578' title='bbox 1552 3773 1663 3828; x_wconf 82' lang='lat' dir='ltr'><strong>cir.-</strong></span> <span class='ocrx_word' id='word_1_579' title='bbox 1765 3774 1861 3820; x_wconf 86' lang='lat' dir='ltr'><strong>aut</strong></span> <span class='ocrx_word' id='word_1_580' title='bbox 1929 3765 2078 3836; x_wconf 80' lang='lat' dir='ltr'><strong>rigor</strong></span> <span class='ocrx_word' id='word_1_581' title='bbox 2142 3765 2490 3823; x_wconf 88' lang='lat' dir='ltr'><strong>incrudescet</strong></span> <span class='ocrx_word' id='word_1_582' title='bbox 2544 3774 2641 3825; x_wconf 90' lang='lat' dir='ltr'><strong>aut</strong></span> <span class='ocrx_word' id='word_1_583' title='bbox 2701 3764 2960 3820; x_wconf 83' lang='lat' dir='ltr'><strong>mititudo</strong></span> <span class='ocrx_word' id='word_1_584' title='bbox 3013 3764 3352 3825; x_wconf 82' lang='lat' dir='ltr'><strong>emollescct.</strong></span> 
     </span>
    </p>
   </div>
   <div class='ocr_carea' id='block_1_43' title="bbox 94 3853 3354 3937">
    <p class='ocr_par' dir='ltr' id='par_1_43' title="bbox 94 3853 3354 3937">
     <span class='ocr_line' id='line_1_44' title="bbox 94 3853 3354 3937; baseline 0.005 -30"><span class='ocrx_word' id='word_1_585' title='bbox 94 3855 373 3913; x_wconf 85' lang='lat' dir='ltr'><strong>cumdatus.</strong></span> <span class='ocrx_word' id='word_1_586' title='bbox 397 3857 570 3916; x_wconf 81' lang='lat' dir='ltr'><strong>Vitiis</strong></span> <span class='ocrx_word' id='word_1_587' title='bbox 592 3874 783 3915; x_wconf 90' lang='lat' dir='ltr'><strong>earum</strong></span> <span class='ocrx_word' id='word_1_588' title='bbox 814 3874 925 3915; x_wconf 90' lang='lat' dir='ltr'><strong>non</strong></span> <span class='ocrx_word' id='word_1_589' title='bbox 948 3869 1186 3929; x_wconf 90' lang='lat' dir='ltr'><strong>tenetur,</strong></span> <span class='ocrx_word' id='word_1_590' title='bbox 1213 3877 1322 3917; x_wconf 90' lang='lat' dir='ltr'><strong>non</strong></span> <span class='ocrx_word' id='word_1_591' title='bbox 1348 3873 1663 3933; x_wconf 88' lang='lat' dir='ltr'><strong>enervatur,</strong></span> <span class='ocrx_word' id='word_1_592' title='bbox 1765 3855 1980 3922; x_wconf 62' lang='lat' dir='ltr'><strong>Quanta</strong></span> <span class='ocrx_word' id='word_1_593' title='bbox 2008 3871 2140 3912; x_wconf 71' lang='lat' dir='ltr'><strong>VCI‘O</strong></span> <span class='ocrx_word' id='word_1_594' title='bbox 2169 3857 2344 3937; x_wconf 59' lang='grc' dir='ltr'><strong>νὶηυε</strong></span> <span class='ocrx_word' id='word_1_595' title='bbox 2383 3857 2458 3912; x_wconf 57' lang='lat' dir='ltr'><strong>Sil</strong></span> <span class='ocrx_word' id='word_1_596' title='bbox 2493 3855 2772 3922; x_wconf 73' lang='grc' dir='ltr'>ωίιίιυάοι</span> <span class='ocrx_word' id='word_1_597' title='bbox 2801 3854 3045 3912; x_wconf 56' lang='lat' dir='ltr'><strong>ostendit</strong></span> <span class='ocrx_word' id='word_1_598' title='bbox 3062 3853 3354 3925; x_wconf 69' lang='lat' dir='ltr'><strong>Dominus.</strong></span> 
     </span>
    </p>
   </div>
   <div class='ocr_carea' id='block_1_44' title="bbox 94 3945 3355 4025">
    <p class='ocr_par' dir='ltr' id='par_1_44' title="bbox 94 3945 3355 4025">
     <span class='ocr_line' id='line_1_45' title="bbox 94 3945 3355 4025; baseline -0.001 -20"><span class='ocrx_word' id='word_1_599' title='bbox 94 3959 182 4000; x_wconf 81' lang='lat' dir='ltr'><strong>non</strong></span> <span class='ocrx_word' id='word_1_600' title='bbox 203 3948 439 4016; x_wconf 85' lang='lat' dir='ltr'><strong>inﬂatur,</strong></span> <span class='ocrx_word' id='word_1_601' title='bbox 470 3967 592 4006; x_wconf 89' lang='lat' dir='ltr'><strong>non</strong></span> <span class='ocrx_word' id='word_1_602' title='bbox 626 3951 970 4007; x_wconf 85' lang='lat' dir='ltr'><strong>sollicitatur.</strong></span> <span class='ocrx_word' id='word_1_603' title='bbox 994 3950 1138 4024; x_wconf 84' lang='lat' dir='ltr'><strong>Opes</strong></span> <span class='ocrx_word' id='word_1_604' title='bbox 1162 3954 1235 4022; x_wconf 83' lang='lat' dir='ltr'><strong>ei,</strong></span> <span class='ocrx_word' id='word_1_605' title='bbox 1260 3955 1365 4011; x_wconf 76' lang='lat' dir='ltr'><strong>etsi</strong></span> <span class='ocrx_word' id='word_1_606' title='bbox 1397 3956 1664 4025; x_wconf 64' lang='lat' dir='ltr'><strong>arrident,</strong></span> <span class='ocrx_word' id='word_1_607' title='bbox 1764 3963 1889 4003; x_wconf 87' lang='lat' dir='ltr'><strong>cum</strong></span> <span class='ocrx_word' id='word_1_608' title='bbox 1917 3962 1976 4003; x_wconf 89' lang='lat' dir='ltr'><strong>se</strong></span> <span class='ocrx_word' id='word_1_609' title='bbox 1998 3946 2133 4003; x_wconf 86' lang='lat' dir='ltr'><strong>dicit</strong></span> <span class='ocrx_word' id='word_1_610' title='bbox 2156 3962 2281 4004; x_wconf 83' lang='lat' dir='ltr'><strong>esse</strong></span> <span class='ocrx_word' id='word_1_611' title='bbox 2302 3946 2626 4019; x_wconf 84' lang='lat' dir='ltr'><strong>magistrum</strong></span> <span class='ocrx_word' id='word_1_612' title='bbox 2649 3945 2819 4002; x_wconf 89' lang='lat' dir='ltr'><strong>illius.</strong></span> <span class='ocrx_word' id='word_1_613' title='bbox 2851 3966 2870 3998; x_wconf 82' lang='grc' dir='ltr'><strong>ι</strong></span> <span class='ocrx_word' id='word_1_614' title='bbox 2905 3945 3130 4013; x_wconf 84' lang='lat' dir='ltr'><strong>Discite,</strong></span> <span class='ocrx_word' id='word_1_615' title='bbox 3152 3946 3355 4019; x_wconf 86' lang='lat' dir='ltr'><strong>inquit,</strong></span> 
     </span>
    </p>
   </div>
   <div class='ocr_carea' id='block_1_45' title="bbox 91 4030 1609 4116">
    <p class='ocr_par' dir='ltr' id='par_1_45' title="bbox 91 4030 1609 4116">
     <span class='ocr_line' id='line_1_46' title="bbox 91 4030 1609 4116; baseline 0.009 -25"><span class='ocrx_word' id='word_1_616' title='bbox 91 4053 183 4093; x_wconf 88' lang='lat' dir='ltr'><strong>non</strong></span> <span class='ocrx_word' id='word_1_617' title='bbox 198 4048 374 4099; x_wconf 82' lang='lat' dir='ltr'><strong>tamen</strong></span> <span class='ocrx_word' id='word_1_618' title='bbox 404 4043 823 4099; x_wconf 83' lang='lat' dir='ltr'><strong>irrident.Talis</strong></span> <span class='ocrx_word' id='word_1_619' title='bbox 844 4030 1054 4116; x_wconf 82' lang='lat' dir='ltr'><strong>pauper</strong></span> <span class='ocrx_word' id='word_1_620' title='bbox 1076 4055 1196 4102; x_wconf 87' lang='lat' dir='ltr'><strong>erat</strong></span> <span class='ocrx_word' id='word_1_621' title='bbox 1213 4045 1516 4116; x_wconf 79' lang='lat' dir='ltr'><strong>Abraham,</strong></span> <span class='ocrx_word' id='word_1_622' title='bbox 1542 4050 1609 4105; x_wconf 91' lang='lat' dir='ltr'><strong>tal</strong></span> 
     </span>
    </p>
   </div>
   <div class='ocr_carea' id='block_1_46' title="bbox 1829 4030 3347 4116">
    <p class='ocr_par' dir='ltr' id='par_1_46' title="bbox 1829 4036 3347 4113">
     <span class='ocr_line' id='line_1_47' title="bbox 1829 4036 3347 4113; baseline 0.001 -23"><span class='ocrx_word' id='word_1_623' title='bbox 1829 4052 1916 4092; x_wconf 89' lang='lat' dir='ltr'><strong>me</strong></span> <span class='ocrx_word' id='word_1_624' title='bbox 1942 4036 2072 4107; x_wconf 88' lang='lat' dir='ltr'><strong>quia</strong></span> <span class='ocrx_word' id='word_1_625' title='bbox 2102 4036 2255 4092; x_wconf 87' lang='lat' dir='ltr'><strong>mitis</strong></span> <span class='ocrx_word' id='word_1_626' title='bbox 2277 4052 2401 4095; x_wconf 87' lang='lat' dir='ltr'><strong>sum</strong></span> <span class='ocrx_word' id='word_1_627' title='bbox 2432 4044 2487 4092; x_wconf 89' lang='lat' dir='ltr'><strong>et</strong></span> <span class='ocrx_word' id='word_1_628' title='bbox 2516 4036 2744 4105; x_wconf 80' lang='lat' dir='ltr'><strong>humilis</strong></span> <span class='ocrx_word' id='word_1_629' title='bbox 2768 4036 2935 4093; x_wconf 90' lang='lat' dir='ltr'><strong>corde</strong></span> <span class='ocrx_word' id='word_1_630' title='bbox 2961 4036 3180 4109; x_wconf 78' lang='lat' dir='ltr'><strong>(Matth.</strong></span> <span class='ocrx_word' id='word_1_631' title='bbox 3214 4037 3347 4113; x_wconf 64' lang='lat' dir='ltr'><strong>x1).t</strong></span> 
     </span>
    </p>
   </div>
   <div class='ocr_carea' id='block_1_47' title="bbox 89 4128 3352 4214">
    <p class='ocr_par' dir='ltr' id='par_1_47' title="bbox 89 4128 3352 4214">
     <span class='ocr_line' id='line_1_48' title="bbox 89 4128 3352 4214; baseline 0.002 -32"><span class='ocrx_word' id='word_1_632' title='bbox 89 4142 398 4208; x_wconf 69' lang='lat' dir='ltr'><strong>eratpauper</strong></span> <span class='ocrx_word' id='word_1_633' title='bbox 416 4136 725 4209; x_wconf 62' lang='lat' dir='ltr'><strong>David,qui</strong></span> <span class='ocrx_word' id='word_1_634' title='bbox 749 4140 964 4209; x_wconf 73' lang='grc' dir='ltr'><strong>ροείιιιε</strong></span> <span class='ocrx_word' id='word_1_635' title='bbox 985 4140 1358 4197; x_wconf 61' lang='grc' dir='ltr'><strong>ίηιειιάίγίιίθε</strong></span> <span class='ocrx_word' id='word_1_636' title='bbox 1371 4143 1665 4200; x_wconf 51' lang='lat' dir='ltr'><strong>meum.“</strong></span> <span class='ocrx_word' id='word_1_637' title='bbox 1765 4129 1842 4185; x_wconf 88' lang='lat' dir='ltr'><strong>De</strong></span> <span class='ocrx_word' id='word_1_638' title='bbox 1864 4128 1971 4186; x_wconf 89' lang='lat' dir='ltr'><strong>hac</strong></span> <span class='ocrx_word' id='word_1_639' title='bbox 1998 4129 2198 4185; x_wconf 89' lang='lat' dir='ltr'><strong>virtute</strong></span> <span class='ocrx_word' id='word_1_640' title='bbox 2229 4128 2444 4201; x_wconf 85' lang='lat' dir='ltr'><strong>Moyses</strong></span> <span class='ocrx_word' id='word_1_641' title='bbox 2472 4129 2893 4189; x_wconf 87' lang='lat' dir='ltr'><strong>commendatur</strong></span> <span class='ocrx_word' id='word_1_642' title='bbox 2914 4145 3067 4214; x_wconf 30' lang='lat' dir='ltr'><strong>cum:</strong></span> <span class='ocrx_word' id='word_1_643' title='bbox 3099 4129 3302 4189; x_wconf 86' lang='lat' dir='ltr'><strong>dicitur</strong></span> <span class='ocrx_word' id='word_1_644' title='bbox 3334 4149 3352 4187; x_wconf 92' lang='lat'><strong>:</strong></span> 
     </span>
    </p>
   </div>
   <div class='ocr_carea' id='block_1_48' title="bbox 85 4221 3353 4306">
    <p class='ocr_par' dir='ltr' id='par_1_48' title="bbox 85 4221 3353 4306">
     <span class='ocr_line' id='line_1_49' title="bbox 85 4221 3353 4306; baseline 0.005 -27"><span class='ocrx_word' id='word_1_645' title='bbox 85 4224 255 4282; x_wconf 72' lang='lat' dir='ltr'><strong>dicitzt</strong></span> <span class='ocrx_word' id='word_1_646' title='bbox 278 4228 393 4302; x_wconf 81' lang='lat' dir='ltr'><strong>Ego</strong></span> <span class='ocrx_word' id='word_1_647' title='bbox 416 4247 548 4286; x_wconf 86' lang='lat' dir='ltr'><strong>sum</strong></span> <span class='ocrx_word' id='word_1_648' title='bbox 570 4246 777 4302; x_wconf 88' lang='lat' dir='ltr'><strong>pauper</strong></span> <span class='ocrx_word' id='word_1_649' title='bbox 793 4231 1665 4306; x_wconf 69' lang='lat' dir='ltr'><strong>etdolcns(Psal.uvttt).tTalis</strong></span> <span class='ocrx_word' id='word_1_650' title='bbox 1769 4242 1789 4278; x_wconf 68' lang='grc' dir='ltr'><strong>ε</strong></span> <span class='ocrx_word' id='word_1_651' title='bbox 1827 4221 1960 4278; x_wconf 55' lang='lat' dir='ltr'><strong>Emi</strong></span> <span class='ocrx_word' id='word_1_652' title='bbox 2016 4232 2198 4278; x_wconf 52' lang='lat' dir='ltr'><strong>autem</strong></span> <span class='ocrx_word' id='word_1_653' title='bbox 2258 4221 2472 4293; x_wconf 61' lang='lat' dir='ltr'><strong>M03563</strong></span> <span class='ocrx_word' id='word_1_654' title='bbox 2519 4221 2850 4281; x_wconf 70' lang='grc' dir='ltr'><strong>ωίιίεείωυε</strong></span> <span class='ocrx_word' id='word_1_655' title='bbox 2878 4222 3128 4278; x_wconf 65' lang='lat' dir='ltr'><strong>omnium</strong></span> <span class='ocrx_word' id='word_1_656' title='bbox 3168 4222 3353 4279; x_wconf 68' lang='grc' dir='ltr'>ιιοπιῖ*</span> 
     </span>
    </p>
   </div>
   <div class='ocr_carea' id='block_1_49' title="bbox 85 4312 1603 4398">
    <p class='ocr_par' dir='ltr' id='par_1_49' title="bbox 85 4321 1603 4398">
     <span class='ocr_line' id='line_1_50' title="bbox 85 4321 1603 4398; baseline 0.009 -29"><span class='ocrx_word' id='word_1_657' title='bbox 85 4330 266 4388; x_wconf 85' lang='lat' dir='ltr'><strong>pauper</strong></span> <span class='ocrx_word' id='word_1_658' title='bbox 291 4331 413 4379; x_wconf 89' lang='lat' dir='ltr'><strong>erat</strong></span> <span class='ocrx_word' id='word_1_659' title='bbox 434 4321 567 4388; x_wconf 85' lang='lat' dir='ltr'><strong>Job,</strong></span> <span class='ocrx_word' id='word_1_660' title='bbox 599 4323 692 4393; x_wconf 89' lang='lat' dir='ltr'><strong>qui</strong></span> <span class='ocrx_word' id='word_1_661' title='bbox 715 4323 849 4378; x_wconf 86' lang='lat' dir='ltr'><strong>dicit</strong></span> <span class='ocrx_word' id='word_1_662' title='bbox 875 4339 935 4379; x_wconf 91' lang='lat' dir='ltr'><strong>se</strong></span> <span class='ocrx_word' id='word_1_663' title='bbox 958 4323 1028 4379; x_wconf 90' lang='lat' dir='ltr'><strong>de</strong></span> <span class='ocrx_word' id='word_1_664' title='bbox 1074 4324 1286 4381; x_wconf 87' lang='lat' dir='ltr'><strong>divitiis</strong></span> <span class='ocrx_word' id='word_1_665' title='bbox 1321 4325 1439 4382; x_wconf 89' lang='lat' dir='ltr'><strong>suis</strong></span> <span class='ocrx_word' id='word_1_666' title='bbox 1463 4328 1603 4398; x_wconf 78' lang='lat' dir='ltr'><strong>gaud</strong></span> 
     </span>
    </p>
   </div>
   <div class='ocr_carea' id='block_1_50' title="bbox 1833 4312 3351 4398">
    <p class='ocr_par' dir='ltr' id='par_1_50' title="bbox 1833 4312 3351 4393">
     <span class='ocr_line' id='line_1_51' title="bbox 1833 4312 3351 4393; baseline 0.003 -26"><span class='ocrx_word' id='word_1_667' title='bbox 1833 4329 1895 4368; x_wconf 55' lang='lat' dir='ltr'><strong>xm</strong></span> <span class='ocrx_word' id='word_1_668' title='bbox 1925 4312 2117 4386; x_wconf 72' lang='lat' dir='ltr'><strong>(Nam.</strong></span> <span class='ocrx_word' id='word_1_669' title='bbox 2162 4312 2289 4384; x_wconf 74' lang='lat' dir='ltr'><strong>xu).</strong></span> <span class='ocrx_word' id='word_1_670' title='bbox 2327 4332 2345 4365; x_wconf 73' lang='grc' dir='ltr'><strong>ι</strong></span> <span class='ocrx_word' id='word_1_671' title='bbox 2377 4312 2454 4368; x_wconf 88' lang='lat' dir='ltr'><strong>De</strong></span> <span class='ocrx_word' id='word_1_672' title='bbox 2483 4313 2588 4369; x_wconf 92' lang='lat' dir='ltr'><strong>hac</strong></span> <span class='ocrx_word' id='word_1_673' title='bbox 2622 4314 3040 4373; x_wconf 88' lang='lat' dir='ltr'><strong>commendatur</strong></span> <span class='ocrx_word' id='word_1_674' title='bbox 3083 4323 3140 4381; x_wconf 84' lang='lat' dir='ltr'><strong>et</strong></span> <span class='ocrx_word' id='word_1_675' title='bbox 3179 4313 3351 4393; x_wconf 86' lang='lat' dir='ltr'><strong>David</strong></span> 
     </span>
    </p>
   </div>
   <div class='ocr_carea' id='block_1_51' title="bbox 83 4403 1601 4488">
    <p class='ocr_par' dir='ltr' id='par_1_51' title="bbox 83 4411 1599 4488">
     <span class='ocr_line' id='line_1_52' title="bbox 83 4411 1599 4488; baseline 0.008 -27"><span class='ocrx_word' id='word_1_676' title='bbox 83 4423 173 4463; x_wconf 86' lang='lat' dir='ltr'><strong>non</strong></span> <span class='ocrx_word' id='word_1_677' title='bbox 218 4412 480 4469; x_wconf 88' lang='lat' dir='ltr'><strong>habuisse</strong></span> <span class='ocrx_word' id='word_1_678' title='bbox 514 4411 644 4485; x_wconf 82' lang='lat' dir='ltr'><strong>(Job</strong></span> <span class='ocrx_word' id='word_1_679' title='bbox 677 4414 853 4483; x_wconf 74' lang='lat' dir='ltr'><strong>xxxi).</strong></span> <span class='ocrx_word' id='word_1_680' title='bbox 886 4412 985 4471; x_wconf 85' lang='lat' dir='ltr'><strong>Est</strong></span> <span class='ocrx_word' id='word_1_681' title='bbox 1010 4423 1193 4470; x_wconf 87' lang='lat' dir='ltr'><strong>autem</strong></span> <span class='ocrx_word' id='word_1_682' title='bbox 1222 4415 1339 4472; x_wconf 73' lang='lat' dir='ltr'><strong>haec</strong></span> <span class='ocrx_word' id='word_1_683' title='bbox 1373 4417 1599 4488; x_wconf 86' lang='lat' dir='ltr'><strong>pauperi</strong></span> 
     </span>
    </p>
   </div>
   <div class='ocr_carea' id='block_1_52' title="bbox 1833 4403 3351 4488">
    <p class='ocr_par' dir='ltr' id='par_1_52' title="bbox 1836 4403 3351 4487">
     <span class='ocr_line' id='line_1_53' title="bbox 1836 4403 3351 4487; baseline -0.001 -24"><span class='ocrx_word' id='word_1_684' title='bbox 1836 4422 1888 4463; x_wconf 83' lang='lat' dir='ltr'><strong>tn</strong></span> <span class='ocrx_word' id='word_1_685' title='bbox 1919 4406 2120 4464; x_wconf 85' lang='lat' dir='ltr'><strong>dicitur</strong></span> <span class='ocrx_word' id='word_1_686' title='bbox 2152 4424 2166 4460; x_wconf 93' lang='lat'><strong>:</strong></span> <span class='ocrx_word' id='word_1_687' title='bbox 2196 4425 2215 4458; x_wconf 87' lang='grc' dir='ltr'><strong>ι</strong></span> <span class='ocrx_word' id='word_1_688' title='bbox 2246 4403 2540 4473; x_wconf 83' lang='lat' dir='ltr'><strong>Memento,</strong></span> <span class='ocrx_word' id='word_1_689' title='bbox 2574 4404 2830 4475; x_wconf 87' lang='lat' dir='ltr'><strong>Domine,</strong></span> <span class='ocrx_word' id='word_1_690' title='bbox 2862 4406 3055 4475; x_wconf 89' lang='lat' dir='ltr'><strong>David,</strong></span> <span class='ocrx_word' id='word_1_691' title='bbox 3083 4417 3138 4464; x_wconf 91' lang='lat' dir='ltr'><strong>et</strong></span> <span class='ocrx_word' id='word_1_692' title='bbox 3168 4409 3351 4487; x_wconf 76' lang='lat' dir='ltr'><strong>omnis</strong></span> 
     </span>
    </p>
   </div>
   <div class='ocr_carea' id='block_1_53' title="bbox 83 4497 1601 4585">
    <p class='ocr_par' dir='ltr' id='par_1_53' title="bbox 83 4498 1601 4578">
     <span class='ocr_line' id='line_1_54' title="bbox 83 4498 1601 4578; baseline 0.007 -26"><span class='ocrx_word' id='word_1_693' title='bbox 83 4498 280 4558; x_wconf 88' lang='lat' dir='ltr'><strong>fortium</strong></span> <span class='ocrx_word' id='word_1_694' title='bbox 310 4507 592 4571; x_wconf 89' lang='lat' dir='ltr'><strong>virorum,</strong></span> <span class='ocrx_word' id='word_1_695' title='bbox 622 4505 716 4578; x_wconf 89' lang='lat' dir='ltr'><strong>qui</strong></span> <span class='ocrx_word' id='word_1_696' title='bbox 744 4506 799 4560; x_wconf 85' lang='lat' dir='ltr'><strong>in</strong></span> <span class='ocrx_word' id='word_1_697' title='bbox 829 4506 1152 4560; x_wconf 72' lang='lat' dir='ltr'><strong>divitiarum</strong></span> <span class='ocrx_word' id='word_1_698' title='bbox 1192 4506 1422 4564; x_wconf 90' lang='lat' dir='ltr'><strong>mollitie</strong></span> <span class='ocrx_word' id='word_1_699' title='bbox 1448 4523 1601 4563; x_wconf 82' lang='lat' dir='ltr'><strong>norm</strong></span> 
     </span>
    </p>
   </div>
   <div class='ocr_carea' id='block_1_54' title="bbox 1830 4497 3348 4585">
    <p class='ocr_par' dir='ltr' id='par_1_54' title="bbox 1830 4497 3348 4573">
     <span class='ocr_line' id='line_1_55' title="bbox 1830 4497 3348 4573; baseline 0.003 -20"><span class='ocrx_word' id='word_1_700' title='bbox 1830 4499 2200 4557; x_wconf 73' lang='lat' dir='ltr'><strong>ansuetudinis</strong></span> <span class='ocrx_word' id='word_1_701' title='bbox 2224 4499 2345 4569; x_wconf 85' lang='lat' dir='ltr'><strong>eius</strong></span> <span class='ocrx_word' id='word_1_702' title='bbox 2371 4497 2547 4571; x_wconf 78' lang='lat' dir='ltr'><strong>(Psal.</strong></span> <span class='ocrx_word' id='word_1_703' title='bbox 2574 4501 2784 4571; x_wconf 77' lang='lat' dir='ltr'><strong>enm).</strong></span> <span class='ocrx_word' id='word_1_704' title='bbox 2814 4519 2838 4552; x_wconf 63' lang='grc' dir='ltr'>οι</span> <span class='ocrx_word' id='word_1_705' title='bbox 2875 4499 3167 4557; x_wconf 89' lang='lat' dir='ltr'><strong>Discamus</strong></span> <span class='ocrx_word' id='word_1_706' title='bbox 3194 4516 3348 4573; x_wconf 75' lang='lat' dir='ltr'><strong>ergo,</strong></span> 
     </span>
    </p>
   </div>
   <div class='ocr_carea' id='block_1_55' title="bbox 77 4589 1595 4669">
    <p class='ocr_par' dir='ltr' id='par_1_55' title="bbox 77 4589 1595 4669">
     <span class='ocr_line' id='line_1_56' title="bbox 77 4589 1595 4669; baseline 0.007 -25"><span class='ocrx_word' id='word_1_707' title='bbox 77 4589 267 4650; x_wconf 81' lang='lat' dir='ltr'><strong>fortiter</strong></span> <span class='ocrx_word' id='word_1_708' title='bbox 295 4597 597 4652; x_wconf 87' lang='lat' dir='ltr'><strong>continere</strong></span> <span class='ocrx_word' id='word_1_709' title='bbox 644 4612 724 4653; x_wconf 89' lang='lat' dir='ltr'><strong>se.</strong></span> <span class='ocrx_word' id='word_1_710' title='bbox 759 4595 975 4668; x_wconf 90' lang='lat' dir='ltr'><strong>Pauper</strong></span> <span class='ocrx_word' id='word_1_711' title='bbox 999 4612 1130 4653; x_wconf 90' lang='lat' dir='ltr'><strong>vero</strong></span> <span class='ocrx_word' id='word_1_712' title='bbox 1172 4605 1229 4652; x_wconf 91' lang='lat' dir='ltr'><strong>et</strong></span> <span class='ocrx_word' id='word_1_713' title='bbox 1257 4598 1451 4669; x_wconf 91' lang='lat' dir='ltr'><strong>spiritu</strong></span> <span class='ocrx_word' id='word_1_714' title='bbox 1488 4609 1543 4655; x_wconf 90' lang='lat' dir='ltr'><strong>et</strong></span> <span class='ocrx_word' id='word_1_715' title='bbox 1569 4616 1595 4655; x_wconf 88' lang='lat' dir='ltr'><strong>r</strong></span> 
     </span>
    </p>
   </div>
   <div class='ocr_carea' id='block_1_56' title="bbox 1831 4589 3349 4669">
    <p class='ocr_par' dir='ltr' id='par_1_56' title="bbox 1831 4590 3349 4663">
     <span class='ocr_line' id='line_1_57' title="bbox 1831 4590 3349 4663; baseline 0.001 -17"><span class='ocrx_word' id='word_1_716' title='bbox 1831 4600 1960 4647; x_wconf 81' lang='lat' dir='ltr'><strong>ttres</strong></span> <span class='ocrx_word' id='word_1_717' title='bbox 2014 4590 2144 4659; x_wconf 87' lang='lat' dir='ltr'><strong>mei,</strong></span> <span class='ocrx_word' id='word_1_718' title='bbox 2174 4607 2299 4648; x_wconf 89' lang='lat' dir='ltr'><strong>esse</strong></span> <span class='ocrx_word' id='word_1_719' title='bbox 2318 4592 2483 4648; x_wconf 90' lang='lat' dir='ltr'><strong>mites</strong></span> <span class='ocrx_word' id='word_1_720' title='bbox 2512 4602 2564 4647; x_wconf 89' lang='lat' dir='ltr'><strong>et</strong></span> <span class='ocrx_word' id='word_1_721' title='bbox 2600 4592 2894 4660; x_wconf 86' lang='lat' dir='ltr'><strong>mansueti,</strong></span> <span class='ocrx_word' id='word_1_722' title='bbox 2941 4592 3206 4663; x_wconf 87' lang='lat' dir='ltr'><strong>quoniam</strong></span> <span class='ocrx_word' id='word_1_723' title='bbox 3245 4592 3349 4647; x_wconf 92' lang='lat' dir='ltr'><strong>soli</strong></span> 
     </span>
    </p>
   </div>
   <div class='ocr_carea' id='block_1_57' title="bbox 75 4683 3348 4763">
    <p class='ocr_par' dir='ltr' id='par_1_57' title="bbox 75 4683 3348 4763">
     <span class='ocr_line' id='line_1_58' title="bbox 75 4683 3348 4763; baseline -0.001 -23"><span class='ocrx_word' id='word_1_724' title='bbox 75 4683 164 4740; x_wconf 82' lang='lat' dir='ltr'><strong>bus</strong></span> <span class='ocrx_word' id='word_1_725' title='bbox 182 4697 282 4754; x_wconf 84' lang='lat' dir='ltr'><strong>est,</strong></span> <span class='ocrx_word' id='word_1_726' title='bbox 306 4690 403 4759; x_wconf 87' lang='lat' dir='ltr'><strong>qui</strong></span> <span class='ocrx_word' id='word_1_727' title='bbox 437 4705 556 4744; x_wconf 88' lang='lat' dir='ltr'><strong>non</strong></span> <span class='ocrx_word' id='word_1_728' title='bbox 600 4689 779 4745; x_wconf 87' lang='lat' dir='ltr'><strong>solum</strong></span> <span class='ocrx_word' id='word_1_729' title='bbox 807 4690 1088 4757; x_wconf 82' lang='lat' dir='ltr'><strong>mandata,</strong></span> <span class='ocrx_word' id='word_1_730' title='bbox 1119 4691 1214 4746; x_wconf 82' lang='lat' dir='ltr'><strong>sed</strong></span> <span class='ocrx_word' id='word_1_731' title='bbox 1234 4691 1399 4747; x_wconf 79' lang='lat' dir='ltr'><strong>etiam</strong></span> <span class='ocrx_word' id='word_1_732' title='bbox 1428 4692 1657 4749; x_wconf 75' lang='lat' dir='ltr'><strong>consilia</strong></span> <span class='ocrx_word' id='word_1_733' title='bbox 1758 4684 1898 4740; x_wconf 86' lang='lat' dir='ltr'><strong>tales</strong></span> <span class='ocrx_word' id='word_1_734' title='bbox 1953 4684 2312 4755; x_wconf 90' lang='lat' dir='ltr'><strong>possidebunt</strong></span> <span class='ocrx_word' id='word_1_735' title='bbox 2352 4694 2576 4741; x_wconf 82' lang='lat' dir='ltr'><strong>terram.</strong></span> <span class='ocrx_word' id='word_1_736' title='bbox 2607 4683 2782 4739; x_wconf 86' lang='lat' dir='ltr'><strong>Porro</strong></span> <span class='ocrx_word' id='word_1_737' title='bbox 2807 4699 3050 4755; x_wconf 85' lang='lat' dir='ltr'><strong>congrue</strong></span> <span class='ocrx_word' id='word_1_738' title='bbox 3070 4684 3348 4763; x_wconf 79' lang='lat' dir='ltr'><strong>possessio</strong></span> 
     </span>
    </p>
   </div>
   <div class='ocr_carea' id='block_1_58' title="bbox 74 4776 3351 4855">
    <p class='ocr_par' dir='ltr' id='par_1_58' title="bbox 74 4776 3351 4855">
     <span class='ocr_line' id='line_1_59' title="bbox 74 4776 3351 4855; baseline -0.001 -21"><span class='ocrx_word' id='word_1_739' title='bbox 74 4788 294 4848; x_wconf 83' lang='lat' dir='ltr'><strong>secutus,</strong></span> <span class='ocrx_word' id='word_1_740' title='bbox 322 4782 520 4836; x_wconf 81' lang='lat' dir='ltr'><strong>vendit</strong></span> <span class='ocrx_word' id='word_1_741' title='bbox 551 4782 738 4836; x_wconf 89' lang='lat' dir='ltr'><strong>omnia</strong></span> <span class='ocrx_word' id='word_1_742' title='bbox 764 4797 891 4852; x_wconf 77' lang='lat' dir='ltr'><strong>qua:</strong></span> <span class='ocrx_word' id='word_1_743' title='bbox 922 4780 1089 4837; x_wconf 86' lang='lat' dir='ltr'><strong>habet</strong></span> <span class='ocrx_word' id='word_1_744' title='bbox 1109 4790 1165 4839; x_wconf 87' lang='lat' dir='ltr'><strong>et</strong></span> <span class='ocrx_word' id='word_1_745' title='bbox 1186 4782 1281 4838; x_wconf 84' lang='lat' dir='ltr'><strong>dat</strong></span> <span class='ocrx_word' id='word_1_746' title='bbox 1299 4785 1655 4855; x_wconf 71' lang='lat' dir='ltr'><strong>pauperibus,</strong></span> <span class='ocrx_word' id='word_1_747' title='bbox 1757 4786 1919 4833; x_wconf 68' lang='lat' dir='ltr'><strong>terra:</strong></span> <span class='ocrx_word' id='word_1_748' title='bbox 1941 4776 2168 4832; x_wconf 89' lang='lat' dir='ltr'><strong>mitibus</strong></span> <span class='ocrx_word' id='word_1_749' title='bbox 2188 4777 2546 4848; x_wconf 89' lang='lat' dir='ltr'><strong>promittitur,</strong></span> <span class='ocrx_word' id='word_1_750' title='bbox 2570 4776 2833 4847; x_wconf 87' lang='lat' dir='ltr'><strong>quoniam</strong></span> <span class='ocrx_word' id='word_1_751' title='bbox 2859 4776 2962 4832; x_wconf 90' lang='lat' dir='ltr'><strong>soli</strong></span> <span class='ocrx_word' id='word_1_752' title='bbox 2990 4776 3067 4831; x_wconf 88' lang='lat' dir='ltr'><strong>illi</strong></span> <span class='ocrx_word' id='word_1_753' title='bbox 3092 4776 3189 4853; x_wconf 85' lang='lat' dir='ltr'><strong>qui</strong></span> <span class='ocrx_word' id='word_1_754' title='bbox 3218 4785 3351 4832; x_wconf 86' lang='lat' dir='ltr'><strong>sunt</strong></span> 
     </span>
    </p>
   </div>
   <div class='ocr_carea' id='block_1_59' title="bbox 69 4864 1587 4948">
    <p class='ocr_par' dir='ltr' id='par_1_59' title="bbox 69 4872 1587 4948">
     <span class='ocr_line' id='line_1_60' title="bbox 69 4872 1587 4948; baseline 0.008 -27"><span class='ocrx_word' id='word_1_755' title='bbox 69 4878 116 4922; x_wconf 83' lang='lat' dir='ltr'><strong>et</strong></span> <span class='ocrx_word' id='word_1_756' title='bbox 137 4873 310 4929; x_wconf 87' lang='lat' dir='ltr'><strong>nudus</strong></span> <span class='ocrx_word' id='word_1_757' title='bbox 354 4874 578 4928; x_wconf 90' lang='lat' dir='ltr'><strong>nudum</strong></span> <span class='ocrx_word' id='word_1_758' title='bbox 622 4872 906 4929; x_wconf 87' lang='lat' dir='ltr'><strong>Christum</strong></span> <span class='ocrx_word' id='word_1_759' title='bbox 956 4874 1226 4945; x_wconf 89' lang='lat' dir='ltr'><strong>sequitur.</strong></span> <span class='ocrx_word' id='word_1_760' title='bbox 1261 4874 1410 4931; x_wconf 88' lang='lat' dir='ltr'><strong>Talis</strong></span> <span class='ocrx_word' id='word_1_761' title='bbox 1451 4893 1587 4948; x_wconf 82' lang='lat' dir='ltr'><strong>paup</strong></span> 
     </span>
    </p>
   </div>
   <div class='ocr_carea' id='block_1_60' title="bbox 1827 4864 3345 4948">
    <p class='ocr_par' dir='ltr' id='par_1_60' title="bbox 1827 4864 3345 4939">
     <span class='ocr_line' id='line_1_61' title="bbox 1827 4864 3345 4939; baseline 0 -19"><span class='ocrx_word' id='word_1_762' title='bbox 1827 4867 1921 4921; x_wconf 81' lang='lat' dir='ltr'><strong>ites</strong></span> <span class='ocrx_word' id='word_1_763' title='bbox 1950 4867 2219 4935; x_wconf 90' lang='lat' dir='ltr'><strong>moribus,</strong></span> <span class='ocrx_word' id='word_1_764' title='bbox 2247 4877 2308 4927; x_wconf 86' lang='lat' dir='ltr'><strong>ut</strong></span> <span class='ocrx_word' id='word_1_765' title='bbox 2348 4866 2565 4939; x_wconf 84' lang='lat' dir='ltr'><strong>Moyses</strong></span> <span class='ocrx_word' id='word_1_766' title='bbox 2593 4874 2648 4920; x_wconf 91' lang='lat' dir='ltr'><strong>ct</strong></span> <span class='ocrx_word' id='word_1_767' title='bbox 2674 4864 2868 4932; x_wconf 90' lang='lat' dir='ltr'><strong>David,</strong></span> <span class='ocrx_word' id='word_1_768' title='bbox 2896 4874 3131 4937; x_wconf 87' lang='lat' dir='ltr'><strong>possunt</strong></span> <span class='ocrx_word' id='word_1_769' title='bbox 3164 4865 3345 4937; x_wconf 90' lang='lat' dir='ltr'><strong>possi-</strong></span> 
     </span>
    </p>
   </div>
   <div class='ocr_carea' id='block_1_61' title="bbox 67 4956 3342 5043">
    <p class='ocr_par' dir='ltr' id='par_1_61' title="bbox 67 4956 3342 5043">
     <span class='ocr_line' id='line_1_62' title="bbox 67 4956 3342 5043; baseline 0.001 -32"><span class='ocrx_word' id='word_1_770' title='bbox 67 4962 157 5022; x_wconf 75' lang='grc' dir='ltr'>[ιιίι</span> <span class='ocrx_word' id='word_1_771' title='bbox 182 4966 330 5026; x_wconf 63' lang='grc' dir='ltr'><strong>Ειίαδ</strong></span> <span class='ocrx_word' id='word_1_772' title='bbox 385 4969 689 5041; x_wconf 56' lang='lat' dir='ltr'><strong>propheta,</strong></span> <span class='ocrx_word' id='word_1_773' title='bbox 740 4969 867 5025; x_wconf 69' lang='grc' dir='ltr'>ωιίε</span> <span class='ocrx_word' id='word_1_774' title='bbox 917 4967 1161 5027; x_wconf 67' lang='lat' dir='ltr'><strong>Joannes</strong></span> <span class='ocrx_word' id='word_1_775' title='bbox 1206 4970 1473 5043; x_wconf 52' lang='lat' dir='ltr'><strong>Baptista,</strong></span> <span class='ocrx_word' id='word_1_776' title='bbox 1519 4975 1661 5030; x_wconf 63' lang='lat' dir='ltr'><strong>me,</strong></span> <span class='ocrx_word' id='word_1_777' title='bbox 1759 4957 1888 5013; x_wconf 89' lang='lat' dir='ltr'><strong>dere</strong></span> <span class='ocrx_word' id='word_1_778' title='bbox 1916 4958 2001 5013; x_wconf 82' lang='lat' dir='ltr'><strong>vel</strong></span> <span class='ocrx_word' id='word_1_779' title='bbox 2034 4965 2234 5012; x_wconf 84' lang='lat' dir='ltr'><strong>terram</strong></span> <span class='ocrx_word' id='word_1_780' title='bbox 2269 4956 2582 5031; x_wconf 72' lang='lat' dir='ltr'><strong>viventium</strong></span> <span class='ocrx_word' id='word_1_781' title='bbox 2611 4957 2698 5012; x_wconf 90' lang='lat' dir='ltr'><strong>vel</strong></span> <span class='ocrx_word' id='word_1_782' title='bbox 2728 4967 2929 5033; x_wconf 84' lang='lat' dir='ltr'><strong>terram</strong></span> <span class='ocrx_word' id='word_1_783' title='bbox 2977 4965 3342 5013; x_wconf 89' lang='lat' dir='ltr'><strong>mortuorum.</strong></span> 
     </span>
    </p>
   </div>
   <div class='ocr_carea' id='block_1_62' title="bbox 67 5047 3344 5132">
    <p class='ocr_par' dir='ltr' id='par_1_62' title="bbox 67 5047 3344 5132">
     <span class='ocr_line' id='line_1_63' title="bbox 67 5047 3344 5132; baseline 0.001 -30"><span class='ocrx_word' id='word_1_784' title='bbox 67 5069 315 5129; x_wconf 66' lang='grc' dir='ltr'><strong>μυρειιεε</strong></span> <span class='ocrx_word' id='word_1_785' title='bbox 365 5060 606 5117; x_wconf 58' lang='lat' dir='ltr'><strong>fueram</strong></span> <span class='ocrx_word' id='word_1_786' title='bbox 660 5061 897 5132; x_wconf 52' lang='lat' dir='ltr'><strong>apostoli</strong></span> <span class='ocrx_word' id='word_1_787' title='bbox 932 5070 989 5117; x_wconf 72' lang='grc' dir='ltr'>ει</span> <span class='ocrx_word' id='word_1_788' title='bbox 1035 5062 1298 5118; x_wconf 49' lang='lat' dir='ltr'><strong>ermine,</strong></span> <span class='ocrx_word' id='word_1_789' title='bbox 1350 5062 1447 5119; x_wconf 70' lang='grc' dir='ltr'><strong>Εει</strong></span> <span class='ocrx_word' id='word_1_790' title='bbox 1470 5075 1652 5121; x_wconf 52' lang='lat' dir='ltr'><strong>autem</strong></span> <span class='ocrx_word' id='word_1_791' title='bbox 1758 5047 2003 5106; x_wconf 87' lang='lat' dir='ltr'><strong>Immites</strong></span> <span class='ocrx_word' id='word_1_792' title='bbox 2051 5065 2290 5121; x_wconf 85' lang='lat' dir='ltr'><strong>namque</strong></span> <span class='ocrx_word' id='word_1_793' title='bbox 2332 5064 2436 5105; x_wconf 85' lang='lat' dir='ltr'><strong>nec</strong></span> <span class='ocrx_word' id='word_1_794' title='bbox 2473 5064 2533 5106; x_wconf 90' lang='lat' dir='ltr'><strong>se</strong></span> <span class='ocrx_word' id='word_1_795' title='bbox 2567 5063 2669 5104; x_wconf 88' lang='lat' dir='ltr'><strong>nec</strong></span> <span class='ocrx_word' id='word_1_796' title='bbox 2699 5048 2839 5104; x_wconf 86' lang='lat' dir='ltr'><strong>alios</strong></span> <span class='ocrx_word' id='word_1_797' title='bbox 2880 5058 3115 5120; x_wconf 87' lang='lat' dir='ltr'><strong>possunt</strong></span> <span class='ocrx_word' id='word_1_798' title='bbox 3164 5049 3344 5117; x_wconf 85' lang='lat' dir='ltr'><strong>possi-</strong></span> 
     </span>
    </p>
   </div>
   <div class='ocr_carea' id='block_1_63' title="bbox 64 5144 1903 5229">
    <p class='ocr_par' dir='ltr' id='par_1_63' title="bbox 64 5144 1903 5229">
     <span class='ocr_line' id='line_1_64' title="bbox 64 5144 1903 5229; baseline 0.002 -20"><span class='ocrx_word' id='word_1_799' title='bbox 64 5150 167 5209; x_wconf 64' lang='grc' dir='ltr'><strong>ἤιξε</strong></span> <span class='ocrx_word' id='word_1_800' title='bbox 214 5165 525 5226; x_wconf 86' lang='lat' dir='ltr'><strong>paupertas</strong></span> <span class='ocrx_word' id='word_1_801' title='bbox 570 5163 794 5211; x_wconf 81' lang='lat' dir='ltr'><strong>tantum</strong></span> <span class='ocrx_word' id='word_1_802' title='bbox 845 5154 1217 5227; x_wconf 87' lang='lat' dir='ltr'><strong>perfectorum</strong></span> <span class='ocrx_word' id='word_1_803' title='bbox 1248 5155 1516 5225; x_wconf 91' lang='lat' dir='ltr'><strong>virorum,</strong></span> <span class='ocrx_word' id='word_1_804' title='bbox 1557 5160 1654 5229; x_wconf 88' lang='lat' dir='ltr'><strong>qui</strong></span> <span class='ocrx_word' id='word_1_805' title='bbox 1755 5144 1903 5200; x_wconf 68' lang='lat' dir='ltr'><strong>derc-</strong></span> 
     </span>
    </p>
   </div>
   <div class='ocr_carea' id='block_1_64' title="bbox 62 5233 3345 5320">
    <p class='ocr_par' dir='ltr' id='par_1_64' title="bbox 62 5233 3345 5320">
     <span class='ocr_line' id='line_1_65' title="bbox 62 5233 3345 5320; baseline 0 -30"><span class='ocrx_word' id='word_1_806' title='bbox 62 5254 175 5300; x_wconf 77' lang='lat' dir='ltr'><strong>sum</strong></span> <span class='ocrx_word' id='word_1_807' title='bbox 200 5246 253 5301; x_wconf 75' lang='lat' dir='ltr'><strong>in</strong></span> <span class='ocrx_word' id='word_1_808' title='bbox 280 5248 392 5304; x_wconf 72' lang='lat' dir='ltr'><strong>ﬁde</strong></span> <span class='ocrx_word' id='word_1_809' title='bbox 414 5246 623 5314; x_wconf 65' lang='grc' dir='ltr'><strong>εοι-ιεε,</strong></span> <span class='ocrx_word' id='word_1_810' title='bbox 650 5247 705 5302; x_wconf 77' lang='lat' dir='ltr'><strong>in</strong></span> <span class='ocrx_word' id='word_1_811' title='bbox 745 5247 855 5303; x_wconf 58' lang='lat' dir='ltr'><strong>vita</strong></span> <span class='ocrx_word' id='word_1_812' title='bbox 889 5247 1259 5305; x_wconf 71' lang='grc' dir='ltr'><strong>οοηιίηεηιθε,</strong></span> <span class='ocrx_word' id='word_1_813' title='bbox 1290 5247 1347 5305; x_wconf 75' lang='lat' dir='ltr'><strong>in</strong></span> <span class='ocrx_word' id='word_1_814' title='bbox 1371 5248 1527 5306; x_wconf 64' lang='lat' dir='ltr'><strong>duris</strong></span> <span class='ocrx_word' id='word_1_815' title='bbox 1550 5264 1652 5320; x_wconf 67' lang='lat' dir='ltr'><strong>pa-</strong></span> <span class='ocrx_word' id='word_1_816' title='bbox 1750 5300 1755 5309; x_wconf 86' lang='lat'><em>_</em></span> <span class='ocrx_word' id='word_1_817' title='bbox 1829 5236 2012 5293; x_wconf 88' lang='lat' dir='ltr'><strong>Tertia</strong></span> <span class='ocrx_word' id='word_1_818' title='bbox 2070 5236 2244 5292; x_wconf 88' lang='lat' dir='ltr'><strong>virtus</strong></span> <span class='ocrx_word' id='word_1_819' title='bbox 2287 5244 2374 5292; x_wconf 90' lang='lat' dir='ltr'><strong>est</strong></span> <span class='ocrx_word' id='word_1_820' title='bbox 2418 5234 2640 5292; x_wconf 89' lang='lat' dir='ltr'><strong>tristitia</strong></span> <span class='ocrx_word' id='word_1_821' title='bbox 2690 5235 2806 5291; x_wconf 88' lang='lat' dir='ltr'><strong>sive</strong></span> <span class='ocrx_word' id='word_1_822' title='bbox 2849 5235 3047 5292; x_wconf 90' lang='lat' dir='ltr'><strong>luctus.</strong></span> <span class='ocrx_word' id='word_1_823' title='bbox 3093 5233 3177 5289; x_wconf 84' lang='lat' dir='ltr'><strong>Ad</strong></span> <span class='ocrx_word' id='word_1_824' title='bbox 3202 5234 3345 5291; x_wconf 87' lang='lat' dir='ltr'><strong>hanc</strong></span> 
     </span>
    </p>
   </div>
   <div class='ocr_carea' id='block_1_65' title="bbox 60 5325 3342 5411">
    <p class='ocr_par' dir='ltr' id='par_1_65' title="bbox 60 5325 3342 5411">
     <span class='ocr_line' id='line_1_66' title="bbox 60 5325 3342 5411; baseline -0.002 -27"><span class='ocrx_word' id='word_1_825' title='bbox 60 5334 257 5393; x_wconf 69' lang='lat' dir='ltr'><strong>ﬁentes,</strong></span> <span class='ocrx_word' id='word_1_826' title='bbox 304 5337 415 5406; x_wconf 83' lang='lat' dir='ltr'><strong>Qui</strong></span> <span class='ocrx_word' id='word_1_827' title='bbox 482 5336 798 5393; x_wconf 78' lang='lat' dir='ltr'><strong>certissime</strong></span> <span class='ocrx_word' id='word_1_828' title='bbox 837 5345 1042 5392; x_wconf 78' lang='lat' dir='ltr'><strong>norunt</strong></span> <span class='ocrx_word' id='word_1_829' title='bbox 1073 5339 1224 5394; x_wconf 83' lang='lat' dir='ltr'><strong>nulla</strong></span> <span class='ocrx_word' id='word_1_830' title='bbox 1276 5338 1383 5395; x_wconf 80' lang='lat' dir='ltr'><strong>sibi</strong></span> <span class='ocrx_word' id='word_1_831' title='bbox 1427 5338 1648 5406; x_wconf 73' lang='lat' dir='ltr'><strong>debere,</strong></span> <span class='ocrx_word' id='word_1_832' title='bbox 1753 5345 1857 5386; x_wconf 90' lang='lat' dir='ltr'><strong>nos</strong></span> <span class='ocrx_word' id='word_1_833' title='bbox 1885 5328 2078 5384; x_wconf 88' lang='lat' dir='ltr'><strong>invitat</strong></span> <span class='ocrx_word' id='word_1_834' title='bbox 2104 5326 2395 5397; x_wconf 85' lang='lat' dir='ltr'><strong>Dominus,</strong></span> <span class='ocrx_word' id='word_1_835' title='bbox 2435 5342 2562 5383; x_wconf 91' lang='lat' dir='ltr'><strong>cum</strong></span> <span class='ocrx_word' id='word_1_836' title='bbox 2591 5326 2814 5382; x_wconf 77' lang='lat' dir='ltr'><strong>SUDdit:</strong></span> <span class='ocrx_word' id='word_1_837' title='bbox 2847 5326 3003 5381; x_wconf 74' lang='lat' dir='ltr'><strong>Beati</strong></span> <span class='ocrx_word' id='word_1_838' title='bbox 3022 5327 3114 5411; x_wconf 75' lang='lat' dir='ltr'><strong>qui</strong></span> <span class='ocrx_word' id='word_1_839' title='bbox 3142 5325 3342 5397; x_wconf 78' lang='lat' dir='ltr'><strong>lugent,</strong></span> 
     </span>
    </p>
   </div>
   <div class='ocr_carea' id='block_1_66' title="bbox 56 5418 1574 5507">
    <p class='ocr_par' dir='ltr' id='par_1_66' title="bbox 56 5425 1574 5505">
     <span class='ocr_line' id='line_1_67' title="bbox 56 5425 1574 5505; baseline 0.003 -22"><span class='ocrx_word' id='word_1_840' title='bbox 56 5425 157 5483; x_wconf 75' lang='lat' dir='ltr'><strong>Deo</strong></span> <span class='ocrx_word' id='word_1_841' title='bbox 189 5433 294 5487; x_wconf 87' lang='lat' dir='ltr'><strong>sibi</strong></span> <span class='ocrx_word' id='word_1_842' title='bbox 323 5430 654 5487; x_wconf 89' lang='lat' dir='ltr'><strong>necessaria</strong></span> <span class='ocrx_word' id='word_1_843' title='bbox 688 5431 1029 5500; x_wconf 88' lang='lat' dir='ltr'><strong>providente.</strong></span> <span class='ocrx_word' id='word_1_844' title='bbox 1064 5430 1280 5503; x_wconf 86' lang='lat' dir='ltr'><strong>Pauper</strong></span> <span class='ocrx_word' id='word_1_845' title='bbox 1305 5447 1437 5489; x_wconf 83' lang='lat' dir='ltr'><strong>vero</strong></span> <span class='ocrx_word' id='word_1_846' title='bbox 1453 5433 1574 5505; x_wconf 75' lang='lat' dir='ltr'><strong>spiri</strong></span> 
     </span>
    </p>
   </div>
   <div class='ocr_carea' id='block_1_67' title="bbox 1822 5418 3340 5507">
    <p class='ocr_par' dir='ltr' id='par_1_67' title="bbox 1823 5418 3340 5491">
     <span class='ocr_line' id='line_1_68' title="bbox 1823 5418 3340 5491; baseline -0.003 -15"><span class='ocrx_word' id='word_1_847' title='bbox 1823 5421 2002 5477; x_wconf 81' lang='lat' dir='ltr'><strong>eniam</strong></span> <span class='ocrx_word' id='word_1_848' title='bbox 2047 5422 2150 5491; x_wconf 79' lang='lat' dir='ltr'><strong>ipsi</strong></span> <span class='ocrx_word' id='word_1_849' title='bbox 2197 5420 2633 5475; x_wconf 83' lang='lat' dir='ltr'><strong>consolabuntur.</strong></span> <span class='ocrx_word' id='word_1_850' title='bbox 2681 5418 2898 5488; x_wconf 82' lang='lat' dir='ltr'><strong>Risum,</strong></span> <span class='ocrx_word' id='word_1_851' title='bbox 2957 5419 3157 5474; x_wconf 86' lang='lat' dir='ltr'><strong>fratres</strong></span> <span class='ocrx_word' id='word_1_852' title='bbox 3210 5420 3340 5487; x_wconf 88' lang='lat' dir='ltr'><strong>mei,</strong></span> 
     </span>
    </p>
   </div>
   <div class='ocr_carea' id='block_1_68' title="bbox 53 5513 3339 5594">
    <p class='ocr_par' dir='ltr' id='par_1_68' title="bbox 53 5513 3339 5594">
     <span class='ocr_line' id='line_1_69' title="bbox 53 5513 3339 5594; baseline -0.002 -20"><span class='ocrx_word' id='word_1_853' title='bbox 53 5528 101 5574; x_wconf 86' lang='lat' dir='ltr'><strong>et</strong></span> <span class='ocrx_word' id='word_1_854' title='bbox 128 5536 186 5576; x_wconf 91' lang='lat' dir='ltr'><strong>re</strong></span> <span class='ocrx_word' id='word_1_855' title='bbox 222 5521 592 5578; x_wconf 84' lang='lat' dir='ltr'><strong>mediocriter</strong></span> <span class='ocrx_word' id='word_1_856' title='bbox 638 5530 755 5589; x_wconf 89' lang='lat' dir='ltr'><strong>est,</strong></span> <span class='ocrx_word' id='word_1_857' title='bbox 803 5521 1062 5593; x_wconf 90' lang='lat' dir='ltr'><strong>quicum</strong></span> <span class='ocrx_word' id='word_1_858' title='bbox 1121 5520 1342 5580; x_wconf 85' lang='lat' dir='ltr'><strong>divitias</strong></span> <span class='ocrx_word' id='word_1_859' title='bbox 1385 5530 1650 5594; x_wconf 90' lang='lat' dir='ltr'><strong>tanquam</strong></span> <span class='ocrx_word' id='word_1_860' title='bbox 1750 5516 1903 5572; x_wconf 86' lang='lat' dir='ltr'><strong>nulla</strong></span> <span class='ocrx_word' id='word_1_861' title='bbox 1948 5513 2230 5585; x_wconf 88' lang='lat' dir='ltr'><strong>Scriptura</strong></span> <span class='ocrx_word' id='word_1_862' title='bbox 2273 5514 2645 5582; x_wconf 90' lang='lat' dir='ltr'><strong>commendat,</strong></span> <span class='ocrx_word' id='word_1_863' title='bbox 2691 5515 2789 5569; x_wconf 90' lang='lat' dir='ltr'><strong>sed</strong></span> <span class='ocrx_word' id='word_1_864' title='bbox 2834 5515 3019 5585; x_wconf 87' lang='lat' dir='ltr'><strong>potius</strong></span> <span class='ocrx_word' id='word_1_865' title='bbox 3045 5513 3339 5583; x_wconf 76' lang='lat' dir='ltr'><strong>vituperat.</strong></span> 
     </span>
    </p>
   </div>
   <div class='ocr_carea' id='block_1_69' title="bbox 53 5606 3341 5679">
    <p class='ocr_par' dir='ltr' id='par_1_69' title="bbox 53 5606 3341 5679">
     <span class='ocr_line' id='line_1_70' title="bbox 53 5606 3341 5679; baseline -0.001 -15"><span class='ocrx_word' id='word_1_866' title='bbox 53 5624 208 5668; x_wconf 75' lang='lat' dir='ltr'><strong>vanas</strong></span> <span class='ocrx_word' id='word_1_867' title='bbox 236 5621 605 5679; x_wconf 88' lang='lat' dir='ltr'><strong>contemnat,</strong></span> <span class='ocrx_word' id='word_1_868' title='bbox 636 5621 819 5668; x_wconf 85' lang='lat' dir='ltr'><strong>tamen</strong></span> <span class='ocrx_word' id='word_1_869' title='bbox 863 5628 971 5669; x_wconf 87' lang='lat' dir='ltr'><strong>non</strong></span> <span class='ocrx_word' id='word_1_870' title='bbox 998 5612 1117 5669; x_wconf 85' lang='lat' dir='ltr'><strong>vult</strong></span> <span class='ocrx_word' id='word_1_871' title='bbox 1161 5628 1256 5669; x_wconf 87' lang='lat' dir='ltr'><strong>eas</strong></span> <span class='ocrx_word' id='word_1_872' title='bbox 1287 5612 1517 5670; x_wconf 87' lang='lat' dir='ltr'><strong>omnino</strong></span> <span class='ocrx_word' id='word_1_873' title='bbox 1560 5629 1638 5669; x_wconf 71' lang='lat' dir='ltr'><strong>re</strong></span> <span class='ocrx_word' id='word_1_874' title='bbox 1752 5608 2013 5667; x_wconf 90' lang='lat' dir='ltr'><strong>Salomon</strong></span> <span class='ocrx_word' id='word_1_875' title='bbox 2046 5609 2194 5665; x_wconf 88' lang='lat' dir='ltr'><strong>enitn</strong></span> <span class='ocrx_word' id='word_1_876' title='bbox 2218 5608 2350 5665; x_wconf 89' lang='lat' dir='ltr'><strong>dicit</strong></span> <span class='ocrx_word' id='word_1_877' title='bbox 2378 5624 2392 5662; x_wconf 93' lang='lat'><strong>:</strong></span> <span class='ocrx_word' id='word_1_878' title='bbox 2424 5628 2442 5660; x_wconf 82' lang='grc' dir='ltr'><strong>ι</strong></span> <span class='ocrx_word' id='word_1_879' title='bbox 2478 5606 2673 5677; x_wconf 78' lang='lat' dir='ltr'><strong>Risum</strong></span> <span class='ocrx_word' id='word_1_880' title='bbox 2699 5607 2954 5679; x_wconf 89' lang='lat' dir='ltr'><strong>deputavi</strong></span> <span class='ocrx_word' id='word_1_881' title='bbox 2989 5620 3255 5672; x_wconf 87' lang='lat' dir='ltr'><strong>errorem,</strong></span> <span class='ocrx_word' id='word_1_882' title='bbox 3284 5615 3341 5661; x_wconf 82' lang='lat' dir='ltr'><strong>et</strong></span> 
     </span>
    </p>
   </div>
   <div class='ocr_carea' id='block_1_70' title="bbox 53 5700 3343 5780">
    <p class='ocr_par' dir='ltr' id='par_1_70' title="bbox 53 5700 3343 5780">
     <span class='ocr_line' id='line_1_71' title="bbox 53 5700 3343 5780; baseline -0.001 -20"><span class='ocrx_word' id='word_1_883' title='bbox 53 5702 307 5776; x_wconf 76' lang='lat' dir='ltr'><strong>linquere,</strong></span> <span class='ocrx_word' id='word_1_884' title='bbox 361 5708 583 5771; x_wconf 79' lang='lat' dir='ltr'><strong>timens</strong></span> <span class='ocrx_word' id='word_1_885' title='bbox 633 5722 700 5762; x_wconf 89' lang='lat' dir='ltr'><strong>ne</strong></span> <span class='ocrx_word' id='word_1_886' title='bbox 748 5700 907 5774; x_wconf 82' lang='lat' dir='ltr'><strong>forte</strong></span> <span class='ocrx_word' id='word_1_887' title='bbox 934 5722 1103 5780; x_wconf 87' lang='lat' dir='ltr'><strong>egens</strong></span> <span class='ocrx_word' id='word_1_888' title='bbox 1148 5707 1323 5775; x_wconf 78' lang='lat' dir='ltr'><strong>fieret,</strong></span> <span class='ocrx_word' id='word_1_889' title='bbox 1385 5707 1643 5775; x_wconf 77' lang='lat' dir='ltr'><strong>mendax,</strong></span> <span class='ocrx_word' id='word_1_890' title='bbox 1748 5704 1948 5777; x_wconf 79' lang='lat' dir='ltr'><strong>gaudio</strong></span> <span class='ocrx_word' id='word_1_891' title='bbox 1968 5703 2122 5761; x_wconf 83' lang='lat' dir='ltr'><strong>dixi:</strong></span> <span class='ocrx_word' id='word_1_892' title='bbox 2151 5700 2293 5771; x_wconf 89' lang='lat' dir='ltr'><strong>Quid</strong></span> <span class='ocrx_word' id='word_1_893' title='bbox 2332 5702 2539 5760; x_wconf 89' lang='lat' dir='ltr'><strong>frustra</strong></span> <span class='ocrx_word' id='word_1_894' title='bbox 2563 5702 2863 5774; x_wconf 80' lang='lat' dir='ltr'><strong>deciperis?</strong></span> <span class='ocrx_word' id='word_1_895' title='bbox 2890 5701 3094 5773; x_wconf 79' lang='lat' dir='ltr'><strong>(Eccle.</strong></span> <span class='ocrx_word' id='word_1_896' title='bbox 3124 5706 3210 5772; x_wconf 83' lang='lat' dir='ltr'><strong>tt.)</strong></span> <span class='ocrx_word' id='word_1_897' title='bbox 3239 5717 3260 5753; x_wconf 78' lang='grc' dir='ltr'><strong>ι</strong></span> <span class='ocrx_word' id='word_1_898' title='bbox 3285 5707 3343 5756; x_wconf 82' lang='lat' dir='ltr'><strong>et</strong></span> 
     </span>
    </p>
   </div>
   <div class='ocr_carea' id='block_1_71' title="bbox 54 5793 3341 5874">
    <p class='ocr_par' dir='ltr' id='par_1_71' title="bbox 54 5793 3341 5874">
     <span class='ocr_line' id='line_1_72' title="bbox 54 5793 3341 5874; baseline -0.002 -17"><span class='ocrx_word' id='word_1_899' title='bbox 54 5806 130 5866; x_wconf 43' lang='grc' dir='ltr'>ιιι,</span> <span class='ocrx_word' id='word_1_900' title='bbox 176 5809 373 5871; x_wconf 86' lang='lat' dir='ltr'><strong>raptor</strong></span> <span class='ocrx_word' id='word_1_901' title='bbox 421 5808 602 5870; x_wconf 88' lang='lat' dir='ltr'><strong>atque</strong></span> <span class='ocrx_word' id='word_1_902' title='bbox 626 5800 869 5856; x_wconf 75' lang='lat' dir='ltr'><strong>dolosas.</strong></span> <span class='ocrx_word' id='word_1_903' title='bbox 895 5798 1108 5867; x_wconf 69' lang='lat' dir='ltr'><strong>Rursus</strong></span> <span class='ocrx_word' id='word_1_904' title='bbox 1133 5815 1235 5855; x_wconf 90' lang='lat' dir='ltr'><strong>nec</strong></span> <span class='ocrx_word' id='word_1_905' title='bbox 1265 5800 1381 5856; x_wconf 91' lang='lat' dir='ltr'><strong>vult</strong></span> <span class='ocrx_word' id='word_1_906' title='bbox 1416 5815 1645 5874; x_wconf 80' lang='lat' dir='ltr'><strong>magnas</strong></span> <span class='ocrx_word' id='word_1_907' title='bbox 1748 5800 1880 5857; x_wconf 86' lang='lat' dir='ltr'><strong>alibi</strong></span> <span class='ocrx_word' id='word_1_908' title='bbox 1909 5818 1922 5855; x_wconf 89' lang='lat'><strong>:</strong></span> <span class='ocrx_word' id='word_1_909' title='bbox 1969 5797 2181 5869; x_wconf 33' lang='lat' dir='ltr'><strong>«,Risus</strong></span> <span class='ocrx_word' id='word_1_910' title='bbox 2207 5797 2397 5854; x_wconf 88' lang='lat' dir='ltr'><strong>dolore</strong></span> <span class='ocrx_word' id='word_1_911' title='bbox 2421 5796 2761 5855; x_wconf 84' lang='lat' dir='ltr'><strong>miscebitur.</strong></span> <span class='ocrx_word' id='word_1_912' title='bbox 2789 5806 2843 5852; x_wconf 89' lang='lat' dir='ltr'><strong>et</strong></span> <span class='ocrx_word' id='word_1_913' title='bbox 2875 5806 3115 5852; x_wconf 74' lang='lat' dir='ltr'><strong>extrema</strong></span> <span class='ocrx_word' id='word_1_914' title='bbox 3153 5793 3341 5867; x_wconf 56' lang='lat' dir='ltr'><strong>gaudii</strong></span> 
     </span>
    </p>
   </div>
  </div>
