3844 6318
481 350 618 408 H79

1725 343 2070 402 BADULPIII
2111 343 2457 400 ARDENTIS

3576 363 3671 423 “80

479 465 664 522 luctus
683 472 916 535 occupat
960 463 1147 537 (Prov.
1177 463 1310 535 stv).
1351 481 1370 514 ι
1401 460 1466 518 Et
1501 461 1630 517 alibi
1660 478 1671 514 :
1705 460 1765 516 ln
1793 477 1888 516 ore
1916 459 2067 517 stulti
2099 462 2142 519 A
2171 461 2414 531 patiatur
2437 461 2734 516 bonitatem
2757 463 2992 532 opprimi
3039 481 3070 520 a
3113 465 3341 536 malitia,
3371 467 3598 538 justitiam
3625 481 3678 537 ιιι

479 573 695 629 semper
726 559 892 614 risus.
929 557 995 613 Et
1015 557 1280 614 Dominus
1305 557 1359 612 in
1383 556 1707 629 Evangelio:
1747 577 1765 608 ι
1791 555 1886 611 Vae
1908 556 2066 612 vobis

478 647 573 718 qui
603 647 818 716 ridetis,
845 647 974 718 quia
1019 647 1307 718 plorabitis
1330 645 1483 716 (Luc.
1513 648 1614 716 vi).
1647 665 1666 698 ι
1706 643 1899 701 Omnis
1919 646 2064 701 enim

480 739 628 795 risus
675 739 926 794 nascitur
952 748 1049 794 aut
1073 755 1138 795 ex
1173 737 1434 804 vanitate,
1475 747 1571 792 aut
1599 752 1665 792 ex
1706 735 1932 803 invidia,
1967 744 2064 790 aut

476 846 546 887 ex
573 830 784 886 malitia
809 831 1025 887 mentis.
1058 828 1163 897 Qui
1185 829 1326 885 ridet
1344 828 1412 886 de
1436 829 1613 897 vanis,
1641 844 1814 885 vanus
1841 838 1945 885 est.
1961 827 2065 896 Qui

481 923 622 979 ridet
643 923 712 979 de
735 923 952 979 damnis
973 922 1189 989 alienis,
1211 921 1428 978 invidus
1446 929 1502 977 et
1527 921 1799 993 malignus
1819 929 1924 978 est.
1959 920 2065 988 Qui

478 1015 620 1072 ridet
668 1014 792 1070 aliis
831 1014 1160 1086 lugentibus,
1191 1013 1430 1070 crudelis
1461 1022 1564 1070 est.
1599 1012 1705 1081 Qui
1741 1013 1881 1069 ridet
1920 1014 2067 1070 inter

481 1107 625 1161 seria
657 1106 859 1162 stultus
879 1114 982 1161 est.
1022 1103 1129 1173 Qui
1165 1106 1547 1174 cachinnatur,
1571 1107 1784 1163 caeteris
1827 1108 2062 1162 tacenti-

479 1198 602 1262 bus,
627 1205 842 1253 constat
863 1197 990 1268 quia
1014 1198 1220 1269 aliquid
1255 1197 1501 1253 stultitiae
1527 1198 1767 1254 occurrit
1789 1199 2067 1254 memoriae

474 1289 616 1358 ejus.
647 1287 813 1344 Risus
840 1303 1060 1360 quoque
1103 1289 1311 1345 utullus
1338 1288 1619 1345 hominem
1664 1287 1840 1345 reddit
1868 1303 2066 1345 onero.

476 1397 599 1436 sum
626 1390 682 1437 et
707 1381 986 1438 odibilem.
1043 1382 1275 1438 Luctum
1302 1399 1434 1440 vero
1463 1383 1812 1440 commendat
1845 1383 1934 1440 hic
1958 1383 2066 1440 Do-

475 1475 682 1531 minus.
731 1475 1044 1544 Quinetiam
1101 1477 1219 1546 ipse
1267 1476 1467 1548 legitur
1489 1475 1726 1544 ﬂevisse,
1749 1477 1844 1548 qui
1881 1485 2062 1532 tamen

473 1582 758 1638 nunquam
808 1567 1009 1638 legitur
1042 1565 1253 1622 risisse.
1295 1565 1567 1621 Cancrum
1605 1581 1714 1620 non
1769 1566 1952 1621 omnis
1979 1566 2066 1621 lu-

474 1668 597 1715 ctus
645 1668 733 1714 est
780 1659 1092 1715 laudabilis.
1131 1658 1365 1726 Quidam
1397 1659 1542 1714 enim
1574 1660 1778 1732 lugent,
1816 1661 1945 1731 quia
1976 1660 2065 1714 lu-

474 1751 650 1823 genda
683 1751 865 1808 facere
901 1767 1010 1806 non
1041 1759 1361 1822 potuerunt,
1409 1761 1464 1807 et
1498 1753 1627 1808 mali
1651 1762 1800 1808 sunt.
1827 1750 2060 1821 Quidam

2168 551 2459 622 injustitia,
2497 552 2751 622 pietatem
2781 553 2850 608 ab
2874 554 3175 625 impietate,
3209 558 3524 616 honestatem
3545 568 3600 620 ab
3619 571 3678 624 in.

2169 643 2473 697 honestate.
2499 640 2605 708 Qui
2632 643 2780 696 enim
2805 643 2909 699 hoc
2933 645 3192 700 esuriuut
3231 647 3286 701 in
3327 647 3422 704 hac
3458 651 3570 720 vita,
3597 658 3682 714 sine

2166 735 2334 789 dubio
2390 735 2785 790 saturabuntur
2836 736 2891 791 in
2937 737 3045 792 alia
3089 739 3222 806 vita,
3274 742 3486 810 quando
3529 747 3687 804 scilicet

2168 823 2311 879 Deus
2333 832 2389 879 et
2409 833 2630 880 sanctos
2652 825 2707 880 in
2733 825 2948 896 justitia
2976 828 3243 897 perﬁciet,
3269 839 3322 885 et
3351 833 3610 906 unicuique
3626 855 3687 896 se-

2167 913 2408 969 cundum
2430 915 2576 985 quod
2607 917 2810 972 meruit
2855 917 3063 974 reddet.
3091 913 3246 974 Tunc
3262 920 3407 975 enim
3436 941 3453 974 ι
3481 940 3575 981 non
3595 943 3690 983 esu.

2166 1005 2310 1060 rient
2341 1020 2518 1077 neque
2543 1006 2731 1062 sitient
2754 1007 3012 1079 amplius,
3034 1018 3224 1066 etnon
3249 1012 3408 1068 cadet
3443 1029 3584 1086 super
3604 1019 3693 1078 illos

2167 1096 2249 1152 sol
2279 1111 2459 1168 neque
2480 1097 2626 1154 ullus
2653 1108 2823 1155 matus
2857 1099 3060 1172 (ibid.).
3095 1121 3114 1154 ι

2238 1187 2439 1257 Quinta
2468 1190 2643 1248 virtus
2670 1201 2755 1248 est
2787 1193 3187 1251 misericordia.
3219 1194 3301 1250 Ad
3331 1197 3467 1254 hanc
3484 1215 3571 1255 nos
3591 1204 3697 1258 invi.

2167 1287 2248 1337 tat
2282 1281 2569 1349 Dominus,
2601 1298 2729 1339 cum
2761 1283 2948 1340 subdit
2976 1303 2988 1340 :
3021 1285 3181 1341 Beati
3214 1288 3580 1357 misericordes,
3602 1309 3700 1363 quo.

2167 1375 2315 1429 niam
2347 1376 2451 1446 ipsi
2500 1376 2928 1432 misericordiam
2965 1390 3369 1451 consequentur.
3417 1381 3548 1439 Sane
3576 1388 3700 1442 mise-

2166 1467 2406 1524 ricordia
2432 1479 2517 1524 est
2538 1470 2714 1525 virtus
2746 1470 2986 1526 miseriae
3016 1473 3358 1543 compatiens
3387 1475 3589 1545 alienae;
3624 1481 3699 1533 lui-

2163 1561 2256 1632 jus
2287 1562 2398 1617 duo
2424 1570 2555 1618 sunt
2582 1563 2808 1619 eﬂ'ectus
2827 1605 2844 1630 ,
2885 1563 3019 1620 dare
3046 1575 3103 1620 et
3138 1567 3436 1622 dimittere.
3470 1567 3603 1625 Unde
3626 1570 3702 1624 Do-

2167 1655 2386 1710 minus:
2419 1673 2436 1707 ‹
2469 1653 2624 1722 Date,
2651 1665 2706 1711 ct
2729 1655 2952 1711 dabitur
2974 1657 3150 1713 vobis.
3179 1657 3460 1727 Dimittjte,
3487 1670 3536 1716 et
3558 1663 3700 1718 dimit-

2168 1755 2312 1802 tetur
2337 1746 2494 1802 vobis
2518 1745 2674 1818 (Luc.
2697 1750 2798 1819 vr).
2840 1766 2859 1800 ι
2894 1746 3019 1803 llaec
3046 1763 3196 1804 enim
3218 1750 3397 1805 virtus
3426 1766 3482 1806 se
3511 1756 3704 1808 extendit

473 1813 662 1913 iugem
682 1843 750 1898 de
773 1843 977 1898 damno
1006 1813 1083 1898 rei
1131 1813 1472 1914 temporalis,
1502 1853 1555 1900 et
1577 1845 1726 1900 avari
1751 1813 1898 1900 sunt.
1927 1843 2063 1913 Qui-
2096 1813 2139 1872 Β
2164 1839 2327 1894 etiam
2352 1813 2534 1910 usque
2573 1838 2642 1893 ad
2672 1813 2946 1895 inimicos.
2982 1837 3136 1896 Unde
3169 1841 3471 1898 Dominus:
3500 1861 3518 1895 ‹
3540 1845 3701 1911 Estote,

473 1936 599 1990 dam
643 1937 830 2007 lugent
865 1936 934 1991 de
961 1935 1208 2006 corporis
1240 1938 1324 1993 sui
1361 1938 1728 2003 incommodo,
1753 1947 1807 1993 et
1834 1937 2062 2009 pusilla-

475 2027 652 2083 nimes
675 2036 822 2082 sunt.
840 2027 1076 2094 Quidam
1105 2029 1292 2099 lugent
1314 2045 1481 2100 super
1503 2028 1791 2086 funeribus
1817 2040 2065 2086 mortuo-

474 2132 620 2183 rum,
651 2126 706 2172 et
757 2118 982 2172 humani
1017 2127 1164 2174 sunt.
1192 2118 1343 2175 Talis
1367 2120 1515 2174 enim
1547 2120 1750 2187 luctus,
1779 2121 1827 2178 si
1851 2122 1924 2176 sit
1945 2137 2066 2176 mo-

471 2207 682 2271 destus,
707 2207 1156 2278 reprehensibilis
1191 2224 1298 2263 non
1322 2219 1426 2264 est.
1458 2209 1736 2280 Scriptum
1764 2220 1848 2266 est
1868 2209 2016 2266 enim
2046 2227 2059 2264 :

481 2317 499 2347 ι
548 2297 671 2364 Fili,
730 2297 784 2352 in
835 2307 1114 2354 mortuum
1160 2299 1372 2370 produc
1407 2300 1680 2372 lacrymas
1735 2302 1897 2372 quasi
1944 2302 2062 2357 dira

471 2405 692 2460 passus,
720 2391 899 2462 incipe
924 2392 1138 2463 plorare
1160 2390 1356 2464 (δοριξ.
1381 2395 1638 2464 xxxvut).
1672 2413 1691 2447 ›
1726 2393 1928 2450 Verum
1955 2395 2066 2452 duo

470 2500 671 2556 genera
695 2485 875 2540 luctus
903 2483 1175 2555 praecipue
1201 2486 1550 2541 commendat
1571 2485 1856 2557 Scriptura
1883 2503 2062 2544 sacra.

469 2574 690 2632 Primus
717 2577 901 2632 luctus
926 2585 1029 2644 cst,
1060 2576 1284 2648 quando
1305 2577 1507 2648 aliquis
1532 2579 1679 2649 luget
1704 2594 1804 2649 pro
1833 2581 1952 2636 suis
1981 2579 2065 2635 vel

469 2671 706 2728 aliorum
743 2671 1006 2744 peccatis.
1043 2670 1333 2726 Secundus
1371 2671 1552 2727 luctus
1575 2680 1682 2738 est,
1708 2673 1931 2744 quando
1964 2673 2066 2728 ali-

470 2769 598 2840 quis
653 2765 927 2839 perfectus
955 2765 1133 2836 plorat
1156 2780 1256 2834 pro
1301 2764 1560 2821 dilatione
1583 2765 1822 2822 caelestis
1852 2766 2062 2836 patriae.

468 2859 688 2916 Primus
736 2858 917 2915 iuctus
968 2859 1212 2914 nascitur
1255 2874 1325 2914 ex
1379 2858 1818 2915 consideratione
1872 2875 2066 2931 pecca-

471 2960 652 3007 torum
703 2959 1162 3022 perpetratorum,
1198 2959 1253 3005 ct
1308 2966 1374 3004 ex
1425 2950 1622 3006 timore
1677 2951 2062 3023 gehennalium

469 3061 757 3116 pinnarum
787 3045 869 3100 eis
895 3045 1225 3100 debitorum.
1273 3042 1558 3100 Secundus
1589 3044 1769 3100 luctus
1811 3044 2064 3099 similiter

469 3139 717 3195 nascitur
766 3153 834 3194 ex
889 3137 1124 3206 duobus,
1167 3137 1420 3193 videlicet
1475 3154 1542 3194 ex
1607 3137 2053 3193 consideratione

446 3216 762 3305 pnesentis
810 3229 1048 3286 miseria:
1095 3239 1150 3285 et
1193 3229 1465 3285 desiderio
1511 3229 1866 3284 beatitudinis
1903 3237 2064 3284 teter-

478 3341 584 3380 nae.
628 3323 848 3380 Primus
883 3324 1066 3379 luctus
1105 3323 1152 3378 si
1191 3339 1300 3378 non
1340 3323 1588 3388 excedat,
1629 3321 1810 3377 bonus
1865 3329 1971 3389 est,
2010 3332 2066 3378 et

469 3416 745 3473 secundus
803 3415 1016 3470 melior.
1075 3413 1148 3470 De
1213 3414 1336 3470 istis
1383 3414 1625 3481 dicitur,
1675 3413 1927 3484 quoniam
1972 3413 2064 3484 qui

470 3507 650 3579 lugent
712 3506 1162 3571 consolabuntur,
1225 3504 1279 3560 in
1327 3514 1677 3575 peccatorum
1740 3503 2064 3558 dimissionc

471 3613 532 3655 ct
603 3600 786 3672 gaudii
865 3597 1106 3653 caelestis
1185 3597 1515 3668 adeptione,
1577 3595 1798 3666 quando
1855 3594 2065 3650 scilicet

482 3709 503 3744 ι
533 3687 968 3761 abstergetDens
991 3701 1209 3741 onmem
1239 3686 1534 3758 laerymam
1558 3685 1627 3739 ab
1647 3683 1823 3739 oculis
1839 3694 2063 3739 sancto-

465 3769 616 3851 rum,
643 3793 697 3837 et
728 3797 880 3837 mors
915 3796 1022 3836 non
1052 3781 1157 3835 crit
1184 3779 1441 3851 arnplins,
1460 3794 1638 3849 neque
1661 3778 1862 3842 luctus,
1887 3791 2063 3846 neque

469 3875 645 3941 dolor,
670 3873 933 3945 quoniam
959 3873 1141 3943 priora
1174 3871 1510 3926 transierunt
1531 3873 1716 3940 (Apoc.
1754 3872 1875 3939 vn),
1907 3885 1926 3919 ι
1953 3877 2058 3923 etc.

469 3968 678 4036 Quarta
708 3967 882 4022 virtus
925 3975 1010 4020 est
1039 3963 1393 4032 desiderium,
1431 3963 1500 4018 ad
1545 3962 1692 4034 quod
1737 3977 1836 4016 nos
1868 3960 2065 4015 invitat

472 4059 739 4116 Dominus
761 4074 888 4114 cum
927 4056 1150 4113 subdit:
1191 4055 1344 4109 Beati
1387 4055 1478 4126 qui
1511 4054 1748 4108 esuriuut
1777 4061 1830 4107 et
1871 4051 2060 4105 sitiunt

462 4153 762 4224 justitiam,
789 4150 1039 4222 quoniam
1073 4149 1175 4220 ipsi
1196 4148 1602 4202 saturabttntur.
1634 4145 1808 4201 Porro
1837 4143 2032 4200 uniVer

472 4246 659 4300 saliter
702 4243 916 4314 justitia
946 4251 1050 4309 est,
1078 4241 1376 4312 unicuique
1427 4239 1656 4296 reddere
1701 4239 1850 4311 quod
1897 4255 2058 4295 suum

470 4347 574 4393 est.
601 4335 820 4391 Iustitia
845 4350 975 4389 vero
1008 4333 1248 4389 hominis
1273 4342 1376 4400 est,
1422 4330 1534 4386 Deo
1576 4329 1803 4387 reddere
1846 4329 2064 4401 religio-

471 4446 619 4498 nem,
651 4429 753 4485 sibi
782 4428 1128 4494 munditiam,
1164 4425 1430 4497 proximis
1452 4423 1822 4489 dilectionem,
1865 4437 2063 4493 parcn-

2167 1931 2364 2002 inquit,
2411 1931 2816 1999 misericordes,
2853 1932 3000 1988 sicut
3025 1943 3081 1988 et
3111 1932 3274 1989 Pater
3303 1944 3478 1990 vester
3514 1938 3704 1993 cmlestis

2164 2024 2482 2080 misericors
2503 2033 2587 2080 est
2605 2024 2806 2095 (ibid.),
2829 2044 2847 2075 ι
2864 2053 2935 2064 ——
2951 2044 2970 2077 σ
2989 2025 3084 2096 qui
3100 2026 3273 2082 solem
3298 2043 3457 2083 suum
3478 2027 3701 2085 facitcriri

2164 2133 2332 2187 super
2356 2118 2530 2174 bonos
2556 2127 2610 2173 et
2635 2117 2831 2183 malos,
2853 2125 2909 2172 et
2937 2119 3076 2189 pluit
3117 2134 3288 2190 super
3319 2121 3492 2191 justos
3515 2132 3560 2176 et
3594 2124 3702 2192 inju-

2163 2219 2283 2266 stos
2313 2208 2534 2281 (Matth.
2567 2211 2644 2280 ν).
2680 2227 2698 2260 ι
2738 2207 2803 2263 Et
2826 2210 3126 2281 Apostolus
3153 2229 3166 2266 :
3199 2230 3220 2265 ι
3266 2210 3324 2266 Si
3360 2214 3592 2270 esurierit
3623 2216 3701 2269 ini-

2165 2303 2344 2358 micus
2373 2312 2524 2369 tuus,
2554 2303 2677 2358 ciba
2704 2302 2890 2370 illum;
2936 2303 2983 2358 si
3013 2304 3150 2371 sitit,
3177 2315 3368 2375 potum
3404 2306 3468 2361 da
3512 2307 3597 2373 illi,
3625 2308 3704 2363 hoc

2164 2397 2311 2452 enim
2344 2394 2572 2463 faciens,
2604 2409 2870 2467 congeres
2917 2397 3188 2453 carbones
3234 2413 3400 2468 super
3435 2410 3577 2469 caput
3612 2401 3706 2469 ejus

2166 2487 2342 2556 (Rom.
2379 2490 2500 2558 xu).
2539 2507 2558 2539 ι
2586 2485 2762 2558 llujus
2787 2488 3005 2544 virtutis
3030 2496 3164 2544 sunt
3190 2490 3422 2543 termini
3437 2490 3613 2545 duritia
3643 2492 3707 2543 in—

2168 2579 2428 2646 humana,
2455 2589 2508 2633 et
2529 2579 2842 2649 compassio
2867 2578 3348 2635 indiscreta.Tnne
3374 2581 3532 2646 enim,
3552 2580 3709 2635 fratres

2169 2669 2296 2738 mei,
2326 2671 2584 2724 virtutem
2634 2669 3027 2725 misericordia
3055 2679 3204 2726 recte
3244 2679 3506 2736 tenemus,
3531 2673 3711 2741 quando

2166 2780 2269 2820 nec
2313 2765 2613 2819 inhumane
2651 2764 2776 2820 duri
2817 2779 3012 2819 sumus
3063 2779 3192 2835 erga
3242 2774 3491 2819 naturam
3521 2765 3709 2835 proximi

2167 2857 2484 2929 indigentis,
2535 2872 2638 2913 nec
2684 2857 2978 2912 indiscrete
3008 2857 3380 2927 compatimur
3403 2857 3540 2912 vitiis
3568 2858 3711 2912 delin-

2164 2953 2406 3022 quentis.
2428 2952 2568 3006 Cum
2597 2949 2744 3006 enim
2776 2949 3157 3006 misericordia
3184 2959 3241 3005 et
3265 2950 3476 3020 justitia
3497 2951 3713 3004 virtuales

2165 3045 2298 3112 sint,
2339 3043 2714 3100 misericordia
2744 3058 2875 3114 erga
2919 3053 3196 3108 naturam,
3227 3053 3284 3098 et
3317 3043 3525 3114 justitia
3559 3054 3713 3098 conm

2166 3138 2381 3205 vitium,
2411 3137 2714 3194 exercenda
2734 3147 2838 3192 est.
2874 3135 2989 3191 lmo
3009 3136 3066 3191 in
3095 3137 3358 3191 omnibus
3383 3137 3651 3192 habeamus
3673 3146 3718 3188 et

2169 3232 2602 3288 misericordiam
2632 3230 2864 3302 justam,
2906 3239 2961 3285 et
2992 3229 3268 3300 justitiam
3308 3229 3713 3292 misericordiam

2165 3324 2306 3379 alias
2335 3339 2435 3378 nec
2457 3323 2572 3378 haec
2599 3337 2725 3377 vera
2756 3321 3155 3386 misericordia,
3185 3337 3289 3376 nec
3321 3321 3412 3375 illa
3441 3338 3558 3376 vera
3587 3321 3717 3390 justi-

2167 3418 2264 3484 tia,
2288 3417 2381 3472 scd
2409 3417 2592 3488 potius
2616 3416 2806 3471 vitium
2828 3424 2931 3471 est.
2980 3414 3273 3485 Eleganter
3314 3424 3496 3471 autem
3536 3415 3716 3469 miseri-

2166 3509 2426 3564 cordibns
2450 3508 2770 3564 consecutio
2805 3505 3202 3562 misericordiae
3229 3507 3581 3577 promittitur,
3605 3506 3720 3561 sicut

2165 3608 2221 3656 et
2241 3609 2464 3654 econtra
2485 3598 2754 3669 judicium
2786 3598 2906 3654 sine
2929 3598 3310 3653 misericordia
3333 3599 3382 3652 ei
3405 3599 3498 3668 qui
3527 3614 3624 3653 non
3650 3597 3718 3650 ia-

2165 3692 2240 3747 cit
2263 3691 2697 3747 misericordiam
2722 3689 2866 3761 (Jac.
2903 3690 2986 3758 tt).
3016 3691 3180 3744 Sexta
3210 3691 3390 3746 virtus
3415 3701 3500 3746 est
3533 3691 3718 3744 mundi-

2165 3785 2238 3838 tia
2263 3783 2464 3839 cordis.
2507 3781 2589 3837 Ad
2618 3783 2762 3838 hanc
2785 3797 2887 3837 nos
2916 3781 3112 3836 invitat
3138 3781 3428 3849 Dominus,
3458 3799 3578 3838 cum
3614 3781 3721 3835 sub-

2163 3877 2272 3932 dit:
2301 3875 2457 3931 Beati
2482 3874 2678 3928 mundo
2699 3874 2877 3940 corde,
2894 3875 3148 3945 quoniam
3177 3874 3282 3944 ipsi
3303 3874 3474 3928 Deum
3489 3874 3720 3928 ridebunt.

2163 3969 2258 4026 Est
2287 3979 2471 4024 autem
2496 3965 2734 4039 perfecta
2763 3967 2950 4023 cordis
2971 3966 3266 4034 munditia,
3301 3969 3504 4022 nullam
3539 3976 3721 4036 turpet-

2163 4063 2220 4120 in
2247 4080 2308 4120 se
2326 4063 2567 4133 recipere
2590 4061 2998 4133 cogitationem.
3029 4059 3136 4116 Sed
3161 4060 3287 4130 quis
3313 4061 3418 4116 hoc
3442 4061 3497 4116 in
3522 4061 3615 4116 hac
3632 4061 3724 4114 vita

2161 4157 2399 4229 poterit?
2439 4155 2650 4211 Nullus.
2686 4152 2932 4209 Velintus
2969 4157 3119 4208 enim
3167 4154 3433 4221 nolimus,
3480 4152 3726 4208 multoties

2163 4251 2397 4321 turpiter
2423 4251 2730 4321 cogitamus
2757 4256 2812 4301 et
2839 4245 3200 4302 delectamur.
3227 4245 3336 4300 Sed
3365 4245 3412 4301 si
3441 4254 3634 4315 turpem
3655 4258 3728 4298 oo-

2163 4343 2482 4414 gitationem
2523 4356 2580 4396 et
2620 4338 3040 4394 delectationem
3096 4338 3150 4392 in
3199 4336 3369 4392 corde
3419 4343 3726 4396 nascentem.

2163 4435 2348 4492 statim
2381 4449 2490 4490 non
2511 4432 2928 4499 consentiendo,
2965 4430 3334 4497 rcfrenamus,
3374 4446 3483 4485 non
3506 4429 3617 4484 ideo
3653 4428 3728 4482 hic

470 4523 618 4579 tibus
642 4523 929 4588 honorem,
964 4519 1090 4575 filiis
1122 4517 1543 4589 providentiam,
1591 4514 1894 4585 majoribus
1928 4513 2060 4568 obe-
2092 4555 2140 4616 D
2165 4527 2490 4582 munditiam
2528 4525 2780 4581 αωίιιριιε
2802 4523 3060 4590 dicimur,
3093 4523 3224 4592 quia
3269 4523 3482 4578 scilicet
3506 4536 3600 4576 nos
3622 4530 3729 4575 (ut-

470 4614 757 4679 dientiam,
781 4611 1014 4667 subditis
1041 4606 1687 4678 disciplinam,omnibus
1718 4605 2052 4675 aequitatem.

469 4710 690 4767 Justitia
735 4708 830 4763 Dei
867 4717 950 4763 est
984 4705 1281 4776 unicuique
1328 4701 1629 4758 secundum
1680 4701 1828 4772 quod
1860 4699 2062 4755 meruit

472 4803 722 4860 reddere.
795 4798 998 4855 Neutra
1046 4807 1231 4852 autem
1296 4796 1350 4851 in
1397 4795 1501 4850 hac
1545 4794 1654 4850 vita
1715 4792 2058 4864 perficietur,

471 4899 734 4971 quoniam
784 4907 960 4964 neque
999 4891 1166 4945 homo
1195 4887 1395 4961 poterit
1423 4887 1479 4942 in
1523 4887 1626 4942 hac
1673 4885 1783 4941 vita
1827 4885 2065 4956 perfecte

472 4990 771 5061 unicuique
820 4986 968 5058 quod
1001 4999 1162 5040 suum
1187 4992 1271 5038 est
1299 4981 1545 5047 reddere,
1585 4995 1763 5052 neque
1791 4980 1940 5037 Deus
1971 4981 2065 5036 hic

469 5084 660 5142 reddet
681 5079 924 5153 plenarie
946 5076 1242 5146 unicuique
1271 5075 1418 5146 quod
1443 5073 1665 5129 meruit.
1694 5072 1801 5129 Sed
1833 5083 2066 5145 utraque

466 5175 682 5246 justitia
709 5167 1182 5227 eonsnmmabitur
1218 5167 1274 5222 in
1297 5167 1401 5222 alia
1431 5167 1560 5221 vita.
1595 5164 1890 5235 Propterea
1933 5179 2060 5218 con-

469 5271 753 5326 venienter
776 5265 853 5321 ait
885 5283 898 5319 :
927 5263 1081 5318 Beati
1102 5264 1190 5335 qui
1214 5265 1453 5318 esuriant
1476 5272 1526 5318 et
1549 5263 1742 5317 sitiunt
1763 5261 2063 5331 justitiam,

473 5372 736 5432 tauquam
773 5357 984 5414 scilicet
1004 5357 1210 5423 cibum,
1239 5367 1292 5411 et
1323 5365 1510 5428 potum
1547 5355 1764 5410 animae.
1791 5350 1902 5407 Nos
1923 5365 2066 5422 quo-

471 5468 602 5526 que,
633 5449 829 5506 fratres
856 5450 986 5517 mei,
1025 5458 1138 5505 toto
1174 5448 1449 5504 desiderio
1480 5445 1793 5503 esuriamus
1813 5453 1869 5499 et
1913 5443 2068 5499 sitia-

473 5561 600 5603 mus
638 5543 933 5616 justitiam,
975 5543 1228 5609 subaudi,
1264 5540 1446 5597 facere
1493 5547 1547 5595 et
1593 5538 1710 5594 ﬁeri
1752 5537 2064 5593 desideran-

469 5646 574 5708 ωδ,
590 5638 799 5695 scilicet
821 5647 880 5693 ut
905 5652 1006 5693 nos
1040 5636 1318 5708 possimus
1345 5633 1583 5704 perfecte
1606 5629 1901 5701 unicuique
1920 5628 2068 5700 quod

473 5751 636 5794 suum
661 5743 746 5790 est
771 5733 1016 5800 reddere,
1044 5740 1098 5786 et
1139 5738 1198 5784 ut
1239 5746 1269 5784 a
1315 5727 1427 5782 Deo
1471 5725 1727 5781 reddatur
1772 5723 2068 5794 unicuique

467 5829 620 5900 justo
657 5827 956 5885 secundum
999 5823 1146 5896 quod
1195 5828 1458 5889 meretur,
1496 5834 1564 5875 ne
1614 5817 1822 5875 scilicet
1858 5816 2067 5874 diutius

2165 4620 2305 4691 piter
2341 4619 2613 4690 cogitasse
2653 4625 2709 4672 ct
2741 4617 3044 4672 delectatos
3092 4613 3262 4670 fuisse
3307 4614 3729 4685 reprehendimus

2162 4723 2217 4768 et
2248 4712 2526 4782 ponimus.
2557 4709 2862 4766 Possumus
2883 4717 3066 4764 autem
3095 4709 3277 4764 dicere
3301 4724 3427 4764 cum
3453 4707 3727 4779 Apostolo:

2170 4824 2189 4858 ι
2222 4804 2278 4860 Si
2301 4803 2447 4874 quod
2470 4802 2598 4858 nolo
2623 4801 2726 4857 hoc
2746 4817 2872 4873 ago,
2902 4817 3012 4856 non
3043 4817 3210 4871 pecco
3234 4818 3358 4872 ego,
3384 4801 3477 4856 sed
3499 4799 3633 4871 quod
3650 4800 3731 4854 ha-

2166 4893 2302 4949 bitat
2331 4893 2386 4946 in
2419 4907 2507 4947 me
2535 4901 2820 4962 peccatum
2848 4889 3024 4960 (Rom.
3053 4889 3175 4961 νη).
3214 4909 3234 4940 ι
3260 4889 3360 4945 Est
3385 4898 3565 4945 autem
3587 4904 3732 4943 mns-

2165 4985 2301 5039 ditia
2330 4983 2515 5041 cordis
2545 4983 2848 5039 secundum
2877 4990 3083 5038 statum
3127 4982 3415 5053 praesentis
3442 4982 3580 5046 vitae,
3615 4979 3732 5033 nulli

2169 5076 2493 5148 turpitudini
2516 5075 2850 5131 consentire.
2883 5072 2991 5142 Qui
3037 5083 3222 5129 autem
3254 5075 3338 5130 sic
3368 5073 3576 5139 mundi,
3609 5087 3733 5143 quo

2170 5169 2320 5225 niam
2352 5167 2600 5224 nondum
2625 5167 2857 5224 omnino
2880 5167 3072 5222 mundi
3099 5176 3250 5234 sunt,
3295 5167 3419 5222 ideo
3454 5166 3648 5222 dicitur
3680 5164 3736 5217 de

2169 5262 2272 5317 iis:
2295 5260 2416 5317 Non
2443 5262 2572 5334 quia
2595 5260 2710 5333 jam
2735 5261 2921 5316 vident
2951 5259 3144 5328 Deum,
3198 5260 3293 5316 sed
3326 5261 3457 5331 quia
3499 5260 3735 5314 videbunt

2167 5349 2223 5405 in
2251 5361 2454 5407 aeterna
2484 5351 2612 5416 vita,
2643 5351 2865 5422 quando
2892 5351 3102 5406 scilicet
3135 5350 3274 5405 nihil
3313 5350 3381 5406 de
3426 5360 3620 5406 caetero
3656 5364 3730 5419 po

2167 5453 2354 5499 terunt
2379 5444 2612 5515 turpiter
2643 5441 3030 5514 cogitareNos
3053 5458 3208 5514 ergo,
3229 5441 3433 5500 fratres
3460 5444 3586 5507 mei,
3613 5445 3658 5497 si
3678 5443 3738 5496 itii

2167 5551 2294 5591 eum
2322 5536 2506 5592 videre
2537 5535 2815 5602 volumus,
2858 5536 2948 5590 hic
2998 5550 3236 5606 purgare
3289 5535 3494 5590 mentis
3537 5535 3740 5588 oculum

2169 5637 2506 5700 satagamus.
2553 5627 2796 5699 Septima
2844 5627 3021 5683 virtus
3065 5637 3149 5683 est
3175 5643 3300 5697 pax.
3350 5628 3434 5681 Ad
3481 5629 3622 5682 hanc
3655 5642 3743 5680 nos

2169 5721 2364 5777 invitat
2383 5737 2509 5777 cum
2527 5715 2529 5718 ⁴
2549 5721 2734 5778 subdit
2759 5739 2772 5776 :
2805 5720 2959 5775 Beati
2989 5720 3235 5790 paciﬁci,
3257 5721 3511 5792 quoniam
3535 5720 3635 5789 ﬁlii
3658 5717 3743 5771 Dei

2170 5814 2513 5872 vocabuntur.
2546 5813 2644 5870 Est
2665 5823 2847 5870 autem
2874 5828 2978 5884 pax
3009 5811 3272 5883 perfecta,
3315 5810 3570 5882 perfectae
3606 5823 3744 5863 .ran-
