3844 6318
90 433 186 494 1181

1115 427 1530 485 110)111..1ᾸΞ.--
1580 429 1619 483 1.
1666 425 1754 484 DE
1802 429 2148 488 TEMPOllE.

3181 442 3205 494 l
3217 439 3322 497 i8!

84 549 244 625 quillus
289 543 489 601 mentis
524 553 724 610 status,
753 543 967 598 eunetis
1011 542 1116 598 sibi
1163 550 1354 598 ornate
1390 557 1619 599 concor-
1649 547 1699 604 Α
1727 541 2175 611 iniprecaverint;
2217 551 2266 596 et
2288 546 2546 613 persecuti
2569 561 2654 598 vos
2679 545 2896 614 fuerint,
2933 548 3141 604 scilicet
3164 549 3321 604 dam-

81 639 315 700 dautibus.
372 636 478 692 Sed
528 651 654 692 cum
687 650 817 690 caro
857 634 946 688 hic
975 634 1328 704 concupiscat
1368 634 1628 690 adversus

87 729 316 803 spiritum,
350 735 404 780 et
432 725 663 794 spiritus
683 725 950 792 adversus
973 739 1195 780 carnem
1227 722 1372 794 (Gal.
1403 727 1481 794 v),
1508 725 1628 780 haec

83 839 162 896 pax
181 835 276 874 non
311 827 394 872 est
414 818 535 884 vias,
561 817 656 872 sed
678 817 886 888 patriae.
917 816 1081 873 Juxta
1125 833 1256 873 vero
1305 826 1627 887 praesentem

84 921 266 974 statum,
300 907 499 963 dicitur
522 922 628 976 pax
656 908 984 978 tranquillus
1019 909 1218 963 mentis
1268 917 1463 974 status,
1491 925 1628 963 cun-

81 1003 163 1060 ctis
178 999 270 1056 sibi
295 1006 487 1054 ornate
519 999 1005 1068 concordantibus,
1039 1000 1121 1056 vel
1161 1001 1356 1056 saltem
1395 1001 1519 1056 aliis
1539 1015 1630 1056 or-

82 1096 230 1152 dinate
271 1091 610 1146 cedentibus.
661 1089 893 1156 Quando
937 1091 1084 1146 enim
1132 1107 1326 1147 omnes
1365 1100 1547 1147 motus
1575 1091 1629 1146 in

81 1186 209 1242 nobis
231 1183 562 1240 concordant
582 1182 852 1250 ordinate,
876 1182 965 1238 vel
1009 1183 1112 1238 sibi
1150 1184 1342 1239 saltem
1383 1183 1632 1238 ordinate

85 1279 266 1341 cedunt,
309 1285 370 1330 ut
408 1275 570 1331 bonis
621 1275 773 1341 mali,
812 1276 898 1332 vel
940 1275 1319 1346 spiritualibus
1358 1275 1628 1342 carnales,

78 1379 190 1424 tunc
219 1381 398 1438 pacem
453 1367 722 1422 habemus
768 1367 1076 1434 nobiscum,
1133 1383 1354 1423 carnem
1413 1365 1631 1438 Spiritui

80 1459 346 1525 subdeudo,
371 1467 574 1515 etcum
608 1457 740 1524 Deo,
765 1459 816 1514 ei
845 1458 1171 1525 obediendo,
1210 1467 1265 1513 et
1291 1474 1417 1514 cum
1460 1458 1633 1514 omni-

77 1551 158 1606 bus
202 1548 510 1606 hominibus
559 1557 828 1620 quantum
865 1551 920 1605 in
962 1550 1142 1616 nobis,
1179 1565 1372 1606 eorum
1421 1549 1628 1605 bonum

76 1641 251 1699 sdiicet
279 1650 332 1696 et
356 1642 595 1697 volendo
629 1651 684 1697 et
708 1641 1027 1712 quaerendo.
1057 1641 1166 1709 Qui
1191 1652 1376 1697 autem
1407 1643 1489 1699 sic
1513 1659 1630 1698 mo-

73 1735 129 1790 do
153 1742 268 1788 sunt
293 1733 528 1803 pacilici,
561 1733 653 1789 ﬁlii
686 1732 804 1799 Dei,
843 1749 953 1788 non
999 1734 1137 1789 dixit
1177 1733 1292 1803 jam
1342 1742 1627 1796 vocantur,

69 1827 175 1880 dum
198 1824 372 1880 adhuc
396 1824 578 1894 aliqua
611 1825 834 1880 rebellio
861 1825 915 1878 in
947 1824 1030 1880 eis
1065 1832 1171 1888 est,
1206 1823 1300 1878 sed
1346 1824 1626 1878 vocabun—

69 1925 142 1970 tur
158 1917 206 1969 in
227 1925 428 1970 aeterna
461 1916 594 1982 vita,
626 1931 754 1972 cum
784 1915 936 1972 omni
986 1915 1286 1971 rebellione
1312 1914 1368 1969 in
1412 1915 1494 1971 eis
1543 1930 1629 1970 so—

65 2008 158 2073 pita
181 2005 381 2061 similes
403 2005 516 2062 Deo
543 2007 862 2062 etiicientur.
893 2005 1008 2062 Nos
1033 2021 1184 2078 ergo,
1209 2005 1429 2071 fratres,
1453 2022 1628 2076 quan-

67 2108 160 2152 tum
186 2111 498 2167 possumus,
526 2099 814 2169 hic‘pacem
839 2099 893 2154 in
913 2098 1072 2154 nobis
1097 2097 1402 2153 ordinatam
1427 2097 1628 2152 habea-

66 2203 184 2254 mus,
216 2198 488 2257 quatenus
511 2189 585 2242 ad
621 2189 769 2243 illam
793 2203 982 2258 pacem
1032 2186 1150 2253 Dei,
1175 2203 1299 2258 quae
1337 2194 1630 2256 exsuperat

66 2294 250 2335 omnem
278 2296 503 2336 sensum
529 2279 696 2351 (Phil.
726 2282 823 2352 iv),
841 2280 1174 2351 pertingere,
1201 2289 1257 2334 et
1286 2277 1380 2332 ﬁlii
1413 2278 1508 2333 Dei
1535 2293 1630 2332 vo-

59 2371 156 2426 cari
171 2380 220 2426 et
246 2387 371 2428 esse
401 2387 735 2428 mereamur.

117 2460 306 2520 Octava
341 2464 512 2520 virtus
538 2474 623 2520 est
649 2465 930 2535 patientia.
971 2465 1054 2520 Ad
1098 2465 1240 2520 hanc
1283 2481 1385 2520 nos
1439 2465 1631 2520 invitat

58 2555 302 2611 Dominus
337 2571 465 2611 cum
502 2557 726 2612 subdit:
756 2557 913 2614 Beati
948 2558 1040 2627 qui
1079 2558 1492 2627 persecutione»:
1528 2575 1628 2628 pa-

59 2648 237 2701 tiuntur
264 2655 481 2717 prapter
503 2649 801 2720 justitiam,
851 2649 1102 2718 quoniam
1144 2649 1379 2718 ipsorum
1423 2659 1499 2704 est
1549 2667 1630 2705 re-

56 2755 191 2809 gnum
212 2739 485 2794 caelorum.
514 2739 685 2796 Porro
710 2741 972 2811 patientia
1013 2749 1100 2797 est
1129 2741 1322 2809 virtus,
1347 2742 1528 2798 illatas
1556 2742 1629 2797 si-

57 2829 100 2883 bi
124 2830 351 2900 injurias
371 2840 590 2902 propter
613 2831 784 2887 Deum
813 2833 1192 2903 aequanimiter
1217 2842 1462 2903 portans.
1491 2833 1627 2889 Cum

53 2936 166 2991 ergo
183 2922 388 2979 dicitur
411 2943 424 2977 :
451 2923 606 2980 Beati
631 2926 721 2995 qui
742 2927 1154 2995 persecutionem
1189 2922 1468 2996 patiuntur
1509 2945 1603 2997 pro

53 3024 150 3082 pter
158 3015 458 3084 justitiam,
491 3017 929 3074 subaudiendum
961 3028 1047 3074 est
1074 3020 1474 3090 aequanimiter.
1502 3020 1620 3076 Tri~

47 3109 179 3164 enim
231 3109 443 3166 faciunt
487 3121 783 3185 martyrem
810 3133 831 3168 ς
864 3114 1197 3181 innocentia,
1249 3116 1629 3185 aequanimitas

1731 633 2157 701 niticationibus,
2189 637 2398 690 exsiliis
2448 646 2504 692 et
2533 637 2849 703 tormentis;
2876 637 2929 692 in
2955 639 3158 706 verbis,
3193 656 3319 694 cum

1731 724 1883 791 dicit,
1913 735 1963 780 et
2015 726 2243 780 dixerint
2275 744 2424 781 omne
2454 726 2674 791 malum,
2709 726 2916 781 scilicet
2957 726 3318 792 detrahendo,

1732 818 2087 873 conviciendo
2139 827 2193 874 et
2247 819 2576 874 accusando.
2631 817 2814 883 Addit,
2869 819 3198 882 mentientes,
3253 834 3322 871 ne

1733 908 1996 977 giorietur
2019 909 2067 963 is
2089 909 2155 963 de
2177 925 2286 978 quo
2316 925 2440 964 vere
2487 909 2906 964 maledicuntur.
2942 909 3108 963 Addit
3154 908 3319 963 etiam

1731 1009 1941 1069 propter
1963 1017 2060 1067 me,
2083 1000 2341 1070 quoniam
2368 1017 2477 1056 non
2501 1017 2682 1072 pinna,
2710 1002 2804 1057 sed
2833 1017 2998 1057 causa
3026 1012 3318 1071 martyrem

1729 1090 1882 1146 facit.
1923 1091 2182 1158 Gaudete,
2221 1092 2418 1162 inquit,
2469 1093 2700 1148 subaudi
2747 1102 2948 1155 mente,
2979 1101 3027 1146 et
3058 1093 3321 1146 exsultale

1731 1198 1982 1254 corpore,
2005 1185 2255 1254 quoniam
2284 1201 2475 1238 merces
2500 1194 2669 1238 vestra
2703 1187 2914 1254 copiosa
2950 1193 3024 1238 est
3067 1185 3120 1238 in
3152 1183 3316 1237 caelis.

1733 1273 1829 1331 lla:
1856 1275 2106 1342 virtutes,
2137 1275 2333 1332 fratres
2355 1277 2688 1344 charissimi,
2729 1279 2802 1332 ita
2852 1277 2955 1332 sibi
3010 1286 3138 1332 sunt
3188 1293 3322 1332 con-

1726 1367 1952 1440 junctae,
1984 1369 2130 1439 quod
2173 1369 2440 1439 gradatim
2491 1369 2806 1439 proﬁcimus
2859 1369 3202 1425 ascendendo
3252 1369 3322 1423 ad

1734 1458 2008 1516 ultimam.
2042 1457 2285 1512 Primum
2314 1461 2514 1528 quippe
2550 1459 2882 1513 mundanam
2909 1460 3320 1514 considerantes

1733 1551 2013 1607 miseriam
2045 1549 2337 1620 incipimus
2360 1552 2624 1606 inundant
2650 1560 3016 1607 contemnere.
3047 1551 3320 1616 Secundo,

1732 1645 2021 1702 interiores
2047 1645 2337 1715 passiones
2385 1644 2439 1698 in
2489 1645 2646 1699 nobis
2683 1644 2952 1715 mitigare.
2984 1643 3190 1710 Tertio,
3236 1646 3320 1697 vi-

1725 1740 1941 1806 dentes,
1984 1754 2086 1794 nos
2129 1754 2237 1794 non
2277 1752 2438 1807 posse
2462 1751 2562 1792 eas
2592 1737 2680 1791 hic
2701 1737 2929 1791 omnino
2959 1753 3189 1809 purgare
3239 1737 3322 1791 lu-

1730 1846 1944 1901 gemus.
1979 1829 2045 1884 Et
2067 1839 2264 1900 quarto
2307 1829 2670 1884 aeternitatem
2709 1829 2938 1898 iustitia:
2975 1830 3030 1883 in
3073 1845 3180 1899 qua
3228 1843 3320 1883 cas

1655 1893 1701 1955 Β
1729 1923 1980 1995 mitigare
2018 1922 2334 1988 valeamus,
2373 1920 2682 1986 esurimus;
2719 1920 2790 1975 ad
2827 1937 3014 1990 quam,
3059 1921 3321 1990 qtioniam

1727 2029 1837 2070 non
1872 2022 2094 2083 propter
2126 2012 2322 2066 merita
2348 2019 2556 2078 nostra,
2587 2011 2681 2066 sed
2706 2020 2929 2081 propter
2951 2011 3122 2066 solam
3152 2009 3322 2065 mise-

1726 2105 2019 2160 ricordiam
2044 2103 2377 2172 pervenitur.
2401 2101 2605 2168 Quinto
2621 2101 2885 2156 discimus
2905 2102 3028 2157 aliis
3054 2101 3324 2168 misereri,

1731 2206 1786 2251 ut
1819 2195 1964 2251 Deus
1990 2196 2318 2251 misereatur
2341 2194 2518 2249 nobis.

1804 2285 1871 2341 Et
1906 2300 2165 2356 quoniam
2190 2283 2565 2340 misericordia
2595 2283 2714 2339 sine
2748 2282 3016 2338 munditia
3055 2299 3161 2339 non
3207 2282 3323 2338 suf-

1734 2377 1866 2443 ﬁcit,
1906 2392 2098 2432 omnes
2131 2375 2523 2447 cogitationum
2567 2375 2933 2446 turpitudines
2961 2391 2992 2429 a
3017 2375 3185 2430 corde
3232 2390 3322 2429 re-

1729 2469 1926 2538 pellere
1949 2469 2284 2524 studeamus.
2313 2465 2490 2534 Quod,
2511 2475 2570 2521 ut
2609 2467 2804 2522 melius
2850 2467 3151 2531 valeamus,
3193 2481 3324 2535 sep-

1731 2557 1864 2611 timo
1893 2556 2242 2611 rebellionem
2269 2555 2452 2611 carnis
2483 2565 2536 2610 et
2563 2556 2789 2626 spiritus
2822 2555 2874 2610 in
2922 2555 3079 2610 nobis
3129 2554 3322 2626 pacili-

1729 2647 1863 2713 cari,
1917 2655 1977 2702 et
2029 2663 2154 2702 cum
2205 2647 2462 2704 omnibus
2517 2648 2832 2703 hominibus
2881 2664 3069 2718 pacem
3127 2647 3326 2702 habere

1729 2740 2066 2804 atl'ectamus,
2102 2749 2156 2795 et
2184 2741 2378 2795 deinde
2405 2738 2790 2810 perfectionem
2820 2740 3065 2812 martyrii
3105 2749 3326 2810 propter

1736 2830 1905 2886 Deum
1954 2833 2230 2888 sustinere
2284 2833 2664 2904 aequanimiter
2704 2834 2970 2888 valemus.
3015 2832 3154 2888 Cum
3207 2833 3327 2888 istis

1730 2936 1856 2982 octo
1883 2927 2180 2984 virtutibus
2212 2943 2383 2982 unum
2421 2927 2776 2983 beatitudinis
2805 2927 3088 2997 prmmium
3119 2926 3318 2981 debea-

1732 3029 1841 3087 tur,
1873 3034 2052 3077 tamen
2109 3032 2330 3094 propter
2380 3022 2803 3092 competentiam
2849 3021 3199 3093 singulariter
3242 3021 3325 3076 di-

1732 3129 1903 3168 versa:
1929 3112 2304 3169 nominantur.
2338 3113 2396 3169 in
2424 3115 2516 3170 illa
2545 3115 2693 3171 enim
2721 3114 2908 3169 omnia
2940 3115 3236 3179 invenient,
3271 3112 3324 3167 in

50 3212 95 3256 et
143 3218 333 3259 causa.
408 3203 744 3272 lnnocentia,
786 3216 847 3262 ut
885 3217 1105 3278 propter
1134 3216 1358 3278 peccata
1411 3224 1628 3278 poenam
1657 3248 1702 3309 Ο
1735 3205 1824 3260 illa
1845 3205 2046 3276 quippe
2085 3213 2139 3260 et
2161 3214 2457 3278 paupertas
2505 3214 2690 3261 nostra
2731 3214 2963 3260 atcrnas
2991 3204 3209 3259 divitias
3238 3203 3323 3257 in-

49 3307 144 3348 non
156 3307 454 3364 mereatur;
468 3299 868 3368 :equanimitas,
883 3308 944 3354 ut
965 3315 1181 3370 pugnam
1207 3301 1408 3372 injuste
1423 3302 1627 3356 illatam

46 3403 186 3456 sequo
205 3398 260 3444 et
286 3389 411 3444 miti
434 3392 620 3445 animo
638 3393 901 3462 patiatur;
925 3409 1116 3459 causa,
1140 3402 1199 3448 ut
1220 3403 1441 3464 propter
1459 3393 1629 3450 Deum

45 3481 288 3548 patiatur.
329 3480 478 3537 Idem
504 3485 652 3538 enim
678 3494 762 3540 est
785 3486 894 3555 pati
921 3493 1144 3556 propter
1169 3487 1460 3555 justitiam,
1486 3486 1632 3557 quod

43 3581 246 3642 propter
274 3573 485 3640 Deum,
528 3591 651 3630 cum
678 3575 821 3632 Deus
839 3577 1052 3647 justitia
1091 3577 1180 3633 sit.
1227 3576 1285 3631 Si
1325 3586 1504 3632 autem
1534 3578 1634 3632 ali-

44 3664 154 3730 quis
217 3666 468 3736 patiatur
533 3667 870 3736 innocenter,
920 3669 1016 3724 sed
1068 3683 1176 3723 non
1231 3668 1630 3738 aequanimiter,

37 3759 286 3829 martyris
345 3759 603 3814 meritum
648 3775 757 3816 non
817 3761 1000 3816 habet.
1065 3759 1279 3818 Rursus
1325 3770 1381 3817 et
1443 3761 1488 3817 si
1540 3777 1634 3832 pa-

43 3847 161 3902 titur
192 3860 248 3905 et
283 3851 689 3908 innocenteret
739 3854 1141 3924 aequanimiter,
1193 3855 1288 3910 sed
1345 3871 1454 3911 non
1505 3872 1632 3926 pro-

35 3949 143 4008 pter
189 3941 396 4010 Deum,
448 3955 657 4017 martyr
697 3961 809 4001 non
860 3956 963 4002 est.
1019 3946 1128 4002 Sed
1186 3947 1234 4001 si
1289 3947 1628 4013 innocenter,

39 4038 89 4083 et
124 4033 522 4103 aequanimiter
545 4076 558 4100 ,
590 4043 644 4090 et
666 4045 888 4106 propter
915 4036 1085 4092 Deum
1139 4038 1418 4108 patiatur,
1442 4040 1632 4108 procul

36 4121 188 4181 Jubio
220 4135 445 4198 martyr
463 4135 566 4183 est.
601 4127 708 4184 Sed
750 4142 874 4184 cum
905 4129 1128 4197 dicitur,
1154 4131 1393 4200 patiatur
1411 4140 1634 4202 propter

31 4213 356 4287 Dominum,
375 4220 608 4275 subaudi
640 4237 856 4292 poenam
888 4223 1092 4278 illatam
1125 4233 1346 4294 propter
1365 4223 1632 4291 Deum,ut

33 4305 277 4365 ridelicet
307 4320 372 4366 et
398 4325 557 4380 pinna
582 4320 800 4382 propter
826 4310 997 4368 Deum
1021 4311 1307 4380 inferatur,
1332 4322 1387 4369 et
1412 4325 1631 4385 propter

28 4395 189 4454 Deum
229 4401 602 4470 sustineatur,
627 4413 899 4474 quatenus
919 4414 1002 4461 est
1017 4414 1072 4460 et
1099 4407 1152 4461 in
1178 4407 1442 4463 inferente
1462 4425 1626 4465 causa

22 4489 88 4547 sit
136 4494 346 4550 odium
401 4495 627 4563 Christi,
677 4506 731 4552 et
782 4498 838 4552 in
886 4499 1132 4570 patiente
1169 4516 1338 4556 causa
1379 4503 1451 4557 sit
1474 4518 1628 4557 amor

1739 3298 1933 3364 veniet,
1964 3306 2019 3352 et
2070 3309 2258 3352 nostra
2304 3296 2558 3353 mititudo
2609 3296 3004 3364 litermlitatem,
3047 3305 3100 3351 et
3138 3306 3327 3350 noster

1737 3399 1916 3445 ructus
1937 3389 2392 3456 consolationem,
2416 3401 2470 3444 et
2499 3397 2683 3444 nostra
2709 3389 2920 3444 esuries
2949 3387 3323 3453 refectionem,

1734 3491 1788 3537 et
1834 3492 2020 3537 nostra
2083 3482 2459 3537 misericordia
2515 3481 2970 3546 misericordiam,
3025 3489 3081 3535 et
3131 3490 3324 3533 nostra

1734 3573 2004 3628 munditia
2034 3571 2128 3626 Dei
2154 3572 2444 3639 visionem,
2479 3582 2533 3628 et
2561 3581 2748 3627 nostra
2784 3587 2890 3642 pax
2938 3569 3032 3624 Dei
3064 3571 3324 3625 similitu-

1735 3666 1937 3733 dinem,
1994 3674 2050 3720 et
2113 3675 2303 3720 nostra
2346 3665 2609 3736 patientia
2665 3665 2818 3736 regni
2865 3664 3322 3728 dominationem,

1734 3759 1992 3830 largiente
2007 3758 2254 3812 omnium
2271 3767 2588 3813 sanctorum
2607 3757 2861 3828 precibus
2882 3755 2993 3811 Deo
3014 3765 3068 3812 et
3091 3755 3324 3811 Domino

1734 3859 1924 3905 nostro
1944 3848 2074 3905 Jesu
2104 3847 2346 3915 Christo,
2371 3849 2467 3919 qui
2491 3865 2616 3904 cum
2635 3847 2800 3904 Patre
2817 3857 2873 3904 et
2903 3846 3109 3919 Spiritu
3133 3857 3324 3903 sancto

1739 3941 1866 3996 vivit
1896 3949 1951 3995 et
1979 3949 2170 4012 regnat
2199 3940 2362 4008 Deus,
2387 3956 2484 4012 per
2532 3939 2717 3995 omnia
2741 3940 2937 3996 smcula
2974 3940 3318 3996 smculorum.

2437 4051 2624 4107 XLIII.

1890 4160 1940 4198 IN
1960 4159 2450 4200 COIIBIORMI'IONE
2482 4159 2873 4200 DEFUNCTORUII
2902 4159 3074 4200 δεωιο
3100 4161 3166 4200 οε

2356 4231 2692 4270 Αροελιγιτει.

1800 4306 1998 4362 Audivi
2031 4323 2206 4361 uocem
2231 4307 2294 4361 de
2313 4305 2448 4361 casio
2474 4308 2732 4361 dicentem
2761 4307 2890 4361 milii
2906 4306 3323 4362 :Scribc:Beati

1732 4402 1926 4455 mortui
1948 4402 2037 4472 qui
2060 4402 2113 4455 in
2143 4401 2365 4455 Domino
2390 4403 2692 4455 moriuntur
2706 4401 2894 4473 (Apoc.
2920 4402 3052 4472 xlv),
3078 4412 3181 4457 etc.
3208 4401 3324 4457 Hoc

1732 4493 1941 4560 scribit,
1996 4493 2192 4549 fratres
2238 4493 2576 4561 charissimi,
2639 4493 2876 4549 Joannes
2932 4495 3215 4564 apostolus
3267 4505 3324 4550 et

22 4585 245 4642 Christi.
278 4587 398 4655 Qui
425 4588 572 4642 enim
604 4590 684 4644 sic
713 4591 1016 4660 patiuntur,
1043 4607 1179 4647 vero
1209 4595 1431 4648 nomine
1479 4610 1628 4648 mar—
1656 4619 1704 4680 ο
1729 4589 2080 4658 evangelista,
2112 4587 2205 4658 qui
2228 4587 2380 4659 virgo
2407 4596 2494 4643 est
2521 4587 2728 4644 electus
2756 4604 2786 4642 a
2811 4586 3063 4654 Domino,
3087 4597 3140 4641 et
3168 4587 3322 4658 virgo

21 4685 158 4747 tyres
179 4679 480 4735 dicuntur.
504 4678 609 4736 Sed
638 4690 818 4736 tamen
840 4683 1136 4752 aliquando
1154 4683 1382 4753 largiori
1403 4677 1625 4744 nomine

23 4778 298 4841 martyres
365 4786 650 4838 vocamus,
702 4772 789 4826 vel
851 4773 1071 4843 quando
1139 4774 1340 4843 aliquis
1406 4782 1626 4844 prepter

23 4858 181 4916 Deum
203 4863 432 4932 patitur
455 4879 668 4934 ptena's,
696 4881 805 4920 non
821 4874 1042 4935 propter
1065 4864 1256 4932 Deum,
1281 4865 1375 4921 sed
1405 4875 1627 4937 propter

23 4951 184 5008 Deum
219 4955 476 5010 inﬂictas
509 4964 568 5009 ut
597 4964 828 5012 sanctus
861 4956 1248 5027 Leodegarius,
1287 4956 1372 5010 vel
1403 4957 1625 5026 quando

24 5046 214 5118 aliquis
267 5047 490 5118 patitur
537 5049 659 5103 sine
706 5049 889 5119 aliqua
939 5047 1034 5102 Dei
1082 5048 1402 5116 intentione,
1435 5065 1626 5119 prunas

23 5149 239 5209 )ropter
272 5138 460 5194 Deum
489 5140 745 5206 inﬂictas,
774 5149 833 5194 ut
871 5139 1106 5195 infantes
1138 5141 1231 5210 qui
1265 5140 1368 5196 sub
1414 5139 1627 5196 llerode

24 5232 154 5288 iassi
184 5241 358 5288 sunt.
383 5231 541 5298 Quod
563 5233 775 5289 dixerat
800 5232 1064 5288 Dominus
1081 5233 1147 5288 de
1172 5234 1452 5302 patientia,
1479 5249 1630 5304 aper-

26 5323 113 5378 ius
135 5324 414 5394 exponit,
437 5339 562 5379 cum
587 5325 869 5396 subjungit
897 5344 910 5379 :
939 5325 1109 5390 Beati,
1135 5326 1329 5396 inquit,
1342 5328 1492 5392 estis,
1509 5342 1627 5380 cum

25 5411 417 5471 nafedixerint
446 5417 610 5484 vobis,
634 5419 717 5474 vel
746 5427 804 5472 ut
837 5418 943 5473 alia
975 5418 1259 5473 translatio
1289 5418 1471 5483 habet,
1507 5434 1626 5472 eum

26 5526 87 5562 os
110 5511 356 5565 oderint
392 5509 646 5578 haruines,
694 5520 744 5565 et
783 5512 1043 5580 persecuti
1074 5527 1160 5564 ros
1197 5511 1415 5580 fuerint,
1446 5521 1495 5566 et
1541 5511 1628 5565 di-

25 5607 177 5657 erint
211 5617 394 5657 omne
422 5602 622 5656 malum
653 5602 929 5657 adversum
961 5619 1049 5657 vos
1081 5604 1386 5657 mentientes
1415 5613 1627 5674 propter

25 5710 98 5747 ne.
131 5694 200 5750 In
237 5694 439 5750 tribus
467 5693 844 5763 complectitur
872 5702 1328 5765 persecutionem.
1371 5693 1430 5749 In
1475 5696 1622 5762 odio,

25 5802 50 5840 u
80 5785 291 5853 factis,
332 5785 397 5838 in
426 5785 625 5848 verbis.
652 5783 709 5838 in
747 5786 891 5852 odio,
922 5802 1049 5842 cum
1095 5785 1192 5850 ait,
1228 5785 1624 5854 maledixerint,

27 5895 113 5935 tve
141 5880 295 5936 odio
325 5876 646 5939 habuerint,
674 5877 834 5942 quasi
875 5893 941 5933 ex
983 5877 1112 5934 odio
1149 5876 1304 5933 vobis
1355 5877 1408 5932 in
1465 5878 1626 5936 corde

382 5973 656 6034 Parant.
691 5974 864 6037 CLV.

1732 4681 1787 4735 in
1815 4696 1990 4736 aevum
2025 4680 2356 4751 permansit;
2386 4681 2480 4751 qui
2510 4689 2563 4736 et
2587 4679 2844 4735 recubuit
2875 4679 2926 4732 in
2959 4693 3116 4734 creua
3155 4693 3320 4748 super

1732 4783 1923 4844 pectus
1956 4772 2106 4840 lesu,
2135 4782 2190 4828 et
2211 4773 2300 4829 cui
2323 4773 2519 4844 virgini
2565 4781 2794 4827 matrem
2838 4770 3116 4841 Virginem
3162 4785 3317 4826 com-

1732 4863 2028 4920 mendavit.
2059 4862 2230 4933 Cujus
2263 4864 2484 4933 scriptis
2516 4870 2670 4917 tanto
2697 4861 2871 4931 magis
2901 4861 3035 4916 ﬁdes
3060 4860 3322 4916 adhiben-

1733 4958 1800 5013 da
1823 4967 1928 5024 est,
1953 4967 2162 5028 quanto
2198 4957 2313 5027 ipse
2334 4955 2579 5012 coelestia
2620 4964 2828 5010 secrtta
2872 4954 2940 5009 de
2990 4953 3161 5024 ipsius
3207 4952 3317 5006 Do-

1732 5051 1916 5106 minici
1941 5050 2178 5122 pectoris
2208 5049 2355 5104 fonte
2399 5047 2610 5102 cmteris
2657 5045 2981 5117 profundius
3015 5045 3223 5118 accepit
3266 5054 3322 5100 ct

1728 5141 1972 5211 scripsit.
2017 5139 2133 5196 Hoc
2163 5155 2296 5209 ergo
2327 5138 2517 5194 scribit
2565 5137 2877 5208 iniunctum
2931 5139 3033 5192 sibi
3090 5153 3210 5194 esse
3249 5139 3320 5194 ab

1733 5233 1946 5302 angelo,
1980 5231 2089 5286 imo
2110 5247 2204 5301 per
2220 5229 2479 5300 angelum
2509 5245 2538 5283 a
2572 5228 2776 5299 Spiritu
2808 5238 3018 5296 sancto,
3048 5239 3321 5301 quatenus

1732 5326 1798 5380 de
1833 5325 2021 5395 requie
2043 5325 2280 5380 ﬁdelium
2306 5321 2688 5379 defunctorum
2722 5323 2774 5378 in
2798 5323 2939 5379 libro
2963 5325 3207 5380 scribens
3232 5324 3320 5378 in~

1731 5424 2037 5482 tersereret,
2083 5423 2138 5470 et
2183 5414 2250 5470 ad
2300 5422 2545 5470 nostram
2598 5414 2808 5470 scilicet
2851 5415 3012 5469 ﬁdem
3062 5424 3116 5470 et
3165 5429 3318 5486 spem

1733 5508 1907 5580 magis
1954 5507 2344 5572 roborandam,
2389 5515 2662 5576 quatenus
2703 5507 2771 5562 de
2817 5506 3219 5563 resurrectione
3263 5512 3322 5559 et

1731 5600 1921 5670 requie
1965 5598 2204 5654 ﬁdelium
2232 5597 2613 5654 defunctorum
2643 5599 2778 5654 certi
2803 5614 3075 5664 essemus,
3104 5605 3157 5651 et
3197 5596 3320 5650 ideo

1733 5701 1962 5748 mortem
1987 5705 2096 5746 non
2127 5691 2463 5756 timeremus,
2493 5691 2589 5747 sed
2619 5691 2805 5762 potius
2827 5706 2952 5748 cum
2981 5689 3141 5744 bonis
3188 5703 3319 5756 ope-

1731 5787 1884 5843 ribus
1907 5801 2030 5842 eam
2056 5785 2307 5842 securius
2326 5792 2858 5855 exspectaremus,et
2882 5783 2950 5839 de
2978 5789 3154 5838 morte
3177 5779 3318 5834 arni-

1730 5895 1923 5937 eorum
1972 5887 2288 5935 nostrorum
2345 5893 2716 5948 nequaquam,
2756 5876 2898 5932 sicut
2947 5873 3171 5944 quidam
3221 5869 3316 5941 qui

2901 5975 2982 6038 £1
