3844 6318
556 355 579 409 Ι
589 355 693 411 487

1832 343 2192 402 ,μιιΑυυιΡιιι
2230 344 2578 404 ARDENTIS

3638 357 3829 414 {88.

551 473 602 530 in
629 474 732 528 hac
762 470 873 526 vita
898 483 1207 541 resurgere.
1249 465 1293 521 A
1316 473 1493 521 morte
1514 476 1644 519 vero
1672 461 1945 533 corporali
1965 471 1969 475 '
1989 460 2152 517 faciet
2176 464 2226 524 Α
2252 462 2320 519 de
2350 463 2481 532 Deo,
2512 463 2587 519 ita
2612 470 2697 518 est
2724 461 2831 518 vita
2856 462 2931 519 de
2962 462 3093 518 vita.
3142 460 3210 518 Et
3235 460 3338 519 hoc
3361 475 3438 519 est
3463 466 3585 535 quod
3619 469 3731 529 dicit:
3828 536 3829 549 χ

507 608 515 629 .
544 566 652 623 nos
673 579 964 635 resurgere
1003 558 1057 617 in
1090 557 1329 633 generali
1356 555 1779 612 resurrectione.
1823 552 1900 609 De
1925 554 1993 610 iis
2020 553 2138 608 'ita-

507 643 657 742 tque
691 660 908 717 duabus
949 653 1443 714 resurrectionibus
1489 649 1730 720 loquitur
1778 647 2138 703 Dominus‘in

547 754 827 827 prtelibata
855 751 1109 806 lectione.
1137 745 1205 801 Et
1235 745 1415 815 primo
1449 742 1517 798 de
1552 741 1750 813 prima,
1790 740 2038 795 secundo
2071 739 2139 794 de

548 846 809 904 secunda.
830 840 1096 912 Loquitur
1116 837 1282 910 igitur
1298 836 1378 890 de
1398 835 1575 905 prima
1600 847 1724 888 eum
1754 831 1889 886 dicit
1909 848 1923 885 :
1942 830 2134 897 Amen,

551 955 704 992 auten
745 935 862 990 dico
894 932 1056 997 vobis,
1098 938 1203 985 etc.
1256 925 1428 981 Porro
1470 924 1635 979 Amen
1678 923 1999 981 adverbium
2047 929 2141 977 est

550 1026 875 1091 afﬁrmandi,
898 1023 1201 1079 derivatum
1236 1035 1268 1075 a
1298 1017 1520 1074 nomine
1541 1016 1687 1083 fidei,
1727 1015 1915 1070 valens
1958 1028 2140 1085 quan-

552 1131 666 1177 tum
693 1117 922 1190 ﬁdeliter
946 1115 1060 1171 sive
1075 1130 1209 1180 vere,
1239 1121 1293 1169 et
1317 1121 1399 1168 est
1417 1110 1577 1182 quasi
1601 1107 1989 1180 jusjurandum
2021 1104 2137 1160 Dei.

549 1201 707 1279 Quoil
733 1225 857 1266 cum
886 1207 1215 1280 geminatur,
1248 1203 1426 1275 major
1456 1201 1539 1257 rei
1559 1230 1563 1235 ο
1586 1199 1875 1256 alllrmatio
1913 1198 2143 1254 demon-

546 1313 775 1363 strator.
805 1302 995 1359 Noluit
1032 1300 1199 1372 igitur
1222 1296 1488 1352 Dominus
1514 1295 1571 1349 in
1597 1294 1704 1349 hoc
1733 1305 1836 1349 nos
1871 1290 2139 1357 dubitare,

547 1398 692 1472 quod
723 1395 880 1469 quasi
903 1411 999 1466 per
1022 1388 1626 1463 duplcxjusjurandum
1654 1386 1824 1441 voluit
1844 1384 2140 1441 conlirma-

548 1508 629 1547 re.
655 1491 817 1557 Quia,
846 1488 1045 1558 inquit,
1072 1488 1210 1541 venit
1237 1485 1389 1550 hora,
1406 1490 1455 1537 et
1484 1496 1623 1536 nunc
1643 1488 1741 1546 est,
1758 1478 1970 1551 quando
1994 1494 2110 1531 mor
2127 1507 2140 1517 -

551 1586 629 1641 tui
654 1583 870 1640 audient
894 1597 1066 1636 vocem
1088 1578 1224 1633 Filii
1261 1577 1360 1631 Dei
1392 1575 1517 1642 vivi,
1545 1584 1593 1629 et
1616 1573 1721 1644 qui
1761 1572 2029 1626 audierint
2065 1571 2143 1625 vi-

550 1687 688 1734 vent.
722 1674 873 1732 Sicut
903 1675 1045 1730 enim
1084 1670 1248 1727 Pater
1271 1670 1427 1725 habet
1452 1670 1618 1723 vitam
1646 1668 1702 1721 in
1722 1666 2020 1736 semetipso,
2064 1664 2143 1719 sic

550 1770 696 1824 dedit
719 1769 775 1822 in
810 1765 953 1820 Filio
973 1765 1202 1819 hominis
1230 1763 1395 1817 vitam
1418 1761 1609 1815 habere
1629 1760 1685 1813 in
1708 1759 2007 1829 semetipso,
2032 1765 2137 1813 etc.

549 1861 801 1929 Quatuor
846 1858 979 1915 dicit
1017 1856 1084 1913 de
1143 1855 1321 1927 prima
1382 1852 1825 1919 resurrectione,
1887 1850 2143 1905 videlicet

550 1952 775 2024 quando
796 1949 909 2017 liat,
945 1949 1079 2004 etin
1111 1946 1334 2018 quibus,
1368 1953 1421 2001 et
1449 1959 1547 2015 per
1568 1957 1752 2014 quem,
1799 1950 1856 1997 et
1894 1955 1961 1996 ex
2006 1954 2137 2012 quo.

552 2045 700 2103 Sane
727 2044 949 2117 quando
988 2042 1081 2099 ﬁat
1121 2039 1360 2096 ostendit
1396 2053 1523 2094 cum
1564 2036 1718 2103 dicit,
1749 2036 1887 2090 venit
1922 2035 2053 2089 liora
2090 2044 2141 2089 et

549 2156 690 2196 nunc
706 2148 804 2194 est.
832 2136 972 2204 Quia
998 2135 1143 2191 enim
1178 2132 1446 2188 Dominus
1482 2131 1598 2201 jam
1640 2129 1850 2200 aliquot
1894 2137 2143 2184 mortuos

548 2232 607 2288 in
653 2229 916 2301 peccatis,
963 2224 1313 2300 praedicando
1356 2221 1820 2288 resuscitaverat,
1867 2228 1922 2276 et
1969 2220 2142 2275 multo

547 2326 737 2397 plures
759 2338 855 2394 per
884 2335 945 2378 se
966 2330 1020 2376 et
1046 2335 1142 2392 per
1177 2332 1309 2373 suos
1338 2300 1770 2371 resuscitaturus
1816 2321 1954 2381 erat,
2003 2311 2144 2367 bene

546 2419 646 2486 ait,
676 2417 811 2472 venit
836 2415 969 2470 liora
996 2418 1047 2469 et
1068 2428 1208 2467 nunc
1228 2418 1325 2465 est.
1350 2408 1451 2465 Est
1469 2415 1650 2466 autem
1676 2405 1999 2480 generaliter
2026 2405 2144 2459 haec

547 2513 684 2579 hora
726 2509 833 2565 vita
858 2521 1142 2580 praesens;
1187 2503 1320 2560 dum
1366 2502 1516 2559 enim
1562 2500 1655 2557 hic
1696 2498 1953 2566 vivimus,
2009 2496 2142 2553 dum

545 2614 778 2675 peccare
803 2611 1101 2670 possumus
1128 2602 1183 2651 et
1202 2594 1342 2650 bene
1369 2607 1550 2665 agere,
1588 2608 1619 2647 a
1669 2590 1904 2663 peccatis
1946 2603 2143 2660 possu-

545 2710 673 2751 mus
685 2692 949 2764 ptenitere
968 2699 1022 2745 et
1043 2703 1350 2761 resurgere.

615 2783 677 2840 ln
716 2783 823 2839 alia
851 2797 979 2837 vero
1001 2779 1112 2835 vita
1154 2793 1265 2833 non
1313 2776 1419 2832 erit
1461 2782 1680 2845 tempus
1713 2771 1996 2844 peccandi,
2040 2785 2143 2827 nec

543 2877 687 2933 bene
711 2871 929 2948 agendi,
964 2871 1058 2928 sed
1098 2877 1310 2926 tantum
1334 2865 1675 2938 recipiendi.
1722 2863 1836 2920 Nec
1885 2871 2144 2935 poterunt

546 2968 625 3027 ibi
649 2981 936 3039 resurgere
958 2980 990 3021 a
1016 2971 1193 3020 morte
1220 2970 1448 3028 azterna,
1471 2959 1568 3030 qui
1598 2959 1689 3014 hic
1715 2958 2011 3013 noluerunt
2055 2970 2142 3012 re-

547 3076 775 3134 surgere
796 3076 827 3115 a
851 3058 1030 3130 culpa.
1065 3054 1126 3111 ln
1165 3055 1368 3127 quibus
1394 3062 1579 3109 autem
1634 3049 1740 3106 fuit
1764 3132 1769 3134 _
1794 3050 1911 3107 hare
1953 3062 2142 3105 resur-

545 3132 718 3227 rectio
739 3151 997 3217 ostendit,
1015 3148 1299 3222 quoniam,
1326 3148 1381 3202 in
1408 3144 1641 3201 mortuis
1662 3132 2012 3200 audientibus
2040 3155 2134 3197 vo-

2241 3132 2491 3212 testatem
2519 3171 2651 3212 vero
2684 3154 3049 3210 resuscitandi
3078 3165 3333 3210 mortuos
3359 3170 3421 3210 se
3450 3156 3575 3210 dicit
3598 3156 3784 3213 habere.

545 3264 666 3307 cem
692 3244 816 3302 Fliii
851 3242 968 3300 Dei.
1002 3241 1110 3299 Sed
1131 3241 1392 3315 quoniam
1429 3238 1651 3310 quidam
1698 3236 1932 3292 audiunt
1966 3235 2133 3291 verba

542 3340 750 3398 Christi
772 3348 988 3395 tantum
1012 3333 1453 3406 aurecorpOris,
1480 3342 1534 3388 et
1573 3347 1683 3387 non
1721 3329 1924 3397 cordis,
1965 3329 2137 3401 gemi-

542 3430 694 3487 navit
722 3430 910 3485 dicens
929 3427 1259 3491 audient;et
1302 3424 1397 3496 qui
1435 3422 1690 3478 audient?
1723 3419 1805 3475 llli
1845 3421 1992 3476 enim
2033 3419 2136 3475 soli

542 3521 943 3580 resuscitantur
969 3534 999 3573 a
1023 3516 1262 3589 peccatis
1292 3514 1348 3570 in
1374 3522 1578 3582 mente,
1605 3512 1699 3584 qui
1728 3512 1895 3567 verba
1931 3509 2136 3566 Christi

541 3619 773 3677 audiunt
804 3616 968 3673 etiam
995 3613 1165 3670 totius
1195 3610 1377 3669 cordis
1402 3625 1556 3677 aure,
1581 3609 1675 3680 qui
1704 3608 1914 3665 scilicet
1939 3623 2003 3664 ea
2047 3621 2136 3662 re-

542 3710 719 3768 tinent
739 3709 922 3776 corde,
943 3722 1067 3779 quae
1086 3712 1461 3777 exsequuntur
1481 3704 1817 3774 operatione.
1846 3699 2002 3757 Unde
2023 3700 2135 3757 Do-

541 3803 727 3859 minus
765 3820 780 3858 :
814 3799 967 3873 «Qui
997 3799 1168 3855 credit
1194 3799 1249 3853 in
1274 3813 1382 3866 me,
1425 3817 1443 3850 υ
1479 3796 1734 3864 subaudi,
1770 3796 1876 3852 fide
1919 3812 2019 3867 per
2045 3796 2134 3851 di-

540 3895 832 3950 lectionem
857 3899 1137 3963 operante,
1169 3908 1188 3943 ι
1216 3890 1434 3947 etiamsr
1466 3898 1722 3945 mortuus
1767 3886 1954 3955 fuerit,
1992 3886 2137 3944 vivet

542 3986 726 4053 (Joan.
750 3985 849 4058 xx).
876 4005 895 4038 ι
930 3983 1092 4052 Ecce,
1121 3982 1320 4039 fratres
1347 3983 1621 4050 mei,vere
1649 3997 1842 4038 vocem
1878 3979 2001 4036 Filii
2038 3979 2132 4037 Dei

542 4078 771 4145 auditis,
795 4074 958 4134 verba
984 4076 1152 4144 enim,
1170 4091 1293 4151 quae
1316 4075 1515 4146 loquor
1542 4074 1900 4141 vobis,verba
1926 4072 2132 4129 Christi

541 4179 689 4228 sunt.
720 4167 779 4224 Si
800 4184 932 4240 ergo
960 4183 1025 4224 ea
1052 4178 1164 4224 toto
1193 4167 1359 4223 corde
1382 4166 1602 4232 auditis,
1628 4166 1845 4221 etiamsi
1870 4165 1924 4221 in
1940 4181 2135 4237 pecca-

540 4264 614 4320 tis
640 4261 840 4317 mortui
865 4261 1007 4329 sitis,
1040 4261 1231 4332 procul
1260 4259 1428 4316 dubio
1460 4258 1675 4314 vivetis.
1716 4258 1941 4326 Verum,
1973 4258 2019 4315 si
2064 4260 2133 4315 ad

541 4355 767 4411 modum
793 4352 1109 4410 Judteorum
1147 4352 1264 4409 sola
1291 4351 1541 4422 corporis
1568 4361 1704 4406 ‘aure
1730 4352 1897 4407 verba
1924 4348 2130 4407 Christi

541 4451 766 4520 auditis,
792 4465 902 4505 non
927 4457 1146 4504 tantum
1172 4462 1282 4502 non
1315 4446 1620 4517 proderunt
1645 4445 1821 4512 vobis,
1871 4446 1982 4500 imo
2014 4461 2131 4500 ma-

537 4547 715 4619 jorem
760 4542 1170 4601 damnationem
1209 4539 1351 4596 sicut
1406 4537 1515 4594 illis
1556 4537 1933 4594 cumulabunt.
1978 4534 2134 4593 Unde
2166 4535 2385 4601 Dvocis
2431 4545 2657 4600 audient
2719 4552 2772 4600 et
2839 4553 3148 4613 resurgent.
3203 4543 3387 4611 Ecce,
3437 4545 3633 4600 fratres
3684 4562 3821 4608 mea,

538 4637 806 4694 Dominus
837 4656 850 4693 :
891 4654 910 4688 ι
946 4633 1003 4690 Si
1035 4648 1146 4689 non
1173 4632 1468 4697 venissem,
1501 4629 1701 4700 inquit,
1735 4638 1787 4684 et
1812 4629 2026 4685 locutus
2051 4630 2131 4685 eis

534 4746 648 4785 non
672 4728 924 4797 fuissem,
969 4732 1257 4797 peccatum
1296 4738 1406 4776 non
1449 4721 1731 4777 haberent.
1754 4720 1911 4778 Nunc
1945 4730 2128 4777 autem

531 4821 940 4878 excusationem
970 4814 1082 4872 non
1109 4814 1312 4870 habent
1330 4813 1396 4870 de
1411 4823 1632 4884 peccato
1657 4829 1758 4870 suo
1781 4814 1961 4886 (Joan.
1977 4808 2123 4886 xv)“

529 4913 634 4971 Per
655 4928 819 4985 quem
833 4925 1054 4982 quoque
1066 4907 1160 4963 fiat
1187 4907 1521 4964 resurrectio
1547 4923 1578 4962 a
1604 4908 1864 4978 peccatis,
1890 4908 2129 4964 ostendit

528 5006 659 5081 quia
675 5021 771 5078 per
783 5003 1003 5069 Filium,
1020 5015 1129 5055 non
1147 5010 1408 5071 tanquam
1424 5015 1521 5071 per
1543 5000 1884 5066 ministrum,
1898 4999 1992 5056 sed
2009 5009 2123 5056 tau-

528 5112 697 5169 quam
746 5111 843 5168 per
896 5102 1194 5175 auctorem.
1230 5089 1296 5148 Et
1340 5108 1567 5149 causam
1608 5091 1810 5160 subdit,
1847 5093 1976 5164 quia
2022 5095 2123 5149 ha-

526 5189 621 5245 bet
650 5190 816 5245 vitam
853 5187 910 5243 in
939 5178 998 5244 se
1027 5196 1358 5253 manentem,
1391 5186 1533 5243 sicut
1560 5183 1741 5254 Pater,
1782 5187 2119 5244 substantia-

527 5280 654 5340 liter
674 5290 729 5337 et
752 5280 1064 5337 causaliter.
1099 5277 1564 5348 Substantialiter,
1594 5279 1857 5350 quoniam
1897 5279 2012 5351 ipse
2038 5291 2121 5336 est

494 5373 648 5446 ipsa
682 5375 793 5431 vita
830 5390 927 5446 per
968 5373 1300 5440 essentiam;
1341 5371 1663 5438 causaliter,
1694 5371 1956 5442 quoniam
2006 5371 2122 5443 ipse

526 5478 612 5527 est
637 5484 805 5527 causa
826 5466 1064 5525 efﬁciens
1088 5465 1334 5522 omnium
1360 5462 1657 5519 viventium
1686 5464 1801 5527 sive
1821 5463 2118 5519 viventium

526 5561 799 5634 corporali
833 5561 966 5627 vita,
1013 5560 1129 5615 sive
1168 5555 1467 5613 viventium
1511 5555 1781 5627 spirituali
1822 5556 1952 5623 vita,
2006 5556 2121 5613 sive

523 5652 825 5710 viventium
873 5660 1077 5709 attenta
1124 5649 1255 5704 vita.
1304 5646 1448 5703 Bene
1495 5655 1677 5703 autem
1719 5658 1898 5719 potest
1941 5649 2117 5705 vivifi-

525 5761 681 5812 care,
740 5744 836 5815 qui
882 5751 1076 5798 auctor
1129 5748 1213 5796 est
1256 5740 1397 5794 vitae.
1449 5738 1494 5792 Α
1540 5755 1650 5810 quo
1689 5754 1820 5796 vero
1865 5742 1971 5798 hoc
2021 5742 2120 5797 ha-

525 5832 651 5895 beat
692 5835 948 5903 ostendit,
1003 5834 1132 5901 quia
1185 5848 1215 5888 a
1266 5831 1442 5894 Patre.
1482 5829 1634 5888 Sicut
1673 5832 1819 5889 enim
1849 5843 1941 5891 cst
1976 5833 2116 5892 Deus

2214 2706 2390 2748 ‘rum.
2438 2691 2558 2748 Non
2589 2691 2735 2747 enim
2769 2708 3002 2763 persona
3029 2691 3239 2757 Patris,
3277 2692 3372 2748 sed
3400 2706 3612 2763 persona
3638 2691 3775 2745 Slth
3828 2694 3829 2763 1

2184 5092 2191 5103 ’
2230 5112 2558 5168 men,qnam
2586 5097 2694 5152 cito
2721 5097 2854 5152 ﬁant
2882 5096 3176 5168 Apostolus
3203 5099 3568 5165 demonstrat,
3597 5092 3830 5168 dicaces1

2182 5206 2185 5211 1
2236 5187 2487 5244 «Omnes
2541 5204 2891 5260 resurgemus
2944 5188 2998 5243 in
3052 5199 3374 5258 momento,
3425 5192 3481 5247 in
3528 5193 3655 5247 ictu
3698 5187 3830 5260 cui

2182 5390 2197 5415 ί
2229 5382 2339 5441 ctu,
2372 5373 2530 5443 cujus
2568 5373 2910 5442 brevitatem,
2957 5375 3196 5443 actione,
3243 5392 3371 5447 qua:
3398 5377 3453 5430 in
3488 5392 3551 5432 ea
3578 5376 3719 5432 ﬁeri
3750 5373 3830 5449 p1

2234 552 2398 609 Sicut
2426 571 2567 610 enim
2596 553 2751 609 habet
2783 551 2950 608 Pater
2975 552 3137 608 vitant
3169 553 3227 607 in
3254 555 3539 625 semetipso,
3565 560 3623 612 sic
3638 562 3735 618 dedit

2234 656 2289 700 et
2320 644 2470 700 Filio
2496 645 2657 699 vitam
2689 643 2878 699 habere
2925 644 2979 698 in
3024 647 3305 703 semetipso
3349 644 3463 701 Non
3483 649 3608 718 quod
3625 650 3740 711 Filias
3828 708 3829 719 χ

2240 746 2503 806 tantham
2536 750 2645 790 non
2683 736 2894 793 habens
2920 745 2976 791 c‘.
3005 746 3240 808 gratiam
3272 742 3551 808 al:quando
3584 759 3739 816 saepe.

2240 827 2316 883 rit
2341 826 2530 893 vitam,
2554 827 2652 911 sed
2674 826 2824 887 dedit
2852 830 3045 897 vitam,
3071 829 3127 883 td
3155 840 3242 886 est
3263 831 3448 901 genuit
3473 850 3533 888 ex
3556 851 3635 891 sua
3654 840 3735 894 sub
3828 872 3829 907 ;

2236 920 2440 981 stantia
2479 921 2912 977 substantialiter
2933 923 3226 978 viventem.
3260 924 3317 977 Si
3348 940 3475 995 ergo
3502 925 3746 997 Unigenitra

2240 1016 2556 1074 Dei-omnia
2599 1019 2735 1074 dicit
2777 1034 2837 1074 sc
2886 1019 3089 1076 habere
3131 1036 3165 1077 a
3213 1019 3395 1089 Patre,
3421 1034 3605 1093 quanto
3627 1029 3747 1097 magis

2241 1124 2367 1176 nos,
2398 1109 2621 1178 fratres,
2646 1110 2840 1181 siquid
2874 1111 3004 1167 boni
3042 1112 3333 1180 habemus,
3367 1114 3413 1169 si
3442 1115 3560 1185 quid
3580 1096 3747 1179 bonivel

2242 1202 2570 1275 cogitamus,
2592 1204 2675 1259 vel
2691 1203 2950 1271 dicimus,
2964 1205 3047 1259 vel
3068 1203 3329 1272 facimus,
3349 1206 3592 1265 debemus
3612 1213 3750 1268 sentire
3828 1246 3829 1275 ξ

2241 1306 2297 1353 et
2318 1296 2519 1362 dicere,
2534 1310 2645 1353 non
2666 1311 2733 1352 ex
2748 1296 2913 1352 nobis
2934 1296 3069 1367 ipsis
3090 1297 3318 1365 habere,
3336 1300 3433 1354 sed
3448 1315 3511 1354 ex
3526 1299 3749 1357 DeoPatre.

2315 1387 2577 1459 Sequitur
2604 1404 2733 1460 pars
2770 1391 3037 1456 secunda,
3075 1390 3131 1445 in
3162 1408 3274 1461 qua
3303 1390 3559 1448 Dominus
3584 1394 3751 1466 loquitur
3828 1387 3829 1465 ξ

2241 1481 2312 1538 de
2342 1483 2745 1539 resurrectione
2785 1482 3078 1552 corporali.
3127 1482 3272 1538 Dicit
3301 1484 3485 1554 itaque
3520 1485 3586 1541 ita
3623 1488 3752 1543 sein-

2242 1574 2371 1631 bere
2399 1582 2723 1645 potestatem
2770 1576 2841 1631 ab
2881 1574 3074 1631 eodem
3114 1574 3302 1643 Patre,
3347 1586 3402 1631 LI
3439 1577 3695 1647 judicaadi,
3719 1592 3755 1634 el
3828 1574 3829 1647 1

2242 1668 2632 1736 resuscitandi,
2666 1677 2722 1724 et
2745 1669 3154 1725 remunerandi.
3184 1667 3756 1741 Potestatemjutlieandi,
3828 1667 3829 1741 1

2243 1778 2370 1819 cum
2407 1762 2562 1830 dicit,
2594 1772 2644 1817 et
2664 1771 2986 1833 potestatem
3013 1763 3064 1817 ei
3097 1763 3237 1817 dedi:
3242 1763 3511 1832 judicium
3538 1764 3693 1835 facere,
3723 1778 3759 1820 et

2242 1873 2491 1925 causam,
2523 1873 2650 1913 cum
2682 1857 2890 1922 subdit,
2914 1857 3044 1925 quia
3070 1856 3222 1927 [ilius
3269 1857 3493 1911 hominis
3520 1868 3603 1912 est.
3637 1857 3758 1914 Porro

2242 1953 2437 2023 triplex
2467 1966 2639 2008 causa
2670 1959 2849 2022 potest
2879 1951 2971 2006 hic
2999 1950 3224 2022 intelligi
3248 1992 3265 2016 ,
3297 1951 3380 2005 vel
3414 1951 3584 2019 dandi,
3607 1954 3673 2007 vel
3695 1969 3763 2023 po-

2244 2045 2476 2113 testatis,
2508 2045 2592 2100 vel
2617 2043 2832 2115 judicii.
2863 2043 3004 2110 Quia
3031 2043 3180 2099 eliim
3212 2042 3389 2099 Filius
3414 2054 3511 2111 est,
3549 2044 3707 2100 dicitur
3726 2045 3762 2099 ei
3828 2042 3829 2111 1

2242 2138 2370 2193 data
2399 2124 2641 2208 potestas
2671 2147 2935 2208 tanquam
2985 2136 3205 2208 majori.
3257 2136 3474 2192 Rursus
3516 2137 3624 2208 quia
3659 2137 3764 2192 ﬁlius

2244 2231 2487 2286 hominis
2514 2240 2620 2297 est,
2658 2239 2715 2286 et
2740 2229 2903 2300 quasi
2928 2231 3207 2300 impotens
3252 2230 3397 2285 inter
3442 2231 3658 2285 homines
3692 2246 3761 2300 ερ-
3828 2220 3829 2300 1

2242 2337 2436 2393 parere
2472 2322 2728 2394 dignatus
2756 2330 2861 2387 est,
2893 2322 3120 2394 dignum
3151 2332 3238 2377 est
3260 2333 3321 2377 ut
3354 2322 3407 2376 in
3440 2323 3767 2377 resurrectione
3828 2322 3829 2394 1

2245 2421 2505 2485 appareat
2536 2413 2721 2470 omnia
2776 2414 2980 2469 habere
3023 2414 3080 2469 in
3114 2423 3406 2484 potestate.
3461 2412 3646 2469 Rursus
3674 2414 3767 2481 quia

2243 2506 2391 2562 filius
2419 2507 2662 2563 hominis
2690 2515 2875 2574 est,.et
2912 2523 2973 2562 se
3012 2507 3217 2577 injuste
3245 2507 3480 2577 indicari
3505 2522 3675 2578 passus
3692 2517 3769 2565 est.

2242 2599 2467 2672 dignum
2496 2608 2581 2655 est
2628 2607 2689 2654 ut
2730 2601 2785 2654 in
2830 2598 3043 2670 judicio
3074 2600 3244 2670 judex
3276 2610 3528 2670 appareat
3548 2600 3771 2654 universa-

2242 2784 2368 2840 Filii
2396 2784 2450 2840 in
2473 2784 2683 2856 judicio
2712 2785 3017 2854 apparebit,
3043 2793 3101 2839 ut
3129 2783 3381 2839 videlicet
3408 2792 3581 2854 aperte
3602 2782 3778 2836 videant

2241 2876 2414 2933 Judaei
2442 2892 2606 2948 quem
2639 2876 2841 2948 injuste
2862 2876 3269 2947 judicaverunt,
3316 2885 3373 2931 et
3405 2876 3777 2931 cruciﬁxoresin
3828 2876 3829 2948 1

2241 2988 2405 3045 quem
2439 2980 2810 3043 pupugerunt,
2854 2979 2908 3026 et
2941 2984 3137 3026 omnes
3180 2970 3440 3040 reprobi,
3482 2984 3629 3041 quem
3670 2983 3782 3023 cou-
3828 2970 3829 3045 1

2245 3072 2605 3135 tempserunt,
2639 3064 2694 3118 et
2723 3078 2918 3117 omnes
2957 3063 3138 3128 electi,
3184 3077 3348 3132 quem
3377 3061 3676 3117 dilexerunt.
3702 3059 3783 3116 Pe

2239 3264 2367 3305 cum
2398 3248 2605 3315 subdit,
2652 3246 3038 3301 notite‘mirari
3061 3287 3079 3315 ,
3123 3247 3228 3301 hoc
3257 3246 3465 3302 scilicet
3490 3246 3623 3317 quod
3645 3245 3787 3301 [ilius

2239 3341 2480 3397 hominis
2502 3340 2701 3395 habeat
2726 3346 3049 3410 potestatem
3073 3338 3385 3409 judicandi,
3412 3349 3467 3395 et
3491 3340 3641 3394 etiam
3664 3338 3789 3408 quod

2238 3433 2544 3490 mirabilius
2592 3432 2827 3496 videtur,
2878 3431 3045 3487 habet
3099 3440 3428 3503 potestatem
3476 3440 3704 3486 mortuos
3744 3430 3787 3482 ia

2237 3542 2466 3600 corpore
2499 3536 2551 3583 et
2577 3526 2761 3581 anima
2797 3525 2962 3581 simul
3000 3512 3389 3581 resus'citandi.
3429 3524 3577 3593 Quod
3612 3525 3686 3579 ita
3712 3522 3793 3587 ait,

2236 3619 2363 3691 quia
2401 3620 2541 3674 venit
2580 3618 2713 3671 liora
2756 3617 2970 3689 quando
3015 3633 3194 3671 omnes
3236 3616 3331 3687 qui
3379 3617 3436 3669 in
3483 3613 3793 3670 meum

2236 3720 2380 3780 sunt,
2417 3710 2635 3765 audient
2661 3724 2835 3765 vocem
2865 3706 2998 3763 Fiiii
3026 3708 3146 3763 Dei.
3206 3707 3336 3764 Haec
3358 3724 3465 3764 vos
3492 3718 3571 3762 est
3593 3707 3681 3761 iﬂe
3700 3704 3797 3758 cla~
3828 3704 3829 3780 ξ

2238 3818 2380 3872 mor,
2412 3805 2480 3860 de
2504 3819 2617 3875 quo
2646 3803 2791 3859 idem
2826 3802 2954 3858 alibi
2988 3802 3044 3856 in
3072 3800 3377 3874 Evangelio
3405 3803 3533 3857 dicit
3560 3821 3573 3857 :
3598 3821 3617 3853 ι
3644 3798 3801 3854 Media
3828 3796 3829 3875 1

2236 3906 2395 3953 nocte
2417 3897 2627 3952 clamor
2670 3895 2848 3952 factus
2897 3903 2982 3951 est
3008 3913 3021 3950 :
3049 3892 3190 3950 Ecce
3217 3909 3461 3965 sponsus
3490 3895 3648 3959 venit,
3678 3892 3829 3947 exite:

2236 3991 2451 4046 obviam
2485 3989 2562 4045 illi
2597 3989 2814 4060 (Matth.
2850 3989 2981 4058 xxv)
3001 4006 3023 4055 ;.
3043 4007 3062 4039 ι
3090 3988 3214 4042 haec
3242 4003 3346 4043 vos
3372 3998 3457 4043 est
3480 3988 3569 4042 illa
3598 4003 3702 4041 vos
3728 4000 3809 4039 ar-

2235 4082 2486 4155 changeli
2535 4083 2651 4138 sive
2701 4082 2829 4137 tu'ba
2853 4124 2868 4149 ,
2919 4082 2986 4137 de
3013 4097 3120 4152 qua
3154 4081 3232 4135 ait
3262 4081 3596 4150 Apostolus:
3623 4100 3645 4132 ι
3668 4077 3829 4153 (ξω-ξ

2234 4176 2383 4230 niam
2422 4176 2537 4246 ipse
2565 4174 2833 4230 Dominus
2864 4174 2919 4228 in
2955 4173 3113 4244 jussu
3152 4183 3207 4228 et
3237 4188 3373 4228 voce
3402 4173 3737 4243 archangeli,
3766 4176 3829 4246 et1

2235 4268 2291 4323 in
2323 4268 2455 4324 tuba
2504 4266 2599 4323 Dei
2642 4267 2936 4323 descendet
2983 4267 3053 4322 de
3101 4266 3265 4333 ctelo,
3311 4277 3370 4322 et
3415 4268 3609 4322 mortui
3640 4268 3743 4337 qui

2232 4357 2457 4415 Christo
2497 4368 2646 4426 sunt,
2669 4369 2958 4432 resurgent
2991 4358 3152 4430 primi
3180 4357 3237 4429 (Ι
3286 4358 3471 4414 Thess.
3514 4360 3606 4425 rvi,
3640 4380 3661 4410 ι
3697 4357 3829 4432 etc.;1

2233 4452 2472 4519 audient,
2506 4452 2703 4523 inquit,
2734 4468 2908 4506 vocem
2938 4450 3038 4505 Dei
3074 4461 3125 4505 et
3155 4453 3460 4522 precedent,
3493 4454 3544 4507 id
3571 4462 3658 4508 est
3684 4468 3750 4507 ex
3774 4452 3823 4502 vi

2237 4648 2439 4709 quanta
2470 4646 2525 4694 et
2551 4653 2717 4709 quam
2744 4636 3010 4693 mirabilis
3035 4647 3117 4691 est
3137 4638 3547 4707 omnipotentis
3566 4638 3695 4693 Filii
3716 4636 3830 4707 961

2236 4729 2303 4784 ad
2334 4728 2494 4799 cujus
2517 4744 2705 4785 vocem
2732 4730 2986 4800 pulveres
3006 4742 3199 4783 omnes
3221 4728 3633 4795 defunctorum,
3667 4728 3830 4800 quam

2236 4826 2573 4890 tumcunque
2609 4820 2757 4887 tecti,
2804 4828 3297 4891 quantumcunque
3346 4822 3600 4891 dispersi,
3647 4820 3830 4885 statim

2234 4913 2780 4986 conglutinabnntur,
2815 4913 3238 4970 viviﬁcabuntur
3261 4926 3318 4968 et
3342 4914 3412 4969 de
3440 4914 3673 4969 tumulis
3722 4913 3830 4985 ιπεή

2232 5007 2447 5063 cedent.
2473 5006 2577 5074 Qui
2607 5006 2732 5061 licet
2761 5021 2792 5061 a
2821 5021 2909 5060 me
2940 5006 3017 5061 ita
3046 5007 3228 5061 verbis
3262 5006 3714 5077 distinguntur,
3750 5006 3830 5077 1:1

2231 5278 2286 5350 (1
2315 5279 2440 5335 Cor.
2468 5280 2584 5349 xv).
2618 5298 2636 5331 ι
2670 5278 2728 5333 In
2762 5289 3061 5347 momento,
3107 5282 3159 5336 id
3188 5291 3276 5337 est
3304 5283 3362 5336 in
3392 5284 3671 5353 temporis
3702 5278 3830 5353 μή

2225 5475 2352 5533 test,
2381 5464 2594 5522 dilliuit.
2632 5464 2769 5522 Cum
2798 5467 2968 5536 addit,
3000 5469 3054 5523 in
3084 5468 3196 5524 ictu
3236 5470 3409 5534 oculi,
3458 5469 3512 5523 id
3548 5482 3653 5525 es:
3700 5464 3830 5541 quoi

2225 5566 2438 5614 tantum
2483 5559 2664 5625 durat,
2713 5571 2981 5632 quantum
3027 5562 3171 5617 ictus
3214 5562 3391 5628 oeuli,
3436 5563 3491 5616 Id
3530 5572 3631 5617 est
3681 5559 3830 5632 ρεπιξῷ

2225 5650 2309 5705 sio
2338 5650 2497 5718 radii,
2530 5651 2627 5721 qui
2655 5666 2719 5706 ex
2748 5667 2859 5722 quo
2888 5652 3183 5720 emittitur,
3223 5667 3336 5706 non
3360 5653 3515 5723 prius
3548 5650 3830 5723 prem

2225 5743 2321 5798 sed
2350 5756 2503 5813 aeque
2526 5743 2854 5813 proximact
2882 5746 3180 5800 remotiora
3213 5745 3469 5817 contigit,
3498 5756 3577 5800 ἐι
3616 5743 3830 5817 omni

2222 5835 2637 5909 interjacentem
2674 5850 2853 5893 acrem
2884 5836 3053 5892 simul
3084 5838 3321 5907 transit,
3361 5849 3423 5896 ut
3468 5839 3521 5895 in
3568 5855 3659 5897 eo
3702 5835 3830 5915 quam

3828 1632 3829 1713 1

3828 2252 3829 2317 1

3828 2370 3829 2451 1

3828 2454 3829 2503 1

3828 2510 3829 2599 1

3828 2608 3829 2669 1

3828 2714 3829 2789 1

3828 2830 3829 2917 1

3828 2924 3829 2993 1

3828 3136 3829 3231 1

3828 3554 3829 3599 1

3828 3656 3829 3711 1

3828 3990 3829 4029 1

3828 4040 3829 4095 1

3814 4328 3829 4385 ,1

3814 4587 3821 4599 ~

3828 5970 3829 6059 1
