3844 6318
135 341 244 401 1ωὸ

132 453 263 515 stiani
302 457 498 509 sumus,

130 552 261 607 etiam
295 536 646 598 habitaculum
682 534 800 600 Dei,
833 546 957 589 cum
987 537 1113 602 post
1133 527 1384 584 subditur
1411 541 1424 578 :
1457 523 1522 579 In
1552 539 1653 596 quo

126 649 167 699 ct
189 653 261 693 vos
304 627 693 700 coredi/icamini
723 626 781 679 in
809 621 1172 679 habitaculum
1216 619 1314 674 Dei
1349 621 1407 674 in
1449 616 1656 688 Spiritu

129 736 298 785 sancto.
320 722 428 778 Non
452 720 649 785 solum,
679 717 878 774 fratres
910 713 1242 780 charissimi,
1283 727 1476 768 omnes
1495 718 1657 782 quot—

128 829 231 894 quot
257 831 430 874 sumus
463 811 666 878 fideles,
698 826 892 868 sumus
914 807 1078 865 simul
1112 822 1280 862 unum
1321 805 1578 876 templum
1602 812 1658 859 et

129 909 447 970 habitaculum
501 904 628 971 Dei,
681 904 778 960 sed
828 902 993 958 etiam
1055 898 1436 970 unusquisque
1481 895 1656 952 ﬁdelis

125 1004 343 1074 templum
367 1009 418 1054 et
444 996 814 1052 habitaculum
863 1004 948 1051 est
1006 993 1122 1062 Dei,
1179 1001 1315 1048 teste
1334 990 1528 1057 Paulo,
1560 989 1656 1060 qui

125 1097 276 1152 dicit:
323 1111 339 1143 ‹
388 1088 615 1146 Nescitis
665 1087 794 1158 quia
849 1086 1093 1141 membra
1150 1093 1328 1142 vestra
1389 1083 1654 1153 templum

123 1195 224 1244 sunt
248 1184 466 1255 Spiritus
501 1181 694 1246 sancti,
747 1195 909 1250 quem
959 1179 1171 1234 habetis
1204 1192 1236 1232 a
1271 1175 1402 1243 Deo,
1435 1183 1492 1231 et
1543 1190 1653 1232 non

123 1277 229 1332 estis
268 1273 418 1330 vestri
452 1271 506 1343 (Ι
535 1272 658 1327 Cor.
695 1272 793 1340 vt).
835 1290 852 1321 ι
891 1269 958 1324 Et
987 1268 1245 1338 templum
1286 1266 1508 1337 quidem
1548 1274 1653 1331 est,

121 1367 336 1438 quoniam
365 1364 505 1421 sicut
527 1364 583 1418 in
619 1362 821 1432 templo
849 1360 993 1417 Deus
1026 1361 1285 1416 adoratur
1302 1367 1358 1414 et
1392 1358 1444 1414 ei
1484 1356 1658 1414 sacri-

120 1461 276 1516 ﬁsatur
294 1467 343 1512 ct
370 1465 646 1522 exoratur,
690 1455 764 1510 ita
803 1455 858 1510 in
891 1455 1074 1510 anima
1125 1452 1558 1522 uniuscujusque
1599 1451 1657 1505 ﬁ—

118 1551 226 1606 delis
251 1548 382 1604 Deus
423 1548 704 1614 aduratur,
733 1555 790 1602 et
814 1547 866 1602 ei
907 1547 1247 1602 sacrificatur
1273 1554 1329 1601 et
1373 1553 1654 1600 exoratur.

120 1643 163 1697 lu
187 1641 344 1696 anima
378 1640 579 1711 quippe
625 1638 772 1695 Deus
815 1654 915 1710 per
968 1639 1127 1694 fidem
1158 1637 1343 1695 verius
1373 1637 1653 1693 aduratur.

119 1731 242 1787 Unde
263 1731 332 1786 ait
359 1729 625 1786 Dominus
653 1731 722 1785 ad
755 1728 1159 1785 Samaritanam
1200 1745 1213 1782 :
1249 1748 1268 1781 ι
1304 1726 1466 1783 Venit
1497 1727 1653 1792 hora,

1167 314 1499 376 nonnum.
1535 273 1704 365 -——n.
1748 307 1837 362 DE
1875 305 2185 364 sanans.

525 456 653 498 esse
710 437 970 510 templum
1019 442 1272 490 sanctum
1320 427 1558 495 Domini,
1600 431 1655 481 et
1680 426 1730 487 Α
1757 435 1880 475 rum
1905 417 2242 476 ornamentis
2267 431 2370 476 nos
2397 411 2740 483 decoremus,
2763 423 2819 472 et
2853 413 3001 470 omni
3037 413 3222 469 studio
3263 422 3353 469 ta-

3198 299 3340 356 1494

1756 512 1836 567 les
1871 526 1973 566 nos
1999 525 2388 581 praeparemus,
2415 507 2510 580 qui
2536 506 2685 578 digni
2711 521 2904 562 sumus
2927 505 2980 559 in
3008 505 3211 576 quibus
3242 507 3351 559 lia-—

1757 593 1890 658 b'itet
1918 601 2079 670 Deus,
2109 611 2165 657 et
2197 616 2300 657 nos
2327 601 2382 656 in
2403 615 2488 656 eo.
2519 598 2677 666 Quod
2719 599 2836 668 ipse
2883 597 3350 652 intercedentibus

1755 691 1960 750 sanctis
2002 692 2263 763 apostolis
2304 689 2589 759 concedat,
2621 689 2715 760 qui
2752 689 2887 744 vivit
2931 696 2987 744 et
3022 699 3215 760 regnat
3249 704 3352 759 pcr-

1756 785 1941 842 omnia
1965 785 2165 842 saecula
2192 784 2546 840 saeculorum.
2574 785 2770 837 Amen.

2147 996 2196 1034 IN
2226 994 2403 1036 εοῡειι
2441 993 2614 1035 εειιιιο
2639 991 2706 1032 DE
2733 990 2949 1032 JOANNE.

1829 1090 1971 1146 Dixit
2008 1089 2271 1147 Dominus
2322 1091 2485 1148 Jesus
2545 1087 2832 1160 discipulis
2883 1089 3002 1145 suis
3043 1104 3056 1140 :
3118 1086 3234 1143 Hoc
3267 1096 3345 1142 est

1754 1190 2304 1250 praeceptum‘meum.
2340 1189 2398 1234 ut
2443 1179 2683 1250 diligatis
2713 1179 2956 1245 invicem,
2996 1179 3137 1232 sicut
3179 1177 3346 1231 dilexi

1754 1289 1841 1328 vos
1869 1273 2051 1344 (Joan.
2078 1275 2193 1340 xv),
2243 1282 2298 1328 et
2347 1272 2575 1344 reliqua.
2609 1270 2735 1328 Haac
2769 1271 2929 1327 lectio
2963 1271 3139 1327 sancti
3167 1269 3347 1325 Evan-

1755 1365 1882 1438 gelii
1916 1365 2094 1422 tribus
2123 1364 2476 1437 distinguitur
2501 1365 2774 1435 capitulis.
2801 1363 2987 1419 Primo
3013 1363 3180 1430 enim,
3215 1377 3348 1433 prae-

1755 1458 1888 1528 cipit
1938 1457 2100 1514 nobis
2154 1456 2420 1512 Dominus
2455 1465 2516 1512 ut
2557 1456 2852 1528 diligamus
2896 1455 3128 1511 invicem
3156 1468 3345 1509 errem--

1755 1549 1846 1620 plo
1873 1549 1981 1605 sui.
2014 1548 2288 1615 Secundo,
2314 1546 2540 1618 exponit
2565 1546 2852 1618 praemium
2887 1544 3053 1616 hujus
3079 1543 3342 1598 mandati.

1756 1641 1964 1710 Tertio,
1988 1643 2334 1698 demonstrat
2363 1655 2464 1695 nos
2511 1654 2613 1695 nec
2640 1637 2928 1708 praemium
2958 1653 3060 1693 nec
3088 1636 3345 1691 meritum

1763 1743 1952 1790 nostra
1985 1734 2274 1806 sapientia,
2322 1732 2419 1789 sed
2454 1740 2680 1787 tantum
2736 1745 2835 1785 sua
2891 1729 3063 1801 gratia
3102 1729 3351 1783 obtinere

118 1823 300 1892 quando
325 1837 421 1878 nec
450 1821 505 1876 in
536 1832 742 1888 monte,
770 1837 947 1892 neque
977 1819 1368 1893 Hierosolymis
1401 1819 1657 1876 adorabi-
1690 1810 1732 1865 Β
1757 1842 1940 1897 posse.
1973 1825 2220 1881 Primum
2265 1825 2431 1897 igitur
2479 1821 2725 1894 praecipit
2777 1821 2937 1876 nobis
2959 1829 3021 1877 ut
3057 1821 3352 1890 diligamus

115 1915 167 1970 tis
185 1913 397 1968 Patrem.
451 1912 560 1968 Sed
598 1913 714 1969 veri
742 1913 1059 1968 adoratores
1101 1911 1409 1967 adorabunt
1436 1909 1654 1966 Patrem

115 2008 154 2060 in
172 2007 340 2076 spiritu
360 2014 412 2061 ct
437 2006 668 2061 veritate
691 2005 873 2077 (Joan.
913 2005 1009 2067 Iv).
1049 2023 1067 2056 ι
1097 2003 1336 2075 Spiritus
1359 2011 1445 2060 est
1488 2001 1653 2067 Deus,

112 2107 152 2153 et
171 2113 249 2153 eos
268 2097 354 2168 qui
377 2098 612 2153 adorant
637 2113 786 2164 eum,
819 2097 874 2152 in
920 2096 1116 2167 spiritu
1143 2103 1199 2152 et
1220 2095 1448 2151 veritate
1489 2109 1657 2164 opor-

113 2199 170 2245 tet
200 2190 429 2245 adorare.
462 2189 523 2244 ln
553 2189 736 2245 anima
765 2204 987 2260 quoque
1031 2188 1214 2244 verius
1241 2187 1352 2243 Deo
1378 2187 1658 2243 sacriﬁca-

112 2290 196 2345 tur,
235 2297 322 2352 per
371 2281 854 2351 compunctioncm
904 2287 959 2334 et
991 2279 1404 2345 contritionem,
1443 2277 1660 2334 dicente.

110 2372 352 2428 Psalmista
379 2415 390 2427 .
431 2393 449 2424 ι
472 2372 816 2429 Sacrificium
847 2372 959 2428 Deo
985 2371 1213 2444 spiritus
1234 2370 1656 2438 contribulatus,

108 2482 183 2521 ωι-
221 2466 502 2522 contritum
534 2477 590 2522 et
622 2468 990 2534 humiliatum,
1034 2466 1199 2533 Deus,
1250 2479 1362 2520 non
1392 2463 1659 2535 despicies

107 2554 248 2624 (Paul.
277 2557 346 2625 ι).
381 2577 400 2609 ι
437 2556 496 2612 1η
527 2557 712 2613 anima
747 2558 913 2614 etiam
959 2557 1104 2614 Deus
1143 2555 1326 2612 verius
1375 2564 1657 2622 exoratur,

106 2647 282 2704 dicente
329 2647 568 2705 Domino
659 2671 678 2703 ε
729 2650 869 2706 Cum
919 2651 1111 2719 oratis,
1160 2666 1270 2706 non
1313 2649 1468 2705 eritis
1518 2650 1662 2706 sicut

106 2738 363 2809 hypocrita:
381 2739 592 2808 tristes,
625 2741 721 2812 qui
751 2751 940 2798 amant
960 2742 1015 2797 in
1051 2739 1344 2815 Synagogis
1375 2749 1430 2798 et
1472 2741 1526 2796 in
1557 2758 1659 2797 an-

106 2833 220 2902 gulis
243 2833 542 2903 platearum
573 2844 781 2892 stantes
825 2851 1006 2904 orare,
1041 2845 1104 2892 ut
1127 2836 1413 2894 videantur
1448 2837 1519 2892 ab
1558 2838 1663 2892 ho-

106 2925 328 2980 minibus.
357 2924 439 2981 Tu
465 2937 652 2983 autem
701 2944 827 2984 cum
872 2943 1023 2996 oras,
1061 2928 1203 2984 intra
1257 2928 1594 2995 cubiculum,
1634 2948 1653 2982 ι

105 3014 145 3067 id
170 3023 262 3082 est,
306 3017 489 3074 cordis
546 3028 838 3086 secretum,
878 3038 898 3071 ‹
931 3027 987 3074 et
1011 3023 1200 3074 clauso
1231 3019 1395 3086 ostio,
1426 3035 1524 3074 ora
1558 3018 1663 3075 Pa-

103 3112 212 3159 trem
238 3115 404 3162 tuum.
435 3107 507 3163 Et
533 3107 692 3163 Pater
721 3117 870 3176 tuus,
903 3109 996 3179 qui
1037 3109 1184 3166 videt
1217 3110 1273 3165 in
1315 3111 1659 3179 abscondito,

104 3196 260 3252 reddet
309 3199 403 3254 tibi
454 3199 680 3270 (Matth.
716 3199 816 3270 vi).
858 3220 876 3252 ι
913 3200 1294 3258 Habitaculum
1349 3219 1500 3270 vero,
1545 3204 1664 3260 sive

101 3287 266 3343 donius
294 3288 408 3356 Dei,
439 3299 533 3345 est
567 3293 749 3345 anima
789 3291 986 3359 ﬁdelis,
1015 3293 1276 3364 quoniam
1319 3295 1462 3350 sicut
1486 3311 1660 3351 unus-

102 3379 303 3449 quisque
329 3381 595 3438 dominus
622 3383 676 3438 in
707 3383 872 3440 domo
902 3401 1001 3440 sua
1043 3385 1272 3454 habitat,
1321 3388 1563 3456 pascitur
1609 3397 1664 3444 et

102 3472 392 3540 requiescit,
423 3474 502 3529 ita
534 3474 680 3532 Deus
707 3476 762 3531 in
790 3478 973 3533 anima
1009 3479 1183 3534 lidclis
1216 3480 1477 3549 pascitur,
1503 3481 1662 3536 habi»

103 3569 229 3619 latet
259 3567 574 3637 requiescit.
605 3566 826 3624 Habitat
859 3586 953 3640 per
978 3572 1208 3642 gratiam
1245 3571 1662 3644 inhabitantem,

99 3657 197 3727 ipso
229 3657 456 3716 Domino
481 3661 703 3717 dicente
735 3680 748 3716 :
779 3681 798 3713 ι
835 3661 892 3716 Si
932 3663 1056 3733 quis
1091 3663 1268 3734 diligit
1312 3679 1420 3730 me,
1455 3679 1665 3720 sermo-

101 3765 201 3804 ncm
227 3767 401 3807 meum
437 3753 704 3820 servabit,
733 3761 790 3808 et
835 3752 998 3808 Pater
1025 3769 1180 3809 meus
1207 3753 1394 3825 diliget
1425 3770 1573 3821 eum,
1611 3763 1667 3809 et

99 3839 152 3894 ad
177 3857 290 3898 eum
317 3844 630 3911 veniemus,
662 3853 717 3899 et
761 3844 1106 3900 mansionem
1138 3844 1281 3915 apud
1323 3860 1449 3900 eum
1494 3844 1663 3902 facie-

100 3948 203 3989 mus
229 3935 407 4004 (Joan.
453 3936 592 4005 xxv).
623 3956 642 3989 ι
670 3936 922 3993 Pascitur
953 3937 1006 3992 in
1036 3937 1219 3992 anima
1263 3953 1360 4008 per
1388 3937 1544 3994 bonae
1571 3953 1667 3994 vo-

98 4025 295 4083 luntatis
353 4037 410 4084 et
473 4028 738 4084 desiderii
796 4029 1164 4093 devotionem,
1229 4029 1350 4099 ipso
1393 4030 1661 4085 dicente:

103 4118 264 4175 «Ecce
288 4136 390 4192 ego
421 4131 514 4178 sto
563 4122 630 4177 ad
677 4121 901 4190 ostium,
951 4131 1005 4177 et
1031 4122 1208 4192 pulso.
1263 4120 1320 4176 Si
1363 4123 1490 4192 quis
1529 4105 1684 4178 mihi

95 4213 366 4279 aperuerit,
403 4213 628 4268 intrabo
657 4215 726 4270 ad
759 4230 906 4280 eum,
941 4223 996 4268 et
1028 4214 1260 4268 camaho
1289 4229 1415 4268 cum
1464 4214 1578 4281 illo,
1613 4224 1669 4270 et

97 4300 194 4368 ipse
234 4318 451 4358 mecum
495 4303 682 4375 (Apoc.
727 4306 832 4372 ni).
869 4325 886 4355 ι
923 4304 1236 4373 Requieseit
1266 4303 1533 4359 in'anima
1573 4320 1669 4375 per

96 4390 280 4447 meritis
304 4407 499 4462 pacem
543 4402 596 4448 et
623 4395 882 4464 quietem.
919 4392 1073 4450 Unde
1119 4394 1261 4451 idem
1294 4395 1558 4451 Dominus
1584 4395 1668 4450 di-

96 4481 196 4535 cit:
233 4503 249 4534 ι
289 4483 473 4555 Super
501 4500 664 4555 quem
719 4486 1084 4556 requiescam,
1132 4486 1236 4542 nisi
1285 4502 1450 4557 super
1488 4487 1670 4541 humi-

95 4570 184 4626 lcm
209 4583 261 4629 et
280 4576 531 4646 quietum
565 4584 618 4631 et
641 4585 958 4632 trementem
993 4592 1278 4632 sermones
1323 4593 1476 4632 meos
1505 4576 1666 4644 (lsai.

95 4668 244 4734 uvl).
277 4689 294 4718 ι
326 4668 543 4739 Itaque,
582 4668 779 4723 fratres
809 4671 937 4736 mei,
969 4669 1097 4739 quia
1141 4669 1401 4739 templum
1432 4679 1485 4724 et
1510 4669 1667 4724 habi-

94 4759 314 4814 taculum
346 4759 447 4815 Dei
490 4761 726 4817 dicimur
749 4770 803 4817 et
830 4777 1044 4828 sumus,
1075 4761 1427 4817 eliminemus
1450 4777 1480 4816 a
1514 4762 1671 4818 nobis

93 4863 293 4908 onmem
329 4853 730 4923 turpitudinem
771 4865 825 4909 et
873 4855 1301 4922 immunditiam,
1339 4871 1405 4911 ne
1453 4855 1670 4910 habita-

95 4946 248 4996 torem
277 4943 646 5010 offendamus,
683 4953 737 5000 et
765 4960 795 4999 a
827 4946 985 5000 nobis
1025 4947 1402 5001 excludamus.
1437 4944 1494 5001 Si
1523 4947 1670 5003 enim

91 5031 310 5097 graviter
333 5033 442 5089 fert
465 5033 609 5090 Deus
661 5037 919 5105 templum
955 5053 1115 5092 suum
1163 5036 1540 5093 manufaetum
1568 5039 1673 5094 im-

92 5126 363 5182 munditiis
386 5127 563 5197 pollui
599 5140 652 5184 et
679 5129 980 5199 profanari,
1014 5131 1188 5186 multo
1215 5131 1438 5201 gravius
1481 5129 1585 5186 fert
1619 5140 1675 5186 et

89 5218 319 5275 vindicat
363 5221 644 5291 templum
666 5237 828 5277 suum
875 5223 1162 5292 spirituale
1209 5223 1534 5278 criminibus
1559 5224 1674 5278 vio—

92 5307 179 5363 lari
225 5320 280 5366 et
331 5311 637 5382 profanari.
691 5311 847 5368 Unde
899 5313 1104 5370 Paulus
1149 5333 1162 5370 :
1204 5334 1222 5365 ι
1271 5312 1503 5370 Nescitis
1544 5315 1672 5385 quia

91 5404 324 5458 membra
367 5413 556 5459 vestra
601 5405 858 5476 templum
912 5414 1042 5460 sunt
1091 5405 1332 5477 Spiritus
1374 5406 1549 5461 sancti
1579 5406 1675 5476 qui

92 5491 288 5551 habitat
321 5497 379 5550 in
421 5497 578 5552 vobis
621 5496 675 5568 (I
725 5497 847 5553 Cor.
895 5498 994 5570 γι).
1034 5517 1052 5549 ι
1085 5528 1158 5538 ——
1191 5517 1210 5550 ι
1245 5497 1302 5553 Si
1329 5498 1453 5568 quis
1491 5507 1673 5553 autem

91 5589 343 5659 templum
370 5589 473 5643 Dei
501 5590 800 5656 violaverit,
830 5591 1106 5662 disperdet
1128 5591 1280 5645 illum
1308 5589 1451 5646 Deus
1473 5589 1526 5661 (I
1547 5588 1671 5646 Cor.

91 5680 188 5744 ιιι).
210 5698 228 5729 ι
250 5676 577 5749 Propterea,
607 5679 802 5738 fratres
825 5681 1163 5738 cliarissimi.
1178 5696 1399 5736 omnem
1431 5680 1672 5748 sordem,

89 5784 246 5831 omne
277 5773 485 5831 viuum
497 5781 552 5830 et
565 5775 881 5846 spurcitiam
895 5783 1186 5843 evitemus,
1197 5779 1340 5833 virtu
1347 5782 1459 5832 tum
1471 5781 1536 5833 et
1554 5787 1673 5835 m0-

1757 1918 2011 1986 invicem,
2062 1933 2186 1973 cum
2218 1917 2355 1973 dixit
2402 1936 2414 1972 :
2469 1915 2585 1970 Hoc
2612 1925 2688 1972 est
2715 1922 3036 1987 priet-cptum
3072 1929 3267 1980 nteant,
3292 1923 3360 1964 ut

1755 2011 1998 2082 diligatis
2027 2010 2267 2064 invicem.
2295 2009 2462 2064 Multa
2492 2015 2918 2078 sunt-praecepta
2948 2004 3191 2069 Domini,
3238 2003 3354 2058 frao-

1760 2109 1871 2157 tres
1894 2102 2022 2168 mei,
2055 2102 2148 2156 sed
2177 2101 2495 2156 mandatum
2528 2100 2598 2156 de
2625 2099 2934 2164 dilectione,
2968 2097 3278 2168 specialiter
3301 2105 3355 2150 ct

1758 2193 2163 2248 antonomatice
2190 2193 2322 2248 dicit
2343 2208 2505 2248 suum
2537 2207 2678 2258 esse,
2703 2189 2963 2262 quoniam
2996 2204 3161 2244 omne
3193 2203 3355 2242 mau-

1758 2283 1945 2337 datnm
1984 2299 2051 2338 ex
2088 2283 2204 2339 sola
2234 2282 2408 2354 surgit
2433 2291 2487 2339 et
2521 2282 2801 2352 perficitur
2849 2280 3161 2336 dilectione.
3199 2277 3355 2332 Sicut

1757 2375 1903 2430 enim
1931 2390 1997 2430 ex
2025 2391 2135 2430 una
2193 2373 2378 2430 radice
2425 2373 2582 2429 multi
2610 2373 2827 2428 arboris
2872 2371 3011 2427 rami
3057 2369 3351 2442 prodeunt,

1759 2467 1839 2523 sic
1891 2483 1958 2523 ex
2018 2484 2125 2523 una
2171 2467 2462 2523 dilectione
2508 2467 2693 2521 multa:
2741 2465 2970 2520 virtutes
3027 2461 3352 2533 procedunt,

1759 2573 1860 2613 nec
1892 2557 2053 2613 habet
2079 2557 2133 2612 in
2160 2573 2220 2612 se
2244 2557 2448 2628 aliquid
2477 2555 2767 2612 viriditatis
2789 2570 2978 2612 ramus
2996 2555 3125 2609 boni
3148 2554 3353 2624 operis,

1761 2654 1869 2710 nisi
1930 2663 2151 2710 maneat
2200 2655 2254 2709 in
2286 2654 2472 2710 radice
2517 2651 2824 2709 charitatis.
2861 2647 3146 2704 Dominica
3187 2647 3358 2718 igitur

1760 2754 2029 2816 prmeepta
2074 2747 2243 2800 multa
2275 2753 2405 2801 sunt
2453 2759 2553 2815 per
2602 2741 2978 2812 diversitatem
3018 2739 3224 2809 operis,
3256 2736 3355 2793 sed

1761 2854 1932 2893 unum
1963 2838 2017 2892 in
2047 2838 2232 2894 radice
2273 2837 2600 2893 dilectionis.
2635 2833 2790 2891 Unde
2821 2832 3027 2888 Paulus
3059 2848 3071 2884 :
3121 2849 3142 2882 ι
3171 2829 3355 2884 Pleni-

1761 2927 1912 2993 tudo,
1939 2927 2134 2999 inquit,
2167 2928 2319 3001 legis,
2337 2926 2652 2984 cstdilectio
2675 2925 2850 2998 (Rom.
2877 2923 3020 2993 xm).
3044 2941 3063 2974 ι
3080 2953 3150 2962 -
3173 2941 3191 2973 ι
3217 2918 3350 2976 0m-

1764 3019 1874 3087 nis,
1903 3020 2102 3090 inquit,
2131 3018 2626 3075 consummationis
2649 3017 2760 3073 vidi
2784 3016 2969 3081 tinem,
3000 3014 3172 3069 latum
3196 3027 3356 3067 man-

1763 3110 1951 3167 datum
1989 3121 2142 3166 tuum
2189 3111 2354 3166 nimis
2393 3109 2566 3181 (Psal.
2605 3109 2818 3177 cxvnt).
2855 3126 2875 3159 ι
2907 3105 3000 3161 Est
3022 3120 3154 3176 ergo
3196 3119 3262 3159 ac
3309 3102 3360 3158 si

1765 3202 1970 3258 diceret
2001 3221 2013 3256 :
2049 3201 2160 3257 Hoc
2193 3200 2468 3272 praecipue
2496 3210 2549 3255 et
2579 3198 2887 3270 specialiter
2921 3204 3008 3252 cst
3036 3194 3373 3251 mandatum-

1766 3310 1970 3350 nteum.
2022 3292 2232 3358 Meum,
2283 3294 2432 3364 quod
2476 3293 2532 3347 in
2557 3308 2646 3347 me
2693 3290 2970 3362 praecipue
3016 3290 3360 3352 demonstro,

1764 3389 1894 3444 dum
1935 3405 2030 3459 per
2065 3389 2291 3443 nimiam
2325 3389 2378 3442 in
2409 3403 2508 3444 vos
2550 3387 2873 3443 charitatem
2921 3400 3008 3439 me
3042 3383 3276 3439 humilia
3304 3391 3362 3437 et

1765 3491 1999 3537 mortem
2051 3482 2317 3537 sustineo.
2362 3479 2564 3548 Meum,
2613 3479 2760 3549 quod
2810 3492 2922 3548 prae
2951 3475 3167 3532 caeteris
3199 3474 3371 3530 vobis

1764 3571 2044 3643 praecipio,
2094 3582 2149 3626 et
2177 3580 2429 3642 repetens
2481 3571 2679 3625 iterum
2737 3570 3044 3636 iterumque
3097 3564 3372 3620 monebo;

1766 3660 1970 3728 Meum,
2004 3678 2101 3733 per
2121 3663 2267 3732 quod
2299 3677 2387 3716 me
2431 3670 2697 3722 vestrum,
2741 3667 2796 3712 et
2825 3672 2924 3713 vos
2963 3671 3117 3710 meos
3161 3654 3365 3709 cilicio.

1767 3754 2077 3810 Tencamus
2099 3756 2204 3810 hoe
2234 3754 2573 3816 mandatum,
2599 3750 2796 3806 fratres
2829 3749 2959 3816 mci,
2990 3757 3044 3804 et
3067 3747 3381 3819 diligamus

1768 3845 1963 3911 Deum,
1989 3857 2044 3901 ct
2076 3846 2130 3901 in
2180 3845 2292 3900 Deo
2333 3844 2627 3915 diligamus
2661 3843 3010 3897 alterutrum.
3057 3837 3378 3894 Vcradilc-

1767 3940 1876 3993 ctio
1915 3937 2215 3993 fortissima
2249 3945 2355 4002 cst,
2401 3933 2721 3991 dulcissima
2757 3943 2862 3998 est,
2916 3931 3231 3988 utilissima,
3254 3939 3358 3995 cst,

1766 4039 1823 4086 et
1859 4029 2157 4086 fcrtissima
2223 4027 2508 4100 quoniam,
2545 4027 2703 4098 juxta
2752 4026 3159 4081 Salomonemv:
3221 4021 3360 4078 Fra-

1769 4132 1882 4178 tres
1904 4137 1965 4178 se
1992 4122 2280 4193 diligentes
2317 4135 2513 4176 murus
2533 4135 2740 4187 amens,
2777 4129 2830 4175 et
2859 4139 2881 4172 ι
2909 4117 3067 4173 fortis
3102 4126 3170 4172 ut
3211 4130 3370 4170 mors

1767 4214 1989 4271 dilectio
2020 4213 2200 4285 (Cant.
2229 4215 2329 4284 vt),
2361 4232 2380 4266 ι
2412 4213 2525 4268 imo
2561 4213 2859 4284 plusquam
2898 4226 3070 4268 mors.
3092 4207 3231 4265 Nam
3266 4223 3364 4279 per

1768 4325 1956 4388 veram
1983 4309 2332 4366 dilectionem
2386 4317 2625 4365 mortem
2669 4307 3097 4370 contemnimus,
3139 4313 3196 4360 ct
3236 4319 3365 4358 eam

1771 4402 2054 4457 moriendo
2075 4416 2420 4473 superamus,
2463 4409 2520 4456 et
2561 4400 2630 4457 de
2661 4399 2987 4455 mortalibus
3024 4395 3364 4452 immortales

1701 4517 1745 4574 ι)
1771 4491 2056 4548 efficimur.
2082 4491 2220 4547 Nam
2248 4492 2380 4562 quid
2402 4491 2621 4548 dulcius
2668 4505 2836 4562 quam
2885 4489 3178 4546 observare
3204 4485 3364 4542 beni-

1773 4586 2056 4656 gnitatem,
2093 4585 2471 4650 concordiam,
2500 4592 2555 4638 et
2597 4583 2874 4638 amorem?
2913 4579 3090 4649 Hujus
3117 4577 3364 4633 dulcedi-

1772 4693 1897 4732 nem
1927 4677 2208 4732 sdmirans
2233 4676 2503 4747 Propheta
2529 4675 2660 4731 dicit
2687 4690 2699 4726 :
2733 4693 2756 4726 ι
2783 4671 2923 4728 Ecce
2949 4684 3113 4740 quam
3150 4668 3361 4722 bonum

1769 4779 1824 4822 et
1855 4783 2022 4838 quam
2044 4766 2351 4838 jucundum
2382 4765 2631 4822 habitare
2655 4763 2853 4818 fratres
2873 4760 2929 4815 in
2972 4774 3140 4814 tinum
3181 4756 3358 4821 (Psal.

1769 4861 1999 4926 cxxxn).
2036 4879 2054 4911 ι
2087 4857 2388 4915 Utilissime
2428 4863 2545 4924 est,
2559 4853 2821 4926 quoniam
2845 4867 2978 4907 vera
3011 4849 3230 4906 dilectio
3259 4864 3363 4904 nos

1773 4951 1844 5007 de
1871 4950 2111 5006 inimicis
2137 4948 2302 5005 eﬂicit
2320 4946 2548 5012 amicos,
2581 4945 2649 5000 de
2675 4941 3070 5013 temporalibus
3099 4950 3358 5004 aeternos,

1773 5043 2178 5100 dehominibus
2217 5041 2384 5096 deos-
2419 5038 2487 5093 Et
2527 5036 2794 5108 quoniam
2837 5034 3058 5090 dilectio
3092 5032 3363 5102 tantisper

1774 5144 1859 5191 est
1904 5133 2214 5191 necessaria
2259 5131 2462 5199 nobis,
2505 5130 2628 5185 ideo
2672 5127 2930 5184 diabolus
2977 5142 3091 5198 pm
3146 5127 3359 5183 czetcris

1777 5229 1920 5284 hanc
1941 5227 2106 5284 nobis
2129 5225 2345 5281 auferre
2375 5224 2620 5280 molitur.
2653 5221 2850 5277 Trahit
2886 5221 3056 5288 enim,
3087 5229 3355 5291 quantum

1776 5326 1974 5391 potest.
2002 5325 2070 5374 ad
2091 5315 2503 5374 delectationem
2530 5325 2584 5370 et
2619 5327 2864 5370 amorem
2894 5321 3262 5374 terrenorum,
3279 5319 3357 5378 ut,

1774 5411 1906 5467 dum
1935 5413 2124 5468 eadem
2167 5420 2222 5466 et
2242 5426 2274 5466 a
2303 5410 2479 5466 nobis:
2505 5417 2562 5465 et
2608 5408 2678 5464 ab
2707 5407 2831 5464 aliis
2873 5405 3361 5474 concupiscuntur.

1773 5502 1976 5558 invidia
2004 5510 2062 5558 et
2108 5502 2294 5557 odium
2323 5501 2466 5557 inter
2514 5514 2618 5555 nos
2669 5498 2990 5561 seminetur,
3015 5507 3068 5553 et
3121 5495 3362 5550 cbaritas

1771 5591 2436 5662 exstinguitur..Siergo,
2479 5589 2677 5645 fratres
2734 5587 2864 5649 mei.
2907 5588 3227 5643 charitatem
3268 5582 3360 5637 Dei

1768 5697 1823 5740 et
1852 5685 2087 5754 proximi
2131 5686 2188 5739 in
2231 5683 2411 5739 nobis.
2437 5695 2764 5745 conservare
2805 5678 3086 5739 volumus.
3134 5682 3372 5735 terrena

1770 5775 1956 5837 omnia
1991 5786 2424 5845 umwmnemus,
2467 5781 2528 5830 ut
2579 5787 2645 5830 ea
2675 5786 2778 5830 nec
2814 5769 2937 5827 aliis
2982 5767 3348 5832 invideamus.
