3834 6332
26 382 52 440 l
68 381 158 437 ΗΠ

1119 373 1452 432 llOMlLLE.
1489 405 1562 415 -—
1597 371 1661 428 ll.
1699 372 1789 427 DE
1827 371 2116 430 SANCTiS

3144 376 3292 434 ηας

24 513 244 560 mortem
262 499 655 567 carnis,videte
667 509 932 572 quantum
960 497 1125 554 fuerit
1143 499 1356 555 culmen
1371 496 1591 552 mentis.
1628 497 1670 557 Α
1701 494 1922 562 bardos,
1947 504 2007 550 ut
2027 491 2241 550 cuidam
2265 491 2518 559 diacono,
2543 506 2705 562 quem
2741 491 2980 550 vinetum
3006 495 3281 568 tenebant,

23 594 170 651 Unde
217 597 341 661 hoc,
391 593 498 649 nisi
546 593 675 663 quia
726 591 1070 647 confortatus
1117 601 1200 647 est
1259 591 1598 662 principatus

18 687 238 742 eorum?
279 685 384 741 Sed
437 685 483 742 si
549 685 750 756 magni,
799 683 1026 738 forsitan
1071 693 1200 738 sunt
1239 683 1418 754 pauci.
1475 682 1600 738 Ideo

19 779 339 850 sultjungit:
396 796 416 830 ι
465 776 834 832 Dinumerabo
891 793 1007 842 ros,
1059 790 1114 832 et
1157 792 1324 847 super
1371 791 1594 832 arenam

17 869 516 939 multiplicabuntur
555 866 758 939 (ibid.).
791 887 808 919 ι
859 865 1152 934 Quoniam,
1195 883 1320 922 cum
1350 867 1459 922 sint
1489 882 1595 920 nu-

16 962 318 1027 merabiles,
343 962 502 1016 nobis
539 959 966 1016 innumerabiies
1005 968 1152 1015 sunt.
1199 959 1361 1026 Ecce,
1398 958 1596 1016 fratres

13 1055 142 1119 mei,
169 1063 312 1108 totus
340 1052 580 1108 mundus
609 1052 942 1124 martyribus
971 1061 1025 1107 et
1063 1052 1254 1108 amicis
1282 1051 1374 1106 Dei
1399 1051 1595 1122 plenus

10 1156 111 1211 est,
140 1155 272 1201 utet
297 1145 541 1200 infinitos
586 1153 752 1201 testes
795 1143 1039 1199 veritatis
1066 1143 1385 1209 habeamus,
1412 1152 1468 1198 et
1493 1157 1594 1198 nos

10 1254 198 1293 eorum
229 1253 459 1294 numero
489 1254 649 1309 posse
681 1237 796 1292 fieri
823 1252 893 1292 ne
923 1237 1299 1306 desperemus.

83 1330 342 1400 Sequitur
365 1346 491 1400 pars
515 1330 695 1395 tertia,
724 1329 778 1384 in
809 1345 916 1400 qua
941 1327 1205 1384 Dominus
1230 1327 1468 1384 ostendit
1493 1343 1593 1384 nos

9 1427 261 1483 meritum
292 1435 347 1482 et
386 1427 671 1498 praemium
717 1443 901 1492 suum,
931 1441 1039 1480 non
1085 1435 1273 1481 nostra
1303 1423 1590 1495 sapientia,

9 1520 102 1575 sed
128 1536 226 1574 sua
253 1529 460 1576 tantum
490 1519 686 1588 gratia,
708 1518 972 1589 consequi
995 1533 1180 1589 posse,
1207 1533 1331 1572 cum
1365 1517 1548 1572 subdit
1575 1535 1588 1571 :

10 1611 130 1665 Non
163 1628 248 1666 ros
290 1627 369 1666 me
414 1611 670 1682 elegistis,
715 1610 805 1666 sed
845 1627 936 1680 ego
981 1608 1113 1680 elegi
1153 1625 1260 1663 vos.
1316 1607 1422 1663 Sed
1464 1624 1588 1663 cmn

9 1701 214 1772 .lloyscs
239 1701 385 1756 dicat
412 1701 478 1756 ad
525 1700 691 1756 Israel
731 1719 744 1756 :
795 1719 813 1752 ι
842 1699 1135 1756 Dominum
1171 1699 1378 1771 elegisti
1431 1699 1592 1754 hodie

10 1810 54 1844 iu
91 1790 258 1844 Deum
285 1790 468 1860 (Deut.
501 1789 659 1862 xvu),
685 1810 702 1841 ι
734 1800 786 1845 et
817 1790 1197 1860 unusquisque
1222 1789 1407 1861 justus
1428 1790 1592 1862 eligat

9 1884 208 1938 servire
237 1882 369 1948 Deo,
394 1882 570 1953 magis
592 1899 759 1954 quam
785 1883 1011 1951 mundo,
1041 1883 1172 1954 quid
1195 1893 1278 1940 est
1313 1885 1459 1954 quod
1485 1883 1593 1938 Do-

16 1975 185 2028 ninus
213 1973 379 2028 dicit:
423 1971 544 2027 Non
569 1989 656 2027 vos
699 1991 780 2028 me
808 1974 1082 2046 elegistis?
1117 1975 1224 2031 Sed
1258 1975 1407 2046 quod
1437 1974 1592 2046 eligi-

15 2082 124 2120 nus
166 2065 372 2120 servire
407 2064 540 2131 Deo,
575 2081 682 2120 non
727 2075 811 2121 est
841 2081 906 2121 ex
939 2076 1124 2122 nostra
1162 2067 1452 2138 "sapientia,
1495 2067 1590 2123 sed

10 2175 61 2211 rx
92 2158 358 2213 electione
387 2168 440 2213 et
463 2146 637 2230 gratia
662 2157 866 2214 divina.
905 2159 1026 2230 Ipse
1063 2161 1207 2216 enim
1238 2161 1512 2232 pratelegit
1537 2171 1592 2216 et.

10 2251 301 2305 irtedilexit
357 2267 480 2319 nos,
539 2261 598 2306 ut
660 2267 786 2307 cum
837 2253 1130 2323 diligamus
1186 2261 1241 2310 et
1298 2254 1586 2325 eligamus.

9 2340 150 2410 'L‘go,
208 2341 418 2412 inquit,
483 2341 615 2413 elegi
652 2359 739 2396 eos
781 2351 831 2396 et
867 2345 1018 2414 posui
1064 2361 1170 2410 eos,
1232 2354 1288 2398 ut
1331 2345 1487 2412 eatis,
1538 2354 1590 2398 et

10 2432 233 2483 'ructum
260 2432 524 2500 aﬂ‘erati-s,
547 2443 595 2486 et
626 2432 832 2502 fructus
862 2443 1026 2498 vester
1051 2443 1283 2488 moueat.
1315 2433 1466 2506 Elogi
1491 2451 1590 2492 vos

10 2523 169 2587 gratis
203 2523 272 2578 ab
299 2531 504 2578 teterno
547 2524 1006 2594 prtedestinando,
1039 2526 1196 2596 posui
1241 2541 1339 2582 ’τος
1386 2526 1438 2580 in
1475 2525 1586 2594 via,

9 2615 168 2682 gratis
194 2615 352 2670 fidem
387 2616 728 2686 inspirando,
758 2628 818 2673 ut
845 2619 984 2674 eatis
1013 2635 1108 2690 per
1133 2619 1364 2690 gratiam
1391 2635 1588 2691 coope-

10 2715 210 2761 antem
236 2707 373 2762 bene
395 2709 647 2777 volendo,
672 2719 725 2765 et
751 2709 987 2766 fructum
1021 2711 1259 2788 all‘cratis
1296 2713 1434 2770 bene
1457 2728 1588 2783 ope-

15 2795 193 2862 ando,
224 2805 280 2850 et
311 2794 344 2850 ft
363 2807 524 2853 uetus
551 2809 729 2854 vester
761 2810 977 2857 maneat
1010 2801 1146 2857 bene
1166 2803 1582 2874 perseverando.

9 2887 292 2958 Quidquid,
321 2887 518 2945 fratres
549 2891 678 2958 mei,
706 2901 926 2962 propter
953 2909 1194 2965 prmseus
1219 2895 1478 2950 saeculum
1506 2896 1586 2950 la-

9 2997 276 3048 toramus,
337 2981 550 3054 fugitet
597 2986 754 3054 perit.
811 2984 964 3042 Unde
1004 2987 1274 3058 Propheta
1314 3008 1327 3044 :
1385 3009 1402 3041 ι
1444 2989 1584 3046 Cum

10 3072 238 3138 lcderit,
271 3072 465 3144 inquit,
507 3074 722 3149 dilectis
770 3075 887 3132 suis
933 3092 1210 3146 somnum,
1243 3094 1370 3134 ecce
1412 3079 1586 3134 hatre-

1699 591 1866 644 vitam
1889 589 2267 644 concederent.
2291 585 2445 654 Quod
2468 603 2594 642 cttm
2620 587 2695 642 illi
2722 598 3030 655 renuercnt,
3049 592 3199 660 petiit
3223 605 3284 650 nt

1699 683 1800 739 sibi
1811 698 1936 736 eum
1949 679 2669 740 tradcrcntcustodieudum.
2681 702 2699 748 ι
2711 679 2852 748 Tibi,
2868 682 3142 754 inquiunt,
3153 701 3279 740 cum

1698 774 2114 830 custodiendum
2137 773 2354 837 damus,
2379 773 2470 828 sed
2489 788 2550 828 ca
2566 773 2877 830 conditione
2891 785 2968 841 ιιι,
2985 777 3029 832 si
3061 777 3174 848 ipse
3192 777 3278 831 fit--

1698 863 1856 934 gerit,
1893 872 1948 917 tu
1973 865 2074 933 pro
2108 877 2176 918 eo
2206 862 2480 918 moriaris.
2507 882 2525 914 ι
2551 862 2708 930 Quod
2735 865 2816 919 vir
2851 865 2942 920 Dei
2973 869 3280 925 concedens

1697 971 1822 1012 eum
1868 956 1923 1010 in
1956 971 2055 1011 sua
2095 955 2199 1010 tidc
2231 955 2490 1025 suscepit.
2544 954 2716 1022 Quem
2763 967 2918 1014 nocte
2950 961 3122 1014 mulia
3153 975 3280 1016 cum

1698 1043 2086 1120 Longobardos
2111 1063 2302 1102 omnes
2331 1047 2664 1102 dormientes
2692 1049 2916 1117 videret,
2945 1052 3201 1108 excitavit
3227 1063 3283 1109 et

1696 1141 1773 1196 ait
1799 1158 1811 1196 :
1837 1159 1854 1190 ι
1879 1139 2051 1212 Surge
2071 1149 2126 1194 et
2145 1140 2475 1210 quantocius
2491 1138 2634 1210 fuge,
2653 1137 2842 1196 liberet
2867 1153 2917 1198 te
2938 1145 3282 1214 ontnipotcns

1695 1231 1980 1288 Dominus.
2007 1250 2025 1283 ι
2073 1229 2178 1298 Qui
2211 1231 2323 1286 ait:
2370 1250 2388 1283 ι
2414 1229 2621 1302 Fugere
2666 1248 2774 1286 non
2827 1249 3069 1303 possum,
3106 1236 3280 1304 Pater,

1693 1325 1843 1397 quia,
1876 1326 1922 1382 si
1943 1324 2150 1396 fugere,
2183 1335 2236 1379 ttt
2263 1325 2377 1395 ipse
2407 1340 2506 1395 pro
2528 1341 2614 1380 me
2641 1325 2910 1382 morieris.
2939 1346 2956 1378 ι
2989 1329 3056 1382 At
3079 1328 3160 1382 vir
3189 1329 3284 1384 Dei

1693 1433 1820 1475 eum
1850 1418 1917 1473 ad
1954 1417 2267 1488 fugiendum
2291 1417 2577 1488 compulit,
2603 1418 2791 1473 dicens
2816 1437 2830 1472 :
2861 1438 2878 1469 ι
2904 1418 3014 1490 Ego
3035 1420 3087 1474 in
3117 1437 3282 1475 manu

1695 1509 1788 1566 Dei
1815 1525 1972 1576 smn,
2006 1519 2216 1564 tantum
2268 1509 2322 1564 in
2369 1525 2456 1565 me
2506 1508 2684 1566 facere
2729 1522 2977 1580 possunt,
3016 1523 3282 1583 quantum

1695 1599 1840 1656 Deus
1874 1595 2202 1672 permiserit.
2231 1619 2250 1652 ι
2273 1599 2437 1656 Mane
2462 1599 2804 1672 Langobardi
2841 1600 3283 1660 counucndatum

1693 1693 2001 1763 requirunt.
2051 1691 2224 1760 Quem
2263 1707 2388 1747 cum
2431 1691 2520 1746 illc
2553 1693 2757 1748 diceret
2789 1695 3024 1765 fugisse,
3051 1697 3282 1752 dicunt:

1701 1806 1720 1840 ι
1743 1785 1824 1842 Tu
1870 1786 1988 1856 ipse
2025 1787 2135 1842 scis
2174 1785 2303 1856 quid
2347 1786 2642 1842 convenit?
2673 1805 2691 1839 ι
2740 1787 2844 1853 Qui
2890 1787 2999 1842 ait:
3034 1808 3052 1839 ι
3081 1787 3226 1845 Scio.
3259 1808 3278 1842 ο

1701 1879 1948 1944 «Bonus,
2001 1877 2277 1950 inquiunt,
2330 1881 2496 1935 homo
2543 1895 2604 1936 es
2662 1887 2740 1945 tu,
2789 1877 3048 1935 nohuuus
3085 1889 3135 1936 te
3189 1895 3288 1952 per

1693 1963 1877 2026 varios
1899 1964 2178 2026 cruciatus
2217 1967 2378 2036 mori,
2411 1969 2550 2040 elige
2575 1977 2826 2024 mortem.
2855 1989 2873 2021 ι
2905 1967 3010 2036 Qui
3037 1967 3113 2024 ait
3139 1987 3151 2022 :
3178 1987 3196 2020 ι
3226 1968 3282 2023 ln

1693 2079 1860 2118 manu
1906 2060 2001 2117 Dei
2046 2077 2193 2129 sum,
2241 2077 2305 2116 ca
2350 2072 2526 2116 morte
2580 2076 2667 2116 me
2708 2060 2959 2127 occidite,
2998 2076 3104 2131 qua
3168 2061 3285 2130 ipse

1693 2157 2023 2229 permiserit.
2050 2177 2069 2210 ι
2104 2156 2397 2228 Elegcruut
2421 2171 2553 2227 ergo
2583 2155 2760 2210 virum
2789 2153 3004 2221 fortem,
3031 2153 3126 2224 qui
3151 2169 3280 2208 eunt

1692 2266 1806 2306 uno
1864 2251 1976 2308 ictu
2042 2259 2299 2306 truncare
2342 2258 2548 2320 posset.
2607 2249 2676 2303 At
2733 2248 2818 2302 vir
2873 2245 2966 2303 Dei
3011 2247 3286 2317 postulato

1692 2343 1884 2398 orandi
1904 2343 2103 2414 spatio,
2137 2350 2445 2414 prostratus
2467 2340 2659 2396 oravit.
2685 2339 2857 2407 Quem
2887 2339 3095 2395 diutius
3121 2354 3287 2394 orau-

1692 2442 1801 2489 tem
1831 2434 2098 2506 gladiator
2131 2435 2280 2489 calce
2300 2432 2555 2506 pulsavit,
2581 2441 2641 2490 ut
2667 2441 2913 2503 surgeret
2935 2443 2990 2487 et
3014 2431 3284 2488 cervicem

1690 2515 2087 2594 tenderet.-Qui
2113 2526 2311 2582 collum
2349 2525 2648 2582 extendens
2678 2533 2732 2580 et
2771 2525 3028 2581 eductum
3065 2534 3284 2596 pactum

1690 2622 1910 2677 intuens
1932 2619 2101 2676 dixit;
2131 2609 2361 2676 «Sancte
2382 2619 2639 2686 Joannes,
2664 2618 2880 2689 suscipe
2907 2617 3076 2673 illam.
3091 2637 3108 2670 ι
3130 2615 3286 2674 Tunc

1690 2707 1960 2782 gladiator
1978 2725 2340 2780 percussurus
2367 2709 2605 2782 gladium
2630 2709 2846 2774 levavit,
2878 2708 2970 2764 sed
2997 2708 3280 2764 brachium

1689 2803 1932 2876 diriguit.
1959 2801 2114 2870 Quod
2136 2817 2330 2858 omnes
2352 2802 2446 2873 qui
2469 2802 2696 2858 aderant
2713 2801 2978 2867 videntes,
2998 2801 3286 2872 virumque

1689 2894 1783 2950 Dei
1808 2895 2072 2950 mirantes
2093 2904 2147 2950 et
2176 2895 2482 2961 laudantes,
2508 2903 2702 2966 rogant
2727 2909 2876 2959 cum,
2907 2903 2968 2948 ut
2997 2887 3283 2949 brachium

1688 2991 2006 3062 gladiatoris
2057 2978 2141 3046 sui
2191 2978 2428 3046 sanaret.
2485 2981 2617 3060 Ego,
2667 2988 2865 3060 inquit,
2915 3003 3013 3059 pro
3056 3002 3123 3044 eo
3173 3001 3282 3041 non

1688 3085 1876 3151 orabo,
1910 3083 2014 3140 nisi
2057 3083 2212 3153 prius
2232 3081 2501 3153 juravcrit
2529 3072 2675 3152 quod
2712 3095 2838 3137 cum
2859 3072 3032 3136 manu
3083 3079 3185 3135 ista
3216 3079 3285 3134 de

9 3164 138 3219 Litas
172 3163 388 3220 Domini
422 3166 598 3237 (Psal.
628 3167 834 3238 cxxvt).
869 3186 887 3218 ι
920 3167 1190 3234 Quoniam
1222 3187 1346 3225 cum
1375 3180 1585 3242 tempo—
1613 3198 1656 3256 ε
1687 3187 1883 3233 caetero
1907 3162 2282 3232 Christianum
2313 3190 2421 3230 non
2444 3174 2677 3230 occidat.
2710 3173 2810 3229 Cui
2833 3167 3040 3244 juranti
3074 3165 3282 3226 brachii

11 3259 125 3314 alis
168 3259 456 3316 hatreditas
505 3262 724 3328 desinit,
779 3255 983 3318 aeterna
1041 3263 1252 3334 incipit.
1309 3263 1584 3321 Vilescant

10 3351 160 3421 gitur
184 3351 350 3406 nobis
379 3351 596 3408 labores
624 3354 937 3422 saeculares,
963 3366 1018 3411 et
1048 3357 1183 3412 tales
1215 3356 1426 3414 fructus
1454 3373 1586 3429 ope-

11 3460 182 3496 emur
203 3443 298 3514 qui
337 3454 614 3500 maneant.
648 3445 975 3504 lnsistamus
1001 3447 1296 3506 virtutibus
1323 3458 1378 3504 et
1411 3450 1584 3505 virtu-

10 3551 104 3588 um
133 3536 416 3604 Operibus,
447 3553 569 3606 qua
592 3553 808 3608 semper
830 3539 1150 3607 manebunt,
1185 3555 1293 3595 non
1327 3541 1504 3596 solum
1528 3542 1584 3597 in

10 3627 372 3696 etributionc,
410 3628 505 3684 sed
540 3629 703 3684 etiam
736 3631 986 3701 quzedam
1018 3647 1210 3688 eorum
1253 3633 1308 3688 in
1334 3649 1410 3690 re.
1442 3633 1586 3689 Cita-

15 3720 126 3774 itas
154 3720 326 3788 enim,
367 3721 655 3792 sapientia,
694 3721 930 3793 justitia,
979 3723 1265 3792 fortitudo,
1295 3727 1584 3794 modestia,

17 3811 414 3881 thujusmodi,
449 3815 500 3868 in
535 3815 624 3870 illa
674 3815 834 3871 beata
864 3816 974 3872 vita
1006 3833 1118 3874 non
1160 3820 1340 3875 solum
1367 3836 1585 3892 perma-

10 3907 221 3972 ιυιωιιι,
265 3906 375 3960 imo
424 3907 588 3962 etiam
617 3909 970 3980 perﬁcientur
1002 3919 1056 3966 et
1090 3913 1583 3981 conﬁrmabuntur,

10 4007 38 4048 ,ι
64 3997 353 4068 quidquid,
379 3997 576 4068 inquit,
604 4001 864 4069 petieritis
898 4001 1115 4056 Patrem
1142 4019 1196 4057 ιη
1222 4005 1431 4060 nomine
1472 4021 1584 4059 meo

9 4090 66 4143 ἐι
101 4089 271 4156 vobis,
289 4089 340 4144 id
365 4100 448 4145 est
480 4100 740 4146 aeternam
775 4093 1585 4166 beatitudinem,iuquaomnia

13 4192 174 4253 ptata
223 4184 537 4251 succedent,
599 4185 712 4240 imo
765 4186 922 4257 plura
972 4203 1138 4258 quam
1186 4199 1390 4259 optata.
1445 4189 1585 4246 Cum

11 4276 135 4328 nim
173 4275 351 4330 in’illa
399 4285 600 4332 aeterna
637 4278 996 4346 beatitudine,
1029 4281 1138 4336 sint
1167 4281 1328 4349 bona,
1371 4301 1389 4334 ι
1419 4299 1584 4353 quam

13 4383 82 4421 ec
127 4366 329 4421 oculus
358 4367 512 4435 vidit,
545 4385 645 4425 nec
688 4372 841 4427 auris
868 4373 1096 4439 audivit,
1138 4391 1240 4429 nec
1264 4375 1320 4428 in
1356 4391 1454 4432 cor
1480 4377 1584 4431 ho-.

12 4461 154 4514 nims
184 4459 433 4514 ascendit
456 4457 512 4531 (Ι
542 4459 665 4516 Cor.
701 4462 786 4532 ιι),
821 4481 839 4514 ι
874 4472 1087 4520 constat
1106 4466 1368 4536 quoniam
1403 4468 1581 4538 plura,

1685 3271 1988 3325 libertatem
2018 3269 2278 3327 restituit.
2323 3269 2462 3323 Cum
2505 3281 2635 3322 vero
2674 3264 3017 3337 Langobardi
3058 3279 3121 3320 ca
3162 3277 3290 3334 qua:

1684 3360 1976 3432 deprmdati
2018 3358 2234 3415 fuerant
2255 3357 2303 3413 ei
2347 3356 2622 3422 offerrent,
2668 3354 2909 3426 respuit;
2944 3354 3036 3410 sed
3068 3352 3282 3408 animas

1684 3435 2021 3529 captivorum
2055 3454 2348 3526 postulavit
2382 3461 2437 3508 ct
2467 3449 2696 3522 accepit.
2726 3447 2816 3505 Sic
2833 3463 3052 3520 quoque
3078 3447 3280 3502 factum

1685 3560 1868 3617 estut,
1901 3549 2029 3604 dum
2058 3565 2202 3604 unus
2232 3561 2330 3618 pro
2361 3559 2472 3600 uno
2494 3559 2552 3598 se
2576 3543 2736 3598 morti
2775 3540 2992 3606 obtulit,
3023 3539 3222 3594 multos
3249 3551 3280 3590 a

1686 3653 1864 3698 morte
1890 3642 2160 3697 liberavit.
2195 3639 2505 3697 Tcncamus
2532 3639 2718 3712 igitur,
2766 3635 2962 3692 fratres
2987 3631 3092 3688 mei
3150 3630 3279 3686 cha-

1689 3738 1930 3802 ritatcm,
1991 3751 2131 3806 qua),
2185 3733 2337 3806 juxta
2398 3732 2742 3804 Apostolum,
2808 3725 3034 3784 conmia
3083 3721 3281 3787 crelit,

1687 3829 1871 3898 omnia
1899 3835 2099 3898 sperat,
2136 3826 2320 3881 omnia
2366 3825 2622 3892 sustinet,
2661 3837 2784 3894 quze
2822 3831 3102 3889 nunquam
3127 3811 3279 3869 exci-

1687 3922 1768 3978 dit
1806 3920 1860 3992 (l
1892 3919 2014 3976 Cor.
2051 3919 2198 3988 xui),
2225 3909 2263 3971 ι’
2292 3935 2392 3974 nec
2440 3934 2571 3974 suos
2615 3917 2994 3972 observatores
3028 3907 3280 3965 excidere

1687 4012 1973 4082 permittit,
2017 4012 2111 4067 sed
2161 4011 2229 4066 ad
2279 4020 2538 4066 aeternam
2593 4005 2983 4063 beatitudinem
3022 4016 3118 4057 eos
3156 4013 3278 4070 per-

1685 4103 1864 4158 duxit.
1889 4103 1970 4157 Ad
1999 4117 2162 4172 quam
2191 4117 2286 4172 per
2325 4117 2445 4156 eam
2481 4115 2582 4154 nos
2601 4089 2908 4168 perducere
2936 4091 3066 4149 velit
3095 4087 3280 4146 οιιιιιί-

1687 4204 1883 4266 potens
1911 4203 1966 4250 ct
1993 4194 2308 4250 misericors
2339 4192 2623 4247 Dominus.
2663 4190 2858 4244 Amen.

2267 4459 2334 4497 nr.
2376 4454 2686 4496 arosrotts.
2711 4503 2713 4506 ι

9 4550 273 4620 tmajora
301 4560 354 4606 ct
375 4551 622 4620 meliora,
647 4553 722 4607 ibi
749 4555 904 4610 nobis
929 4571 958 4612 a
987 4555 1096 4612 Deo
1117 4558 1395 4613 dabuntur
1416 4576 1582 4630 quam
1616 4551 1660 4606 Ι)
1760 4555 1969 4612 Scimus
2001 4556 2251 4627 quoniam
2285 4553 2628 4624 diligentibus
2673 4550 2836 4604 Deum
2885 4561 3062 4602 animo
3096 4557 3279 4611 coope-

9 4653 174 4697 etere
223 4642 306 4696 vel
348 4643 664 4700 desiderare
712 4647 1014 4704 valeamus.
1063 4650 1145 4704 Ad
1187 4667 1330 4719 quae,
1391 4652 1586 4710 fratres

9 4734 115 4800 rei,
141 4741 208 4792 ut
232 4735 516 4802 pervenire
555 4752 886 4806 mercamur,
912 4741 1170 4795 mandata
1189 4740 1285 4796 Dci
1315 4751 1372 4798 ct
1390 4743 1586 4814 prazci~

9 4847 88 4883 uc
117 4827 475 4884 dilectionem
525 4841 828 4888 teneamus.
879 4833 1182 4906 Diligamus
1225 4835 1397 4892 Deum
1442 4837 1590 4908 plus-

9 4937 155 4975 nam
197 4936 319 4987 nos,
366 4921 650 4992 proximos
697 4935 915 4980 nostros
965 4928 1108 4982 sicut
1146 4945 1265 4984 nos.
1317 4927 1589 4994 Proximis

9 5013 204 5069 ostris
247 5029 521 5084 ponamus
546 5031 654 5069 non
685 5017 862 5070 solum
899 5027 1109 5085 nostra,
1133 5020 1228 5075 sed
1257 5021 1421 5077 etiam
1454 5039 1585 5078 nos-

9 5106 280 5175 tctipsos.
334 5107 473 5161 Cum
512 5107 657 5161 enim
703 5116 891 5163 nostra
946 5112 1285 5181 temporalia,
1334 5122 1390 5167 ct
1421 5113 1586 5170 etiam

10 5214 104 5252 )sa
137 5195 252 5250 vita
281 5197 598 5266 temporalis
629 5206 872 5253 transeat
897 5211 949 5253 ct
981 5209 1188 5269 pereat,
1213 5202 1346 5272 quid
1367 5203 1586 5273 sapien-

19 5305 121 5354 tis,
155 5287 292 5357 quid
343 5289 566 5358 melius,
597 5305 762 5359 quam
793 5289 860 5345 de
899 5291 1070 5346 rebus
1120 5293 1380 5362 perituris
1412 5295 1587 5351 luere-

10 5384 221 5436 itatent
267 5396 450 5436 emere
485 5383 934 5459 sempiternam?
981 5383 1120 5442 Ecce
1165 5387 1505 5443 admiramur
1533 5398 1592 5444 et

12 5473 380 5530 eatificatnus
419 5485 662 5544 sanctos,
693 5477 787 5546 qui
833 5493 933 5548 pro
975 5477 1070 5533 Dei
1113 5480 1460 5552 proximique
1500 5482 1587 5536 di-

10 5567 232 5622 rctione
281 5583 387 5621 non
430 5567 611 5623 solum
668 5585 788 5635 sua,
817 5570 910 5625 sed
946 5571 1113 5626 etiam
1146 5573 1354 5644 seipsos
1383 5590 1586 5646 posue-

9 5665 139 5713 unt.
169 5655 364 5736 Quare
395 5659 562 5731 igitur
585 5675 692 5714 non
725 5659 1005 5730 imitamur
1023 5664 1154 5719 eos?
1183 5663 1368 5720 Refert
1395 5667 1588 5724 beatus

9 5750 300 5822 ircgorins
323 5751 470 5825 quod
509 5751 733 5824 quidam
767 5753 1069 5826 presbyter,
1100 5757 1320 5811 nomine
1353 5756 1585 5814 Sancto-

15 5861 98 5916 ις,
143 5843 230 5908 vir
272 5841 374 5908 fuit
418 5843 602 5903 nimia:
639 5843 945 5908 charitatis.
980 5845 1077 5906 llic
1120 5849 1332 5923 rogavit
1370 5849 1587 5924 Longo.

1694 4659 1882 4703 rantur
1910 4649 1964 4703 iu
1989 4649 2200 4714 bonum,
2240 4649 2305 4701 iis
2327 4648 2416 4718 qui
2441 4645 2726 4701 secundum
2753 4640 3078 4712 propositum
3108 4635 3282 4690 vocati

1693 4751 1814 4796 sunt
1846 4742 2018 4794 sancti
2048 4741 2222 4812 (Rom.
2264 4755 2357 4794 vnt
2377 4740 2417 4810 ),
2443 4749 2548 4794 etc.
2575 4737 2823 4802 Quatuor
2853 4731 2940 4784 hic
2964 4725 3281 4798 Apostolus,

1693 4834 1890 4890 fratres
1934 4833 2061 4899 mei,
2119 4833 2270 4888 dicit.
2324 4831 2510 4886 Primo
2562 4825 2869 4892 siquidem,
2905 4819 3040 4876 dicit
3095 4818 3280 4873 omnia

1694 4927 1884 4985 electis
1937 4925 1990 4980 in
2036 4927 2238 4980 bonum
2272 4922 2573 4994 c00perari.
2619 4917 2892 4983 Secundo,
2944 4915 3275 4970 demonstrat

1689 5038 1804 5093 quo
1827 5022 2017 5077 ordine
2042 5020 2186 5076 Deus
2211 5019 2548 5090 propositum
2577 5010 2860 5069 electionis
2881 5023 2996 5065 sure
3015 5002 3273 5072 compleat

1693 5113 1746 5170 in
1797 5115 1897 5171 eis.
1952 5112 2158 5180 Tertio,
2214 5113 2346 5168 dicit
2394 5109 2666 5166 nemiuem
2715 5119 2878 5177 posse
2921 5100 3002 5156 eis
3062 5110 3273 5152 nocere.

1688 5202 1920 5276 Quarto,
1980 5205 2116 5261 nihil
2153 5219 2312 5275 posse
2344 5221 2437 5260 eos
2477 5219 2508 5258 a
2557 5202 2667 5257 Deo
2712 5211 3007 5272 separare.-
3037 5192 3272 5247 Primutr

1692 5301 1852 5373 igitur
1882 5298 2224 5354 demonstrat
2249 5295 2432 5351 omnia
2465 5295 2518 5350 in
2552 5291 2956 5351 benumclectis
2979 5283 3262 5357 coopcrari

1691 5407 1817 5448 cum
1855 5389 2005 5457 dicit,
2049 5391 2269 5456 scimus,
2304 5398 2410 5443 etc.
2450 5387 2529 5443 Ac
2578 5387 2624 5444 si
2675 5387 2820 5442 dicat
2848 5403 2862 5439 :
2887 5381 2999 5438 Nos
3053 5377 3275 5450 aposto'i

1698 5483 1828 5549 Dei,
1875 5497 2112 5554 quorum
2153 5481 2479 5537 auctoritate
2527 5479 2856 5535 credendum
2908 5482 3026 5541 est,
3078 5471 3278 5528 scimus

1697 5592 1804 5632 non
1838 5591 1932 5647 per
1965 5575 2139 5632 solam
2169 5575 2476 5641 scientiam,
2508 5571 2602 5628 sed
2625 5572 2790 5627 etiam
2821 5585 2918 5641 per
2941 5563 3276 5636 cxperimeu

1695 5647 1840 5739 tum,
1857 5669 2005 5741 quod
2030 5668 2214 5725 omnia
2244 5674 2608 5735 cooperantur
2631 5663 2685 5718 in
2710 5663 2915 5718 bonum
2937 5653 3290 5728 diligentibus

1695 5763 1888 5819 Deum.
1933 5761 2061 5830 Sed,
2111 5762 2369 5834 quoniam
2415 5759 2639 5834 quidam
2703 5756 2937 5827 diligunt
2995 5750 3164 5806 Deum
3216 5745 3284 5802 ad

1697 5855 2119 5929 horamgaddit,
2163 5855 2228 5912 iis
2273 5856 2385 5930 qui,
2423 5855 2709 5914 sectmdnm
2730 5848 3062 5923 propositum
3089 5840 3300 5931 divinze

3819 1645 3821 1668 l

3819 1671 3821 1688 ι

3819 1739 3821 1758 l

3818 2935 3821 3120 1

3818 3223 3821 3326 ι
