3844 6318
518 340 662 398 N99

1806 319 2159 378 RADULI’HI
2191 321 2540 381 ARDE’N'I‘IS

3609 322 3702 379 l500

512 454 800 512 electionis
839 454 1009 509 rocati
1035 460 1178 518 stmt,
1209 460 1269 505 ut
1299 447 1409 505 sint
1452 445 1645 499 sancti.
1681 441 1862 514 Eque
1883 442 2069 498 omnia
2088 483 2103 508 ,
2137 445 2180 502 Α
2210 439 2406 496 fratres
2431 439 2560 508 mei,
2593 437 2738 494 Deus
2776 437 2979 493 electos
3026 442 3246 506 prapter
3270 431 3443 488 futura
3469 437 3622 493 merita
3644 456 3708 495 eo—

513 545 858 616 pz-osperitas
913 552 969 599 et
1023 540 1357 605 adversitas,
1408 535 1614 592 sanitas
1679 543 1734 588 et
1782 533 2106 600 infirmitas,

516 638 673 696 fav0r
715 648 774 694 et
829 635 1217 699 contradictio,
1258 649 1363 703 pax
1393 639 1448 686 et
1487 639 1785 695 certamen,
1854 643 2009 683 amor
2056 638 2112 684 et

516 728 729 794 odium,
762 729 871 782 vita
903 737 957 782 et
981 742 1150 789 mors,
1177 732 1232 779 et
1251 730 1445 778 caetera
1478 720 1753 775 universa.
1785 719 1940 774 Sicut
1962 718 2110 774 enim

519 821 880 891 prosperitas,
905 819 1133 882 sanitas,
1159 816 1313 871 favor
1325 823 1379 868 et
1413 829 1541 884 pax,
1564 829 1718 867 amor
1743 820 1800 868 et
1819 812 1951 878 vita,
1978 811 2112 866 dant

520 911 660 966 bene
675 912 868 983 agendi
885 906 1343 980 opportunitatem
1363 913 1418 960 et
1433 904 1714 960 materiam
1731 902 1922 958 electis
1935 944 1950 968 ,
1969 901 2042 956 ita
2057 911 2114 958 et

523 1005 592 1059 iis
644 1003 915 1060 contraria
959 1003 1090 1056 dant
1128 999 1330 1055 eisdem
1374 999 1513 1054 bene
1543 997 1736 1071 agendi
1762 995 2112 1052 occasionem

521 1109 578 1155 et
600 1096 1063 1153 exercitationem.
1111 1092 1214 1148 Per
1240 1092 1622 1148 adversitatem
1661 1089 1861 1162 quippe
1885 1105 2112 1145 exerce-

513 1185 613 1246 tur
639 1198 950 1246 sanctorum
975 1185 1258 1256 patientia,
1285 1200 1382 1254 per
1412 1183 1783 1239 infirmitatem
1810 1181 2113 1249 humilitas,

522 1297 620 1349 per
653 1277 1143 1336 contradictionem
1179 1275 1468 1345 sapientia.
1513 1291 1610 1346 per
1642 1282 1919 1330 certamen
1953 1272 2115 1328 forti-

521 1372 674 1440 tudo,
700 1388 796 1442 per
815 1371 1001 1426 odium
1033 1369 1435 1434 benevolentia,
1454 1384 1544 1439 per
1570 1375 1802 1422 mortem
1834 1367 2117 1437 ingressus

521 1465 590 1520 ad
637 1464 880 1535 requiem
924 1463 1188 1534 aperitur.
1248 1460 1359 1518 Nec
1408 1461 1527 1518 sola
1579 1460 1705 1526 ista,
1759 1458 1957 1514 fratres
1986 1458 2114 1526 mei,

521 1566 888 1628 coOperantur
921 1556 1110 1612 electis
1160 1555 1217 1609 in
1265 1554 1493 1621 bonum,
1530 1553 1626 1608 sed
1659 1552 1822 1608 etiam
1858 1552 1974 1622 ipse
2019 1566 2118 1607 ex-

523 1664 716 1704 cessus
743 1656 799 1703 et
824 1663 1010 1713 casus,
1055 1647 1319 1718 quoniam
1377 1645 1698 1700 humiliores
1743 1651 2030 1715 resurgunt
2063 1651 2120 1698 et

523 1741 816 1796 doctiores.
843 1739 1167 1794 Econtrario
1187 1753 1406 1809 quoque
1434 1736 1682 1807 reprobis
1710 1734 1895 1790 omnia
1917 1749 2118 1804 coope—

526 1843 718 1888 rantur
751 1833 806 1887 in
847 1832 1088 1899 malum;
1138 1846 1240 1886 nec
1273 1831 1452 1887 solum
1483 1828 1649 1893 mala,
1680 1826 1774 1883 sed
1801 1826 1966 1882 etiam
2000 1825 2120 1896 ipsa

526 1926 692 1991 bona,
719 1925 849 1980 dum
880 1925 946 1980 dc
969 1925 1051 1980 eis
1084 1923 1427 1994 superbiunt,
1457 1920 1587 1976 dum
1637 1919 1748 1975 Deo
1776 1917 1972 1990 ingrati
1999 1917 2119 1972 exi-

532 2026 706 2084 stunt,
735 2017 865 2071 dum
894 2016 973 2072 cis
1005 2016 1326 2080 abutuntur,
1365 2013 1496 2068 dum
1536 2027 1602 2067 ea
1639 2010 1906 2066 inutiliter
1937 2008 2124 2064 occul-

530 2120 666 2176 tant,
698 2111 825 2165 dum
859 2126 968 2164 non
997 2115 1368 2179 perseverant.
1399 2104 1718 2176 Propterea,
1754 2101 1950 2157 fratres
1991 2098 2121 2165 mei,

530 2218 746 2272 semper
772 2202 1084 2267 timeamus,
1121 2210 1170 2255 et
1195 2199 1486 2254 Dominum
1519 2194 1795 2266 suspiriis.
1829 2193 2122 2249 Dominum

531 2296 824 2366 gemitibus
859 2305 914 2350 et
957 2293 1214 2365 lacrymis
1263 2292 1602 2346 incessanter
1637 2302 1949 2351 exoremus,
1988 2300 2126 2356 qua-

530 2397 691 2442 tenus
719 2387 784 2442 de
812 2401 1043 2441 numero
1072 2384 1434 2455 reproborum
1465 2397 1568 2436 nos
1596 2380 1812 2450 eripiat,
1854 2387 1909 2434 et
1938 2379 1992 2432 in
2023 2394 2128 2433 nu-

530 2493 684 2534 mero
707 2479 1005 2534 electorum
1028 2492 1255 2533 suorum
1279 2490 1381 2530 nos
1401 2489 1496 2544 per
1519 2470 1952 2528 misericordiam
1968 2485 2126 2525 suam

533 2570 795 2635 ascribat,
812 2577 868 2626 et
894 2569 1081 2625 omnia
1112 2567 1270 2623 nobis
1303 2565 1468 2621 faciat
1505 2564 1559 2620 in
1583 2564 1788 2618 bonum
1818 2560 2124 2632 cooperari.

606 2662 865 2734 Sequitur
895 2678 1022 2733 pars
1056 2660 1316 2718 secunda.
1350 2659 1404 2713 in
1437 2673 1547 2730 qua
1593 2656 1936 2712 demonstrat
1976 2653 2127 2725 Apo-

534 2757 710 2814 stolus
738 2771 850 2827 quo
875 2755 1070 2811 ordine
1118 2753 1261 2808 Deus
1302 2751 1644 2823 pr0positum
1682 2747 1972 2804 electionis
2015 2760 2131 2801 suae
2195 2777 2210 2785 η

534 2846 782 2917 perficiat
827 2847 880 2901 in
926 2845 1154 2912 sanctis,
1209 2859 1335 2899 cum
1379 2842 1603 2898 subdit:
1633 2841 1777 2895 Nam
1828 2854 1957 2910 quos
1991 2852 2127 2908 prato

536 2940 689 2993 scivit
713 2939 829 3008 ﬁeri
872 2939 1167 3008 conformes
1201 2936 1454 3006 imaginis
1507 2933 1637 2988 Filii
1663 2933 1768 2998 sui,
1821 2941 1877 2985 ut
1905 2931 1978 2984 sit
2020 2930 2131 3000 ipse

537 3031 919 3102 primogenitus
953 3031 1009 3084 iu
1040 3028 1223 3082 multis
1266 3026 1543 3098 fratribus.
1594 3024 1738 3090 Quos
1778 3031 1954 3076 autem
1992 3037 2132 3092 prte-

539 3123 844 3189 destinavit,
885 3122 978 3176 hos
1019 3131 1068 3176 et
1115 3120 1337 3174 vocavit.
1382 3116 1452 3171 Et
1487 3133 1616 3188 quos
1659 3115 1882 3182 vocavit,
1935 3113 2028 3167 hos
2078 3120 2128 3168 et

531 3214 874 3286 justificavit.
917 3213 985 3267 Et
1029 3229 1157 3285 quos
1187 3209 1530 3281 justiﬁcarit,
1562 3208 1654 3262 has
1689 3215 1739 3261 et
1785 3206 2127 3278 gloriﬁcavit.

548 3305 681 3374 Sed,
709 3305 968 3376 quoniam
1020 3303 1294 3375 praescire,
1323 3310 1378 3356 et
1399 3300 1469 3356 ad
1517 3299 1660 3354 bona
1704 3306 1759 3354 et
1787 3298 1856 3353 ad
1900 3298 2044 3353 mala
2073 3313 2133 3354 se

543 3398 726 3462 habet,
755 3395 1088 3452 determinat
1127 3394 1194 3450 ad
1222 3402 1484 3465 quantam
1513 3391 1740 3464 gloriam
1771 3405 1864 3446 eos
1904 3389 2131 3461 praesci-

543 3489 642 3555 vit,
685 3504 811 3544 cum
861 3486 1066 3553 subdit,
1117 3485 1236 3556 ﬁeri
1279 3483 1571 3554 conformes
1607 3481 1739 3536 Filii
1770 3482 1876 3548 sui,
1911 3489 2040 3546 etc.,
2074 3487 2136 3535 ut

541 3578 754 3634 scilicet
783 3578 915 3633 fiant
939 3577 1094 3648 prius
1125 3573 1326 3631 mentis
1356 3574 1614 3640 novitate,
1639 3581 1693 3628 et
1723 3591 1742 3624 ‹
1761 3581 1885 3643 post
1906 3572 2134 3626 immor-

543 3671 751 3730 talitate
793 3668 1105 3727 conformes
1156 3667 1276 3724 Filii
1324 3665 1430 3731 sui,
1471 3665 1565 3736 qui
1609 3672 1692 3720 est
1733 3664 1914 3735 imago
1955 3663 2134 3719 Patris

546 3761 705 3833 (Heb.
742 3762 804 3832 ι),
849 3780 867 3812 ι
906 3770 965 3816 ut
1005 3760 1148 3817 sicut
1185 3766 1540 3830 portaverunt
1572 3757 1867 3828 imaginem
1909 3755 2133 3822 terreni,

545 3863 762 3924 portent
816 3851 1107 3923 imaginem
1161 3850 1422 3916 caelestis,
1479 3851 1553 3906 ita
1602 3858 1785 3904 tamen
1818 3857 1877 3903 ut
1909 3849 1979 3902 sit
2027 3848 2137 3917 ipse

545 3947 800 4002 Christus
823 3945 1221 4016 primogenitus,
1248 3945 1458 4000 scilicet
1481 3942 1693 4014 primus
1731 3941 1850 3998 sine
1890 3950 2134 4012 peccato,

547 4047 846 4108 conceptus
879 4045 936 4093 et
969 4047 1153 4104 natus,
1181 4044 1237 4093 et
1277 4037 1488 4108 primus
1519 4049 1816 4106 resurgens
1851 4035 1908 4087 in
1951 4032 2136 4086 multis

551 4132 829 4201 fratribus,
857 4131 959 4186 hoc
985 4139 1070 4190 est
1094 4130 1236 4190 inter
1273 4129 1472 4184 multos
1503 4125 1719 4182 fratres.
1749 4125 1900 4193 Quos
1941 4141 2050 4180 non
2083 4125 2138 4179 in

549 4238 616 4277 eo
655 4223 802 4292 quod
847 4223 1179 4293 unigenitus,
1211 4219 1305 4275 sed
1343 4220 1397 4274 in
1440 4233 1508 4273 eo
1551 4217 1697 4286 quod
1739 4215 2138 4286 primogenitus

550 4323 655 4380 est,
687 4329 794 4368 non
821 4314 1174 4369 confunditur
1195 4311 1393 4366 fratres
1417 4324 1635 4364 vocare.
1686 4306 1830 4372 Quos
1866 4308 2142 4374 prwdesti-

553 4403 722 4468 navit,
749 4401 801 4455 id
822 4410 906 4456 est
932 4411 1060 4456 ante
1090 4416 1254 4471 quam
1295 4406 1484 4453 essent
1509 4396 1590 4451 cis
1612 4396 1840 4465 gratiam
1864 4412 2139 4467 praepara-

551 4489 649 4545 vit.
675 4489 826 4556 Quos
849 4499 1030 4546 autem
1054 4485 1482 4560 prtedestinavit,
1507 4485 1612 4540 hoc
1642 4500 1766 4540 cum
1787 4485 1901 4553 jam
1933 4495 2136 4549 essent,

553 4584 624 4639 ad
671 4584 818 4638 illam
860 4585 1090 4653 gratiam
1149 4579 1381 4643 vocavit,
1443 4576 1849 4648 przedicatione,
1896 4576 1982 4630 vel
2031 4576 2139 4631 alio

554 4677 738 4733 modo.
771 4676 921 4743 Quos
947 4684 1127 4730 autem
1157 4674 1235 4729 sic
1261 4672 1496 4737 vocavit,
1526 4672 1626 4726 hos
1650 4686 1748 4741 per
1776 4670 1922 4725 illius
1951 4670 2140 4740 gratia:

556 4769 905 4824 collationem
953 4765 1307 4838 justifieavit,
1384 4773 1446 4819 ut
1516 4764 1569 4818 in
1637 4772 1838 4820 asterna
1904 4762 2140 4817 beatitu-

555 4859 684 4913 dine
706 4857 757 4912 ei
784 4857 992 4914 similes
1023 4856 1153 4911 sint.
1182 4854 1443 4909 Similiter
1463 4853 1773 4910 eeontrario
1801 4852 1982 4907 dicere
2013 4868 2142 4922 pos-

557 4964 752 5006 sumus
793 4949 860 5004 de
895 4944 1161 5016 reprobis.
1188 4943 1458 5012 Quoniam
1491 4961 1632 5016 quos
1675 4943 1820 4999 Deus
1864 4945 2144 5012 praesentit

557 5039 774 5096 futuros
800 5038 1009 5094 similes
1030 5037 1266 5105 diabolo,
1298 5038 1400 5092 hos
1425 5035 1766 5108 reprobavit;
1803 5041 1858 5088 et
1877 5050 2017 5104 quos
2051 5049 2141 5088 re-

558 5131 830 5202 probavit,
864 5130 966 5185 hos
990 5131 1239 5201 quamvis
1269 5130 1336 5185 ad
1378 5129 1540 5188 fidem
1581 5127 1795 5196 aliquos
1830 5141 2019 5182 eorum
2045 5141 2143 5180 vo-

558 5222 784 5288 caverit,
815 5221 1031 5292 abjecit.
1065 5221 1129 5277 Et
1162 5237 1302 5294 quos
1345 5219 1564 5290 abjecit,
1611 5217 1712 5271 hos
1754 5215 1807 5270 in
1849 5215 2140 5286 reprobum

561 5328 787 5370 sensum
812 5321 864 5368 et
888 5313 942 5367 in
966 5313 1250 5382 passiones
1296 5307 1609 5382 ignominiae
1650 5305 1890 5373 tradidit,
1924 5314 1978 5360 et
2002 5320 2144 5376 quos

559 5405 620 5460 in
645 5406 751 5461 hoc
773 5405 1010 5473 tradidit,
1024 5405 1320 5462 damnavit.
1350 5401 1454 5457 Sed
1478 5398 1677 5466 diflert,
1701 5399 1961 5471 quoniam
1990 5398 2145 5453 dam-

562 5498 746 5555 nando
772 5500 1084 5571 reprobavit
1113 5498 1277 5565 Deus,
1323 5495 1450 5566 quia
1478 5493 1758 5564 praesentit
1791 5507 1886 5548 eos
1928 5489 2146 5546 futuros

563 5590 757 5647 malos.
807 5590 913 5648 Sed
958 5591 1162 5647 electos
1206 5606 1313 5644 non
1366 5587 1486 5642 ideo
1540 5583 1964 5656 prtedestinavit,
2013 5583 2144 5654 quia

565 5682 835 5753 prrescivit
863 5698 959 5739 eos
1003 5681 1222 5739 futuros
1260 5680 1454 5744 bonos,
1481 5677 1592 5732 imo
1616 5676 1799 5746 potius
1825 5675 1946 5730 ideo
1977 5673 2146 5728 futuri

565 5780 719 5836 mm
745 5772 895 5845 boni,
922 5774 1050 5853 quia
1074 5773 1220 5834 Deus
1245 5769 1643 5832 orardestinavit
1670 5784 1790 5830 cos.
1816 5765 1935 5825 Non
1976 5765 2146 5839 enim,

2211 547 2333 587 rum
2359 528 2785 602 praedestinavit,
2817 528 2912 584 sed
2953 526 3137 598 potius
3166 525 3336 597 gratis
3372 527 3708 599 praedestinavit,

2212 623 2383 695 gratis
2403 623 2638 687 vocavit,
2661 621 2831 694 gratis
2847 619 3188 691 justifieavit,
3213 617 3381 689 gratis
3401 620 3710 689 magnificarit;

2211 716 2500 771 damnatos
2539 729 2671 770 vero
2717 721 2940 784 propter
2986 711 3182 766 merita
3225 724 3410 764 eorum
3461 713 3714 781 reprobavit,

2213 807 2414 876 abjecit
2446 815 2501 862 et
2519 805 2819 862 damnavit.
2844 804 3045 871 Quare,
3071 802 3202 873 quia
3228 801 3381 856 electi
3411 817 3510 856 non
3531 819 3557 858 a
3578 809 3716 870 sese!

2213 913 2246 955 a
2281 897 2394 953 Deo
2430 899 2561 954 boni
2589 906 2739 954 sunt.
2768 896 2894 951 Mali
2926 910 3056 950 vero
3088 910 3198 949 non
3243 909 3311 948 ex
3344 892 3468 958 Deo,
3493 895 3574 950 sed
3603 913 3654 952 ex
3681 915 3722 954 se

2214 990 2344 1046 mali
2367 999 2514 1046 sunt.
2540 989 2825 1046 Neminem
2849 998 3051 1052 tamen,
3079 986 3278 1042 fratres
3305 985 3604 1053 charissimi,
3623 987 3722 1045 Deus

2216 1096 2247 1136 a
2279 1095 2378 1136 sua
2410 1080 2583 1151 gratia
2629 1079 2861 1150 repellit,
2897 1077 3156 1132 omnibus
3201 1090 3323 1130 eam
3355 1074 3519 1130 offert.
3547 1074 3642 1132 Non
3665 1095 3723 1132 re-

2213 1173 2384 1244 pellit,
2438 1171 2545 1226 nisi
2588 1171 2934 1243 repellentem
2966 1185 3046 1225 se.
3091 1167 3302 1238 Itaque,
3347 1166 3394 1221 si
3437 1167 3662 1236 volumus,
3687 1180 3725 1224 et

2216 1264 2671 1335 praedestinatum
2693 1273 2749 1320 et
2774 1265 3070 1320 salvamur.
3108 1262 3396 1331 Volumus,
3423 1263 3467 1319 si
3492 1263 3608 1318 bene
3636 1279 3726 1333 ope

2218 1371 2426 1423 ramur,
2453 1365 2718 1426 quantum
2744 1371 3059 1426 possumus.
3091 1354 3254 1422 Quod
3286 1354 3335 1412 si
3360 1370 3467 1410 non
3487 1370 3726 1427 operatum,

2217 1457 2364 1519 patet
2393 1448 2520 1520 quia
2551 1447 2786 1520 perfecte
2820 1464 2930 1504 non
2957 1448 3235 1504 volumus.

2276 1599 2536 1672 Sequitur
2554 1617 2682 1672 pars
2711 1601 2893 1666 tertia,
2909 1600 2962 1655 in
2979 1617 3087 1672 qua
3105 1601 3508 1656 demonstratur
3521 1599 3731 1653 neminem

2220 1707 2383 1764 posse
2403 1694 2590 1748 electis
2614 1709 2827 1759 nocere,
2851 1708 2975 1748 cum
2997 1693 3271 1748 subditur;
3292 1691 3432 1757 ριὶά
3447 1691 3732 1761 ergodicemu

2153 1795 2196 1851 Β
2221 1786 2291 1839 ad
2353 1785 2481 1851 haec,
2511 1785 2764 1851 subaudi,
2799 1785 2903 1840 nisi
2930 1784 3077 1855 quod
3104 1800 3171 1838 ex
3200 1782 3312 1838 Deo
3337 1782 3491 1837 nubis
3514 1782 3736 1838 ontnialet

2223 1893 2386 1934 nemo
2409 1878 2606 1949 poterit
2635 1879 2782 1933 nobis
2811 1895 3012 1932 nocere.
3050 1875 3111 1932 Si
3154 1875 3293 1931 Deus
3345 1886 3443 1942 est,
3483 1877 3647 1947 inquit,
3672 1893 3736 1946 pro

2225 1973 2395 2039 nobis,
2429 1989 2536 2027 non
2565 1971 2862 2028 existentes
2890 1972 3099 2026 scilicet
3125 1969 3570 2040 przedestinando,
3597 1969 3735 2023 adver-

2225 2079 2318 2120 sos
2346 2064 2614 2129 vocando,
2645 2063 3352 2134 peccatoresjustificando,
3379 2062 3611 2117 mortales
3623 2062 3738 2133 glori-

2227 2153 2443 2208 ficando
2465 2195 2479 2220 ,
2511 2154 2630 2225 quis
2660 2163 2846 2206 contra
2875 2169 2991 2219 nos,
3020 2152 3278 2218 subaudi,
3299 2152 3494 2222 poterit
3523 2152 3680 2217 valere,
3699 2162 3740 2206 tu

2227 2262 2336 2300 non
2370 2245 2553 2301 omnia
2592 2245 2752 2302 nobis
2798 2243 2940 2300 Deus
2983 2254 3308 2316 coopcretur
3332 2245 3388 2299 in
3423 2243 3742 2299 bonumlNul-

2225 2340 2313 2395 lus
2342 2355 2589 2410 prorsus.
2616 2339 2756 2394 Sunt
2779 2338 2999 2410 quidem
3040 2338 3171 2392 mali
3221 2347 3415 2393 contra
3449 2346 3638 2392 sanctos
3672 2353 3742 2391 vo.

2226 2432 2457 2498 luntate,
2495 2426 2589 2487 sed
2621 2447 2730 2486 non
2763 2430 3022 2498 efﬁcacia,
3067 2430 3179 2485 imo
3221 2431 3427 2500 potius,
3460 2429 3575 2484 dum
3593 2429 3656 2484 eis
3676 2445 3743 2484 no-

2227 2537 2352 2578 cere
2380 2521 2624 2587 student,
2653 2521 2733 2576 eis
2764 2531 3014 2592 prosunt,
3048 2529 3103 2576 et
3149 2520 3255 2578 sibi
3292 2530 3504 2586 nocent,
3545 2520 3667 2590 juxta
3696 2521 3743 2574 il-

2227 2613 2361 2668 lud:
2397 2632 2414 2664 ί
2448 2611 2623 2668 Draco
2650 2613 2739 2668 ille
2766 2629 2928 2684 quem
2966 2611 3218 2668 formasti
3268 2612 3339 2668 ad
3378 2613 3667 2668 illudendum
3689 2613 3746 2667 eis

2229 2702 2416 2775 (Psal.
2449 2704 2601 2777 cm).
2637 2723 2655 2757 ι
2695 2705 2834 2772 Quia
2860 2704 3046 2771 etiam,
3079 2705 3282 2777 inquit,
3314 2707 3417 2760 hoc
3449 2707 3678 2778 singulare
3711 2715 3749 2761 et

2231 2794 2551 2851 admirabile
2575 2797 2900 2853 beneficium
2931 2797 3091 2853 nobis
3121 2799 3378 2864 contulit,
3427 2800 3552 2871 quod
3585 2800 3751 2868 proprie

2239 2887 2379 2942 Filio
2416 2905 2512 2943 suo
2536 2907 2639 2943 mm
2667 2892 2916 2961 pepercit,
2949 2891 3040 2945 sed
3073 2908 3170 2962 pro
3219 2893 3458 2946 omnibus
3491 2894 3629 2948 etiam
3652 2909 3750 2964 pec-

2231 2981 2511 3037 catoribus
2541 2981 2777 3039 hostiam
2803 2982 3160 3038 sufficientem
3193 2983 3421 3037 tradidit
3465 2983 3616 3038 illum.
3649 2983 3756 3048 Quo-

2231 3073 2513 3128 modanon
2542 3075 2704 3128 etiam
2733 3091 2850 3129 cum
2880 3074 2975 3129 illo
2996 3075 3174 3129 omnia
3197 3075 3350 3130 nobis
3372 3076 3755 3147 donaritMrguo

2157 3156 2200 3212 C
2232 3174 2476 3219 mentum
2523 3174 2610 3221 est
2638 3181 2667 3220 a
2700 3166 2917 3236 majori.
2952 3165 3057 3234 Qui
3083 3166 3230 3221 enim
3263 3166 3413 3222 dedit
3445 3167 3585 3222 nobis
3615 3168 3756 3236 ipsa

2234 3255 2550 3324 Dominum,
2571 3257 2720 3312 dedit
2742 3257 2900 3314 nobis
2928 3273 3018 3314 res
3043 3258 3216 3329 ipsius
3233 3257 3466 3314 Domini.
3489 3257 3624 3314 Unde
3649 3258 3757 3312 idem

2231 3346 2438 3404 Paulus
2465 3368 2478 3404 :
2514 3367 2532 3399 ‹
2569 3347 2787 3415 Omnia,
2819 3349 3018 3420 inquit,
3047 3359 3235 3405 nostra
3261 3361 3419 3418 sunt,
3447 3351 3549 3406 sive
3573 3349 3756 3414 Paulus,

2235 3441 2349 3496 sive
2375 3441 2589 3512 Apelle,
2624 3442 2738 3497 sive
2767 3441 3003 3513 Cephas,
3033 3443 3148 3497 sive
3173 3443 3265 3498 hic
3293 3443 3540 3509 mundus,
3563 3442 3662 3498 sive
3697 3442 3761 3493 vi-

2235 3540 2310 3597 ta,
2326 3532 2439 3586 sive
2463 3547 2632 3599 mors,
2651 3533 2764 3588 sive
2780 3533 3090 3602 praesentia,
3116 3534 3228 3590 sive
3254 3533 3435 3589 futura
3450 3533 3498 3604 (I
3513 3534 3626 3589 Cor.
3649 3537 3762 3600 "1).:

2235 3621 2375 3677 Boni
2403 3623 2603 3694 quippe
2628 3623 2742 3678 sive
2772 3623 3044 3690 homines,
3084 3625 3200 3681 sive
3232 3627 3430 3698 angeli,
3460 3628 3616 3682 nostri
3650 3635 3765 3691 sum,

2236 3715 2365 3786 quia
2400 3730 2499 3770 nos
2516 3715 2730 3784 juvant.
2757 3713 2904 3782 Mali,
2943 3715 3058 3770 sive
3085 3715 3361 3782 homines,
3408 3718 3512 3772 sive
3535 3716 3770 3771 daemones

2237 3808 2410 3863 nostri
2435 3815 2583 3874 sunt,
2627 3807 2887 3878 quoniam
2916 3823 3019 3862 nos
3044 3817 3322 3864 exercent.
3361 3805 3601 3875 Mundus,
3623 3818 3771 3862 noster

2235 3913 2338 3971 est,
2363 3915 2421 3959 ut
2447 3904 2669 3960 servitio
2692 3903 2812 3974 ejus
2837 3905 2974 3959 bene
2999 3914 3239 3972 utamur,
3287 3905 3398 3960 vita
3435 3921 3675 3976 praesens,
3701 3919 3777 3956 no-

2237 4007 2349 4053 stra
2371 4006 2471 4065 est,
2493 4005 2571 4064 ut,
2583 4012 2680 4068 per
2699 4012 2818 4052 eam
2832 3997 2970 4053 bene
2990 4013 3319 4054 mereamur.
3338 3997 3494 4066 Mors,
3512 4009 3683 4053 nostra
3697 4005 3776 4060 est,

2238 4099 2296 4145 ut
2321 4106 2414 4159 per
2439 4105 2558 4145 eam
2581 4088 2648 4144 ad
2670 4089 2914 4160 requiem
2945 4099 3312 4148 transeamus.
3334 4090 3620 4148 Praesentia
3646 4093 3780 4154 bats.

2239 4189 2425 4235 nostra
2474 4188 2624 4247 sunt,
2666 4187 2727 4234 ut
2767 4195 2865 4251 per
2907 4197 2970 4235 ea
3029 4183 3255 4250 servitio
3310 4182 3403 4238 Dei
3450 4185 3780 4239 consolemur.

2238 4270 2466 4338 Futura,
2491 4280 2678 4328 nostra
2708 4280 2856 4338 sunt,
2884 4281 2942 4328 ut
2964 4290 3154 4329 eorum
3196 4274 3454 4332 felicitate
3481 4276 3530 4330 in
3551 4285 3784 4331 aaternum

2239 4361 2602 4432 perfruamur.
2643 4361 2797 4429 Quis,
2827 4363 3022 4434 inquit,
3059 4365 3336 4419 accusabit
3357 4366 3601 4420 adt-orsus
3628 4366 3786 4420 eiectas

2245 4453 2380 4507 Dei?
2407 4453 2481 4508 ita
2509 4453 2718 4519 scilicet
2743 4457 2886 4526 quod
2916 4459 3196 4516 accusatio
3220 4477 3410 4516 eorum
3446 4471 3636 4516 noceat
3674 4461 3788 4515 elec—

2244 4544 2314 4600 tis
2345 4545 2476 4600 Dei?
2501 4544 2715 4601 Nullus.
2743 4547 2883 4602 Deus
2911 4560 2988 4603 est
3017 4554 3108 4623 qui
3128 4553 3398 4622 justi/ica!
3421 4570 3440 4606 :
3471 4552 3602 4619 Quis
3626 4563 3696 4606 est
3721 4553 3786 4620 qui

2244 4637 2552 4692 condemnet
2569 4640 2594 4693 ?
2612 4639 2665 4694 id
2699 4649 2784 4695 est
2806 4657 2904 4711 pro
2928 4653 3152 4712 peccato
3181 4644 3380 4700 inferat
3409 4646 3662 4718 poenam?
3683 4642 3788 4698 Nai.

2242 4729 2348 4784 lus.
2385 4729 2522 4795 Quia
2548 4729 2692 4787 Deus
2723 4748 2832 4786 non
2861 4735 2997 4798 vult,
3024 4735 3164 4792 alius
3188 4753 3295 4791 non
3318 4747 3512 4808 potest.
3541 4736 3787 4794 Christus.

2243 4821 2438 4892 inquit,
2468 4821 2644 4888 Iesus,
2661 4824 2751 4894 qui
2766 4840 2864 4895 pro
2886 4827 2993 4883 illis
3016 4830 3293 4885 salvandis
3316 4841 3560 4885 mortuus
3584 4842 3681 4887 est.
3709 4829 3792 4882 iure

2243 4913 2392 4982 quod
2422 4911 2620 4983 majus,
2643 4915 2732 4984 qui
2761 4924 2810 4969 et
2845 4921 3153 4986 resurrexit,
3198 4923 3292 4992 qui
3324 4931 3402 4976 est
3450 4923 3519 4975 ad
3557 4923 3792 4975 dexterae

2244 5003 2451 5070 Patris,
2478 5003 2525 5058 ei
2549 5006 2776 5077 aequalis
2802 5005 2857 5060 in
2889 5008 3098 5064 honore
3117 5029 3131 5076 ;
3148 5013 3240 5081 qui
3264 5014 3448 5078 etiam,
3473 5013 3621 5067 inter
3647 5026 3736 5066 nos
3757 5018 3795 5065 et

2245 5093 2416 5149 Deum
2450 5095 2686 5160 medius.
2713 5097 3068 5156 humanitatis
3104 5119 3218 5158 suae
3251 5105 3712 5175 representatione
3737 5104 3795 5154 ir.-

2245 5187 2492 5257 terpcllat
2512 5204 2606 5257 pro
2619 5189 2790 5256 nobis,
2813 5191 2970 5261 cujus
2997 5195 3292 5263 postulatio
3313 5196 3562 5252 inefﬁcax
3583 5211 3698 5253 esse
3716 5209 3795 5249 non

2240 5289 2438 5351 potest.
2481 5279 2619 5337 Ecce
2641 5283 2717 5351 -si,
2751 5283 2966 5353 fratres,
3003 5288 3190 5346 ﬁdeles
3240 5307 3456 5358 sumus,
3491 5303 3552 5347 et
3583 5292 3823 5347 Christus

2247 5375 2553 5447 interpellat
2576 5394 2678 5448 pro
2707 5381 2886 5448 nobis,
2931 5391 2985 5437 et
3017 5383 3159 5440 Deus
3188 5385 3350 5442 Pater
3394 5397 3476 5442 est
3522 5404 3628 5459 pro
3655 5388 3796 5448 nolis

2249 5477 2303 5524 et
2331 5467 2514 5522 omnia
2557 5479 2688 5524 sunt
2720 5481 2927 5539 nostra,
2969 5483 3024 5529 et
3053 5478 3240 5533 omnia
3280 5480 3440 5535 nobis
3467 5491 3797 5550 cooperantur

2249 5560 2304 5615 in
2331 5560 2556 5615 bonum.
2588 5578 2724 5628 unus
2751 5579 2881 5634 ergo
2909 5581 3106 5636 petent
3149 5570 3311 5625 nobis
3352 5574 3595 5628 nocere?
3626 5571 3794 5627 Nullus
3822 5557 3823 5560 “

2325 5671 2588 5743 Sequitur
2612 5690 2739 5745 pars
2751 5686 2966 5758 quarta,
2997 5679 3169 5750 inqua
3195 5683 3668 5754 ostenditurquod
3689 5677 3823 5752 nulla

2255 5779 2342 5853 res
2366 5773 2545 5842 potest
2570 5781 2824 5847 separare
2849 5769 3051 5830 electos
3078 5771 3156 5830 De
3199 5789 3235 5834 a
3257 5774 3533 5835 charitate
3553 5790 3684 5839 cum
3705 5771 3823 5862 SIB-
