3844 6318
160 383 264 444 1501

1182 360 1515 422 ηοωιιιιε.
1556 385 1604 408 -ι
1662 360 1728 417 ll.
1766 359 1856 417 DE
1893 360 2204 418 SANCTIS.

3204 368 3344 425 1502

153 498 241 553 διε
267 486 378 555 Quis
396 497 477 537 nos
503 476 810 548 scparabita
839 475 1098 531 charitute
1118 474 1255 531 Dei?
1281 476 1359 533 Ac
1387 476 1434 534 si
1471 486 1656 549 aperte
1685 481 1730 540 Α
1759 476 1925 532 Pater
1963 493 2108 531 meus
2135 449 2477 546 agricola-est
2516 475 2700 546 (Joan.
2733 479 2856 552 xv),
2889 490 2991 540 etc.
3029 483 3156 543 llaec
3183 486 3348 546 lectio

151 588 296 642 dicat:
321 577 529 632 Tantum
561 583 661 624 nos
685 567 880 640 diligit,
912 577 967 622 et
1008 576 1158 624 tanta
1185 567 1446 625 beneficia
1494 569 1654 627 nobis

148 674 315 735 confert
341 668 488 723 Deus.
524 661 652 728 Quis
703 677 824 732 ergo
871 677 966 715 nos
1007 661 1276 731 separabit
1325 678 1359 716 a
1393 662 1658 718 cliaritate

145 767 250 832 Dei,
272 759 453 817 scilicet
489 751 757 824 separabit
796 765 918 820 nos,
951 751 1230 806 tribulatio
1274 752 1562 823 corporis?
1583 769 1654 807 αη

147 853 345 928 angustia
375 845 600 904 mentis?
630 861 699 898 an
746 845 935 915 fames,
975 861 1045 898 an
1094 845 1334 913 auditas,
1364 845 1418 901 id
1445 855 1528 902 est
1555 861 1653 916 pe-

143 927 267 1004 nuria
297 942 450 996 victus
474 927 524 993 et
565 935 833 991 vestitus?
877 952 945 988 an
985 935 1279 1006 persecutio
1315 934 1382 991 de
1427 933 1548 990 loco
1582 935 1651 990 ad

140 1035 321 1097 locum?
343 1049 405 1088 an
423 1029 707 1102 periculum
733 1028 965 1084 mortis?
988 1045 1057 1082 an
1078 1029 1312 1100 gladius,
1342 1027 1394 1084 id
1424 1038 1509 1084 cst
1533 1027 1650 1099 ipsa

139 1129 283 1188 mors?
306 1125 408 1181 Non
438 1123 634 1194 utique.
666 1120 735 1176 Et
759 1120 916 1188 fiunt,
948 1137 1016 1177 ne
1045 1121 1150 1177 ista
1181 1121 1458 1192 aliquibus
1482 1129 1544 1175 ut
1564 1135 1653 1176 se-

137 1230 348 1296 parentur
368 1233 394 1272 a
417 1215 671 1272 charitate
688 1213 821 1268 Dei?
846 1212 984 1269 fiunt
1005 1214 1214 1285 utique,
1241 1215 1378 1268 sicut
1394 1213 1651 1284 scriptum

134 1323 218 1368 est:
245 1308 365 1376 Quia
391 1315 591 1378 propter
623 1313 673 1361 te
695 1306 1083 1376 mortiﬁcamur
1108 1315 1219 1360 tota
1261 1307 1367 1373 die,
1395 1305 1650 1361 mstimati

130 1417 271 1459 sumus
296 1401 420 1456 sicut
440 1416 552 1454 oves
573 1413 696 1470 quae
741 1399 877 1454 nihil
908 1398 1092 1455 valent
1143 1398 1250 1454 nisi
1285 1398 1352 1454 ad
1391 1398 1647 1455 occiden-

131 1497 248 1551 dum.
287 1492 378 1549 Sed
409 1493 461 1548 in
493 1491 596 1558 his,
644 1491 843 1562 inquit,
895 1492 1137 1546 omnibus
1175 1507 1506 1562 superamus,
1537 1507 1646 1547 non

127 1593 303 1656 propter
327 1597 439 1648 nos,
472 1581 561 1637 sed
589 1587 804 1652 propter
831 1598 950 1636 eum
991 1584 1082 1654 qui
1115 1581 1306 1637 dilexit
1346 1598 1460 1637 nos.
1494 1583 1571 1639 Ac
1600 1581 1649 1638 si

125 1679 256 1733 dicat:
275 1673 513 1742 Quamvis
523 1689 584 1729 ea
598 1689 720 1745 quae
730 1675 1047 1730 enumeravi
1062 1675 1236 1746 magis
1259 1674 1312 1730 in
1330 1675 1434 1732 hoc
1446 1674 1648 1731 saeculo

123 1770 383 1834 timeantur,
396 1775 574 1822 tamen
588 1781 688 1822 nos
699 1775 918 1838 propter
931 1766 1123 1834 Deum,
1137 1783 1299 1839 quem
1318 1768 1576 1824 timemus
1593 1776 1648 1824 ct

121 1860 347 1931 diligimus
377 1875 536 1932 super
563 1856 750 1915 omnia
767 1901 782 1926 ,
815 1859 904 1915 illa
926 1875 1270 1932 superamus.
1294 1859 1480 1931 Certus
1504 1861 1646 1916 enim

116 1968 221 2015 sunt,
261 1950 442 2021 inquit,
487 1966 555 2007 ex
598 1951 967 2022 promissione
1004 1950 1213 2008 scilicet
1243 1951 1337 2007 Dei
1375 1951 1642 2008 dicentis:

121 2062 135 2093 ‹
162 2040 256 2096 Νοη
279 2052 325 2097 te
349 2042 612 2109 deseram,
641 2058 749 2098 non
768 2052 819 2099 te
847 2043 1224 2115 derelinquam
1263 2061 1281 2096 ι
1315 2043 1459 2115 quod
1485 2059 1648 2115 neque

114 2145 238 2196 mors,
266 2145 415 2201 quam
451 2129 661 2188 scilicet
695 2133 997 2201 minantur,
1028 2150 1191 2206 neque
1213 2135 1321 2189 rita
1341 2150 1507 2206 quam
1533 2135 1646 2191 sci-

113 2221 207 2275 licet
246 2223 573 2292 promittunt,
621 2239 782 2296 neque
824 2225 1073 2297 angelus,
1105 2242 1267 2298 neque
1289 2227 1645 2298 principatus,

109 2330 236 2383 neque
262 2314 488 2383 rirtutes,
517 2315 571 2371 id
599 2325 684 2372 est
712 2333 891 2388 neque
919 2319 1090 2390 gloria
1135 2317 1386 2385 minoris,
1419 2319 1503 2373 vel
1528 2334 1646 2375 me-

107 2405 287 2473 diocris,
318 2407 395 2462 vel
425 2407 654 2480 majoris
680 2409 890 2466 ordinis
914 2410 1208 2481 promissa,
1237 2411 1320 2466 vel
1347 2411 1648 2474 minorum.

104 2499 168 2554 vel
193 2499 457 2570 majorum,
495 2509 581 2557 vet
623 2503 991 2559 maximorum
1038 2503 1434 2560 daemoniorum
1462 2507 1646 2574 mina,

107 2607 233 2661 neque
253 2592 520 2661 instantia,
545 2593 600 2650 id
626 2604 710 2651 est
739 2596 1052 2666 praesentia,
1083 2613 1246 2668 neque
1274 2597 1458 2668 futura
1489 2599 1647 2668 bona,

102 2684 164 2738 vel
194 2687 336 2752 mala,
366 2703 528 2759 neque
585 2688 863 2758 fortitudo,
903 2689 956 2745 id
990 2698 1077 2746 est
1105 2690 1340 2762 alicujus
1365 2691 1647 2762 violentia,

101 2793 229 2846 neque
247 2777 484 2847 altitudo,
519 2780 777 2841 humana:
801 2781 1010 2838 scilicet
1035 2783 1340 2854 potestatis,
1361 2781 1448 2838 vel
1469 2783 1656 2840 eleva-‘

99 2867 156 2920 tio
181 2865 392 2937 Satanae,
428 2887 596 2944 neque
613 2873 958 2943 profundum,
984 2872 1036 2929 id
1067 2882 1154 2930 est
1183 2872 1434 2930 infernus
1462 2883 1656 2931 osten-r

95 2972 172 3014 sus
196 2974 224 3014 a
262 2959 471 3019 diabolo
501 2963 748 3020 minente
775 2965 1136 3036 praecipitium
1169 2965 1276 3037 (vel
1302 2965 1648 3023 altitudinem

94 3059 134 3106 et
155 3051 460 3123 profundum
489 3065 655 3113 vocat
683 3058 1103 3128 prosperitatem
1132 3067 1187 3114 et
1210 3058 1645 3130 adversitatem),

103 3160 234 3217 neque
254 3159 515 3214 creatura,
551 3147 751 3219 inquit,
784 3148 894 3202 alia
915 3148 1189 3219 quaelibet,
1211 3149 1294 3204 vel
1319 3148 1424 3205 alia
1451 3159 1642 3206 contra

93 3246 304 3292 naturam
328 3237 489 3306 facta,
538 3249 599 3295 ut
639 3255 815 3310 equus
840 3240 1136 3311 biceps,vel
1165 3241 1349 3313 qualia
1374 3239 1640 3311 fecerunt,

90 3328 418 3387 incantatorcs
452 3329 782 3396 Pharaonis,
813 3333 1004 3404 poterit
1048 3349 1142 3387 nos
1166 3350 1412 3405 separare
1451 3351 1485 3389 a
1513 3334 1650 3389 chao‘

88 3418 216 3472 ritate
257 3419 367 3487 Dei,
400 3437 571 3492 quam
599 3421 742 3478 Deus
774 3422 937 3478 habet
965 3423 1033 3478 ad
1063 3439 1164 3480 nos
1197 3432 1252 3480 et
1272 3439 1373 3480 nos
1403 3423 1469 3480 ad
1491 3439 1641 3492 eum,

84 3526 176 3578 φιιτ
203 3524 293 3579 est,
325 3513 375 3568 id
399 3523 487 3570 est
515 3523 763 3586 apparet,
798 3515 853 3568 in
878 3513 1092 3570 Christo
1113 3514 1261 3571 Jesu.
1291 3515 1649 3573 Enumeravit

83 3603 341 3672 Apostolus
363 3616 475 3662 tam
507 3623 575 3663 ea
605 3623 728 3678 qua:
752 3608 926 3680 magis
953 3609 1214 3664 timentur
1239 3623 1405 3679 quam
1431 3623 1494 3665 ea
1520 3623 1645 3680 quae

82 3694 226 3764 magis
258 3706 519 3756 amantur
547 3699 604 3753 in
656 3699 759 3756 hoc
793 3701 1016 3767 smculo,
1042 3707 1103 3754 ut
1132 3699 1387 3756 ostendat
1413 3699 1640 3769 electos,

79 3793 195 3838 etea
243 3802 362 3856 qua:
407 3791 594 3861 magis
624 3791 885 3847 timentur
937 3791 992 3846 in
1028 3791 1134 3848 hoc
1157 3792 1379 3861 saeculo,
1419 3799 1643 3864 propter

77 3871 218 3930 [leum
248 3879 431 3949 (quem
461 3897 579 3951 prae
600 3881 810 3938 caeteris
835 3881 1056 3953 timent)
1087 3897 1198 3937 non
1223 3883 1435 3952 timere,
1467 3892 1521 3940 et
1546 3898 1642 3940 eas

75 3981 174 4034 qua
202 3971 372 4042 magis
420 3973 516 4030 hic
567 3982 824 4029 amantur
861 3983 1084 4046 prepter
1108 3972 1312 4040 Deum,
1341 3989 1503 4044 quem
1529 3988 1644 4046 pra:

71 4061 253 4117 caeteris
299 4063 573 4136 diligunt,
627 4074 996 4130 contemnere.
1043 4063 1148 4132 Qui
1177 4080 1308 4137 ergo
1338 4066 1462 4137 plus
1485 4066 1644 4122 timet

71 4149 247 4221 aliquid
287 4156 374 4224 vel
402 4157 589 4230 diligit
611 4173 775 4230 quam
818 4157 1013 4226 Deum,
1057 4158 1112 4214 in
1143 4159 1249 4216 hoc
1291 4157 1531 4215 ostendit
1581 4172 1644 4216 se

68 4257 156 4310 non
177 4260 294 4302 esse
318 4245 388 4302 de
424 4231 663 4320 numero
684 4249 1004 4306 electorum.
1037 4249 1211 4306 Porro
1247 4250 1491 4319 divitias,
1536 4242 1642 4306 lio-

69 4349 206 4390 nores
237 4347 292 4392 et
341 4340 664 4412 voluptates
713 4340 826 4398 Deo
859 4343 983 4414 plus
1028 4342 1205 4416 diligit
1256 4343 1351 4416 qui
1404 4359 1500 4402 eas
1527 4344 1642 4402 Deo

63 4429 330 4515 pra-ponit,
378 4433 481 4504 qui
540 4442 762 4504 propter
793 4450 888 4490 eas
920 4442 1109 4490 contra
1152 4433 1323 4491 Deum
1378 4434 1526 4492 facit.
1564 4434 1642 4493 De

1755 569 1928 624 sancti
1955 568 2264 641 Evangelii,
2309 569 2508 629 fratres
2550 573 2886 644 cbarissimi,
2918 578 3188 650 tripertita
3235 592 3341 640 est.

1753 658 1940 716 Primo
1973 661 2119 716 enim
2145 660 2310 719 Jesus
2331 678 2392 720 se
2419 664 2611 733 vitem,
2651 664 2869 723 Patrem
2897 649 3215 742 agricolam,
3242 675 3343 732 ho-

1754 752 1930 808 mines
1960 753 2211 823 palmites
2238 756 2617 826 metaphorice
2641 767 2822 814 vocat.
2868 759 3120 818 Secundo
3141 777 3199 820 ut
3221 768 3343 836 pal-

1753 845 1914 900 mites
1951 845 2190 901 habeant
2229 847 2612 919 purgationem
2656 858 2713 906 et
2753 850 3226 911 fruetiiicstionent
3249 859 3345 914 de-

1752 944 2042 992 monstrat.
2077 935 2264 994 Tertio
2289 939 2422 1011 quid
2474 941 2602 996 mali
2637 953 2917 1015 exspectet
2946 947 3122 1004 malos
3149 949 3344 1019 palmi-

1753 1036 1854 1092 tes,
1885 1037 1940 1084 et
1969 1029 2101 1100 quid
2133 1030 2260 1086 boni
2297 1032 2633 1091 manifestat.
2665 1035 2852 1092 Primo
2879 1038 3046 1110 igitur
3075 1055 3136 1096 se
3177 1041 3342 1096 vitem

1751 1131 1931 1188 vocat,
1963 1138 2090 1178 cum
2115 1123 2248 1180 dicit
2273 1144 2286 1179 :
2317 1124 2431 1197 Ego
2457 1143 2576 1181 sum
2607 1129 2730 1183 ritis
2781 1147 2924 1198 vero,
2969 1133 3344 1191 similitudinis

1750 1213 1979 1282 scilicet,
2024 1230 2136 1271 non
2177 1217 2391 1288 generis
2423 1220 2672 1277 veritate.
2724 1220 2870 1280 Sane
2902 1225 3047 1280 enim
3076 1225 3344 1286 Dominus

1748 1302 1910 1361 Iesus
1955 1307 2028 1361 sit
2059 1305 2202 1362 Deus
2242 1317 2296 1364 et
2332 1310 2518 1378 homo,
2550 1313 2852 1370 secundum
2876 1317 3023 1386 quod
3059 1325 3144 1373 est
3174 1317 3340 1380 Deus.

1749 1405 1835 1452 est
1857 1412 2002 1453 unus
2022 1406 2216 1454 auctor
2241 1409 2295 1454 et
2320 1416 2466 1457 unus
2480 1402 2721 1472 agricola
2739 1421 2862 1460 cum
2879 1405 3058 1474 Patre,
3078 1423 3187 1464 non
3215 1408 3342 1466 talis

1749 1490 1844 1561 qui
1901 1490 2079 1547 solum
2142 1492 2397 1550 adhibeat
2447 1495 2850 1566 ministerium,
2901 1500 2994 1556 sed
3033 1499 3129 1572 qui
3175 1501 3342 1558 etiam

1749 1581 1988 1653 praebeat
2039 1581 2460 1639 incrementum.
2495 1584 2632 1641 Nam
2662 1606 2683 1640 ι
2725 1604 2905 1659 neque
2938 1590 3033 1661 qui
3094 1592 3339 1662 plantat,

1749 1685 1928 1742 neque
1957 1671 2055 1743 qui
2095 1672 2237 1743 rigat
2273 1683 2356 1729 est
2395 1674 2622 1746 aliquid,
2665 1676 2760 1734 sed
2802 1679 2897 1749 qui
2939 1681 3342 1738 incrementum

1748 1761 1844 1818 dat
1885 1761 2028 1818 Deus
2069 1762 2124 1836 (1
2147 1762 2273 1820 Cor.
2319 1764 2425 1836 ut).
2462 1771 2482 1818 ι
2539 1765 2852 1823 Secundum
2891 1785 3023 1825 vero
3075 1771 3221 1842 quod
3256 1781 3344 1828 est

1677 1822 1722 1884 Β
1749 1854 1935 1922 homo,
1965 1869 2027 1911 se
2046 1822 2212 1911 vitem
2239 1822 2420 1924 vocat,
2460 1858 2723 1928 quoniam
2754 1860 3055 1916 secundum
3079 1822 3236 1933 quod
3256 1871 3345 1919 est

1749 1947 1947 2016 homo,
1989 1956 2076 2004 est
2126 1947 2414 2004 nobiscum
2463 1949 2631 2006 unius
2659 1959 2890 2018 natura,
2921 1951 3064 2007 sicut
3105 1952 3234 2009 vitis
3288 1961 3345 2008 et

1746 2040 1955 2112 palmes
1985 2049 2116 2097 sunt
2169 2040 2332 2096 unius
2363 2050 2596 2098 naturas.
2640 2042 2794 2099 Sicut
2833 2053 3019 2099 autem
3041 2045 3190 2112 vitis,
3213 2060 3345 2101 cum

1747 2133 1855 2189 vile
1882 2132 2240 2190 arbusculum
2268 2133 2542 2202 videatur,
2577 2143 2759 2191 tamen
2789 2151 3118 2208 generosum
3143 2139 3337 2192 vinum

1746 2233 1992 2296 generat,
2041 2225 2116 2280 ita
2151 2224 2418 2283 Dominus
2453 2225 2616 2284 Jesus
2653 2225 2930 2294 Christus,
2976 2244 3101 2284 cum
3133 2229 3189 2284 in
3236 2229 3347 2286 hoc

1748 2314 1957 2371 mundo
1989 2314 2336 2385 despicabilis
2359 2315 2510 2372 visus
2541 2317 2634 2384 sit,
2676 2317 2981 2374 secundum
3024 2318 3159 2374 illud
3206 2333 3342 2389 pro-

1751 2406 1959 2475 phetaa:
1997 2424 2017 2460 ί
2056 2405 2304 2464 Vidimus
2328 2421 2456 2463 eum
2486 2422 2597 2463 non
2619 2408 2909 2465 habentem
2937 2409 3176 2480 speciem
3226 2424 3338 2466 ne-

1748 2512 1858 2569 que
1875 2498 2149 2564 decorem,
2162 2499 2306 2555 unde
2321 2513 2422 2556 nec
2441 2498 2817 2570 reputaviznus
2835 2515 2962 2556 eum
2981 2504 2998 2571 (
3009 2500 3140 2558 lsai.
3159 2499 3340 2573 urt),s

1753 2598 1934 2646 tamen
1964 2607 2289 2664 generosum
2313 2591 2581 2648 doctrinae
2637 2591 2878 2649 fructum
2933 2593 3133 2650 reddit.
3182 2593 3342 2652 Sicut

1748 2683 1896 2739 enim
1922 2683 2113 2739 vinum
2154 2683 2210 2738 in
2235 2683 2323 2740 sui
2351 2693 2549 2739 natura
2573 2691 2660 2739 est
2688 2683 2918 2752 siccum,
2949 2685 3212 2753 calidum,
3239 2685 3342 2741 la-

1749 2774 1966 2832 tiflcans
1989 2785 2042 2832 et
2074 2775 2384 2844 inebrians;
2433 2776 2517 2834 sic.
2543 2777 2792 2834 doctrina
2821 2777 3099 2851 Evangelii
3128 2779 3340 2837 Christi

1748 2867 1996 2925 desiccat
2042 2868 2172 2925 vitia
2219 2869 2276 2924 in
2307 2869 2464 2926 nobis
2494 2885 2592 2941 per
2621 2870 3132 2939 comminationem,
3166 2871 3341 2929 corda

1747 2960 1999 3018 calefacit
2031 2976 2129 3034 per
2160 2962 2451 3018 eharitatis
2495 2959 2791 3030 fervorem,
2847 2974 3061 3020 mentes
3104 2964 3344 3020 laetiﬁcat

1746 3068 1842 3125 per
1862 3054 2167 3110 caelestium
2193 3055 2543 3126 praemiorum
2596 3055 3045 3126 promissionem,
3094 3054 3336 3112 inebriat

1749 3155 1803 3201 et
1850 3145 2052 3202 alienat
2103 3145 2174 3202 ab
2211 3161 2399 3204 amore
2425 3146 2615 3203 mundi
2641 3146 2709 3202 ad
2737 3162 2984 3204 amorem
3023 3147 3336 3204 cmlestium

1749 3252 1849 3294 per
1876 3238 2413 3310 contemplationem.
2445 3237 2504 3294 In
2527 3240 2630 3296 hoc
2651 3248 2837 3297 musto
2879 3248 3039 3296 erant
3082 3240 3342 3296 inebriati

1745 3326 2002 3399 discipuli
2023 3327 2252 3396 Christi,
2275 3341 2400 3385 cum
2433 3329 2489 3384 in
2523 3330 2614 3385 die
2665 3329 3020 3388 Pentecostes
3073 3331 3223 3387 omni
3273 3329 3344 3385 ti-

1753 3434 1909 3476 more
1963 3428 2020 3476 et
2067 3435 2258 3477 amore
2297 3429 2516 3478 terreno
2554 3423 2882 3492 postposito,
2921 3441 2940 3474 s
2978 3421 3344 3492 loquebantur

1743 3509 1913 3564 variis
1954 3509 2157 3580 linguis
2203 3509 2477 3581 magnalia
2509 3508 2604 3565 Dei
2648 3510 2790 3581 (Act.
2817 3508 2903 3581 ιι).
2939 3526 2960 3562 s
3019 3507 3165 3565 Deus
3209 3523 3344 3565 vero

1743 3597 1904 3654 Pater
1951 3599 2189 3672 agricola
2239 3599 2441 3656 dicitur
2489 3599 2726 3670 quadam
2780 3599 3158 3655 similitudine.
3185 3599 3343 3656 Sicut

1743 3691 1891 3748 enim
1920 3691 2159 3763 agricola
2171 3690 2333 3747 vitem
2346 3691 2517 3763 eligit,
2536 3691 2592 3746 in
2619 3699 2823 3748 terram
2854 3689 2992 3763 figit,
3014 3689 3178 3762 rigat,
3205 3689 3342 3747 fodit

1744 3791 1800 3839 et
1823 3791 1998 3854 putat,
2022 3784 2274 3854 palmites
2304 3782 2680 3840 infructuosos
2709 3783 3066 3854 amputando,
3115 3792 3172 3839 et
3217 3781 3340 3838 fru-

1743 3883 1966 3933 ctuosos
1982 3877 2284 3948 purgando;
2299 3876 2372 3931 ita
2389 3875 2531 3932 Deus
2550 3874 2711 3932 Pater
2729 3876 2952 3933 unicum
2968 3875 3166 3932 Filium
3178 3891 3341 3934 suum

1758 3967 2060 4039 praeelegit,
2090 3982 2189 4038 per
2217 3966 2652 4023 incarnationem
2676 3966 2732 4023 in
2766 3975 2971 4024 terram
3007 3967 3183 4036 misit,
3212 3981 3342 4025 rore

1749 4056 1987 4128 Spiritus
2043 4057 2258 4131 rigavit,
2317 4058 2499 4130 ligone
2533 4058 2950 4116 tribulationum
2984 4057 3144 4128 fudit,
3183 4058 3338 4131 sirpa

1747 4149 2099 4207 discretionis
2132 4150 2362 4222 putavit,
2391 4149 2766 4209 infructuosos
2787 4161 3082 4224 amputans
3131 4151 3202 4208 ab
3248 4164 3339 4220 eo,

1752 4248 1816 4296 ut
1867 4239 2086 4308 ludam,
2140 4239 2455 4298 fructuosos
2500 4255 2634 4297 vero
2686 4251 2748 4296 ut
2793 4241 2918 4312 plus
2946 4239 3344 4298 fructificareut

1744 4346 2008 4405 purgans,
2025 4341 2088 4389 ut
2114 4331 2332 4389 Petrum
2375 4342 2429 4390 et
2450 4333 2747 4390 Andream.
2772 4331 2929 4391 Unde
2949 4342 3006 4391 et
3031 4335 3148 4406 ipse
3170 4333 3342 4391 Filius

1746 4424 1838 4481 hic
1859 4424 2072 4481 subdit:
2103 4423 2324 4482 Omnem
2348 4423 2621 4496 palmitem
2637 4426 2694 4480 in
2712 4441 2794 4480 me
2815 4441 2919 4480 non
2944 4425 3196 4496 ferentem
3218 4425 3337 4493 [ru-
3439 4436 3446 4440 '

65 4520 347 4589 cujusmodi
387 4519 512 4598 ipse
544 4525 810 4583 Dominus
845 4528 1016 4600 dicit:
1060 4548 1078 4580 ι
1121 4528 1226 4596 Qui
1251 4537 1401 4585 amat
1429 4538 1640 4601 patrem

1751 4517 2078 4590 ctum,jtollet
2099 4535 2237 4574 eum.
2255 4517 2323 4573 Et
2339 4520 2430 4590 qui
2452 4519 2554 4589 fert
2581 4519 2836 4589 fructum,
2861 4517 3108 4590 purgobit
3128 4525 3342 4584 eum,ut

58 4622 138 4668 aut
165 4625 420 4693 matrem,
448 4628 549 4695 aut
574 4634 822 4694 uxorem,
842 4621 926 4676 vel
950 4621 1155 4693 aliquid
1180 4622 1327 4689 aliud
1354 4623 1649 4694 plusquam

59 4719 151 4771 me,
178 4723 285 4762 nou
315 4718 407 4785 est
430 4727 524 4766 me
553 4710 752 4793 dignus
777 4710 998 4792 (Matth.
1028 4713 1108 4784 ι).
1141 4732 1158 4765 ι
1187 4711 1399 4785 itaque,
1423 4713 1647 4783 fratres,

56 4798 344 4873 sentiamus
376 4802 451 4858 de
488 4803 669 4870 nobis,
698 4805 844 4875 quod
869 4803 1073 4879 Paulus
1099 4807 1370 4876 sentiebat
1393 4805 1461 4862 de
1488 4822 1570 4875 se,
1594 4815 1651 4863 et

57 4889 313 4964 similibus
334 4895 484 4971 suis.
519 4893 578 4970 ln
614 4885 804 4971 amere
822 4895 916 4953 Del
951 4897 1394 4972 inardescamus,
1420 4898 1647 4966 nimiam

53 4981 390 5055 charitatem,
422 5005 596 5058 quam
622 4990 740 5060 ipse
780 4989 1002 5068 habuit,
1028 5006 1156 5062 erga
1181 5007 1283 5047 nos
1317 5007 1535 5063 semper
1561 5006 1650 5046 re-

52 5075 302 5144 colamuS,
331 5079 602 5152 mandata
633 5080 754 5155 ejus
801 5081 956 5152 sequi
989 5083 1412 5156 contendamus,
1459 5081 1650 5152 multis

49 5170 539 5248 amaritudinibus,
568 5171 868 5243 multisque
893 5166 1269 5244 voluptatibus
1291 5187 1323 5228 a
1345 5171 1456 5227 Deo
1480 5171 1649 5228 divel-

48 5257 232 5335 lamur,
263 5279 371 5342 pro
407 5279 483 5336 eo
511 5264 722 5324 animas
753 5275 970 5338 nostras
997 5280 1201 5335 ponere
1237 5280 1452 5336 semper
1473 5265 1644 5335 parat:

46 5350 244 5430 simus,
281 5365 574 5430 quatenus
622 5357 739 5435 ipse
789 5355 954 5412 faciat
1005 5356 1191 5412 omnia
1241 5351 1404 5424 nobis
1444 5371 1616 5426 coope

45 5445 146 5498 rari
197 5445 255 5524 in
288 5449 540 5526 bonum,
579 5457 634 5504 et
662 5464 764 5505 nos
807 5451 1048 5507 ascribat
1085 5450 1140 5526 in
1178 5464 1410 5525 numero
1449 5449 1650 5504 electo-

44 5550 156 5594 rum
192 5554 469 5614 suorum.

800 5632 890 5692 iV.

340 5742 416 5780 DE
460 5743 767 5801 APOSTOLIS.
808 5742 980 5784 δειυιο
1016 5743 1081 5782 DE
1119 5741 1337 5782 JOANNE.

109 5812 262 5893 Qixit
298 5817 472 5889 Iesus
495 5819 770 5892 discipulis
800 5820 913 5878 suis
939 5833 958 5877 :
987 5818 1099 5908 Ego
1127 5834 1244 5882 sum
1272 5817 1392 5874 uitis
1430 5833 1574 5892 cera,
1595 5829 1646 5889 et

1755 4611 1990 4682 fructum
2025 4609 2146 4682 plus
2177 4611 2388 4681 σπου-αι.
2416 4609 2676 4667 "omines
2696 4625 2916 4682 quoque
2959 4608 3212 4680 palmites
3257 4606 3343 4662 di-

1755 4714 1978 4769 cuntur,
2003 4703 2226 4776 quando
2255 4704 2323 4761 ad
2346 4703 2525 4760 instar
2555 4703 2839 4774 palmitum
2867 4701 3071 4757 debent
3127 4714 3224 4770 per
3276 4697 3342 4753 li-

1753 4798 1875 4854 dem
1903 4797 2127 4854 Christo
2157 4797 2454 4864 adhaerere,
2490 4806 2544 4852 et
2571 4797 2774 4852 bonam
2805 4792 3175 4865 operationem
3223 4788 3342 4845 fru-

1753 4891 2017 4947 ctilicare.
2047 4889 2250 4946 Verum
2289 4888 2578 4959 palmitum
2609 4897 2724 4943 tres
2750 4894 2880 4942 sunt
2909 4883 3156 4956 species:
3196 4882 3340 4938 alius

1755 4982 1901 5037 enim
1951 4983 2194 5038 adhaeret
2238 4980 2463 5035 Christo
2515 4993 2612 5049 per
2636 4977 2796 5032 fidem
2827 4985 2882 5031 et
2903 4974 3250 5041 charitatem,
3283 4981 3342 5029 et

1755 5075 1992 5130 fructum
2024 5071 2174 5140 facit,
2215 5079 2276 5126 ut
2305 5071 2487 5127 bonus
2509 5069 2880 5135 Christianus,
2906 5067 3024 5138 qui,
3075 5073 3134 5121 ut
3163 5063 3340 5134 magis

1752 5163 2045 5222 fructiﬁcet
2073 5206 2090 5233 ,
2143 5164 2213 5219 ab
2269 5161 2526 5218 omnibus
2559 5160 2704 5216 vitiis
2759 5167 2815 5214 et
2871 5156 3340 5230 superﬂuitatibus

1753 5268 1835 5315 est
1891 5257 2070 5329 magis
2131 5254 2415 5327 magisque
2471 5251 2808 5324 purgandus.
2854 5251 3010 5308 Alius
3056 5265 3189 5306 vero
3221 5249 3338 5306 sola

1755 5350 1856 5428 fide
1940 5356 1996 5404 et
2073 5354 2549 5404 sacramentorum
2613 5344 3033 5417 participatione
3115 5342 3338 5399 Christo

1755 5442 2014 5507 adhaeret,
2039 5449 2095 5496 et
2151 5439 2393 5494 fructum
2418 5452 2527 5493 non
2556 5435 2705 5504 facit,
2756 5445 2818 5492 ut
2850 5435 3022 5494 falsus
3067 5434 3337 5491 Christia-

1753 5549 1883 5600 nus,
1927 5531 2024 5604 qui
2079 5546 2234 5588 more
2292 5528 2622 5586 infructuosi
2677 5529 2918 5601 palmitis
2946 5569 2963 5597 ,
3025 5543 3096 5584 ne
3141 5526 3338 5582 fructi-

1752 5627 2047 5684 ficantibus
2089 5632 2285 5680 noceat
2335 5629 2434 5695 per
2479 5623 2831 5682 sententiam.
2855 5621 2940 5676 vel
2975 5619 3068 5675 hic
3116 5630 3339 5673 excom-

1752 5717 2164 5793 municatiouis,
2197 5717 2282 5774 vel
2315 5717 2368 5772 in
2398 5715 2585 5771 futuro
2615 5711 3006 5783 damnationis,
3046 5725 3078 5765 a
3115 5707 3338 5764 Christo

1751 5821 1836 5874 est
1871 5810 2230 5901 scparandus.
2255 5808 2411 5868 Alius
2437 5817 2618 5868 autem
2651 5822 2752 5866 nec
2775 5805 2938 5865 etiam
2961 5802 3068 5862 ﬁde
3115 5799 3336 5874 Christo
