3844 6318
501 336 655 394 1303‘

1667 384 1671 389 .
1706 338 1712 344 '
1766 328 2126 388 ‘llADULPHl
2162 329 2510 395 ARDENTIS

3572 341 3654 401 15M

498 449 762 513 attineret,
790 446 884 504 sed
905 446 998 502 viti
1018 446 1240 512 alienat,
1263 451 1324 501 ut
1338 444 1563 517 gentilis
1595 452 1652 500 et
1671 441 1895 513 Judaaus
1922 451 2081 499 caete-
2110 443 2157 501 Α
2184 440 2303 497 me?
2340 439 2410 496 Ut
2432 438 2686 497 videlicet
2708 439 3053 498 demonstret
3080 442 3243 499 nobis
3270 458 3368 501 nos
3392 444 3553 504 habere
3573 456 3685 523 uti-_

499 543 658 610 rique
712 538 979 599 inﬁdeles.
1029 538 1158 605 Qui,
1189 547 1250 594 ut
1304 537 1381 592 ait
1403 536 1690 603 Dominus,
1715 536 1830 607 jam
1851 534 2084 605 iudicati

500 642 631 693 sunt
680 631 864 703 (form.
916 618 1024 700 ιιι).
1076 630 1247 691 Porro
1292 630 1418 686 vitis
1458 628 1635 684 aliena
1685 638 1773 685 est
1806 628 2081 684 diabolus.

502 723 658 779 Unde
686 724 764 779 ait
791 722 1056 779 Dominus
1092 723 1161 778 ad
1195 720 1413 776 Judteos
1444 739 1459 775 :
1498 739 1517 770 ‹
1558 718 1728 775 Vinea
1763 735 1905 786 mea,
1941 734 2085 790 quo-

503 812 671 869 modo
701 827 966 869 conversa
1013 826 1073 866 es
1109 810 1166 864 in
1199 809 1623 865 amaritudinem
1673 810 1802 863 vitis
1847 808 2086 864 aliena?

506 903 646 973 (Isai
672 904 750 973 v.)
771 925 789 956 ι
828 903 894 958 Ει
915 902 1155 974 Moyses:
1179 920 1199 953 ι
1222 900 1298 956 De
1314 900 1494 962 vinea,
1508 900 1702 971 inquit,
1723 899 2085 955 Sodomorum

504 999 663 1052 vinea
678 1011 895 1061 eorum,
910 1004 963 1049 et
983 994 1050 1049 de
1063 992 1394 1049 suburbanis
1416 991 1555 1048 Com
1578 990 1879 1047 trrhae.Uva
1894 1006 2085 1047 eorum

507 1103 611 1143 uva
650 1085 811 1154 fellis,
832 1093 886 1141 et
920 1085 1112 1139 botrus
1144 1083 1547 1150 amarissitnus,
1586 1081 1655 1141 fel
1676 1082 1975 1138 draconum
2001 1081 2087 1136 vi-

506 1193 637 1237 uum
677 1192 888 1247 eorum,
929 1182 985 1233 ct
1019 1188 1289 1229 venenum
1314 1171 1564 1245 aspidum
1588 1171 1890 1228 insanabile
1905 1171 2085 1245 (Deut.

504 1272 734 1338 iussin.»

576 1357 852 1427 Secundo,
873 1362 1219 1415 demonstrat
1244 1355 1511 1413 Dominus
1541 1353 1687 1410 unde
1720 1353 1974 1427 palmites
1996 1362 2089 1410 na-

503 1452 670 1508 bcant
693 1450 1073 1523 purgationem
1095 1459 1150 1505 et
1178 1448 1679 1515 fructiﬁcationem,
1720 1462 1848 1501 cum
1880 1446 2107 1505 subdit:.

504 1542 630 1599 lant
692 1559 779 1597 uos
827 1540 1009 1597 mundi
1036 1542 1163 1596 estis
1182 1550 1397 1612 propter
1427 1539 1654 1595 verbum
1688 1538 1835 1609 quod
1878 1536 2089 1593 locutus

505 1652 625 1690 sum
651 1634 815 1690 vobis.
847 1634 928 1691 Ac
958 1635 1005 1690 si
1046 1634 1255 1690 diceret
1287 1652 1300 1687 :
1327 1630 1449 1688 Non
1482 1632 1616 1689 estis
1653 1630 1842 1687 mundi
1868 1639 2090 1702 propter

505 1743 624 1794 vos,
656 1727 750 1785 sed
772 1734 992 1796 propter
1011 1726 1240 1781 verbum
1285 1740 1490 1781 meum.
1518 1722 1719 1793 inquo
1746 1722 2092 1778 demonstrat

2190 533 2280 593 trii
2307 534 2636 599 libertatem,
2658 542 2713 588 et
2751 534 2981 604 gratiam
3026 549 3186 588 suam
3229 549 3349 591 esse
3390 547 3584 605 paratam
3621 545 3687 603 ad,

2189 624 2519 680 manendum
2550 626 2605 679 in
2637 640 2715 692 sc,
2749 641 2850 681 nec
2878 641 2949 696 se
2972 640 3219 695 unquam
3275 625 3557 684 relicturum
3587 648 3667 699 nos,

2188 719 2297 774 nisi
2325 733 2428 774 nos
2457 734 2584 773 eum
2613 719 2767 789 prius
2795 718 3191 791 relinquamus.
3232 717 3331 774 Est
3355 735 3474 791 ergo
3494 725 3591 778 sesi
3614 726 3671 781 di-

2187 820 2317 866 cat:
2353 809 2701 885 Perseverate
2744 826 2967 865 manere
3011 810 3069 865 in
3114 826 3224 877 me,
3268 811 3397 882 quia
3422 828 3511 884 ego
3530 831 3677 887 semper

2187 907 2414 970 paratus
2447 914 2569 955 sum
2599 909 3014 970 perseveranter
3044 916 3272 957 manere
3302 902 3358 956 in
3379 903 3534 959 vobis.
3571 905 3679 977 Eme,

2188 990 2387 1049 fratres
2412 992 2539 1059 mei,
2564 1001 2724 1063 rogat
2751 992 2985 1064 nos,qui
2999 1008 3196 1064 rogare
3220 993 3424 1049 debuit.
3446 993 3681 1067 Rogatnos,

2190 1092 2250 1139 ut
2274 1099 2598 1140 maneamus
2641 1084 2699 1139 in
2744 1099 2833 1151 eo,
2884 1100 3047 1156 quem
3083 1100 3300 1155 semper
3350 1085 3577 1143 debemus
3624 1107 3699 1147 κιο-η

2190 1193 2319 1250 gare
2348 1217 2365 1245 ,
2420 1185 2481 1232 ut
2559 1188 2781 1232 maneat
2863 1176 2919 1232 in
2978 1177 3158 1233 nobis.
3219 1177 3603 1235 Contubernales
3650 1193 3687 1240 et

2106 1328 2109 1331 ,
2191 1269 2569 1340 praecor-diales
2637 1285 2739 1326 nos
2807 1269 3010 1327 habere
3080 1267 3359 1325 desiderat
3424 1269 3608 1326 Crator
3651 1285 3687 1329 et

2191 1360 2524 1432 Redemptor
2563 1370 2752 1417 noster
2787 1403 2804 1429 ,
2871 1377 3047 1433 quare
3098 1362 3218 1433 ejus
3262 1361 3601 1418 amicitiamet
3632 1364 3687 1419 la-

2190 1453 2558 1521 miliaritatetn
2602 1454 3054 1510 contemnimus?
3086 1453 3270 1521 Quare
3315 1470 3439 1527 eum
3498 1458 3596 1511 totis
3628 1457 3690 1512 tle-

2191 1546 2409 1616 sideriis
2460 1561 2567 1602 non
2618 1547 3049 1617 amplectimur?
3082 1545 3265 1614 Quare
3313 1546 3370 1601 in
3414 1546 3525 1617 ejus
3563 1562 3693 1603 amore

2191 1655 2300 1696 non
2327 1639 2670 1696 ardescimus
2697 1640 2721 1695 ?
2752 1639 2810 1694 Si
2841 1639 3044 1711 aliquis
3064 1656 3180 1706 rex,
3207 1639 3294 1694 vel
3324 1639 3557 1710 princeps
3576 1656 3696 1695 sace-

2190 1730 2343 1799 laris,
2396 1747 2553 1788 suam
2596 1731 2896 1787 amicitiam
2946 1730 3109 1787 nobis
3147 1730 3363 1797 offerat,
3407 1746 3520 1785 cum
3559 1746 3697 1801 magno

508 1835 569 1877 se
626 1834 737 1875 non
780 1833 902 1875 esse
947 1817 1126 1874 solum
1174 1816 1362 1885 vitem,
1419 1815 1514 1873 sed
1553 1816 1719 1871 etiam
1769 1814 2092 1886 agricolam.
2121 1810 2169 1872 Β
2196 1822 2393 1894 gaudio
2424 1838 2544 1877 eam
2571 1822 2970 1894 amplectimur,
2996 1838 3167 1897 quare
3199 1838 3381 1895 regem
3430 1823 3699 1878 cozlorumse

506 1908 771 1965 llundare
803 1910 1007 1980 quippe
1035 1908 1223 1977 vitem,
1251 1925 1360 1965 non
1391 1909 1538 1976 vitis,
1573 1907 1671 1964 sed
1714 1907 1971 1983 agricolae
2007 1916 2094 1965 est

506 2001 772 2056 ofﬁcium.
819 2001 1196 2071 Mundi-igitur
1238 2009 1396 2057 erant
1429 2000 1705 2071 discipuli,
1750 2000 1850 2057 sed
1908 2007 2093 2056 tamen

506 2092 689 2148 adhuc
761 2093 1079 2147 mundandi.
1125 2091 1263 2159 Quis
1310 2092 1457 2148 enim
1511 2092 1567 2147 in
1611 2092 1716 2147 hac
1766 2092 1875 2147 vita
1913 2099 2096 2163 potest

650 2184 729 2240 sic
754 2185 992 2239 mundus
1031 2193 1090 2241 ut
1131 2200 1240 2243 non
1284 2187 1358 2241 sit
1406 2184 1582 2257 magis
1620 2185 1904 2257 magisque
1926 2201 2091 2249 mnu-

504 2277 766 2339 dandus?
818 2277 934 2335 Nisi
986 2278 1241 2348 discipuli
1282 2278 1473 2335 mundi
1523 2287 1740 2347 essent,
1772 2276 1916 2337 ferre
1944 2278 2095 2336 fruc-

507 2381 625 2431 tum
663 2388 772 2429 non
822 2381 1093 2443 possent;
1139 2382 1194 2428 et
1236 2372 1344 2427 nisi
1375 2371 1673 2431 mundandi
1725 2381 1932 2440 essent,
1980 2386 2097 2445 non

503 2466 794 2523 dicerent:
841 2484 862 2517 ι
905 2464 963 2521 Si
1007 2464 1311 2525 dixerimus
1356 2464 1489 2535 quia
1523 2472 1809 2535 peccatum
1853 2480 1964 2521 non
1989 2464 2094 2520 ha-

503 2557 720 2641 beluus,
778 2572 883 2613 nos
932 2557 1083 2627 ipsos
1130 2557 1482 2623 seducimus,
1538 2565 1594 2612 et
1641 2557 1846 2613 veritas
1894 2557 1950 2613 in
1992 2571 2099 2614 no-

507 2648 593 2707 bis
640 2659 895 2721 non‘est
944 2648 999 2721 (Ι
1026 2648 1188 2705 Joan.
1220 2649 1282 2720 ι).
1324 2668 1345 2703 ι
1391 2648 1581 2707 Mundi
1624 2649 1791 2721 igitur
1827 2665 1859 2706 a
1906 2648 2098 2706 crimi-

509 2742 748 2810 naiibus,
791 2742 1092 2803 mandandi
1151 2742 1333 2797 adhuc
1357 2749 1518 2797 erant
1557 2756 1590 2797 a
1636 2740 1968 2811 quibusdam
1994 2756 2097 2799 ve-

505 2834 763 2893 nialibus.
808 2832 963 2889 Unde
988 2834 1070 2890 eis
1109 2832 1375 2889 Dominus
1404 2832 1571 2889 dixit:
1605 2851 1627 2897 ι
1654 2832 1759 2901 Qui
1788 2834 1936 2895 lotus
1983 2842 2099 2902 est,

510 2943 623 2985 non
648 2927 878 2999 indiget,
924 2927 1114 2989 nisiut
1142 2927 1306 2997 pedes
1333 2927 1477 2984 lavet
1504 2932 1523 2998 (
1550 2924 1713 2983 Joau.
1735 2926 1879 2993 stu).
1918 2945 1939 2981 ο
1971 2925 2093 2983 Jam

506 3034 627 3087 vos,
676 3018 874 3089 inquit,
905 3018 1088 3074 mundi
1134 3020 1283 3086 estis,
1328 3034 1395 3075 ex
1443 3033 1641 3091 magna
1679 3019 1888 3076 scilicet
1918 3027 2093 3089 parte,

508 3118 729 3182 propter
754 3111 979 3167 verbum
1002 3111 1146 3181 quod
1167 3110 1379 3166 locutus
1412 3126 1530 3165 sum
1558 3109 1721 3179 vobis,
1744 3125 1854 3166 non
1879 3098 2097 3176 tantum

2138 3046 2149 3059 Ο

513 3176 782 3270 ιιιιᾶἰιιιιη,
818 3204 914 3265 sed
945 3176 1110 3265 etiam
1151 3204 1419 3265 creditum
1442 3212 1514 3265 et
1545 3176 1886 3259 exsecutum.
1928 3202 2097 3259 Audit
2122 3176 2169 3240 ο

512 3294 661 3349 enim
680 3294 934 3362 infulelis,
953 3312 1055 3351 nec
1078 3305 1261 3351 tamen
1277 3295 1518 3353 mundus
1533 3304 1617 3350 est
1635 3313 1651 3362 ;
1676 3295 1829 3351 audit
1852 3303 1908 3351 et
1925 3296 2101 3375 credit

509 3384 783 3453 diabolus,
816 3402 919 3445 nec
943 3396 1125 3451 tamen
1147 3387 1385 3443 mundus
1412 3394 1498 3443 est
1524 3404 1539 3453 ;
1577 3386 1732 3442 audit
1759 3395 1817 3443 et
1836 3387 2017 3449 credit
2042 3395 2099 3451 et

509 3479 830 3548 exsequitur
853 3478 1046 3546 fidelis,
1061 3489 1117 3535 et
1132 3478 1370 3537 mundus
1386 3486 1494 3535 est.
1533 3476 1640 3537 Sed
1664 3493 1837 3548 quare
1857 3493 1968 3535 non
1996 3480 2095 3539 ait:

509 3565 701 3624 Mundi
740 3568 875 3625 estis
899 3577 1121 3639 propter
1158 3567 1511 3638 baptismum,
1535 3575 1592 3625 et
1620 3568 2018 3637 paenitentiam,
2044 3577 2101 3627 et

514 3659 1002 3727 emendationem?
1040 3660 1302 3731 quoniam
1334 3660 1558 3719 verbum
1599 3658 1697 3721 Dei
1728 3660 1797 3715 ad
1830 3661 1947 3717 hac
1975 3677 2101 3721 om.

519 3749 611 3805 nia
641 3766 743 3807 nos
767 3751 953 3818 trahit,
982 3766 1086 3807 nos
1112 3751 1182 3807 ad
1220 3750 1596 3821 paenitentiam
1627 3752 1970 3823 compungit,
1993 3767 2101 3813 nos

513 3840 647 3897 vitia
672 3841 923 3901 deserere
949 3850 1004 3898 et
1026 3842 1256 3899 virtutes
1279 3842 1432 3912 sequi
1454 3841 1605 3909 facit,
1636 3843 1757 3914 ipso
1779 3842 1876 3901 Dei
1925 3844 2099 3909 verbo

507 3946 627 3987 non
653 3932 833 3991 solum
865 3933 1109 3995 estet-ins
1129 3942 1378 4001 sonante,
1410 3934 1504 3991 sed
1528 3933 1694 3997 etiam
1730 3934 1966 3990 interius
2014 3934 2101 3989 in-

516 4024 767 4099 spirante
792 4032 846 4080 et
872 4024 1214 4086 invisibiliter
1239 4034 1521 4096 operante.
1563 4025 1662 4085 Hic
1680 4038 1769 4085 est
1806 4027 1953 4085 enim
2005 4026 2101 4098 qui

524 4116 678 4174 solus
706 4116 981 4185 ,baptizet,
1012 4117 1107 4187 qui
1135 4117 1287 4174 solus
1310 4118 1569 4186 absolvit,
1598 4120 1695 4190 qui
1744 4120 1897 4177 solus
1939 4133 2103 4177 mun-

514 4206 613 4262 dat
634 4215 691 4263 et
716 4207 1011 4268 illuminat.
1038 4206 1194 4265 Unde
1214 4223 1345 4267 vero
1368 4208 1620 4280 palmites
1648 4206 2104 4273 habeantfructir

514 4296 853 4366 tientiouem,
875 4298 1133 4367 ostendit,
1157 4314 1286 4359 cum
1310 4299 1524 4361 subdit:
1554 4297 1707 4355 Sicut
1737 4300 1879 4354 enim
1898 4299 2103 4369 palmes

516 4407 623 4446 non
649 4401 816 4460 potest
839 4392 976 4461 ferre
1001 4392 1237 4461 fructum
1262 4409 1297 4446 a
1320 4392 1600 4462 semetipso
1631 4432 1649 4457 ,
1676 4391 1797 4447 'nisi
1847 4394 2104 4455 manserit

517 4480 576 4535 in
642 4483 766 4548 rite,
812 4483 891 4537 sic
936 4498 1054 4551 ,nec
1077 4499 1187 4549 vos,
1215 4482 1400 4536 nisiitt
1434 4498 1515 4538 me
1547 4484 1871 4545 manseritis.
1923 4484 2004 4540 Ac
2054 4485 2102 4542 si

520 4582 709 4642 aperte
744 4574 930 4653 dicat:
980 4572 1103 4631 Non
1136 4590 1205 4629 ex
1252 4573 1429 4642 vobis,
1478 4573 1574 4633 sed
1628 4588 1698 4629 ex
1733 4589 1821 4635 me
1871 4576 2105 4653 potestis

504 4652 877 4725 fructiﬁcare.
906 4661 1124 4721 Palmes
1159 4677 1291 4720 vero
1317 4671 1500 4719 manet
1542 4663 1597 4731 in
1620 4664 1727 4720 vite
1760 4673 1816 4721 et
1868 4665 1997 4722 vitis
2046 4652 2104 4731 in

502 4758 765 4831 palmite,
796 4758 893 4817 sed
925 4758 1034 4813 alio
1075 4756 1292 4826 alioque
1316 4755 1497 4813 modo.
1521 4754 1743 4814 Paimes
1759 4757 1960 4830 quippe
1990 4773 2109 4814 ma-

524 4861 615 4909 net
638 4850 695 4903 in
729 4848 862 4915 vite,
896 4848 1034 4915 nihil
1056 4847 1152 4905 viti
1170 4833 1524 4919 conferendo,
1575 4847 1667 4904 sed
1698 4848 1882 4921 potius
1903 4863 1969 4903 ex
1998 4848 2109 4915 vite

527 4941 770 5012 vigorem
811 4938 1168 5010 accipiendo;
1217 4938 1343 4993 vitis
1382 4956 1512 4995 vero
1557 4948 1741 4995 manet
1786 4941 1842 4996 in
1862 4941 2107 5013 palmite,

529 5032 667 5093 nihil
716 5048 762 5093 ,ει
813 5030 1035 5103 palmite
1074 5029 1433 5099 accipiendo,
1483 5032 1578 5087 sed
1636 5031 1819 5101 potius
1872 5031 1922 5086 ei
1969 5032 2109 5105 virg-

531 5133 702 5181 tutem
723 5121 1213 5185 subministrando.
1239 5121 1542 5194 Utrumque
1567 5140 1697 5195 ergo
1718 5124 1857 5197 nihil
1897 5122 2110 5197 confert

536 5214 658 5282 viti,
690 5213 785 5269 sed
818 5221 1029 5269 tantum
1061 5212 1292 5284 palmiti.
1318 5212 1410 5270 Sic
1445 5222 1501 5270 et
1521 5228 1643 5278 nos,
1673 5229 1801 5273 cum
1821 5228 2111 5287 manemus

506 5304 590 5362 -in
616 5302 860 5371 Christo,
887 5305 1021 5361 nihil
1048 5306 1301 5361 utilitatis
1319 5306 1371 5362 ei
1420 5304 1777 5362 conferimus.
1840 5303 1952 5372 Sic,
1975 5320 2104 5371 cum

508 5395 791 5455 -Cbristus
817 5397 874 5452 in
909 5382 1068 5454 nobis
1092 5413 1189 5468 per
1214 5397 1449 5469 gratiam
1478 5396 1872 5467 inhabitantem
1897 5397 2107 5462 manet,

506 5488 673 5555 Jllllil
722 5488 847 5544 inde
894 5490 998 5546 sibi
1047 5490 1298 5549 utilitatis
1341 5490 1611 5560 provenit,
1652 5489 1748 5547 sed
1784 5488 1965 5571 nobis.
2005 5487 2112 5544 Sed

540 5595 667 5647 eum
704 5582 918 5641 mansio
944 5582 1146 5639 Christi
1169 5583 1225 5638 in
1252 5582 1417 5639 nobis
1445 5582 1516 5639 sit
1540 5583 1701 5638 nobis
1727 5598 1894 5657 causa
1939 5597 2112 5654 quare

541 5688 860 5741 maneamus
886 5673 945 5729 in
965 5672 1207 5741 Christo,
1230 5688 1401 5744 quare
1442 5688 1552 5728 non
1608 5673 1905 5745 praeposuit
1952 5689 2112 5730 man-

538 5764 751 5829 sionem
772 5782 955 5838 suam,
979 5774 1039 5823 ut
1064 5765 1299 5825 diceret:
1321 5764 1516 5824 Maneo
1541 5765 1596 5822 in
1617 5764 1794 5837 vobis,
1819 5774 2033 5825 manete
2054 5765 2111 5825 in

2192 1914 2352 1971 nobis
2373 1913 2687 1971 offerentem
2709 1915 3104 1986 aspernamur?
3144 1913 3381 1979 Palines,
3413 1910 3595 1985 inquit,
3630 1930 3699 1967 nos

2190 2015 2360 2076 potest
2390 2007 2526 2076 ferre
2554 2006 2785 2077 fructum
2834 2023 2868 2060 a
2895 2007 3199 2078 semetipso.
3228 2003 3343 2061 Nec
3394 2005 3543 2060 homo
3577 2014 3702 2074 potest

2192 2097 2375 2157 facere
2404 2098 2608 2155 bonum
2636 2114 2667 2153 a
2690 2098 3006 2169 semetipso.
3034 2097 3189 2155 Sicut
3207 2097 3355 2153 enim
3384 2113 3450 2153 ex
3494 2097 3599 2151 vitis
3633 2097 3702 2153 bu-

2191 2205 2348 2246 more
2401 2190 2650 2247 ascendit
2689 2190 2867 2261 vigor,
2896 2188 3105 2247 faciens
3148 2190 3433 2262 palmitem
3479 2189 3701 2259 pullulare,

2193 2281 2446 2341 frondere
2466 2293 2521 2340 et
2549 2281 2913 2351 fructificare;
2943 2284 3018 2339 ita
3046 2292 3101 2339 et
3130 2300 3199 2339 ex
3251 2282 3477 2340 Christo
3515 2283 3705 2354 provenit

2193 2373 2368 2451 gratia
2395 2375 2450 2432 in
2474 2392 2597 2443 nos,
2626 2385 2686 2432 ut
2710 2376 2848 2433 bene
2875 2376 3034 2444 velle,
3064 2376 3205 2432 bene
3242 2376 3417 2446 loqui,
3445 2376 3564 2431 bene
3584 2391 3700 2447 agere

2191 2470 2498 2526 valeamus.
2538 2452 2651 2524 Nec
2686 2486 2797 2538 vos,
2839 2468 3036 2540 inquit,
3089 2468 3326 2525 subaudi
3366 2468 3577 2538 potestis
3610 2468 3707 2523 hinc

2193 2560 2432 2633 Operari,
2446 2561 2551 2617 nisi
2577 2561 2631 2615 in
2649 2578 2728 2616 me
2750 2561 3072 2616 manseritis.
3092 2559 3234 2632 Ergo
3255 2558 3428 2615 Judaei
3446 2567 3497 2614 et
3516 2560 3707 2632 gratius,

2194 2659 2254 2723 et
2275 2640 2588 2724 quicunque
2610 2666 2709 2722 per
2732 2649 2892 2706 ﬁdem
2920 2650 2975 2705 in
2998 2648 3224 2727 Christo
3249 2663 3363 2703 non
3391 2654 3611 2712 manent,
3636 2648 3708 2701 bo~
3798 2672 3799 2677 π

2193 2758 2327 2803 num
2352 2743 2532 2799 facere
2558 2757 2667 2798 non
2690 2749 2941 2813 possunt.
2975 2761 2994 2794 ι
3023 2739 3367 2813 impossibile
3392 2750 3469 2796 est
3492 2738 3614 2795 enim
3627 2741 3709 2794 sine
3798 2744 3799 2777 ἒ

2195 2834 2301 2897 fide
2320 2834 2528 2906 aliquid
2552 2834 2663 2891 Deo
2691 2834 2904 2906 placere
2930 2832 3117 2905 (Hebr.
3142 2833 3245 2903 χι).
3285 2852 3305 2885 ι
3336 2831 3451 2904 Ego
3479 2850 3583 2887 sunt
3608 2832 3710 2897 ritis,

2199 2945 2287 2989 vos
2303 2926 2575 3000 palmites.
2606 2928 2685 2983 Ac
2711 2926 2757 2983 si
2782 2926 2949 2983 dicat:
2976 2924 3141 2981 Facio
3178 2940 3280 2999 ego
3327 2934 3567 2980 naturam
3603 2922 3713 2986 vitis,

2198 3015 2360 3072 facite
2380 3025 2435 3072 et
2456 3030 2553 3072 vos
2578 3022 2833 3071 naturam
2851 3014 3110 3086 palmitis.
3137 3012 3273 3069 Sum
3307 3013 3436 3068 vitis
3458 3012 3597 3067 vobis
3617 3027 3713 3082 gra-

2197 3110 2331 3166 tiam
2351 3107 2842 3175 subministrando,
2864 3116 3038 3164 estote
3057 3117 3111 3163 et
3156 3121 3257 3162 vos
3292 3105 3536 3177 palmites
3576 3104 3622 3159 in
3656 3119 3718 3159 me

2200 3202 2473 3259 manendo
2546 3211 2601 3258 et
2665 3199 3065 3257 fructiﬁcando.
3138 3196 3278 3254 Nam
3332 3199 3438 3267 si,
3503 3206 3599 3252 tam
3649 3212 3720 3250 res

2200 3308 2369 3363 quam
2411 3306 2512 3364 ego
2543 3332 2559 3360 ,
2634 3289 2904 3345 faciamus
2976 3289 3125 3360 quod
3188 3289 3259 3345 ad
3330 3304 3433 3369 nos
3486 3288 3721 3359 pertinet,

2202 3384 2409 3461 multus
2462 3391 2593 3438 tunc
2642 3379 2854 3437 fructus
2893 3382 3194 3451 proveniet.
3253 3379 3321 3436 Et
3380 3381 3480 3436 hoc
3517 3388 3592 3434 est
3613 3378 3721 3449 quod
3796 3424 3797 3461 ἐ

2202 3475 2491 3547 sequitur:
2541 3473 2645 3538 Qui
2683 3481 2858 3526 manet
2884 3474 2940 3525 in
2968 3489 3069 3539 me,
3114 3481 3166 3527 et
3205 3488 3299 3543 ego
3343 3472 3401 3525 in
3431 3488 3507 3536 eo,
3540 3470 3613 3523 hic
3651 3471 3725 3538 {ert

2202 3546 2438 3639 fructum
2509 3563 2755 3619 multum.
2823 3562 2994 3634 Magis
3058 3580 3187 3619 vera
3243 3572 3301 3619 et
3342 3563 3516 3635 magis
3569 3562 3727 3617 usitata

2202 3657 2407 3713 locutio
2452 3665 2556 3723 est,
2609 3655 2758 3727 quod
2801 3656 2928 3712 vitis
2980 3654 3122 3710 ferat
3171 3654 3411 3712 fructum
3447 3670 3597 3725 quam
3617 3654 3728 3724 quod

2201 3728 2428 3819 palmes.
2467 3747 2677 3818 Quippe
2719 3762 2847 3803 cum
2893 3747 3102 3818 palmes
3132 3756 3186 3803 et
3214 3747 3322 3803 hoc
3350 3748 3493 3819 quod
3532 3746 3731 3801 babetet

2204 3840 2309 3897 hoc
2365 3822 2514 3909 quod
2562 3838 2802 3894 fructum
2853 3837 3007 3907 facit,
3071 3847 3246 3894 totum
3296 3839 3493 3896 habeat
3527 3855 3588 3894 ex
3630 3837 3729 3891 vite.

2206 3929 2298 3987 Sic
2338 3945 2491 4001 ergo,
2541 3939 2596 3985 et
2632 3945 2756 3985 cum
2813 3937 3010 3996 totum,
3037 3940 3093 3985 et
3141 3930 3290 4002 quod
3320 3946 3526 3997 sumus,
3550 3928 3734 3999 etquod

2205 4021 2567 4092 boniaiiquid
2602 4036 2917 4091 possumus,
2937 4030 3111 4077 totum
3148 4022 3451 4079 habeamus
3472 4042 3500 4076 at
3536 4022 3737 4083 Christo,

2203 4112 2386 4173 verius
2410 4121 2593 4184 posset
2622 4113 2803 4177 dicere
2829 4131 2841 4166 :
2885 4111 2990 4178 Qui
3032 4123 3207 4168 manet
3230 4115 3287 4168 in
3316 4132 3418 4181 me,
3441 4125 3489 4168 et
3507 4130 3593 4185 ego
3612 4114 3659 4166 in
3675 4128 3735 4164 eo.

2206 4205 2320 4283 Ego
2346 4222 2446 4291 per
2489 4205 2638 4261 hunc
2680 4203 2798 4260 fero
2839 4189 3079 4287 fructum
3109 4205 3368 4261 multum.
3414 4204 3514 4261 Sed
3543 4220 3629 4275 per
3646 4218 3739 4256 ma-

2204 4282 2367 4375 gnam
2393 4298 2825 4354 misericordiam
2848 4282 3030 4366 Suam,
3061 4299 3208 4370 quod
3235 4315 3399 4354 suum
3420 4307 3503 4355 est
3537 4295 3743 4352 attribuit

2205 4390 2388 4456 nobis,
2440 4389 2629 4445 dicens
2671 4407 2770 4447 nos
2803 4389 2983 4445 facere
3028 4389 3174 4460 quod
3223 4389 3341 4461 ipse
3368 4405 3464 4462 per
3505 4403 3599 4443 nos
3624 4385 3742 4441 facit.

2210 4477 2352 4544 Quia
2376 4479 2491 4532 sine
2519 4495 2617 4546 me,
2647 4479 2845 4550 inquit,
2883 4477 3017 4532 nihil
3043 4480 3263 4549 potestis
3292 4478 3483 4549 facere.
3517 4475 3622 4548 Ego
3651 4490 3742 4530 sum
3794 4532 3795 4535 η

2211 4574 2367 4630 vobis
2393 4573 2597 4641 omnia,
2621 4589 2720 4630 vos
2752 4574 2870 4630 sine
2909 4588 3015 4641 me,
3048 4574 3219 4629 nulla.
3248 4571 3386 4628 Nam
3426 4569 3744 4639 abscisispal-
3794 4604 3795 4649 ἦ

2212 4665 2437 4722 mitibus
2477 4663 2857 4730 infructuosis,
2890 4679 3117 4736 possum
3146 4679 3214 4719 ex
3252 4679 3342 4718 me
3374 4662 3619 4717 meliores
3653 4674 3747 4729 pro-
3794 4658 3795 4736 ᾖ

2214 4700 2437 4722 mutuus
2478 4700 2857 4730 unumunum,
2890 4700 3117 4736 γνοουω
3146 4700 3214 4719 υ..
3252 4700 3341 4718 ...υ
3374 4700 3619 4717 unum...
3654 4700 3727 4729 ,μυ

2212 4758 2431 4824 ducere,
2468 4766 2522 4813 et
2544 4773 2639 4828 per
2668 4772 2762 4812 eos
2785 4756 3137 4812 fructiﬁcare.
3187 4753 3393 4811 Locum
3428 4769 3557 4825 ergo
3581 4760 3632 4807 et
3653 4766 3745 4821 grr

2214 4850 2345 4906 tiam
2375 4865 2562 4920 quam.
2595 4848 2861 4903 habemus
2908 4848 2965 4902 in
3005 4846 3258 4910 Christo,
3288 4845 3484 4901 fratres
3505 4845 3636 4908 mei,
3670 4855 3747 4893 non

2214 4928 2480 4995 inutiliter
2520 4948 2574 4994 et
2613 4937 2786 4994 otiose
2812 4946 3116 5003 teneamus,
3141 4936 3237 4991 sed
3265 4930 3649 4989 fructiﬁcemus
3669 4938 3732 4984 stu

2213 5032 2388 5099 diose,
2420 5047 2487 5087 ne
2518 5029 2657 5085 forte
2681 5045 2782 5086 nos
2803 5024 3053 5085 summus
3082 5027 3359 5101 Agricola,
3391 5036 3645 5096 tanquam
3670 5022 3740 5074 ius

2213 5125 2338 5182 tiles
2364 5123 2642 5195 palmites,
2685 5108 2991 5190 abscindat,
3020 5129 3074 5176 et
3096 5121 3235 5177 alios
3257 5119 3314 5175 in
3343 5128 3593 5174 nostrum
3616 5114 3750 5169 locum

2210 5215 2494 5289 producat.
3442 5276 3445 5279 Ἴ

2286 5306 2491 5374 Tertio,
2541 5302 2883 5363 demonstrat
2917 5302 3180 5359 Dominus
3202 5300 3334 5373 quid
3367 5300 3494 5355 mali
3522 5298 3753 5366 exspertrl

2214 5399 2394 5455 malos
2423 5398 2697 5471 palmites,
2734 5407 2790 5453 et
2823 5396 2955 5467 quid
2979 5394 3106 5451 boni
3157 5395 3355 5449 bonos.
3383 5391 3525 5459 Quid
3554 5387 3754 5444 maliti-
3792 5422 3793 5425 η

2215 5470 2437 5561 spectet
2465 5491 2661 5557 malos,
2691 5490 2933 5544 ostendit
2973 5504 3097 5543 cum
3135 5486 3361 5542 subdit:
3414 5482 3474 5539 Si
3498 5480 3753 5554 ᾳνὶεἱικ

2216 5598 2320 5637 non
2350 5583 2626 5649 manserit,
2658 5580 2914 5646 subaudi,
2938 5578 3064 5645 fide,
3092 5577 3319 5634 Judmus
3332 5574 3391 5631 ρι’
3412 5580 3756 5646 paganum?

2216 5670 2426 5743 terique
2451 5670 2697 5727 inﬁdeles
2718 5686 2821 5726 nec
2845 5670 3132 5736 cbaritate,
3147 5676 3208 5722 ut
3229 5666 3401 5722 falsus
3425 5661 3757 5720 Christianis.

2216 5766 2480 5836 mittetur,
2506 5763 2643 5819 sicut
2672 5762 2897 5836 palmes,
2928 5762 3095 5837 foras.
3121 5759 3187 5819 Et
3214 5759 3305 5819 hic
3336 5759 3408 5817 ab
3434 5756 3639 5815 unione
3658 5747 3759 5807 Εὶε·
