3844 6318
159 362 276 422 15υὸ

1240 346 1573 407 ΗΟΜΙΙΑΙᾸΞ.
1615 380 1681 390 --
1722 346 1786 405 ll.
1824 348 1913 404 DE
1950 345 2261 410 SANCTIS.

3256 359 3396 417 1506

156 486 264 539 tium
284 489 369 546 per
394 469 849 541 reprobationem,
871 476 927 523 et
955 465 1011 522 in
1035 466 1222 523 futuro
1242 482 1275 522 a
1302 482 1472 541 regno
1503 466 1677 523 heati-
1709 467 1757 525 Α
1788 483 1805 516 ι
1838 463 1955 520 Νοη
1999 467 2235 538 accipies
2270 467 2499 523 ‘laulcm
2535 475 2589 525 et
2632 456 2964 525 obl..tioném
2998 487 3094 542 pro
3123 472 3206 530 eis
3232 475 3381 537 (λεν,

153 568 326 630 tudinis
363 578 455 634 per
502 560 947 626 damnationem,
992 557 1213 627 quando
1257 556 1484 625 scilicet,
1526 556 1685 627 juxta

151 664 285 721 aliam
322 654 670 729 parabolam,
699 652 1004 709 dicentibus
1034 652 1180 708 illis:
1218 672 1237 704 ι
1271 651 1523 719 Domine,
1570 652 1684 706 Do-

149 745 441 818 mine,aperi
464 745 626 800 nobis
649 742 869 816 (Matth.
900 745 1014 815 ειν),
1049 762 1072 795 ι
1106 742 1526 814 respondebitur
1555 743 1635 799 eis
1662 762 1693 799 :r

152 866 169 898 ι
193 845 340 898 Amen
362 837 480 892 dico
509 835 688 902 vobis,
708 834 895 893 nescio
926 850 1027 890 vos
1054 834 1257 907 (Μαι),
1298 854 1316 887 ι
1365 833 1437 888 Et
1474 844 1674 890 arescet

145 950 234 992 non
256 932 416 989 solum
443 942 476 982 a
495 935 764 998 potestate
791 925 1186 994 benefaciendi,
1211 926 1306 982 sed
1332 926 1498 982 etiam
1524 943 1556 982 a
1583 941 1684 997 po-

147 1031 305 1081 testate
322 1018 565 1075 nocendi.
597 1017 669 1074 Et
690 1017 957 1089 colligat,
986 1017 1185 1089 inquit,
1209 1033 1351 1072 eum.
1375 1015 1515 1085 Qui?
1535 1033 1684 1073 mes-

146 1129 270 1173 sores
293 1110 457 1182 angeli
503 1125 601 1181 per
629 1108 948 1177 fasciculos,
970 1109 1126 1180 juxta
1170 1109 1491 1181 parabolam
1534 1110 1679 1164 ziza—

144 1201 551 1273 niorum(lalllt.
594 1202 739 1271 χιιι),
764 1201 1015 1259 videlicet
1040 1202 1263 1274 gulosos
1292 1216 1419 1259 eum
1450 1202 1683 1275 gulosis,

142 1298 378 1355 adulteros
400 1309 522 1350 eum
557 1294 855 1363 adulteris,
878 1309 1081 1355 avaros
1096 1310 1224 1351 eum
1258 1294 1474 1363 avaris,
1503 1295 1685 1352 homi-

139 1389 264 1446 cidas
283 1400 399 1445 eum
432 1385 745 1447 homicidis.
770 1385 1024 1457 perjuros
1044 1401 1171 1442 cum
1203 1385 1463 1456 periuris,
1488 1403 1682 1458 super-

139 1482 217 1536 bos
256 1494 370 1535 eum
398 1477 670 1549 superbis,
697 1477 942 1535 inﬁdeles
967 1494 1093 1535 eum
1124 1477 1455 1546 inﬁdelibus,
1478 1478 1685 1536 similes

137 1587 237 1627 cum
271 1570 562 1636 similibus,
611 1570 667 1625 in
714 1568 880 1626 simili
924 1586 1085 1641 poena
1129 1569 1466 1643 colligentes.
1504 1568 1575 1626 Et
1628 1572 1684 1627 in

135 1667 294 1737 ignem,
335 1664 528 1734 inquit,
560 1664 791 1721 mittent.
818 1662 895 1719 De
921 1664 1139 1720 duobus
1170 1665 1404 1719 alterum
1427 1666 1685 1723 convenit

132 1755 328 1827 palmiti,
355 1764 449 1810 aut
485 1764 546 1811 ut
581 1755 857 1813 adherant
893 1755 1010 1822 viti,
1043 1765 1139 1811 aut
1179 1765 1239 1812 ut
1270 1756 1516 1812 tradatur
1544 1756 1679 1828 igni.

1793 555 1892 624 ιι).
1907 576 1926 609 ι
1940 556 2176 613 -ιΝιιῐιι
2201 559 2247 615 si
2271 559 2435 615 etiam
2458 557 2674 632 Moyses
2693 569 2748 615 et
2772 559 2993 618 Samuel
3010 566 3262 623 steterint
3281 580 3386 625 c9-

1791 665 1910 705 ram
1959 666 2065 719 me,
2110 667 2217 706 non
2259 661 2343 707 est
2395 654 2578 725 anima
2630 668 2750 708 mea
2798 655 2865 710 ad
2913 658 3171 727 populum
3211 659 3382 718 istum
3428 654 3435 675 ¹

1792 738 1936 811 (Jer.
1971 739 2094 812 xv).
2130 762 2147 794 ι
2182 741 2364 810 Quare
2412 754 2491 800 tot
2517 744 2772 801 Patribus
2807 751 3210 820 praetermissis,
3243 754 3381 813 istos
3419 750 3426 757 ’

1788 830 1929 887 duos
1951 832 2100 889 solos
2135 848 2550 905 commemorat,
2578 838 2685 892 nisi
2736 839 2865 910 quia
2910 841 3001 897 isti
3047 844 3149 898 soli
3180 846 3236 900 in
3265 855 3379 905 tota

1790 923 2004 982 Veteris
2027 925 2365 984 Testamenti
2409 931 2550 985 serie
2580 930 2936 988 inveniuntur
2960 935 3125 991 etiam
3152 953 3253 1008 pro
3274 940 3381 995 iui-

1788 1014 1948 1071 tnicis
1983 1018 2208 1072 orasse?
2230 1017 2442 1091 Moyses
2467 1021 2651 1091 itaque
2687 1037 2716 1076 a
2747 1025 2950 1094 pupula
2973 1025 3248 1097 lapitriitus
3280 1030 3382 1085 im-

1786 1107 2008 1177 petitur,
2040 1117 2094 1164 et
2118 1120 2297 1165 tamen
2321 1128 2419 1182 pro
2440 1113 2520 1168 eis
2549 1123 2671 1169 orat
2706 1116 2725 1186 (
2745 1113 2919 1170 Exod.
2956 1133 3071 1173 xvtt
3091 1119 3131 1191 ).
3160 1118 3381 1177 Samuel

1785 1194 1915 1254 vero
1943 1216 1974 1254 a
2006 1200 2312 1273 principatu
2340 1204 2739 1272 cxcluditur,et
2769 1215 2951 1264 tamen
2974 1210 3105 1267 dicit
3134 1231 3150 1268 :
3180 1232 3199 1265 ι
3223 1213 3383 1270 Absit

1786 1288 1892 1346 hoc
1921 1301 2202 1360 peccatum
2227 1310 2259 1349 a
2288 1309 2376 1350 me
2395 1297 2692 1367 quonimus
2717 1315 2926 1356 cessem
2965 1318 3125 1359 orare
3148 1320 3249 1376 pro
3274 1321 3374 1359 vo-

1782 1381 1889 1438 bis!
1905 1402 1923 1435 »
1947 1380 1999 1454 (1
2024 1381 2147 1454 Reg.
2168 1386 2291 1455 xu.)
2307 1384 2403 1441 Est
2416 1402 2546 1458 ergo
2571 1404 2634 1443 ac
2658 1389 2703 1444 si
2719 1390 2894 1446 dicat:
2918 1391 3027 1449 Nec
3052 1395 3216 1450 etiam
3232 1394 3382 1469 Moy-

1786 1489 1886 1531 sen
1917 1485 1972 1532 et
1998 1473 2307 1533 Samuclcm
2332 1494 2431 1548 pro
2452 1480 2532 1535 cis
2572 1481 2760 1551 audio,
2796 1500 2935 1555 quos
2968 1501 3068 1556 pro
3095 1489 3381 1547 charitatis

1787 1582 1902 1633 suae
1921 1569 2119 1626 merito
2146 1585 2257 1640 prae
2283 1572 2496 1627 czeteris
2521 1582 2771 1644 potentes
2802 1576 2855 1631 in
2896 1579 3199 1636 orationem
3227 1583 3371 1638 sciu.

1784 1657 1896 1725 Sed
1928 1676 2070 1731 smpe
2102 1662 2460 1718 reluctantem
2511 1665 2756 1721 animum
2802 1683 2960 1726 orare
3005 1686 3107 1741 pro
3141 1673 3380 1731 inimicis

1786 1751 2054 1822 cogimus,
2082 1753 2256 1825 magis
2278 1770 2343 1808 ex
2366 1754 2608 1811 mandati
2632 1758 2934 1827 coactione,
2959 1775 3124 1831 quam
3149 1778 3217 1819 ex
3245 1766 3378 1821 eba-

129 1847 226 1902 Non
249 1848 383 1903 enim
412 1855 499 1902 est
528 1846 682 1904 utilis
715 1846 968 1913 adiﬁcio,
991 1862 1077 1903 vel
1107 1846 1271 1905 alicui
1300 1848 1392 1903 alii
1417 1849 1564 1904 usui.
1590 1848 1682 1905 Sic
1716 1847 1756 1907 Β
1784 1842 1947 1898 ritate
1977 1858 2239 1924 oramus;
2271 1852 2326 1900 et
2373 1854 2552 1901 tamen
2593 1847 2851 1923 timemus
2878 1865 2947 1905 ne
2990 1854 3371 1911 cxaudiamur.

129 1941 305 1996 nullum
333 1939 572 1995 medium
603 1949 690 1995 est
716 1939 902 2006 homo,
939 1948 1038 1995 aut
1062 1940 1361 1997 adhaerebit
1387 1940 1608 1998 Christo
1628 1952 1683 2009 et

128 2033 464 2099 L-urtiﬁcabit,
493 2043 591 2089 aut
628 2034 875 2089 mittetur
905 2032 959 2088 in
993 2033 1199 2105 ignem,
1234 2034 1332 2105 qui
1383 2049 1493 2093 non
1536 2034 1680 2092 indi-

120 2133 186 2194 get
218 2122 735 2196 formiteliguornm,
781 2125 879 2183 sed
934 2141 1155 2197 semper
1194 2141 1290 2197 per
1338 2142 1399 2183 se
1437 2126 1595 2183 ardet
1625 2136 1682 2182 et

125 2217 252 2288 punit
276 2219 485 2277 animas
514 2233 640 2275 eum
656 2218 978 2289 corporibus
993 2218 1049 2273 in
1064 2227 1329 2276 aeternum
1340 2259 1363 2275 .
1374 2217 1445 2273 Et
1472 2219 1679 2277 ardebit

123 2321 348 2382 tanquam
381 2319 726 2367 sarmentum
764 2310 976 2377 inutile,
1020 2327 1131 2367 non
1172 2320 1355 2368 tamen
1379 2320 1440 2367 ut
1462 2313 1678 2383 penitus

120 2412 296 2474 pereat,
332 2404 427 2459 sed
473 2402 559 2460 sic
592 2413 655 2459 ut
681 2419 897 2474 semper
924 2404 1105 2473 duret,
1128 2411 1189 2461 et
1222 2420 1439 2475 semper
1465 2406 1673 2465 ardeat.

119 2496 413 2551 lmmortalis
454 2495 603 2552 enim
646 2497 721 2552 ibi
753 2510 905 2552 mors
933 2497 1067 2565 erit,
1109 2496 1233 2553 ﬁnis
1277 2497 1544 2564 inﬁnitus,
1580 2499 1677 2555 de-

116 2585 618 2644 feetusindeﬁciens.
648 2586 809 2653 Nam,
826 2587 984 2657 juxta
1013 2588 1394 2659 Apocalypsim
1423 2609 1436 2645 :
1471 2611 1491 2643 ι
1509 2589 1676 2661 Opta-

114 2678 227 2733 hunt
252 2678 432 2734 miseri
465 2678 630 2746 mori,
650 2687 709 2736 et
728 2695 881 2736 mors
909 2678 1080 2749 fugiet
1117 2680 1188 2735 ab
1216 2680 1299 2736 eis
1319 2680 1502 2752 (Apoc.
1534 2682 1667 2753 13).»

114 2770 384 2842 Ahlquam
424 2771 630 2828 melius
656 2780 814 2829 esset
841 2771 924 2827 eis
963 2771 1165 2828 millies
1185 2780 1240 2827 et
1276 2773 1474 2829 millies
1509 2775 1669 2841 mori,

112 2878 255 2935 quam
279 2865 333 2920 in
358 2865 703 2923 cruciatibus
731 2879 949 2935 semper
979 2865 1183 2921 vivere.
1209 2863 1351 2932 Quid
1382 2881 1512 2922 vero
1539 2867 1671 2923 boui

109 2964 356 3026 exspectet
393 2958 575 3013 bonos
602 2957 881 3028 palmites,
909 2956 1151 3017 ostendit
1188 2971 1314 3012 cum
1359 2957 1578 3014 subdit:
1610 2956 1672 3029 Si

110 3050 385 3103 metueritis
414 3050 474 3104 in
504 3066 608 3117 me,
637 3049 897 3116 subaudi,
928 3064 1023 3120 per
1049 3049 1209 3117 ﬁdem
1242 3057 1299 3105 et
1322 3049 1667 3118 charitatcm,

106 3146 148 3190 el
177 3140 318 3195 verba
354 3157 476 3196 mea
514 3142 569 3195 in
608 3140 751 3196 nobis
796 3141 1086 3196 manserint
1122 3156 1218 3210 per
1241 3141 1441 3195 bonam
1471 3156 1667 3213 opera-

1788 1932 1894 1991 Sed
1916 1922 2206 2006 (inplicitas
2237 1937 2434 1992 mentis
2456 1922 2857 2007 quidmcrctur
2885 1942 3029 2011 apud
3063 1940 3234 1998 Deum
3270 1946 3376 2000 nisi

1783 2027 2154 2098 supplicium?
2178 2027 2491 2100 Propterea,
2520 2029 2719 2086 fratres
2747 2032 2874 2099 mei,
2907 2044 3032 2087 eum
3073 2033 3381 2106 cogitamus

1774 2129 2048 2190 quantum
2108 2121 2415 2192 peccaverit
2445 2121 2500 2177 in
2524 2121 2683 2178 nobis
2719 2123 3024 2194 proximus,
3070 2126 3378 2197 cogitemus

1781 2221 2050 2282 quantum
2079 2224 2133 2269 et
2161 2222 2264 2270 nos
2293 2212 2346 2268 in
2374 2211 2541 2270 Deum
2565 2216 3006 2287 peccaverimus;
3036 2228 3091 2273 ct
3119 2220 3260 2273 sicut
3280 2236 3379 2274 vo-

1779 2304 1968 2359 lumus
2005 2304 2165 2360 nobis
2186 2305 2387 2367 dimitti
2421 2306 2451 2361 a
2484 2305 2618 2373 Deo,
2648 2307 2991 2364 dimittamus
3016 2318 3069 2364 et
3099 2312 3373 2380 proximo.

1782 2392 1969 2451 Simus
2003 2396 2140 2452 tales
2182 2395 2519 2453 debitoribus
2568 2398 2795 2468 nostris,
2846 2398 3064 2469 qualem
3116 2400 3377 2457 volumus

1779 2487 1953 2544 Deum
1992 2488 2238 2545 invenire
2267 2490 2447 2546 nobis.
2496 2489 2561 2545 Et
2595 2489 2641 2549 si
2674 2505 2782 2545 non
2827 2504 3126 2561 possumus
3168 2506 3373 2563 corpus

1778 2588 2027 2635 nostrum
2061 2579 2271 2636 tradere
2303 2579 2586 2652 martyrio,
2645 2580 2790 2635 sicut
2839 2581 3014 2636 sancti
3050 2581 3126 2636 illi
3169 2580 3374 2653 quibus

1776 2671 2127 2740 festivamus,
2157 2675 2350 2729 saltem
2372 2674 2615 2729 animum
2650 2681 2897 2729 nostrum
2915 2674 3221 2731 vincamus.
3250 2673 3374 2730 Non

1776 2764 1923 2821 enim
1950 2766 2054 2820 erit
2082 2765 2198 2821 haec
2210 2765 2435 2820 victoria
2450 2764 2569 2821 sine
2582 2780 2784 2822 corona
2803 2766 2946 2837 apud
2963 2765 3161 2823 Deum.
3172 2765 3377 2837 Cujus-

1776 2857 1924 2914 modi
1947 2858 2234 2914 victoriam
2249 2868 2303 2913 et
2320 2874 2582 2914 coronam
2611 2858 2730 2930 ipse
2751 2858 2841 2915 det
2865 2860 3045 2927 nobis,
3060 2860 3149 2916 cui
3170 2868 3254 2915 est
3270 2858 3376 2915 ho-

1774 2962 1877 3003 nor
1887 2956 1942 3004 et
1962 2948 2249 3021 imperium
2266 2965 2363 3020 pc;
2382 2949 2567 3005 omnia
2582 2949 2782 3006 smeula
2805 2951 3157 3007 smculorum.
3173 2951 3369 3015 Amen,

1843 3149 1911 3189 υε
1949 3149 2257 3190 APOSTOLIS.
2297 3149 2470 3190 δειιιιο
2508 3150 2575 3189 ωε
2612 3148 2869 3213 ειηετοιλ
2909 3150 3070 3191 ΒΕΛΤΙ
3105 3151 3286 3193 PAULI.

102 3230 301 3305 tionem,
331 3232 682 3303 quodcunque
703 3231 973 3286 volueritis
998 3199 1206 3301 petelis,
1232 3240 1282 3285 et
1304 3232 1392 3301 ﬁet
1419 3199 1579 3299 vobis,
1612 3233 1666 3286 in
1698 3199 1742 3259 Ε
1844 3225 2114 3295 Habemus
2155 3228 2459 3283 thesaurum
2512 3229 2568 3283 in
2612 3212 2755 3285 ensis
2798 3228 3078 3301 ﬁctilibus,
3113 3240 3171 3285 ut
3199 3231 3373 3285 subli-

104 3323 193 3377 alia
206 3316 328 3391 vita,
339 3325 435 3380 ubi
449 3324 639 3381 omnia
650 3333 839 3395 optata
849 3324 1038 3380 electis
1050 3324 1362 3381 succedent.
1382 3322 1488 3379 Sed
1499 3325 1665 3380 etiam

102 3421 147 3467 et
160 3414 207 3467 in
221 3414 316 3470 hac
328 3417 441 3471 vita
454 3415 729 3486 quidquid
749 3416 1091 3486 petierimus,
1108 3415 1388 3485 pertinens
1403 3416 1469 3469 ad
1495 3416 1667 3479 nostri

101 3505 413 3561 mansionem
430 3507 491 3560 in
508 3505 732 3562 Christo
741 3518 794 3561 et
806 3506 873 3562 ad
891 3508 1233 3563 mansionem
1246 3507 1535 3563 verborum
1548 3509 1668 3579 ejus

101 3598 146 3652 in
170 3600 336 3668 nobis,
363 3600 458 3655 ﬁet
496 3601 683 3671 procul
709 3600 877 3655 dubio
900 3601 1060 3657 nobis
1107 3599 1320 3670 Itaque,
1356 3599 1573 3669 fratres,
1618 3603 1666 3661 si

98 3692 308 3762 petimus
335 3692 549 3763 aliquid
576 3692 856 3763 quodnon
887 3694 982 3749 ﬁat
1011 3692 1189 3759 nobis,
1218 3700 1364 3763 patet
1390 3694 1519 3764 quia
1555 3710 1664 3750 nou

94 3785 375 3854 pertinebat
405 3783 542 3839 illud
577 3784 645 3839 ad
683 3786 1025 3840 mansionem
1066 3785 1239 3841 nostri
1270 3785 1325 3838 in
1351 3785 1592 3854 Christo,
1614 3796 1668 3842 et

95 3878 151 3930 ad
174 3878 516 3933 mansionem
539 3877 826 3933 verborum
843 3877 963 3947 ejus
986 3876 1039 3932 in
1062 3877 1240 3933 nobis.
1263 3876 1382 3934 Non
1407 3888 1660 3948 petamus

94 3981 207 4039 ergo
232 3968 337 4024 nisi
361 3967 519 4040 quod
546 3968 616 4023 ad
646 3969 973 4024 ebaritatem
1000 3967 1099 4023 Dei
1140 3977 1196 4023 et
1239 3969 1497 4027 ntaudata
1544 3970 1666 4041 ejus

92 4060 323 4128 pertinet.
373 4060 491 4117 Sed
527 4074 656 4116 ecce
704 4075 831 4116 cum
874 4060 934 4115 in
978 4059 1211 4116 ecclesia
1258 4060 1328 4117 ad
1358 4061 1662 4119 orationem

92 4151 453 4217 convenimus,
483 4149 626 4205 alius
651 4151 786 4221 petit
808 4151 1036 4217 victum,
1059 4152 1204 4207 alius
1219 4151 1499 4217 vestitum,
1521 4151 1664 4208 alius

88 4253 319 4310 uxorem,
370 4242 522 4297 alius
555 4250 752 4298 extera
799 4241 1130 4298 necessaria.
1163 4239 1230 4297 Et
1276 4240 1394 4297 haec
1441 4241 1663 4313 quidem

88 4346 199 4386 cum
220 4334 425 4390 desunt
456 4333 643 4401 nobis,
685 4350 794 4389 non
837 4342 923 4390 est
951 4343 1257 4405 peccaturi],
1291 4333 1338 4389 si
1369 4350 1402 4389 a
1431 4332 1663 4390 Domino

87 4440 197 4479 eum
251 4425 619 4496 temperantia
672 4434 942 4497 petamus.
1006 4423 1113 4482 Sed
1159 4425 1292 4481 illud
1340 4418 1657 4483 mandatum

85 4514 273 4572 Christi
305 4530 531 4587 semper
554 4517 833 4574 attendere
855 4516 1150 4573 debemus:
1187 4536 1206 4569 ι
1226 4515 1470 4572 Primum
1509 4534 1661 4588 quae-

83 4607 176 4663 rite
200 4625 435 4680 regnum
469 4609 585 4677 Dei,
617 4620 672 4666 et
715 4610 899 4666 omnia
937 4610 1264 4681 adjicientnr
1299 4612 1456 4667 vobis
1486 4611 1652 4683 (an.

84 4704 238 4771 ml.»
274 4701 388 4758 Sed
413 4703 562 4773 quod
588 4702 832 4774 gravius,
865 4703 1007 4759 alius
1036 4703 1370 4774 imprecatur
1396 4704 1660 4760 damnum

80 4800 319 4866 proximo
340 4815 471 4867 suo,
499 4810 554 4855 et
578 4809 810 4855 mortem
831 4800 1053 4856 inimico
1072 4816 1193 4867 suo,
1217 4801 1459 4872 pneeipit
1479 4811 1659 4867 tamen

81 4884 213 4946 Deus
242 4899 304 4945 ut
342 4902 636 4961 precemur
666 4905 768 4961 pro
801 4892 1039 4948 inimicis
1067 4893 1295 4959 nostris,
1325 4903 1379 4949 et
1401 4909 1508 4948 non
1558 4893 1661 4949 im-

79 4995 355 5049 precemur
398 4982 488 5039 eis
528 4982 872 5054 (Hattlr.v).
921 4983 1153 5050 Cavete,
1205 4983 1425 5051 fratres,
1463 4999 1528 5040 ne
1579 4985 1660 5043 sic

78 5076 233 5131 oretis
260 5086 467 5132 contra
486 5075 582 5131 Dei
607 5076 957 5143 mandatum;
991 5085 1046 5132 et
1078 5077 1234 5146 juxta
1266 5075 1650 5133 Psalntistam:

82 5186 99 5217 ι
131 5165 315 5223 Oratio
364 5177 557 5223 nostra
590 5170 682 5223 ﬁat
732 5168 791 5223 in
844 5175 1124 5238 peccatum
1176 5167 1360 5238 (l’sal.
1403 5169 1649 5239 cvm)»

74 5256 535 5317 Mattheusenim
554 5259 707 5316 dicit:
749 5280 768 5312 ι
802 5260 941 5315 Cum
969 5258 1128 5317 statis
1150 5260 1217 5315 ad
1246 5259 1541 5324 orandum,
1565 5259 1654 5314 di-

74 5353 260 5409 mittite
291 5354 341 5409 si
361 5353 513 5424 quid
532 5352 748 5411 habetis
796 5352 851 5407 in
886 5351 1147 5408 cordibus
1190 5351 1388 5407 vestris
1418 5350 1652 5422 (Matth.

76 5459 109 5497 n
128 5445 165 5512 ).
202 5464 222 5498 ι
263 5445 347 5501 llli
369 5445 522 5501 enim
542 5459 653 5515 pra
674 5444 889 5500 caeteris
907 5453 1039 5499 sunt
1057 5441 1424 5513 impetrabilcs
1452 5443 1507 5499 in
1529 5458 1654 5507 ora—

73 5536 232 5604 tione,
256 5538 357 5609 qui
403 5550 518 5591 non
556 5536 734 5592 solum
764 5535 950 5591 odium
978 5548 1088 5590 non
1128 5534 1361 5591 retinent
1389 5534 1444 5589 in
1466 5535 1650 5602 corde,

72 5629 159 5683 sed
181 5630 349 5685 etiam
364 5642 473 5699 pro
488 5627 720 5684 inimicis
743 5644 879 5699 pure
898 5638 1126 5698 possunt
1150 5643 1329 5683 orare.
1346 5627 1502 5694 Quod
1524 5628 1654 5687 hinc

72 5719 253 5793 liquet,
272 5722 567 5793 quoniam,
593 5722 809 5791 quando
824 5720 999 5777 Judaei
1024 5720 1193 5776 Deum
1209 5722 1649 5788 exacerbassent,

71 5814 347 5885 prohibuit
402 5812 704 5885 propheta),
752 5830 819 5869 ne
857 5828 958 5885 pro
1010 5812 1146 5884 ipsis
1189 5820 1393 5881 oraret,
1434 5812 1645 5869 dicens:

1773 3320 1932 3374 mites
1979 3321 2049 3375 sit
2093 3323 2260 3376 virtus
2315 3318 2435 3388 Dei,
2465 3331 2515 3377 et
2557 3339 2661 3377 non
2702 3339 2767 3378 ex
2810 3325 2959 3378 nobis
2992 3322 3085 3395 (II
3112 3322 3236 3379 Cor.
3270 3326 3369 3395 tv).

1772 3410 1840 3466 Et
1878 3413 2109 3484 reliqua.
2140 3412 2275 3469 Tres
2307 3424 2435 3469 sunt
2456 3415 2737 3487 particulae
2763 3415 3014 3471 lectionis
3040 3415 3233 3486 hujus,
3259 3415 3372 3471 fra-

1771 3512 1882 3562 tres
1899 3506 2027 3560 mei.
2056 3503 2241 3561 Primo
2262 3506 2407 3561 enim
2430 3505 2726 3578 Apostolus
2756 3522 2815 3564 se
2836 3516 2889 3563 ct
2915 3515 3144 3563 caeteros
3190 3507 3360 3564 discl-

1768 3597 1929 3668 pulos
1975 3597 2176 3654 habere
2220 3598 2538 3655 thesaurum
2598 3600 2652 3655 in
2709 3599 2858 3655 vasis
2907 3598 3165 3657 ﬁctilibus
3211 3600 3365 3659 dicit.

1772 3686 2025 3744 Secundo
2048 3704 2272 3745 causam
2296 3690 2597 3762 subjungit.
2628 3689 2813 3755 Tertio
2832 3691 2963 3764 quid
2985 3692 3113 3749 boui
3143 3691 3367 3749 thesau-

1746 3797 1864 3839 rus
1884 3768 2034 3838 vasis
2066 3781 2323 3838 ﬁctilibus
2344 3781 2865 3861 eonferat,exponit.
2890 3780 3075 3839 Primo
3105 3783 3258 3855 igitur
3282 3783 3367 3838 di-

1768 3873 1869 3929 cit:
1891 3873 2158 3929 Habemus
2176 3874 2479 3930 thesaurum
2496 3876 2658 3931 istum
2675 3877 2730 3930 in
2745 3877 2885 3931 vasis
2902 3875 3177 3948 ﬁctilibus.
3194 3874 3367 3933 Vocat

1765 3974 1949 4022 autem
1970 3967 2284 4023 thesaurum
2299 3967 2481 4022 divina
2490 3983 2539 4023 nt
2556 3968 2902 4039 sapientiam,
2918 3969 3361 4040 praedicationem

1764 4067 1820 4115 et
1849 4059 2103 4127 virtutes,
2141 4076 2280 4131 quas
2320 4059 2551 4130 apostoli
2578 4061 2631 4114 in
2657 4077 2715 4116 se
2745 4061 3037 4133 gerebant;
3062 4062 3364 4119 thesaurus

1764 4150 1964 4223 quippe
1984 4151 2202 4207 collatio
2231 4160 2314 4208 est
2343 4151 2730 4223 pretiosorum,
2769 4164 2829 4209 ut
2854 4153 2997 4221 auri,
3028 4163 3083 4210 et
3120 4155 3358 4226 argenti,

1722 4294 1728 4299 .
1764 4252 1819 4299 et
1854 4242 2094 4314 lapidum
2134 4243 2534 4314 pretiosorum;
2566 4244 2800 4315 apostoli
2831 4259 3073 4316 quoque,
3105 4259 3229 4316 qua:
3272 4243 3365 4299 his

1730 4334 2019 4404 _omuibus
2054 4335 2396 4405 practiosiora
2429 4343 2587 4399 sunt,
2616 4334 2670 4389 in
2702 4350 2762 4391 se
2807 4335 3083 4392 habebant
3124 4351 3356 4392 aureum

1764 4420 2055 4499 fulgorem,
2077 4436 2391 4500 argenteam
2417 4412 3133 4500 sonoritatem,cloquenti:e
3155 4436 3209 4484 et
3227 4443 3359 4501 pre—

1766 4520 2032 4576 tiosorum
2071 4518 2409 4576 varietatem.
2452 4518 2529 4577 De
2569 4521 2879 4593 cujusmodi
2912 4523 3172 4577 thesauro
3217 4521 3360 4577 seri-

1766 4620 1919 4683 ptum
1963 4611 2332 4668 estzclllelior
2369 4612 2661 4684 acquisitio
2698 4614 2818 4684 ejus
2858 4611 3223 4684 negotiatione
3265 4625 3358 4667 ar-

1764 4704 1911 4776 genti
1935 4713 1991 4759 et
2011 4704 2153 4770 auri,
2179 4703 2341 4775 printi
2370 4714 2424 4759 ct
2450 4703 2732 4775 purissimi
2773 4701 2987 4758 fructus
3025 4701 3165 4772 ejus.
3212 4698 3352 4773 Spe-

1726 4860 1733 4863 _
1762 4798 1967 4855 ciosior
1999 4806 2084 4854 est
2110 4795 2326 4854 cunctis
2355 4796 2573 4868 opibus,
2597 4805 2652 4851 et
2671 4795 2852 4850 omnia
2880 4806 3002 4866 qua:
3030 4792 3354 4850 desideran-

1726 4898 1855 4951 tur
1903 4890 2032 4946 huic
2085 4905 2193 4945 non
2245 4888 2426 4944 valent
2476 4886 2779 4957 comparari
2806 4885 2987 4957 (Prov.
3024 4887 3170 4953 111).»
3210 4884 3353 4943 Vasa

1761 4996 1891 5036 vero
1915 4980 2101 5037 ﬁctilia
2142 4988 2301 5035 vocat
2345 4995 2424 5047 se,
2469 4987 2806 5055 ceterosque
2853 4978 3152 5049 apostolos.
3203 4976 3350 5033 Vasa

1758 5075 1959 5146 quippe
1979 5074 2164 5129 ﬁctilia
2195 5084 2409 5128 terrena
2438 5078 2596 5139 sunt,
2623 5079 2677 5126 et
2704 5071 2848 5126 inter
2874 5071 3059 5126 omnia
3088 5086 3351 5127 vasorum

1758 5181 1957 5235 genera
2000 5165 2174 5236 magis
2216 5163 2346 5218 vilia
2373 5174 2427 5219 et
2466 5161 2701 5236 fragilia.
2733 5162 2980 5233 Apostoli
3022 5178 3240 5235 quoque
3262 5178 3348 5221 se-

1757 5256 1999 5335 cundum
2027 5257 2311 5324 smculum,
2336 5256 2472 5311 viles
2493 5263 2650 5331 erant
2671 5258 2727 5310 e't
2754 5251 2994 5326 fragiles.
3020 5253 3185 5323 Viles,
3208 5256 3351 5326 quo-

1757 5348 1905 5404 niam
1927 5346 2101 5423 plcbei
2122 5389 2139 5414 ,
2166 5347 2359 5419 ignoti.
2385 5346 2670 5421 ignobiles,
2695 5361 2982 5418 pauperes,
3006 5346 3207 5413 idiotaz,
3232 5344 3349 5400 fra—

1761 5442 1914 5513 giles,
1947 5439 2205 5513 quoniam
2240 5458 2307 5496 ex
2348 5440 2508 5514 longa
2553 5440 2921 5495 maceratione
2964 5438 3149 5494 carnis
3188 5445 3349 5492 erant

1760 5530 2057 5598 ntacilcuti,
2096 5529 2261 5601 palidi
2315 5539 2370 5586 et
2407 5526 2636 5585 debiles.
2664 5528 2891 5599 Pmpter
2935 5527 3040 5584 hoc
3068 5526 3346 5582 habeban-

1759 5634 1849 5680 tur
1874 5622 2076 5678 mundo
2097 5621 2292 5691 ahjccti
2320 5631 2373 5678 et
2409 5620 2787 5691 despicabiles.
2826 5617 2981 5675 Unde
3024 5618 3165 5673 idem
3193 5618 3344 5688 Apo-

1759 5717 1934 5773 stolus
1961 5736 1975 5771 :
2006 5734 2025 5768 ι
2053 5714 2337 5785 Tanquam
2371 5723 2730 5786 purgamenta
2769 5714 2935 5785 hujus
2975 5712 3165 5768 mundi
3212 5711 3341 5769 facti

1758 5808 2224 5878 sumus,omnium
2250 5807 2552 5880 peripsema
2575 5822 2749 5881 usque
2768 5807 2946 5864 adhuc
2967 5803 3021 5880 (Ι
3034 5803 3185 5873 εον..
3204 5804 3332 5876 tv).r
