3844 6318
484 365 624 424 1307

1774 356 2124 418 RADULPl-ll
2160 356 2510 416 ARDENTIS

3578 370 3673 430 ιειε

481 487 711 555 Propter
755 496 888 555 ergo
929 483 1256 539 exteriorem
1307 471 1565 535 vilitatem
1611 481 1666 528 et
1713 471 2060 545 fragilitatem
2090 479 2137 540 Α
2165 482 2431 546 quasdam
2479 473 2895 530 tribulationum
2938 483 3127 547 partes
3168 488 3478 548 enumerat,
3502 481 3689 545 dicens.

481 575 854 646 despiciebant
898 572 1116 639 divites,
1164 569 1434 641 sapientes
1487 574 1541 621 et
1585 564 1794 619 nobiles
1850 564 2064 632 mundi,

481 667 779 739 discipulos
799 664 1003 720 Christi
1043 661 1378 734 spiritualem
1412 659 1753 721 thesaurum,
1784 671 1948 726 quem
1981 654 2062 709 in-

480 762 653 818 terius
674 759 955 833 gerebant,
998 771 1106 812 non
1137 752 1564 808 considerantes.
1607 745 1853 814 Quorum
1903 746 2066 803 hodie

481 854 698 909 similes
729 859 859 908 sunt
899 846 1120 919 quidam
1163 843 1286 898 falsi
1325 835 1647 905 Christiani,
1700 853 2062 909 personarum

480 953 813 1016 acceptorcs,
848 952 1114 1012 pauperes
1152 944 1206 990 et
1234 932 1499 1005 ignobiles
1539 940 1756 1002 propter
1782 929 2053 985 exteriora

479 1040 908 1096 contemnentes,
931 1027 1124 1084 divites
1154 1038 1282 1080 vero
1318 1031 1370 1078 et
1414 1021 1624 1076 nobiles
1665 1027 1888 1090 propter
1908 1027 2060 1073 exte-

479 1126 626 1180 riora
652 1127 994 1186 venerantes,
1037 1115 1299 1188 quoniam
1343 1128 1485 1184 sape
1531 1112 1587 1166 in
1637 1119 1765 1166 VaSe
1811 1110 2058 1166 exterius

477 1215 740 1270 deaurato
772 1213 940 1266 latent
965 1209 1108 1265 foeda
1124 1216 1178 1263 et
1193 1207 1249 1262 in
1271 1220 1399 1261 vase
1423 1203 1663 1259 exterius
1675 1201 1766 1256 vili
1791 1209 2056 1272 pretiosa.

475 1302 730 1362 Secundo
759 1283 934 1356 reddit
959 1298 1255 1370 Apostolus
1296 1309 1522 1351 causam
1567 1303 1739 1363 quare
1770 1289 2061 1346 Deusthe-

473 1410 699 1452 saurum
717 1409 879 1450 suum
901 1393 956 1447 in
972 1392 1121 1448 vasis
1143 1389 1403 1446 fictilibus
1423 1385 1691 1457 posuerit,
1713 1399 1837 1439 cum
1857 1383 2061 1450 subdit,

477 1473 536 1542 ut
565 1486 867 1542 sublimitas
897 1485 966 1539 sit
997 1483 1209 1538 virtutis
1253 1479 1373 1547 Dei,
1402 1487 1450 1534 et
1487 1493 1591 1531 non
1632 1491 1699 1531 ea:
1737 1474 1907 1529 nobis.
1937 1473 2062 1529 Ideo

477 1580 626 1635 enim
643 1577 908 1634 Dominus
933 1591 1031 1647 per
1064 1573 1344 1645 imperitos
1371 1578 1426 1626 et
1451 1569 1586 1624 viles
1599 1567 1786 1638 primo
1814 1565 2060 1636 Evange-

474 1671 608 1728 lium
639 1668 927 1742 pradicari
957 1666 1148 1732 voluit,
1178 1673 1232 1721 et
1261 1679 1372 1730 non
1412 1677 1510 1733 per
1539 1660 1816 1731 sapientes
1845 1665 1900 1714 et
1935 1672 2061 1713 ora-

476 1773 653 1831 tores,
682 1772 741 1817 ut
766 1761 872 1816 hoc
907 1775 1030 1815 esse
1057 1773 1196 1829 opus
1222 1755 1318 1812 Dei
1343 1765 1398 1811 et
1426 1769 1534 1809 non
1565 1752 1848 1808 hominum
1870 1759 2058 1808 OSlen-

473 1855 646 1923 deret,
671 1862 727 1909 et
755 1862 817 1908 ut
844 1867 904 1908 se
938 1849 1262 1918 mirabilem,
1289 1848 1432 1904 sicut
1460 1847 1514 1902 in
1538 1845 1941 1916 pradicatione,
1983 1843 2058 1898 ita

472 1958 530 2004 et
550 1947 608 2002 in
632 1943 1079 2018 praedicatoribus
1100 1942 1516 1998 demonstraret.
1546 1936 1614 1991 Et
1639 1935 1908 1991 mirabilis
1935 1934 2059 2007 qui-

473 2037 597 2093 dem
626 2036 941 2108 praedicatio
964 2044 1048 2092 est
1071 2033 1240 2089 Deum
1266 2033 1646 2096 humanatum,
1680 2035 1979 2095 mortuum,
2005 2035 2060 2083 et

475 2129 796 2196 redivivum,
822 2136 877 2184 et
907 2126 977 2182 ad
1001 2126 1280 2182 dexteram
1305 2123 1400 2179 Dei
1422 2121 1601 2178 Patris
1624 2122 1894 2178 elevatum
1920 2134 2059 2191 pra-

473 2217 676 2273 dicare.
703 2215 809 2272 Sed
829 2215 1136 2272 mirabilius
1159 2223 1243 2271 est
1267 2229 1364 2286 per
1403 2228 1611 2284 paucos
1639 2213 1776 2268 viles
1803 2220 1858 2268 et
1883 2211 2058 2283 impc-

473 2308 608 2364 ritos
640 2308 914 2376 homines,
952 2291 1069 2363 rem
1116 2307 1253 2362 adeo
1303 2303 1682 2360 incredibilem
1723 2303 2054 2360 candidisse.

474 2395 626 2454 Unde
636 2397 960 2469 Apostolus:
979 2417 998 2450 ι
1019 2395 1228 2464 Videte,
1253 2396 1452 2468 inquit,
1472 2393 1692 2461 fratres,
1713 2394 2055 2450 vocationem

469 2500 730 2557 vestram,
754 2509 772 2541 ι
811 2489 864 2545 id
888 2498 991 2557 est,
1035 2505 1134 2561 per
1167 2504 1306 2560 quos
1333 2487 1510 2543 vocati
1549 2487 1712 2554 estis,
1747 2505 1766 2539 ι
1787 2485 1915 2557 quia
1946 2500 2056 2540 non

472 2582 629 2637 multi
668 2582 941 2652 sapientes
982 2582 1284 2637 secundum
1320 2595 1573 2648 carnem,
1621 2592 1732 2634 non
1766 2577 1924 2632 multi
1959 2592 2058 2648 po-

470 2685 667 2744 tentes,
702 2691 810 2732 non
841 2675 995 2730 multi
1024 2675 1264 2741 nobiles;
1302 2672 1398 2728 sed
1419 2687 1542 2742 qua
1581 2671 1744 2727 stulta
1772 2677 1920 2738 sunt,
1947 2670 2053 2726 ele-

469 2771 549 2842 git
573 2769 715 2826 Deus
749 2770 961 2837 mundi,
1009 2779 1069 2825 ut
1114 2768 1434 2835 confundat,
1459 2787 1478 2819 ι
1513 2767 1566 2824 id
1592 2773 1696 2834 est,
1732 2766 2056 2821 erubescere

471 2858 638 2915 faciat
666 2879 683 2912 ι
711 2860 1005 2930 sapientes,
1049 2871 1102 2914 et
1123 2858 1337 2914 infirma
1369 2857 1559 2913 mundi
1607 2856 1770 2927 elegit
1807 2854 1971 2922 Deus,
1996 2864 2057 2909 ut

468 2949 770 3006 confundat
796 2949 982 3006 fortia.
1015 2949 1190 3022 Elegit
1210 2949 1355 3006 Deus
1393 2958 1447 3005 et
1489 2963 1553 3005 ea
1577 2964 1699 3020 qua
1721 2963 1830 3003 non
1861 2954 2010 3010 sunt,
2029 2965 2048 2998 1

469 3046 523 3101 id
576 3053 678 3114 est,
726 3062 849 3118 qua
878 3046 1018 3102 inter
1047 3054 1239 3102 catera
1270 3060 1381 3100 non
1426 3043 1907 3115 computabantur,
1957 3050 2057 3098 «ut

467 3138 796 3208 destrueret,
818 3157 835 3190 ι
887 3139 940 3195 id
987 3147 1092 3207 est,
1141 3138 1409 3194 vincendo
1437 3137 1756 3192 humiliaret
1801 3154 1819 3187 ι
1839 3151 1901 3191 ea
1931 3149 2054 3232 qua
2080 3170 2124 3232 ο

467 3238 596 3286 sunt
625 3229 680 3300 (1
707 3227 831 3286 Cor.
861 3229 924 3301 1),
949 3249 968 3282 ι
1004 3230 1060 3285 id
1088 3239 1172 3286 est
1211 3245 1336 3300 qua
1363 3227 1468 3285 sibi
1508 3226 1716 3298 aliquid
1749 3241 1873 3282 esse
1901 3225 2054 3281 vide-

466 3323 686 3378 bantur.
711 3321 778 3378 Et
796 3331 914 3378 erat
939 3321 1160 3394 quidem
1209 3321 1537 3393 quandoque
1565 3321 1774 3388 doctos,
1804 3327 2053 3390 potentes

465 3423 521 3472 et
545 3416 754 3473 nobiles
778 3416 1073 3473 electurus.
1103 3415 1211 3471 Sed
1235 3416 1357 3471 ideo
1387 3430 1484 3471 eos
1509 3413 1738 3485 primos,
1770 3427 1839 3467 ne
1861 3411 2051 3466 talium

465 3523 650 3564 rerum
681 3509 878 3565 merito
911 3509 1038 3582 eligi
1062 3509 1399 3578 viderentur,
1436 3519 1598 3579 atque
1628 3506 1799 3562 inflati
1828 3505 2052 3561 humili-

465 3581 627 3654 tatem
650 3614 759 3655 non
792 3581 1117 3672 reciperent,
1131 3600 1248 3656 sine
1269 3615 1376 3671 qua
1400 3615 1560 3655 nemo
1581 3607 1761 3670 potest
1789 3598 1966 3654 redire
1981 3598 2050 3654 ad

465 3691 655 3760 vitam,
686 3693 830 3749 unde
864 3702 952 3749 est
989 3693 1179 3764 lapsus
1214 3692 1380 3748 homo
1408 3708 1506 3763 per
1544 3692 1878 3763 superbiam.
1911 3689 2050 3749 Hinc

461 3785 628 3840 etiam
665 3784 968 3843 Nathanael
1010 3785 1352 3858 lcgisperitus
1382 3801 1491 3842 non
1530 3795 1618 3841 est
1654 3786 1711 3840 in
1741 3785 2048 3856 apostolum

462 3876 686 3933 (lectus.
731 3877 799 3934 Et
843 3878 990 3950 quod
1033 3879 1140 3935 hoc
1187 3894 1352 3935 causa
1384 3878 1709 3934 humilitatis
1739 3877 1944 3934 factum
1966 3876 2049 3932 in-

462 3968 763 4046 telligatur,
820 3972 1077 4043 supponit
1121 3972 1262 4027 idem
1319 3973 1597 4043 apostolus
1651 3971 1878 4028 dicens:
1925 3990 1944 4024 ι
1980 3969 2049 4029 Ut

463 4077 578 4116 non
604 4062 870 4133 glorietur
897 4065 1080 4121 omnis
1106 4081 1237 4122 caro
1263 4065 1318 4120 in
1348 4076 1641 4138 conspectu
1667 4065 1790 4138 ejus
1830 4065 1898 4122 de
1922 4080 2045 4122 me-

461 4154 585 4209 ritis
614 4153 731 4210 suis
767 4156 968 4227 (ibid.).
1015 4177 1033 4210 ι

530 4243 742 4316 Itaque,
773 4245 996 4314 fratres,
1028 4247 1096 4303 de
1140 4247 1296 4304 nobis
1341 4262 1553 4317 semper
1591 4246 1793 4302 utiliter
1840 4246 2046 4302 sentia-

459 4353 606 4402 mus,
630 4338 842 4393 nullum
891 4350 1377 4410 quantumcunque
1423 4339 1604 4405 vilem,
1635 4347 2046 4410 quantumcun-

459 4444 566 4499 que
591 4430 976 4501 despicabilem
1007 4431 1394 4502 despiciamus,
1425 4429 1687 4500 quoniam
1729 4428 2043 4500 frequenter

2167 566 2508 636 Aperiantur,
2533 564 2586 620 id
2609 574 2714 631 est,
2737 565 2933 622 ablatis
2952 567 3121 622 etiam
3147 569 3465 624 necessariis
3476 587 3683 644 puum

2165 653 2454 725 efﬁcimur,
2484 653 2576 708 sed
2612 670 2713 708 non
2747 655 3110 723 destituimttr,
3160 658 3326 712 etiam
3369 674 3400 714 a
3440 665 3682 721 constantia

2167 744 2435 811 interiori,
2460 751 2519 798 ut
2538 744 2761 814 quidam
2784 745 2879 815 qui
2933 755 3158 816 propter
3191 758 3546 818 paupertatem
3586 754 3684 811 fiunt

2165 838 2477 904 mendaces,
2501 837 2729 908 perjuri,
2756 838 3047 894 homicida
3072 849 3128 894 et
3148 838 3318 905 fures,
3339 842 3432 896 sed
3458 845 3612 912 potius
3635 862 3686 904 ex

2165 928 2445 985 interioris
2474 930 2717 986 thesauri
2749 929 3087 985 abundantia
3151 931 3479 988 sufﬁcientes
3523 949 3689 1003 sumus,

2165 1023 2400 1078 scientes
2428 1033 2582 1093 aque
2606 1031 2660 1078 et
2689 1041 2708 1074 ι
2737 1023 3016 1078 abundare
3048 1032 3104 1079 et
3126 1026 3411 1094 penuriam
3439 1027 3540 1096 pati
3561 1027 3688 1097 (Phil.

2166 1115 2262 1183 1v).
2309 1131 2327 1163 ι
2354 1111 2782 1172 Persecutionem
2818 1113 3076 1182 patimur,
3114 1113 3201 1168 vel
3237 1114 3503 1169 occultam
3542 1133 3570 1170 a
3605 1118 3693 1172 dia.

2163 1203 2312 1271 bolo,
2343 1204 2427 1259 vel
2449 1213 2694 1275 apertam
2729 1219 2760 1258 a
2798 1204 3060 1258 membris
3104 1205 3246 1275 ejus,
3271 1205 3362 1259 sed
3391 1222 3491 1259 non
3514 1207 3696 1262 derelin-

2162 1295 2396 1364 quimur,
2421 1295 2491 1350 ab
2521 1294 2768 1350 interiori
2801 1295 3012 1351 scilicet
3036 1297 3287 1351 thesauri
3332 1300 3632 1366 constantia,
3655 1312 3698 1355 ut

2162 1386 2386 1456 quidam
2405 1387 2502 1458 qui
2534 1387 2587 1441 in
2614 1387 3090 1459 persecutionibus
3111 1389 3498 1456 succumbunt,
3522 1392 3602 1446 sed
3626 1408 3698 1462 po-

2163 1481 2273 1539 tius
2299 1482 2448 1553 ipsos
2499 1492 2875 1554 persecutores
2917 1493 3158 1552 nostros,
3189 1487 3275 1540 vel
3306 1487 3609 1554 resistendo,
3635 1505 3697 1545 re.

2160 1572 2541 1644 aequanimiter
2561 1573 2840 1630 tolerando
2861 1589 3208 1645 superemus.
3253 1574 3618 1644 Huntiliamrr,
3637 1579 3698 1633 in~

2160 1665 2299 1736 quit,
2325 1665 2415 1719 sed
2459 1681 2562 1719 non
2611 1666 3022 1736 confundantur,
3066 1667 3117 1721 id
3163 1677 3270 1734 est,
3320 1667 3380 1722 in
3423 1668 3698 1726 adversitate

2160 1764 2346 1811 nostra
2369 1756 2502 1813 viles
2529 1766 2866 1829 reputemur,
2917 1759 3012 1815 sed
3068 1767 3251 1814 tamen
3297 1775 3408 1814 non
3452 1761 3697 1818 erubesca-

2161 1863 2306 1915 mus,
2334 1857 2393 1904 ut
2423 1850 2644 1920 quidam
2671 1851 2763 1922 qui
2787 1851 3175 1919 humilitatem,
3199 1861 3582 1922 paupertatem,
3601 1871 3695 1909 cru-

2159 1955 2388 2012 cemque
2408 1939 2536 1998 Jesu
2563 1941 2767 1999 Christi
2791 1953 3006 2015 portare
3029 1945 3382 2000 erubescunt.
3407 1943 3598 2011 Quibus
3613 1949 3697 2017 ipse

2159 2032 2291 2088 dicit
2323 2052 2335 2088 :
2373 2052 2392 2087 t
2429 2033 2533 2102 Qui
2560 2051 2647 2091 me
2666 2037 2948 2092 erubuerit
2986 2046 3042 2092 et
3085 2053 3238 2093 meos
3275 2052 3565 2104 sermones,
3585 2040 3698 2096 hunc

2157 2125 2332 2183 Filius
2358 2128 2598 2185 hominis
2617 2130 2902 2186 erubescet
2923 2146 3048 2186 cum
3102 2133 3318 2187 venerit
3361 2133 3414 2186 in
3464 2135 3700 2204 majestate

2159 2232 2260 2273 sua
2327 2219 2598 2290 (Luam),
2657 2239 2675 2274 ι
2739 2223 2832 2277 sed
2862 2221 3043 2293 potius
3083 2223 3151 2278 de
3193 2223 3439 2279 interiori
3485 2226 3700 2281 thesauro

2158 2309 2318 2366 bona
2347 2312 2699 2368 conscientia
2734 2313 2789 2367 in
2818 2314 2935 2384 ipsa
2961 2323 3150 2369 nostra
3181 2315 3393 2371 vilitate
3426 2327 3480 2370 et
3499 2327 3702 2372 contem-

2157 2411 2252 2473 ptu
2282 2403 2853 2474 gloriemur,dicentes
2877 2421 3003 2461 cum
3027 2407 3290 2477 Apostolo
3316 2426 3330 2462 :
3359 2427 3379 2460 ι
3408 2408 3531 2464 Mihi
3553 2422 3701 2464 auwm

2159 2494 2304 2550 absit
2323 2495 2569 2567 gloriari,
2594 2496 2700 2552 nisi
2725 2498 2779 2552 in
2803 2513 2968 2554 cruce
2994 2497 3212 2554 Domini
3237 2501 3411 2556 nostri
3435 2500 3553 2556 Jesu
3573 2502 3702 2556 Chri-

2157 2585 2251 2643 sti.
2288 2601 2385 2656 per
2403 2602 2564 2656 quem
2594 2587 2728 2641 mihi
2764 2587 3003 2643 mundus
3043 2589 3345 2645 crucifixus
3396 2600 3495 2656 est,
3533 2600 3583 2644 et
3622 2605 3701 2660 ego

2156 2678 2394 2732 mundo!
2437 2697 2454 2730 1
2499 2677 2703 2751 (Colat.
2735 2679 2836 2750 Vt.)
2885 2680 3201 2750 Dejicimur,
3248 2681 3460 2754 inquit,
3503 2681 3585 2735 sed
3618 2698 3700 2734 iter

2155 2770 2407 2839 perimus.
2433 2769 2602 2837 Quasi
2625 2771 2816 2827 dicat:
2874 2771 3172 2843 Dejicimur
3221 2782 3482 2843 tanquam
3530 2773 3700 2827 inutilis

2157 2869 2294 2917 testa
2325 2862 2379 2917 in
2421 2866 2883 2935 conquassatione
2911 2867 3125 2933 mortis,
3153 2867 3249 2922 sed
3271 2874 3458 2923 tamen
3486 2877 3702 2923 manente

2157 2954 2211 3010 in
2248 2954 2406 3010 nobis
2462 2957 2759 3012 immortali
2811 2958 3090 3024 thesauro,
3119 2974 3229 3014 non
3280 2960 3523 3030 perimus
3558 2969 3702 3014 morte

2155 3057 2353 3102 aterna
2380 3056 2438 3102 ut
2461 3049 2696 3118 reprobi,
2723 3049 2814 3105 sed
2836 3050 3018 3119 potius
3045 3059 3177 3106 tunc
3202 3052 3528 3106 aternaliter
3553 3052 3703 3106 vivere

2156 3139 2468 3210 incipimus,
2500 3141 2701 3211 quibus
2731 3141 2791 3196 fit
2818 3142 2887 3196 de
2925 3152 3118 3209 morte,
3143 3143 3364 3198 natalis.
3388 3143 3582 3214 Itaque,
3607 3142 3700 3196 fra-

2154 3237 2287 3296 tres,
2306 3229 2469 3284 istum
2500 3239 2609 3285 tam
2638 3232 2936 3301 pretiosum
2969 3234 3291 3289 thesaurum
3321 3235 3591 3305 sapientia
3613 3249 3703 3290 ca.—

2151 3326 2506 3389 terarumque
2532 3319 2794 3375 virtutum
2817 3330 2931 3377 toto
2943 3323 3217 3378 desiderio
3239 3326 3598 3395 acquiramus,
3626 3341 3702 3379 re-

2153 3409 2424 3466 tineamus
2457 3420 2513 3467 et
2533 3427 2945 3481 conservemus,
2971 3425 3248 3486 quatenus
3287 3433 3385 3488 per
3411 3419 3553 3473 illum
3575 3429 3623 3472 et
3652 3418 3703 3472 in

2151 3501 2596 3559 tribulationibus
2630 3504 2896 3573 latitiani,
2929 3515 2983 3560 et
3004 3506 3058 3560 in
3092 3518 3415 3578 paupertate
3463 3509 3707 3565 sufficien-

2150 3592 2303 3660 tiam,
2326 3602 2381 3648 et
2403 3593 2457 3648 in
2487 3597 2867 3664 persecutione
2892 3598 3200 3666 victoriam,
3225 3608 3282 3654 et
3330 3601 3384 3654 in
3429 3600 3708 3657 humilitate

2149 3683 2400 3754 gloriam,
2423 3694 2478 3740 et
2507 3685 2562 3741 in
2596 3695 2771 3743 morte
2797 3689 2966 3744 vitam
2993 3689 3196 3745 habere
3225 3707 3546 3748 mereamur.
3569 3692 3712 3747 Seut-

2147 3790 2262 3845 per,
2285 3777 2483 3847 inquit,
2509 3779 2975 3849 mortiﬁcationem
3006 3779 3136 3835 Iesu
3175 3780 3379 3838 Christi
3421 3785 3474 3839 in
3511 3801 3711 3854 corpore

2149 3877 2328 3921 nostro
2349 3869 2798 3940 circumferentes.
2833 3871 3008 3938 Tunc,
3036 3871 3236 3930 fratres
3261 3877 3390 3944 mei,
3434 3879 3713 3932 mortiﬁca-

2150 3959 2352 4015 tionem
2374 3959 2501 4017 Jesu
2527 3961 2582 4016 in
2604 3977 2835 4033 corpore
2860 3974 3054 4021 nostro
3075 3975 3382 4036 portamus,
3393 3969 3591 4040 quando
3613 3985 3714 4039 pro

2145 4047 2297 4120 Jesu,
2321 4059 2377 4107 et
2403 4052 2470 4107 ad
2495 4052 2854 4109 imitationem
2886 4056 3262 4114 crucifixionis
3287 4060 3427 4130 ejus,
3450 4061 3567 4116 vitia
3609 4075 3718 4114 no-

2145 4151 2260 4197 stra
2281 4142 2657 4213 crucifigimus
2679 4152 2732 4200 et
2758 4147 3176 4204 mortificamus.
3200 4147 3355 4205 lianc
3376 4161 3547 4206 autem
3571 4166 3719 4204 mor-

2147 4235 2501 4292 tificationem
2521 4237 2784 4295 debemus
2805 4251 3047 4311 portare,
3071 4257 3184 4297 non
3210 4243 3267 4298 in
3292 4259 3398 4298 una
3444 4245 3550 4299 sola
3589 4261 3724 4300 cor—

2144 4331 2294 4403 poris
2329 4341 2505 4402 parte,
2535 4340 2594 4387 ut
2621 4332 2846 4404 quidam
2873 4334 2969 4405 qui
2999 4335 3330 4408 crucifigunt
3355 4336 3410 4391 in
3439 4352 3496 4392 se
3531 4352 3721 4402 rules,

2145 4423 2239 4480 sed
2268 4438 2377 4478 non
2398 4424 2663 4496 linguam,
2687 4440 2797 4480 non
2819 4427 3032 4494 oculos,
3060 4443 3170 4482 non
3194 4443 3382 4496 aures,
3408 4430 3501 4485 sed
3525 4431 3724 4484 circus

410 4544 416 4546 π
459 4521 552 4577 ubi
589 4522 772 4578 minus
796 4530 1075 4594 putamus,
1104 4521 1280 4592 major
1315 4520 1513 4577 divina
1531 4521 1721 4592 gratia
1747 4521 2039 4577 thesaurus
2071 4516 2116 4572 D
2142 4513 2196 4569 in
2220 4529 2452 4586 corpore
2481 4525 2694 4585 nostro,
2724 4527 2785 4572 ut
2814 4518 3064 4575 videlicet
3091 4521 3726 4592 mortificemurpariter

457 4615 831 4684 absconditur,
855 4623 910 4672 et
935 4615 1028 4686 qui
1052 4614 1195 4685 apud
1222 4613 1474 4669 homines
1497 4621 1628 4669 sunt
1650 4613 1844 4684 abjecti
1862 4655 1878 4680 ,
1895 4613 2039 4685 apud

457 4706 629 4763 Deum
657 4715 788 4764 sunt
815 4707 990 4764 electi.
1030 4707 1095 4762 Et
1122 4714 1181 4761 ut
1224 4713 1434 4760 tantum
1471 4705 1790 4760 thesaurum
1839 4706 2041 4763 habere

455 4814 786 4866 mereamur,
814 4800 950 4856 viles
977 4807 1032 4854 et
1058 4797 1299 4868 despecti
1321 4811 1443 4852 esse
1466 4796 1671 4850 mundo
1695 4810 1805 4851 non
1839 4797 2040 4852 abhor-

455 4907 694 4948 reamus.
732 4889 919 4945 Tertio
947 4889 1078 4960 quid
1110 4887 1406 4959 pradictus
1439 4887 1732 4942 thesaurus
1772 4886 1920 4941 vasis
1969 4885 2038 4941 ῆι

453 4983 675 5038 ctilibus
697 4981 781 5036 vel
809 4981 918 5046 hic,
941 4980 1027 5035 vel
1050 4979 1103 5032 in
1127 4978 1312 5034 futuro
1339 4977 1604 5045 conferat,
1636 4978 1858 5049 exponit
1880 4977 2032 5048 Apo-

453 5073 650 5139 stolus,
677 5070 973 5126 ostendens
1011 5069 1334 5126 thesaurum
1379 5068 1658 5139 sapientia
1696 5076 2038 5122 caterarum-

451 5179 560 5234 que
594 5161 892 5234 gratiarum
937 5159 1184 5216 conferre
1228 5161 1344 5217 suis
1389 5159 1796 5232 possessoribus
1835 5167 1890 5214 et
1945 5157 2035 5213 hic

451 5251 828 5308 fortitudinem
853 5253 1170 5309 constantia
1191 5262 1242 5308 et
1273 5252 1714 5323 perseverantia,
1740 5257 1796 5305 et
1841 5249 1896 5304 in
1941 5247 2030 5302 fu-

451 5353 578 5401 turo
608 5343 776 5397 vitam
811 5352 1090 5399 aternam.
1120 5343 1275 5410 Quod
1297 5343 1672 5399 fortitudinem
1711 5339 2033 5397 constantia

449 5444 506 5491 et
536 5436 952 5506 perseverantia
975 5437 1055 5493 eis
1077 5435 1339 5502 conferat,
1362 5435 1587 5506 exponit
1628 5448 1755 5489 cum
1801 5432 1986 5488 subdit
2010 5449 2024 5487 ι

451 5527 519 5583 In
545 5529 784 5606 omnibus
817 5530 1213 5590 tribulationem
1226 5531 1483 5601 patimur,
1507 5527 1596 5582 sed
1623 5543 1728 5581 non
1749 5526 2027 5596 angustia-

449 5635 585 5687 mur,
617 5619 673 5673 in
702 5629 902 5687 mente,
925 5610 985 5676 ut
1006 5621 1228 5694 quidam
1263 5620 1638 5690 pusillanimes
1680 5617 1774 5688 qui
1820 5617 1879 5671 in
1930 5617 2027 5673 ad-

448 5711 621 5768 versis
649 5711 908 5769 deficiunt
929 5722 983 5768 et
1004 5713 1316 5784 desperant,
1341 5713 1433 5768 sed
1458 5711 1640 5782 potius
1662 5711 1718 5766 in
1743 5709 2027 5766 conscien-

446 5804 518 5860 tia
546 5801 676 5863 boni
701 5805 945 5863 thesauri
1006 5806 1255 5862 laetamur
1314 5814 1367 5862 et
1421 5804 1735 5862 dilatamur.
1797 5801 2023 5861 Demum

2140 4615 2196 4662 et
2223 4622 2338 4674 cor,
2367 4623 2436 4664 ne
2461 4609 2601 4664 male
2629 4609 2946 4677 meditetur;
2973 4620 3028 4666 et
3049 4611 3324 4684 linguam,
3348 4629 3418 4670 ne
3460 4615 3594 4670 male
3643 4614 3727 4670 lo-

2141 4707 2361 4770 quatur;
2387 4710 2441 4756 et
2472 4717 2720 4769 manum,
2747 4718 2816 4758 ne
2844 4703 2987 4758 male
3015 4714 3305 4775 operetur;
3332 4715 3389 4761 et
3413 4707 3622 4776 pedem,
3657 4722 3728 4761 ne

2140 4793 2283 4847 male
2305 4793 2601 4863 gradiatur;
2625 4802 2680 4849 et
2707 4803 2950 4865 gustum,
2993 4811 3062 4851 ne
3097 4807 3320 4868 appetat
3357 4797 3641 4864 deliciosa;
3671 4809 3730 4854 et

2140 4893 2474 4951 contactum,
2501 4899 2570 4939 ne
2605 4886 2963 4957 concupiscat
2987 4889 3292 4954 luxuriosa;
3317 4898 3374 4945 et
3421 4907 3606 4956 aures,
3659 4908 3730 4946 ne

2137 4977 2361 5032 audiant
2389 4977 2683 5034 vanitatem
2716 4989 2772 5034 et
2806 4979 3185 5050 iniquitatem;
3215 4991 3272 5038 et
3313 4983 3502 5039 oculos
3539 4999 3616 5038 ne
3640 4986 3730 5039 vi-

2141 5070 2306 5125 deant
2359 5071 2674 5126 vanitatem.
2737 5071 2804 5126 Et
2829 5089 2938 5144 qua
2962 5074 3229 5131 utilitate?
3287 5073 3356 5129 Ut
3385 5083 3434 5129 et
3472 5076 3606 5141 cita,
3640 5077 3734 5131 in.

2139 5160 2279 5230 quit,
2300 5159 2428 5215 Iesu
2451 5161 2505 5214 in
2528 5161 2836 5230 corporibus
2867 5164 3053 5216 uestris
3081 5163 3469 5233 manifestetttr.
3501 5163 3628 5220 Hoc
3648 5175 3735 5220 est

2137 5252 2284 5323 quod
2306 5250 2546 5307 Joannes
2571 5254 2649 5308 ait
2687 5272 2700 5307 :
2733 5273 2752 5305 ι
2781 5252 3129 5319 Charissimi,
3156 5269 3306 5310 nunc
3335 5254 3431 5310 ﬁlii
3479 5254 3582 5312 Dei
3635 5273 3736 5313 su-

2135 5358 2281 5407 mus,
2307 5342 2401 5397 sed
2433 5343 2678 5397 nondum
2728 5343 2980 5413 apparuit
3029 5343 3163 5414 quid
3209 5344 3441 5400 erimus.
3493 5343 3736 5400 Scimus

2133 5442 2317 5488 autem
2345 5433 2626 5503 quoniam,
2657 5449 2782 5489 cum
2817 5435 3153 5505 apparuerit,
3171 5435 3383 5492 similes
3408 5436 3463 5490 ei
3485 5437 3733 5500 erimus,

2129 5525 2350 5595 quando
2372 5525 2676 5592 videbimus
2703 5541 2827 5580 eum
2857 5527 3019 5583 sicuti
3044 5536 3128 5582 est
3150 5526 3208 5598 (I
3227 5527 3390 5585 Joan.
3415 5529 3563 5596 ιω.»
3600 5528 3738 5585 Ihm

2130 5625 2280 5682 sunt,
2305 5615 2526 5683 fratres,
2550 5617 2676 5672 vita
2697 5615 2826 5673 Jesu
2851 5617 3078 5676 Christi.
3112 5617 3238 5674 Vita
3271 5620 3514 5686 virtutis,
3554 5638 3736 5693 quam

2129 5710 2364 5765 ostendit
2390 5710 2445 5764 in
2485 5709 2590 5764 hoc
2615 5709 2843 5776 mundo,
2867 5717 2921 5764 et
2947 5711 3060 5764 vita
3105 5710 3526 5782 glorificationis
3554 5731 3738 5783 quam

2130 5802 2380 5861 ostendet
2397 5810 2455 5862 et
2473 5802 2623 5859 dabit
2644 5803 2700 5858 in
2720 5801 2924 5874 futuro.
2946 5801 3064 5859 Vita
3085 5804 3307 5861 virtutis
3330 5802 3460 5860 Jesu
3485 5803 3736 5876 Christi,
